<?xml version="1.0" encoding="UTF-8"?>
<!DOCTYPE html PUBLIC "-//W3C//DTD XHTML 1.0 Transitional//EN"
    "http://www.w3.org/TR/xhtml1/DTD/xhtml1-transitional.dtd">
<html xmlns="http://www.w3.org/1999/xhtml" xml:lang="en" lang="en">
 <head>
  <title>
</title>
<meta http-equiv="Content-Type" content="text/html;charset=utf-8" />
  <meta name='ocr-system' content='tesseract 3.04.00' />
  <meta name='ocr-capabilities' content='ocr_page ocr_carea ocr_par ocr_line ocrx_word'/>
</head>
<body>
  <div class='ocr_page' id='page_1' title='image "./operaomniaiussui12thom/operaomniaiussui12thom_0396.png"; bbox 0 0 2918 4088; ppageno 0'>
   <div class='ocr_carea' id='block_1_1' title="bbox 205 917 388 939">
    <p class='ocr_par' dir='ltr' id='par_1_1' title="bbox 205 917 388 939">
     <span class='ocr_line' id='line_1_1' title="bbox 205 917 388 939; baseline 0 -1"><span class='ocrx_word' id='word_1_1' title='bbox 205 918 215 929; x_wconf 78' lang='grc'><em>·</em></span> <span class='ocrx_word' id='word_1_2' title='bbox 230 917 266 939; x_wconf 82' lang='lat' dir='ltr'>Cf.</span> <span class='ocrx_word' id='word_1_3' title='bbox 282 922 344 938; x_wconf 91' lang='lat' dir='ltr'>num.</span> <span class='ocrx_word' id='word_1_4' title='bbox 360 922 388 938; x_wconf 80' lang='lat' dir='ltr'>iv.</span> 
     </span>
    </p>
   </div>
   <div class='ocr_carea' id='block_1_2' title="bbox 201 1492 335 1515">
    <p class='ocr_par' dir='ltr' id='par_1_2' title="bbox 201 1492 335 1515">
     <span class='ocr_line' id='line_1_2' title="bbox 201 1492 335 1515; baseline -0.007 -1"><span class='ocrx_word' id='word_1_5' title='bbox 201 1495 211 1504; x_wconf 86' lang='grc'><em>·</em></span> <span class='ocrx_word' id='word_1_6' title='bbox 226 1492 282 1515; x_wconf 86' lang='lat' dir='ltr'>Loc.</span> <span class='ocrx_word' id='word_1_7' title='bbox 297 1492 335 1514; x_wconf 83' lang='lat' dir='ltr'>eit.</span> 
     </span>
    </p>
   </div>
   <div class='ocr_carea' id='block_1_3' title="bbox 200 2632 376 2655">
    <p class='ocr_par' dir='ltr' id='par_1_3' title="bbox 200 2632 376 2655">
     <span class='ocr_line' id='line_1_3' title="bbox 200 2632 376 2655; baseline -0.006 0"><span class='ocrx_word' id='word_1_8' title='bbox 200 2634 212 2645; x_wconf 74' lang='grc'><strong><em>’</em></strong></span> <span class='ocrx_word' id='word_1_9' title='bbox 225 2632 262 2655; x_wconf 85' lang='lat' dir='ltr'>Cs.</span> <span class='ocrx_word' id='word_1_10' title='bbox 277 2638 340 2655; x_wconf 86' lang='lat' dir='ltr'>num.</span> <span class='ocrx_word' id='word_1_11' title='bbox 355 2638 376 2654; x_wconf 87' lang='lat' dir='ltr'>v.</span> 
     </span>
    </p>
   </div>
   <div class='ocr_carea' id='block_1_4' title="bbox 448 205 520 253">
    <p class='ocr_par' dir='ltr' id='par_1_4' title="bbox 448 205 520 253">
     <span class='ocr_line' id='line_1_4' title="bbox 448 205 520 253; baseline 0.014 -12"><span class='ocrx_word' id='word_1_12' title='bbox 448 205 520 253; x_wconf 84' lang='lat'>372</span> 
     </span>
    </p>
   </div>
   <div class='ocr_carea' id='block_1_5' title="bbox 1244 205 1827 245">
    <p class='ocr_par' dir='ltr' id='par_1_5' title="bbox 1244 205 1827 245">
     <span class='ocr_line' id='line_1_5' title="bbox 1244 205 1827 245; baseline -0.003 -1"><span class='ocrx_word' id='word_1_13' title='bbox 1244 206 1552 245; x_wconf 90' lang='lat' dir='ltr'><strong>CARDINALIS</strong></span> <span class='ocrx_word' id='word_1_14' title='bbox 1582 205 1827 243; x_wconf 87' lang='lat' dir='ltr'>CAIETANI</span> 
     </span>
    </p>
   </div>
   <div class='ocr_carea' id='block_1_6' title="bbox 808 492 2267 566">
    <p class='ocr_par' dir='ltr' id='par_1_6' title="bbox 808 492 2267 566">
     <span class='ocr_line' id='line_1_6' title="bbox 808 492 2267 566; baseline -0.001 -17"><span class='ocrx_word' id='word_1_15' title='bbox 808 493 1379 566; x_wconf 86' lang='lat' dir='ltr'>QUAESTIONES</span> <span class='ocrx_word' id='word_1_16' title='bbox 1417 494 1526 548; x_wconf 96' lang='lat' dir='ltr'>DE</span> <span class='ocrx_word' id='word_1_17' title='bbox 1565 493 1731 549; x_wconf 90' lang='lat' dir='ltr'>USU</span> <span class='ocrx_word' id='word_1_18' title='bbox 1767 492 2267 549; x_wconf 88' lang='lat' dir='ltr'>MATRIMONII</span> 
     </span>
    </p>
   </div>
   <div class='ocr_carea' id='block_1_7' title="bbox 885 623 2184 758">
    <p class='ocr_par' dir='ltr' id='par_1_7' title="bbox 885 623 2184 758">
     <span class='ocr_line' id='line_1_7' title="bbox 1235 623 1830 673; baseline -0.002 -7"><span class='ocrx_word' id='word_1_19' title='bbox 1235 623 1572 673; x_wconf 89' lang='lat' dir='ltr'>QUAESITUM</span> <span class='ocrx_word' id='word_1_20' title='bbox 1607 623 1830 665; x_wconf 87' lang='lat' dir='ltr'>PRIMUM</span> 
     </span>
     <span class='ocr_line' id='line_1_8' title="bbox 885 725 2184 758; baseline 0.001 -1"><span class='ocrx_word' id='word_1_21' title='bbox 885 727 945 757; x_wconf 90' lang='lat' dir='ltr'>AN</span> <span class='ocrx_word' id='word_1_22' title='bbox 970 726 1077 757; x_wconf 83' lang='lat' dir='ltr'>usus</span> <span class='ocrx_word' id='word_1_23' title='bbox 1101 725 1367 756; x_wconf 80' lang='lat' dir='ltr'>MATRlMONH</span> <span class='ocrx_word' id='word_1_24' title='bbox 1391 725 1459 756; x_wconf 83' lang='lat' dir='ltr'>SIT</span> <span class='ocrx_word' id='word_1_25' title='bbox 1482 725 1654 757; x_wconf 86' lang='lat' dir='ltr'>LICITUS</span> <span class='ocrx_word' id='word_1_26' title='bbox 1677 726 1797 757; x_wconf 86' lang='lat' dir='ltr'>ANTE</span> <span class='ocrx_word' id='word_1_27' title='bbox 1820 726 2184 758; x_wconf 79' lang='lat' dir='ltr'>BENEDICTIONEM</span> 
     </span>
    </p>
   </div>
   <div class='ocr_carea' id='block_1_8' title="bbox 444 822 1508 996">
    <p class='ocr_par' dir='ltr' id='par_1_8' title="bbox 510 822 1508 863">
     <span class='ocr_line' id='line_1_9' title="bbox 510 822 1508 863; baseline -0.003 -8"><span class='ocrx_word' id='word_1_28' title='bbox 510 836 582 856; x_wconf 62' lang='lat' dir='ltr'>mea</span> <span class='ocrx_word' id='word_1_29' title='bbox 612 835 707 856; x_wconf 89' lang='lat' dir='ltr'>usum</span> <span class='ocrx_word' id='word_1_30' title='bbox 730 824 926 855; x_wconf 87' lang='lat' dir='ltr'>matrimonii</span> <span class='ocrx_word' id='word_1_31' title='bbox 950 823 1084 854; x_wconf 90' lang='lat' dir='ltr'>dubium</span> <span class='ocrx_word' id='word_1_32' title='bbox 1107 824 1212 863; x_wconf 90' lang='lat' dir='ltr'>primo</span> <span class='ocrx_word' id='word_1_33' title='bbox 1240 824 1388 859; x_wconf 86' lang='lat' dir='ltr'>occurrit,</span> <span class='ocrx_word' id='word_1_34' title='bbox 1413 832 1453 853; x_wconf 92' lang='lat' dir='ltr'>an</span> <span class='ocrx_word' id='word_1_35' title='bbox 1469 822 1508 852; x_wconf 92' lang='lat' dir='ltr'>sit</span> 
     </span>
    </p>

    <p class='ocr_par' dir='ltr' id='par_1_9' title="bbox 510 868 1004 900">
     <span class='ocr_line' id='line_1_10' title="bbox 510 868 1004 900; baseline -0.004 0"><span class='ocrx_word' id='word_1_36' title='bbox 510 870 615 900; x_wconf 90' lang='lat' dir='ltr'>licitus</span> <span class='ocrx_word' id='word_1_37' title='bbox 639 875 711 900; x_wconf 93' lang='lat' dir='ltr'>ante</span> <span class='ocrx_word' id='word_1_38' title='bbox 735 868 1004 899; x_wconf 87' lang='lat' dir='ltr'>benedictionem.</span> 
     </span>
    </p>

    <p class='ocr_par' dir='ltr' id='par_1_10' title="bbox 444 911 1506 996">
     <span class='ocr_line' id='line_1_11' title="bbox 498 911 1506 952; baseline -0.003 -8"><span class='ocrx_word' id='word_1_39' title='bbox 498 914 631 944; x_wconf 91' lang='lat' dir='ltr'>Videtur</span> <span class='ocrx_word' id='word_1_40' title='bbox 647 914 733 944; x_wconf 89' lang='lat' dir='ltr'>enim</span> <span class='ocrx_word' id='word_1_41' title='bbox 750 912 839 952; x_wconf 94' lang='lat' dir='ltr'>quod</span> <span class='ocrx_word' id='word_1_42' title='bbox 854 922 922 943; x_wconf 90' lang='lat' dir='ltr'>non</span> <span class='ocrx_word' id='word_1_43' title='bbox 937 913 964 942; x_wconf 44' lang='grc' dir='ltr'>θ.</span> <span class='ocrx_word' id='word_1_44' title='bbox 981 912 1068 942; x_wconf 91' lang='lat' dir='ltr'>Tum</span> <span class='ocrx_word' id='word_1_45' title='bbox 1085 912 1160 951; x_wconf 91' lang='lat' dir='ltr'>quia</span> <span class='ocrx_word' id='word_1_46' title='bbox 1175 911 1211 942; x_wconf 92' lang='lat' dir='ltr'>fit</span> <span class='ocrx_word' id='word_1_47' title='bbox 1227 917 1337 942; x_wconf 89' lang='lat' dir='ltr'>contra</span> <span class='ocrx_word' id='word_1_48' title='bbox 1353 916 1506 941; x_wconf 89' lang='lat' dir='ltr'>statutum</span> 
     </span>
     <span class='ocr_line' id='line_1_12' title="bbox 444 955 1505 996; baseline -0.004 -8"><span class='ocrx_word' id='word_1_49' title='bbox 444 968 480 988; x_wconf 93' lang='lat' dir='ltr'>ac</span> <span class='ocrx_word' id='word_1_50' title='bbox 504 957 770 988; x_wconf 88' lang='lat' dir='ltr'>consuetudinem</span> <span class='ocrx_word' id='word_1_51' title='bbox 794 956 970 987; x_wconf 86' lang='lat' dir='ltr'>Ecclesiae:</span> <span class='ocrx_word' id='word_1_52' title='bbox 996 961 1031 986; x_wconf 92' lang='lat' dir='ltr'>ut</span> <span class='ocrx_word' id='word_1_53' title='bbox 1050 961 1137 996; x_wconf 89' lang='lat' dir='ltr'>patet</span> <span class='ocrx_word' id='word_1_54' title='bbox 1151 956 1250 991; x_wconf 88' lang='lat' dir='ltr'>XXX,</span> <span class='ocrx_word' id='word_1_55' title='bbox 1267 965 1322 995; x_wconf 88' lang='lat' dir='ltr'>qu.</span> <span class='ocrx_word' id='word_1_56' title='bbox 1339 965 1368 991; x_wconf 94' lang='lat' dir='ltr'>v,</span> <span class='ocrx_word' id='word_1_57' title='bbox 1385 956 1418 985; x_wconf 92' lang='lat' dir='ltr'>in</span> <span class='ocrx_word' id='word_1_58' title='bbox 1434 955 1505 994; x_wconf 92' lang='lat' dir='ltr'>plu-</span> 
     </span>
    </p>
   </div>
   <div class='ocr_carea' id='block_1_9' title="bbox 443 1002 1504 1085">
    <p class='ocr_par' dir='ltr' id='par_1_11' title="bbox 443 1002 1504 1085">
     <span class='ocr_line' id='line_1_13' title="bbox 443 1002 709 1042; baseline -0.008 -9"><span class='ocrx_word' id='word_1_59' title='bbox 443 1003 530 1033; x_wconf 92' lang='lat' dir='ltr'>ribus</span> <span class='ocrx_word' id='word_1_60' title='bbox 554 1002 709 1042; x_wconf 88' lang='lat' dir='ltr'>capitulis.</span> 
     </span>
     <span class='ocr_line' id='line_1_14' title="bbox 499 1042 1504 1085; baseline -0.004 -9"><span class='ocrx_word' id='word_1_61' title='bbox 499 1047 584 1076; x_wconf 92' lang='lat' dir='ltr'>Tum</span> <span class='ocrx_word' id='word_1_62' title='bbox 614 1046 707 1085; x_wconf 91' lang='lat' dir='ltr'>quia,</span> <span class='ocrx_word' id='word_1_63' title='bbox 740 1054 814 1075; x_wconf 92' lang='lat' dir='ltr'>cum</span> <span class='ocrx_word' id='word_1_64' title='bbox 845 1045 912 1074; x_wconf 88' lang='lat' dir='ltr'>sine</span> <span class='ocrx_word' id='word_1_65' title='bbox 941 1053 1034 1074; x_wconf 91' lang='lat' dir='ltr'>causa</span> <span class='ocrx_word' id='word_1_66' title='bbox 1061 1043 1239 1074; x_wconf 86' lang='lat' dir='ltr'>rationabili</span> <span class='ocrx_word' id='word_1_67' title='bbox 1269 1043 1332 1073; x_wconf 93' lang='lat' dir='ltr'>hoc</span> <span class='ocrx_word' id='word_1_68' title='bbox 1354 1042 1406 1078; x_wconf 84' lang='lat' dir='ltr'>fit,</span> <span class='ocrx_word' id='word_1_69' title='bbox 1437 1052 1504 1073; x_wconf 90' lang='lat' dir='ltr'>non</span> 
     </span>
    </p>
   </div>
   <div class='ocr_carea' id='block_1_10' title="bbox 434 1088 1505 2283">
    <p class='ocr_par' dir='ltr' id='par_1_12' title="bbox 442 1088 1504 1175">
     <span class='ocr_line' id='line_1_15' title="bbox 442 1088 1504 1128; baseline -0.004 -8"><span class='ocrx_word' id='word_1_70' title='bbox 442 1090 584 1121; x_wconf 85' lang='lat' dir='ltr'>evaditur</span> <span class='ocrx_word' id='word_1_71' title='bbox 607 1094 827 1128; x_wconf 90' lang='lat' dir='ltr'>contemptus:</span> <span class='ocrx_word' id='word_1_72' title='bbox 853 1097 951 1128; x_wconf 90' lang='lat' dir='ltr'>quem</span> <span class='ocrx_word' id='word_1_73' title='bbox 976 1093 1100 1118; x_wconf 92' lang='lat' dir='ltr'>constat</span> <span class='ocrx_word' id='word_1_74' title='bbox 1123 1088 1316 1118; x_wconf 88' lang='lat' dir='ltr'>constituere</span> <span class='ocrx_word' id='word_1_75' title='bbox 1334 1092 1504 1126; x_wconf 90' lang='lat' dir='ltr'>peccatum</span> 
     </span>
     <span class='ocr_line' id='line_1_16' title="bbox 442 1134 1050 1175; baseline -0.007 -10"><span class='ocrx_word' id='word_1_76' title='bbox 442 1134 585 1165; x_wconf 87' lang='lat' dir='ltr'>mortale.</span> <span class='ocrx_word' id='word_1_77' title='bbox 1037 1160 1050 1175; x_wconf 62' lang='grc'><em>,</em></span> 
     </span>
    </p>

    <p class='ocr_par' dir='ltr' id='par_1_13' title="bbox 436 1174 1505 1613">
     <span class='ocr_line' id='line_1_17' title="bbox 496 1174 1505 1215; baseline -0.004 -7"><span class='ocrx_word' id='word_1_78' title='bbox 496 1178 533 1208; x_wconf 92' lang='grc' dir='ltr'>ΙΙ.</span> <span class='ocrx_word' id='word_1_79' title='bbox 557 1177 608 1207; x_wconf 92' lang='lat' dir='ltr'>Ad</span> <span class='ocrx_word' id='word_1_80' title='bbox 630 1178 694 1207; x_wconf 90' lang='lat' dir='ltr'>hoc</span> <span class='ocrx_word' id='word_1_81' title='bbox 717 1176 832 1206; x_wconf 91' lang='lat' dir='ltr'>dicitur</span> <span class='ocrx_word' id='word_1_82' title='bbox 855 1175 954 1215; x_wconf 92' lang='lat' dir='ltr'>quod,</span> <span class='ocrx_word' id='word_1_83' title='bbox 971 1175 1046 1206; x_wconf 89' lang='lat' dir='ltr'>licet</span> <span class='ocrx_word' id='word_1_84' title='bbox 1069 1174 1261 1215; x_wconf 87' lang='lat' dir='ltr'>quibusdam</span> <span class='ocrx_word' id='word_1_85' title='bbox 1285 1174 1391 1204; x_wconf 89' lang='lat' dir='ltr'>visum</span> <span class='ocrx_word' id='word_1_86' title='bbox 1410 1174 1505 1204; x_wconf 84' lang='lat' dir='ltr'>fuerit</span> 
     </span>
     <span class='ocr_line' id='line_1_18' title="bbox 441 1217 1504 1261; baseline -0.005 -9"><span class='ocrx_word' id='word_1_87' title='bbox 441 1220 700 1261; x_wconf 87' lang='lat' dir='ltr'>distinguendum</span> <span class='ocrx_word' id='word_1_88' title='bbox 724 1220 764 1250; x_wconf 90' lang='lat' dir='ltr'>de</span> <span class='ocrx_word' id='word_1_89' title='bbox 786 1219 938 1250; x_wconf 85' lang='lat' dir='ltr'>reddente</span> <span class='ocrx_word' id='word_1_90' title='bbox 962 1224 1016 1249; x_wconf 92' lang='lat' dir='ltr'>aut</span> <span class='ocrx_word' id='word_1_91' title='bbox 1038 1223 1167 1259; x_wconf 88' lang='lat' dir='ltr'>petente</span> <span class='ocrx_word' id='word_1_92' title='bbox 1184 1217 1345 1253; x_wconf 87' lang='lat' dir='ltr'>debitum;</span> <span class='ocrx_word' id='word_1_93' title='bbox 1370 1223 1401 1248; x_wconf 90' lang='lat' dir='ltr'>et</span> <span class='ocrx_word' id='word_1_94' title='bbox 1417 1218 1504 1248; x_wconf 90' lang='lat' dir='ltr'>simi-</span> 
     </span>
     <span class='ocr_line' id='line_1_19' title="bbox 439 1261 1504 1297; baseline -0.006 0"><span class='ocrx_word' id='word_1_95' title='bbox 439 1267 509 1297; x_wconf 92' lang='lat' dir='ltr'>liter</span> <span class='ocrx_word' id='word_1_96' title='bbox 532 1265 570 1296; x_wconf 92' lang='lat' dir='ltr'>de</span> <span class='ocrx_word' id='word_1_97' title='bbox 594 1266 667 1295; x_wconf 92' lang='lat' dir='ltr'>loco</span> <span class='ocrx_word' id='word_1_98' title='bbox 698 1265 754 1295; x_wconf 92' lang='lat' dir='ltr'>ubi</span> <span class='ocrx_word' id='word_1_99' title='bbox 778 1269 824 1294; x_wconf 90' lang='lat' dir='ltr'>est</span> <span class='ocrx_word' id='word_1_100' title='bbox 847 1264 897 1293; x_wconf 94' lang='lat' dir='ltr'>vel</span> <span class='ocrx_word' id='word_1_101' title='bbox 920 1273 987 1293; x_wconf 91' lang='lat' dir='ltr'>non</span> <span class='ocrx_word' id='word_1_102' title='bbox 1011 1269 1058 1293; x_wconf 88' lang='lat' dir='ltr'>est</span> <span class='ocrx_word' id='word_1_103' title='bbox 1088 1262 1290 1293; x_wconf 87' lang='lat' dir='ltr'>consuetudo</span> <span class='ocrx_word' id='word_1_104' title='bbox 1317 1261 1504 1292; x_wconf 89' lang='lat' dir='ltr'>huiusmodi</span> 
     </span>
     <span class='ocr_line' id='line_1_20' title="bbox 439 1305 1503 1345; baseline -0.006 -4"><span class='ocrx_word' id='word_1_105' title='bbox 439 1310 685 1345; x_wconf 89' lang='lat' dir='ltr'>benedictionis;</span> <span class='ocrx_word' id='word_1_106' title='bbox 711 1314 742 1338; x_wconf 89' lang='lat' dir='ltr'>et</span> <span class='ocrx_word' id='word_1_107' title='bbox 765 1308 908 1338; x_wconf 86' lang='lat' dir='ltr'>similiter</span> <span class='ocrx_word' id='word_1_108' title='bbox 931 1307 970 1338; x_wconf 89' lang='lat' dir='ltr'>de</span> <span class='ocrx_word' id='word_1_109' title='bbox 994 1317 1098 1343; x_wconf 89' lang='lat' dir='ltr'>causa,</span> <span class='ocrx_word' id='word_1_110' title='bbox 1123 1317 1164 1337; x_wconf 93' lang='lat' dir='ltr'>an</span> <span class='ocrx_word' id='word_1_111' title='bbox 1187 1307 1226 1337; x_wconf 74' lang='lat' dir='ltr'>sit‘</span> <span class='ocrx_word' id='word_1_112' title='bbox 1241 1305 1436 1336; x_wconf 79' lang='lat' dir='ltr'>rationabilis</span> <span class='ocrx_word' id='word_1_113' title='bbox 1451 1306 1503 1336; x_wconf 90' lang='lat' dir='ltr'>vel</span> 
     </span>
     <span class='ocr_line' id='line_1_21' title="bbox 438 1349 1503 1392; baseline -0.006 -6"><span class='ocrx_word' id='word_1_114' title='bbox 438 1365 524 1386; x_wconf 90' lang='lat' dir='ltr'>non:</span> <span class='ocrx_word' id='word_1_115' title='bbox 548 1354 627 1384; x_wconf 88' lang='lat' dir='ltr'>mihi</span> <span class='ocrx_word' id='word_1_116' title='bbox 650 1358 757 1383; x_wconf 89' lang='lat' dir='ltr'>tamen</span> <span class='ocrx_word' id='word_1_117' title='bbox 775 1351 899 1382; x_wconf 91' lang='lat' dir='ltr'>videtur</span> <span class='ocrx_word' id='word_1_118' title='bbox 921 1352 1107 1392; x_wconf 91' lang='lat' dir='ltr'>simpliciter</span> <span class='ocrx_word' id='word_1_119' title='bbox 1123 1357 1154 1381; x_wconf 92' lang='lat' dir='ltr'>et</span> <span class='ocrx_word' id='word_1_120' title='bbox 1169 1351 1314 1381; x_wconf 90' lang='lat' dir='ltr'>absolute</span> <span class='ocrx_word' id='word_1_121' title='bbox 1330 1349 1503 1380; x_wconf 89' lang='lat' dir='ltr'>dicendum</span> 
     </span>
     <span class='ocr_line' id='line_1_22' title="bbox 439 1395 1502 1440; baseline -0.006 -10"><span class='ocrx_word' id='word_1_122' title='bbox 439 1399 527 1440; x_wconf 92' lang='lat' dir='ltr'>quod</span> <span class='ocrx_word' id='word_1_123' title='bbox 549 1396 736 1428; x_wconf 88' lang='lat' dir='ltr'>huiusmodi</span> <span class='ocrx_word' id='word_1_124' title='bbox 759 1402 848 1427; x_wconf 87' lang='lat' dir='ltr'>actus</span> <span class='ocrx_word' id='word_1_125' title='bbox 863 1406 931 1426; x_wconf 91' lang='lat' dir='ltr'>non</span> <span class='ocrx_word' id='word_1_126' title='bbox 947 1402 994 1426; x_wconf 91' lang='lat' dir='ltr'>est</span> <span class='ocrx_word' id='word_1_127' title='bbox 1009 1401 1180 1436; x_wconf 90' lang='lat' dir='ltr'>peccatum</span> <span class='ocrx_word' id='word_1_128' title='bbox 1195 1395 1340 1425; x_wconf 88' lang='lat' dir='ltr'>mortale.</span> <span class='ocrx_word' id='word_1_129' title='bbox 1365 1395 1407 1425; x_wconf 94' lang='lat' dir='ltr'>Et</span> <span class='ocrx_word' id='word_1_130' title='bbox 1421 1395 1502 1424; x_wconf 87' lang='lat' dir='ltr'>ratio</span> 
     </span>
     <span class='ocr_line' id='line_1_23' title="bbox 438 1438 1503 1483; baseline -0.005 -9"><span class='ocrx_word' id='word_1_131' title='bbox 438 1450 484 1475; x_wconf 91' lang='lat' dir='ltr'>est</span> <span class='ocrx_word' id='word_1_132' title='bbox 514 1444 589 1483; x_wconf 92' lang='lat' dir='ltr'>quia</span> <span class='ocrx_word' id='word_1_133' title='bbox 610 1442 737 1472; x_wconf 89' lang='lat' dir='ltr'>nullum</span> <span class='ocrx_word' id='word_1_134' title='bbox 761 1446 891 1480; x_wconf 90' lang='lat' dir='ltr'>apparet</span> <span class='ocrx_word' id='word_1_135' title='bbox 914 1441 947 1470; x_wconf 92' lang='lat' dir='ltr'>in</span> <span class='ocrx_word' id='word_1_136' title='bbox 970 1441 1039 1470; x_wconf 92' lang='lat' dir='ltr'>iure</span> <span class='ocrx_word' id='word_1_137' title='bbox 1062 1445 1271 1480; x_wconf 89' lang='lat' dir='ltr'>praeceptum</span> <span class='ocrx_word' id='word_1_138' title='bbox 1295 1439 1439 1478; x_wconf 87' lang='lat' dir='ltr'>obligans</span> <span class='ocrx_word' id='word_1_139' title='bbox 1462 1438 1503 1469; x_wconf 91' lang='lat' dir='ltr'>ad</span> 
     </span>
     <span class='ocr_line' id='line_1_24' title="bbox 436 1483 1503 1525; baseline -0.005 -6"><span class='ocrx_word' id='word_1_140' title='bbox 436 1487 589 1519; x_wconf 88' lang='lat' dir='ltr'>mortale:</span> <span class='ocrx_word' id='word_1_141' title='bbox 613 1487 715 1516; x_wconf 90' lang='lat' dir='ltr'>immo</span> <span class='ocrx_word' id='word_1_142' title='bbox 739 1494 895 1525; x_wconf 84' lang='lat' dir='ltr'>expresse,</span> <span class='ocrx_word' id='word_1_143' title='bbox 913 1485 945 1515; x_wconf 91' lang='lat' dir='ltr'>in</span> <span class='ocrx_word' id='word_1_144' title='bbox 966 1483 1030 1515; x_wconf 90' lang='lat' dir='ltr'>fine</span> <span class='ocrx_word' id='word_1_145' title='bbox 1051 1494 1119 1524; x_wconf 92' lang='lat' dir='ltr'>cap.</span> <span class='ocrx_word' id='word_1_146' title='bbox 1138 1484 1308 1515; x_wconf 84' lang='lat' dir='ltr'>Nostrates</span> <span class='ocrx_word' id='word_1_147' title='bbox 1325 1484 1351 1519; x_wconf 61' lang='lat'>⁴⁹,</span> <span class='ocrx_word' id='word_1_148' title='bbox 1370 1493 1503 1514; x_wconf 90' lang='lat' dir='ltr'>enume-</span> 
     </span>
     <span class='ocr_line' id='line_1_25' title="bbox 437 1527 1503 1569; baseline -0.005 -6"><span class='ocrx_word' id='word_1_149' title='bbox 437 1533 509 1563; x_wconf 88' lang='lat' dir='ltr'>ratis</span> <span class='ocrx_word' id='word_1_150' title='bbox 525 1530 790 1562; x_wconf 85' lang='lat' dir='ltr'>concurrentibus</span> <span class='ocrx_word' id='word_1_151' title='bbox 805 1528 845 1559; x_wconf 89' lang='lat' dir='ltr'>ad</span> <span class='ocrx_word' id='word_1_152' title='bbox 867 1529 1005 1569; x_wconf 84' lang='lat' dir='ltr'>nuptias,</span> <span class='ocrx_word' id='word_1_153' title='bbox 1022 1528 1168 1559; x_wconf 87' lang='lat' dir='ltr'>subditur</span> <span class='ocrx_word' id='word_1_154' title='bbox 1185 1527 1275 1568; x_wconf 94' lang='lat' dir='ltr'>quod</span> <span class='ocrx_word' id='word_1_155' title='bbox 1294 1528 1373 1558; x_wconf 91' lang='lat' dir='ltr'>haec</span> <span class='ocrx_word' id='word_1_156' title='bbox 1393 1529 1503 1558; x_wconf 91' lang='lat' dir='ltr'>omnia</span> 
     </span>
     <span class='ocr_line' id='line_1_26' title="bbox 437 1578 1015 1613; baseline -0.009 -5"><span class='ocrx_word' id='word_1_157' title='bbox 437 1587 504 1608; x_wconf 93' lang='lat' dir='ltr'>non</span> <span class='ocrx_word' id='word_1_158' title='bbox 528 1585 651 1607; x_wconf 88' lang='lat' dir='ltr'>servare</span> <span class='ocrx_word' id='word_1_159' title='bbox 674 1583 741 1604; x_wconf 91' lang='lat' dir='ltr'>non</span> <span class='ocrx_word' id='word_1_160' title='bbox 766 1579 812 1604; x_wconf 88' lang='lat' dir='ltr'>est</span> <span class='ocrx_word' id='word_1_161' title='bbox 835 1578 1015 1613; x_wconf 90' lang='lat' dir='ltr'>peccatum.</span> 
     </span>
    </p>

    <p class='ocr_par' dir='ltr' id='par_1_14' title="bbox 435 1616 1503 1924">
     <span class='ocr_line' id='line_1_27' title="bbox 492 1616 1503 1658; baseline -0.004 -7"><span class='ocrx_word' id='word_1_162' title='bbox 492 1618 704 1651; x_wconf 88' lang='lat' dir='ltr'>Consuetudo</span> <span class='ocrx_word' id='word_1_163' title='bbox 729 1627 862 1658; x_wconf 91' lang='lat' dir='ltr'>quoque</span> <span class='ocrx_word' id='word_1_164' title='bbox 886 1627 953 1648; x_wconf 91' lang='lat' dir='ltr'>non</span> <span class='ocrx_word' id='word_1_165' title='bbox 970 1616 1145 1657; x_wconf 87' lang='lat' dir='ltr'>obligat.ad</span> <span class='ocrx_word' id='word_1_166' title='bbox 1161 1617 1295 1647; x_wconf 91' lang='lat' dir='ltr'>mortale</span> <span class='ocrx_word' id='word_1_167' title='bbox 1314 1616 1387 1657; x_wconf 92' lang='lat' dir='ltr'>plus</span> <span class='ocrx_word' id='word_1_168' title='bbox 1403 1626 1503 1658; x_wconf 90' lang='lat' dir='ltr'>quam</span> 
     </span>
     <span class='ocr_line' id='line_1_28' title="bbox 436 1661 1501 1702; baseline -0.005 -6"><span class='ocrx_word' id='word_1_169' title='bbox 436 1671 599 1696; x_wconf 88' lang='lat' dir='ltr'>statutum.</span> <span class='ocrx_word' id='word_1_170' title='bbox 623 1664 664 1694; x_wconf 93' lang='lat' dir='ltr'>Et</span> <span class='ocrx_word' id='word_1_171' title='bbox 686 1668 775 1693; x_wconf 89' lang='lat' dir='ltr'>tanto</span> <span class='ocrx_word' id='word_1_172' title='bbox 793 1663 899 1692; x_wconf 91' lang='lat' dir='ltr'>minus</span> <span class='ocrx_word' id='word_1_173' title='bbox 918 1662 997 1692; x_wconf 85' lang='lat' dir='ltr'>haec</span> <span class='ocrx_word' id='word_1_174' title='bbox 1012 1661 1215 1692; x_wconf 87' lang='lat' dir='ltr'>consuetudo</span> <span class='ocrx_word' id='word_1_175' title='bbox 1231 1661 1361 1701; x_wconf 90' lang='lat' dir='ltr'>obligat,</span> <span class='ocrx_word' id='word_1_176' title='bbox 1379 1667 1501 1702; x_wconf 86' lang='lat' dir='ltr'>quanto</span> 
     </span>
     <span class='ocr_line' id='line_1_29' title="bbox 437 1705 1501 1747; baseline -0.004 -7"><span class='ocrx_word' id='word_1_177' title='bbox 437 1710 563 1745; x_wconf 89' lang='lat' dir='ltr'>alicubi,</span> <span class='ocrx_word' id='word_1_178' title='bbox 587 1714 623 1739; x_wconf 93' lang='lat' dir='ltr'>ut</span> <span class='ocrx_word' id='word_1_179' title='bbox 645 1709 678 1738; x_wconf 92' lang='lat' dir='ltr'>in</span> <span class='ocrx_word' id='word_1_180' title='bbox 699 1707 879 1742; x_wconf 88' lang='lat' dir='ltr'>Germania,</span> <span class='ocrx_word' id='word_1_181' title='bbox 902 1706 1028 1736; x_wconf 91' lang='lat' dir='ltr'>nobiles</span> <span class='ocrx_word' id='word_1_182' title='bbox 1050 1711 1146 1736; x_wconf 91' lang='lat' dir='ltr'>nocte</span> <span class='ocrx_word' id='word_1_183' title='bbox 1169 1705 1381 1747; x_wconf 88' lang='lat' dir='ltr'>praecedente</span> <span class='ocrx_word' id='word_1_184' title='bbox 1404 1707 1501 1737; x_wconf 86' lang='lat' dir='ltr'>bene-</span> 
     </span>
     <span class='ocr_line' id='line_1_30' title="bbox 437 1750 1502 1787; baseline -0.003 -2"><span class='ocrx_word' id='word_1_185' title='bbox 437 1754 611 1786; x_wconf 88' lang='lat' dir='ltr'>dictionem</span> <span class='ocrx_word' id='word_1_186' title='bbox 634 1756 860 1783; x_wconf 89' lang='lat' dir='ltr'>consummant</span> <span class='ocrx_word' id='word_1_187' title='bbox 881 1751 1140 1781; x_wconf 83' lang='lat' dir='ltr'>matrimonium:</span> <span class='ocrx_word' id='word_1_188' title='bbox 1166 1750 1282 1781; x_wconf 89' lang='lat' dir='ltr'>alicubi</span> <span class='ocrx_word' id='word_1_189' title='bbox 1305 1759 1393 1787; x_wconf 86' lang='lat' dir='ltr'>vero,</span> <span class='ocrx_word' id='word_1_190' title='bbox 1418 1751 1502 1782; x_wconf 91' lang='lat' dir='ltr'>utin</span> 
     </span>
     <span class='ocr_line' id='line_1_31' title="bbox 437 1795 1502 1838; baseline -0.003 -9"><span class='ocrx_word' id='word_1_191' title='bbox 437 1799 533 1834; x_wconf 89' lang='lat' dir='ltr'>Italia,</span> <span class='ocrx_word' id='word_1_192' title='bbox 557 1807 663 1838; x_wconf 89' lang='lat' dir='ltr'>poena</span> <span class='ocrx_word' id='word_1_193' title='bbox 686 1797 830 1838; x_wconf 87' lang='lat' dir='ltr'>apposita</span> <span class='ocrx_word' id='word_1_194' title='bbox 851 1795 889 1825; x_wconf 91' lang='lat' dir='ltr'>ab</span> <span class='ocrx_word' id='word_1_195' title='bbox 906 1795 1050 1825; x_wconf 83' lang='lat' dir='ltr'>Ecclesia</span> <span class='ocrx_word' id='word_1_196' title='bbox 1065 1795 1184 1826; x_wconf 88' lang='lat' dir='ltr'>maritis</span> <span class='ocrx_word' id='word_1_197' title='bbox 1203 1796 1502 1830; x_wconf 83' lang='lat' dir='ltr'>consummantibus</span> 
     </span>
     <span class='ocr_line' id='line_1_32' title="bbox 435 1839 1502 1875; baseline -0.003 -2"><span class='ocrx_word' id='word_1_198' title='bbox 435 1842 676 1874; x_wconf 89' lang='lat' dir='ltr'>matrimonium</span> <span class='ocrx_word' id='word_1_199' title='bbox 699 1847 772 1872; x_wconf 89' lang='lat' dir='ltr'>ante</span> <span class='ocrx_word' id='word_1_200' title='bbox 792 1839 1061 1875; x_wconf 86' lang='lat' dir='ltr'>benedictionem,</span> <span class='ocrx_word' id='word_1_201' title='bbox 1078 1844 1144 1870; x_wconf 89' lang='lat' dir='ltr'>tam</span> <span class='ocrx_word' id='word_1_202' title='bbox 1160 1839 1237 1870; x_wconf 91' lang='lat' dir='ltr'>levis</span> <span class='ocrx_word' id='word_1_203' title='bbox 1253 1845 1300 1870; x_wconf 89' lang='lat' dir='ltr'>est</span> <span class='ocrx_word' id='word_1_204' title='bbox 1319 1845 1355 1870; x_wconf 87' lang='lat' dir='ltr'>ut</span> <span class='ocrx_word' id='word_1_205' title='bbox 1370 1845 1502 1871; x_wconf 87' lang='lat' dir='ltr'>testetur</span> 
     </span>
     <span class='ocr_line' id='line_1_33' title="bbox 436 1885 1129 1924; baseline -0.006 -6"><span class='ocrx_word' id='word_1_206' title='bbox 436 1888 607 1918; x_wconf 89' lang='lat' dir='ltr'>minimum</span> <span class='ocrx_word' id='word_1_207' title='bbox 630 1891 684 1917; x_wconf 90' lang='lat' dir='ltr'>aut</span> <span class='ocrx_word' id='word_1_208' title='bbox 706 1885 833 1917; x_wconf 91' lang='lat' dir='ltr'>nullum</span> <span class='ocrx_word' id='word_1_209' title='bbox 857 1894 925 1915; x_wconf 91' lang='lat' dir='ltr'>esse</span> <span class='ocrx_word' id='word_1_210' title='bbox 948 1890 1129 1924; x_wconf 90' lang='lat' dir='ltr'>peccatum.</span> 
     </span>
    </p>

    <p class='ocr_par' dir='ltr' id='par_1_15' title="bbox 434 1927 1503 2283">
     <span class='ocr_line' id='line_1_34' title="bbox 492 1927 1501 1971; baseline -0.002 -9"><span class='ocrx_word' id='word_1_211' title='bbox 492 1932 539 1962; x_wconf 90' lang='lat' dir='ltr'>Ex</span> <span class='ocrx_word' id='word_1_212' title='bbox 562 1936 649 1971; x_wconf 88' lang='lat' dir='ltr'>parte</span> <span class='ocrx_word' id='word_1_213' title='bbox 667 1940 744 1962; x_wconf 89' lang='lat' dir='ltr'>vero</span> <span class='ocrx_word' id='word_1_214' title='bbox 768 1929 1011 1965; x_wconf 83' lang='lat' dir='ltr'>benedictionis,</span> <span class='ocrx_word' id='word_1_215' title='bbox 1036 1938 1112 1959; x_wconf 89' lang='lat' dir='ltr'>cum</span> <span class='ocrx_word' id='word_1_216' title='bbox 1127 1928 1216 1959; x_wconf 90' lang='lat' dir='ltr'>nulla</span> <span class='ocrx_word' id='word_1_217' title='bbox 1231 1927 1287 1959; x_wconf 86' lang='lat' dir='ltr'>fiat</span> <span class='ocrx_word' id='word_1_218' title='bbox 1301 1929 1361 1959; x_wconf 91' lang='lat' dir='ltr'>sibi</span> <span class='ocrx_word' id='word_1_219' title='bbox 1375 1930 1501 1966; x_wconf 90' lang='lat' dir='ltr'>iniuria,</span> 
     </span>
     <span class='ocr_line' id='line_1_35' title="bbox 437 1972 1501 2016; baseline -0.001 -10"><span class='ocrx_word' id='word_1_220' title='bbox 437 1976 591 2016; x_wconf 89' lang='lat' dir='ltr'>quoniam</span> <span class='ocrx_word' id='word_1_221' title='bbox 613 1984 681 2006; x_wconf 67' lang='lat' dir='ltr'>nec‘</span> <span class='ocrx_word' id='word_1_222' title='bbox 698 1974 932 2010; x_wconf 88' lang='lat' dir='ltr'>contemnitur,</span> <span class='ocrx_word' id='word_1_223' title='bbox 956 1972 1012 2004; x_wconf 91' lang='lat' dir='ltr'>sed</span> <span class='ocrx_word' id='word_1_224' title='bbox 1035 1973 1206 2013; x_wconf 92' lang='lat' dir='ltr'>suscipitur</span> <span class='ocrx_word' id='word_1_225' title='bbox 1230 1973 1326 2004; x_wconf 91' lang='lat' dir='ltr'>etiam</span> <span class='ocrx_word' id='word_1_226' title='bbox 1349 1983 1501 2005; x_wconf 89' lang='lat' dir='ltr'>consum-</span> 
     </span>
     <span class='ocr_line' id='line_1_36' title="bbox 436 2017 1502 2058; baseline -0.001 -7"><span class='ocrx_word' id='word_1_227' title='bbox 436 2026 523 2051; x_wconf 89' lang='lat' dir='ltr'>mato</span> <span class='ocrx_word' id='word_1_228' title='bbox 546 2021 769 2056; x_wconf 80' lang='lat' dir='ltr'>matrimoni03</span> <span class='ocrx_word' id='word_1_229' title='bbox 796 2029 857 2050; x_wconf 90' lang='lat' dir='ltr'>nec</span> <span class='ocrx_word' id='word_1_230' title='bbox 879 2018 1072 2050; x_wconf 89' lang='lat' dir='ltr'>admiscetur</span> <span class='ocrx_word' id='word_1_231' title='bbox 1095 2022 1265 2058; x_wconf 86' lang='lat' dir='ltr'>propterea</span> <span class='ocrx_word' id='word_1_232' title='bbox 1288 2017 1422 2058; x_wconf 92' lang='lat' dir='ltr'>aliquod</span> <span class='ocrx_word' id='word_1_233' title='bbox 1443 2018 1502 2050; x_wconf 85' lang='lat' dir='ltr'>fal-</span> 
     </span>
     <span class='ocr_line' id='line_1_37' title="bbox 436 2061 1503 2103; baseline -0.001 -8"><span class='ocrx_word' id='word_1_234' title='bbox 436 2075 508 2096; x_wconf 90' lang='lat' dir='ltr'>sum</span> <span class='ocrx_word' id='word_1_235' title='bbox 531 2074 587 2095; x_wconf 91' lang='lat' dir='ltr'>seu</span> <span class='ocrx_word' id='word_1_236' title='bbox 610 2064 825 2100; x_wconf 87' lang='lat' dir='ltr'>mendacium,</span> <span class='ocrx_word' id='word_1_237' title='bbox 851 2063 1007 2103; x_wconf 86' lang='lat' dir='ltr'>quoniam</span> <span class='ocrx_word' id='word_1_238' title='bbox 1029 2062 1119 2093; x_wconf 93' lang='lat' dir='ltr'>nulla</span> <span class='ocrx_word' id='word_1_239' title='bbox 1141 2061 1177 2092; x_wconf 86' lang='lat' dir='ltr'>fit</span> <span class='ocrx_word' id='word_1_240' title='bbox 1200 2061 1240 2092; x_wconf 89' lang='lat' dir='ltr'>de</span> <span class='ocrx_word' id='word_1_241' title='bbox 1259 2062 1439 2102; x_wconf 88' lang='lat' dir='ltr'>virginitate</span> <span class='ocrx_word' id='word_1_242' title='bbox 1457 2064 1503 2094; x_wconf 89' lang='lat' dir='ltr'>ibi</span> 
     </span>
     <span class='ocr_line' id='line_1_38' title="bbox 435 2106 1503 2146; baseline -0.001 -6"><span class='ocrx_word' id='word_1_243' title='bbox 435 2110 573 2146; x_wconf 89' lang='lat' dir='ltr'>mentio;</span> <span class='ocrx_word' id='word_1_244' title='bbox 597 2108 685 2139; x_wconf 90' lang='lat' dir='ltr'>nulla</span> <span class='ocrx_word' id='word_1_245' title='bbox 707 2109 842 2140; x_wconf 90' lang='lat' dir='ltr'>habetur</span> <span class='ocrx_word' id='word_1_246' title='bbox 863 2108 944 2138; x_wconf 88' lang='lat' dir='ltr'>ratio</span> <span class='ocrx_word' id='word_1_247' title='bbox 960 2106 1102 2138; x_wconf 85' lang='lat' dir='ltr'>mortalis</span> <span class='ocrx_word' id='word_1_248' title='bbox 1118 2107 1251 2146; x_wconf 88' lang='lat' dir='ltr'>peccati.</span> <span class='ocrx_word' id='word_1_249' title='bbox 1272 2125 1295 2129; x_wconf 97' lang='lat'><em>-</em></span> <span class='ocrx_word' id='word_1_250' title='bbox 1313 2107 1382 2138; x_wconf 91' lang='lat' dir='ltr'>Nec</span> <span class='ocrx_word' id='word_1_251' title='bbox 1398 2108 1503 2139; x_wconf 87' lang='lat' dir='ltr'>obstat</span> 
     </span>
     <span class='ocr_line' id='line_1_39' title="bbox 436 2151 1502 2193; baseline 0 -9"><span class='ocrx_word' id='word_1_252' title='bbox 436 2154 462 2184; x_wconf 91' lang='lat' dir='ltr'>si</span> <span class='ocrx_word' id='word_1_253' title='bbox 491 2153 612 2184; x_wconf 88' lang='lat' dir='ltr'>dicatur</span> <span class='ocrx_word' id='word_1_254' title='bbox 639 2153 730 2193; x_wconf 92' lang='lat' dir='ltr'>quod</span> <span class='ocrx_word' id='word_1_255' title='bbox 757 2162 897 2183; x_wconf 87' lang='lat' dir='ltr'>canones</span> <span class='ocrx_word' id='word_1_256' title='bbox 927 2156 1195 2192; x_wconf 87' lang='lat' dir='ltr'>praesupponunt</span> <span class='ocrx_word' id='word_1_257' title='bbox 1224 2151 1438 2191; x_wconf 88' lang='lat' dir='ltr'>virginitatem</span> <span class='ocrx_word' id='word_1_258' title='bbox 1467 2153 1502 2184; x_wconf 88' lang='lat' dir='ltr'>in</span> 
     </span>
     <span class='ocr_line' id='line_1_40' title="bbox 435 2195 1503 2238; baseline 0 -10"><span class='ocrx_word' id='word_1_259' title='bbox 435 2197 669 2234; x_wconf 89' lang='lat' dir='ltr'>benedicendis,</span> <span class='ocrx_word' id='word_1_260' title='bbox 689 2197 802 2228; x_wconf 90' lang='lat' dir='ltr'>saltem</span> <span class='ocrx_word' id='word_1_261' title='bbox 817 2198 851 2227; x_wconf 92' lang='lat' dir='ltr'>in</span> <span class='ocrx_word' id='word_1_262' title='bbox 867 2205 994 2237; x_wconf 88' lang='lat' dir='ltr'>sponsa,</span> <span class='ocrx_word' id='word_1_263' title='bbox 1011 2201 1047 2226; x_wconf 93' lang='lat' dir='ltr'>ut</span> <span class='ocrx_word' id='word_1_264' title='bbox 1063 2200 1150 2236; x_wconf 85' lang='lat' dir='ltr'>patet</span> <span class='ocrx_word' id='word_1_265' title='bbox 1165 2195 1295 2232; x_wconf 89' lang='lat' dir='ltr'>ibidem,</span> <span class='ocrx_word' id='word_1_266' title='bbox 1313 2205 1382 2237; x_wconf 91' lang='lat' dir='ltr'>cap.</span> <span class='ocrx_word' id='word_1_267' title='bbox 1399 2196 1503 2238; x_wconf 83' lang='lat' dir='ltr'>Spon-</span> 
     </span>
     <span class='ocr_line' id='line_1_41' title="bbox 434 2239 1503 2283; baseline 0 -10"><span class='ocrx_word' id='word_1_268' title='bbox 434 2250 508 2273; x_wconf 82' lang='lat' dir='ltr'>sus:</span> <span class='ocrx_word' id='word_1_269' title='bbox 531 2243 687 2283; x_wconf 90' lang='lat' dir='ltr'>quoniam</span> <span class='ocrx_word' id='word_1_270' title='bbox 709 2243 774 2273; x_wconf 91' lang='lat' dir='ltr'>hoc</span> <span class='ocrx_word' id='word_1_271' title='bbox 798 2241 838 2272; x_wconf 88' lang='lat' dir='ltr'>de</span> <span class='ocrx_word' id='word_1_272' title='bbox 861 2241 1071 2281; x_wconf 81' lang='lat' dir='ltr'>congruitate,</span> <span class='ocrx_word' id='word_1_273' title='bbox 1095 2245 1127 2271; x_wconf 89' lang='lat' dir='ltr'>et</span> <span class='ocrx_word' id='word_1_274' title='bbox 1150 2239 1331 2273; x_wconf 88' lang='lat' dir='ltr'>secundum</span> <span class='ocrx_word' id='word_1_275' title='bbox 1354 2250 1503 2274; x_wconf 90' lang='lat' dir='ltr'>commu-</span> 
     </span>
    </p>
   </div>
   <div class='ocr_carea' id='block_1_11' title="bbox 1394 2329 1500 2338">
    <p class='ocr_par' dir='ltr' id='par_1_16' title="bbox 1394 2329 1500 2338">
     <span class='ocr_line' id='line_1_42' title="bbox 1394 2329 1500 2338; baseline 0 1750"><span class='ocrx_word' id='word_1_276' title='bbox 1394 2329 1500 2338; x_wconf 95' lang='lat' dir='ltr'> </span> 
     </span>
    </p>
   </div>
   <div class='ocr_carea' id='block_1_12' title="bbox 1556 823 2667 2281">
    <p class='ocr_par' dir='ltr' id='par_1_17' title="bbox 1560 823 2627 954">
     <span class='ocr_line' id='line_1_43' title="bbox 1561 823 2627 866; baseline 0.003 -13"><span class='ocrx_word' id='word_1_277' title='bbox 1561 824 1642 853; x_wconf 92' lang='lat' dir='ltr'>niter</span> <span class='ocrx_word' id='word_1_278' title='bbox 1665 823 1842 855; x_wconf 88' lang='lat' dir='ltr'>accidentia</span> <span class='ocrx_word' id='word_1_279' title='bbox 1863 825 2065 864; x_wconf 90' lang='lat' dir='ltr'>intelligitur;</span> <span class='ocrx_word' id='word_1_280' title='bbox 2089 830 2125 855; x_wconf 92' lang='lat' dir='ltr'>ut</span> <span class='ocrx_word' id='word_1_281' title='bbox 2147 830 2235 865; x_wconf 87' lang='lat' dir='ltr'>patet</span> <span class='ocrx_word' id='word_1_282' title='bbox 2258 835 2296 856; x_wconf 85' lang='lat' dir='ltr'>ex</span> <span class='ocrx_word' id='word_1_283' title='bbox 2318 825 2382 856; x_wconf 89' lang='lat' dir='ltr'>hoc</span> <span class='ocrx_word' id='word_1_284' title='bbox 2406 825 2497 865; x_wconf 91' lang='lat' dir='ltr'>quod</span> <span class='ocrx_word' id='word_1_285' title='bbox 2519 826 2627 866; x_wconf 85' lang='lat' dir='ltr'>puella</span> 
     </span>
     <span class='ocr_line' id='line_1_44' title="bbox 1561 869 2625 908; baseline 0.003 -10"><span class='ocrx_word' id='word_1_286' title='bbox 1561 874 1710 908; x_wconf 91' lang='lat' dir='ltr'>corrupta</span> <span class='ocrx_word' id='word_1_287' title='bbox 1734 874 1806 898; x_wconf 88' lang='lat' dir='ltr'>ante</span> <span class='ocrx_word' id='word_1_288' title='bbox 1830 869 2018 908; x_wconf 88' lang='lat' dir='ltr'>coniugium</span> <span class='ocrx_word' id='word_1_289' title='bbox 2041 875 2160 899; x_wconf 88' lang='lat' dir='ltr'>secrete</span> <span class='ocrx_word' id='word_1_290' title='bbox 2177 870 2215 900; x_wconf 90' lang='lat' dir='ltr'>ab</span> <span class='ocrx_word' id='word_1_291' title='bbox 2232 869 2295 900; x_wconf 87' lang='lat' dir='ltr'>alio</span> <span class='ocrx_word' id='word_1_292' title='bbox 2314 870 2525 901; x_wconf 90' lang='lat' dir='ltr'>nihilominus</span> <span class='ocrx_word' id='word_1_293' title='bbox 2539 870 2625 901; x_wconf 86' lang='lat' dir='ltr'>licite</span> 
     </span>
     <span class='ocr_line' id='line_1_45' title="bbox 1560 912 2184 954; baseline 0.003 -12"><span class='ocrx_word' id='word_1_294' title='bbox 1560 913 1737 952; x_wconf 89' lang='lat' dir='ltr'>nuptialem</span> <span class='ocrx_word' id='word_1_295' title='bbox 1761 912 2020 945; x_wconf 89' lang='lat' dir='ltr'>benedictionem</span> <span class='ocrx_word' id='word_1_296' title='bbox 2043 914 2184 954; x_wconf 88' lang='lat' dir='ltr'>suscipit.</span> 
     </span>
    </p>

    <p class='ocr_par' dir='ltr' id='par_1_18' title="bbox 1559 956 2626 1172">
     <span class='ocr_line' id='line_1_46' title="bbox 1615 956 2625 999; baseline 0.003 -13"><span class='ocrx_word' id='word_1_297' title='bbox 1615 957 1663 986; x_wconf 88' lang='lat' dir='ltr'>Ex</span> <span class='ocrx_word' id='word_1_298' title='bbox 1679 962 1766 997; x_wconf 89' lang='lat' dir='ltr'>parte</span> <span class='ocrx_word' id='word_1_299' title='bbox 1783 956 1916 988; x_wconf 88' lang='lat' dir='ltr'>demum</span> <span class='ocrx_word' id='word_1_300' title='bbox 1930 957 2003 988; x_wconf 90' lang='lat' dir='ltr'>finis</span> <span class='ocrx_word' id='word_1_301' title='bbox 2018 958 2118 997; x_wconf 91' lang='lat' dir='ltr'>ipsius</span> <span class='ocrx_word' id='word_1_302' title='bbox 2134 957 2367 989; x_wconf 87' lang='lat' dir='ltr'>benedictionis</span> <span class='ocrx_word' id='word_1_303' title='bbox 2382 957 2469 990; x_wconf 89' lang='lat' dir='ltr'>idem</span> <span class='ocrx_word' id='word_1_304' title='bbox 2484 964 2625 999; x_wconf 86' lang='lat' dir='ltr'>apparet.</span> 
     </span>
     <span class='ocr_line' id='line_1_47' title="bbox 1561 1000 2626 1038; baseline 0.004 -8"><span class='ocrx_word' id='word_1_305' title='bbox 1561 1000 1726 1038; x_wconf 88' lang='lat' dir='ltr'>Quoniam</span> <span class='ocrx_word' id='word_1_306' title='bbox 1749 1000 1789 1031; x_wconf 93' lang='lat' dir='ltr'>ad</span> <span class='ocrx_word' id='word_1_307' title='bbox 1812 1001 1877 1031; x_wconf 92' lang='lat' dir='ltr'>duo</span> <span class='ocrx_word' id='word_1_308' title='bbox 1902 1001 2078 1032; x_wconf 90' lang='lat' dir='ltr'>ordinatur:</span> <span class='ocrx_word' id='word_1_309' title='bbox 2110 1002 2231 1032; x_wconf 91' lang='lat' dir='ltr'>scilicet</span> <span class='ocrx_word' id='word_1_310' title='bbox 2254 1002 2294 1032; x_wconf 93' lang='lat' dir='ltr'>ad</span> <span class='ocrx_word' id='word_1_311' title='bbox 2317 1002 2496 1033; x_wconf 90' lang='lat' dir='ltr'>solemnem</span> <span class='ocrx_word' id='word_1_312' title='bbox 2519 1002 2626 1034; x_wconf 86' lang='lat' dir='ltr'>tradu-</span> 
     </span>
     <span class='ocr_line' id='line_1_48' title="bbox 1560 1045 2626 1086; baseline 0.003 -11"><span class='ocrx_word' id='word_1_313' title='bbox 1560 1045 1702 1075; x_wconf 78' lang='lat' dir='ltr'>ctionem</span> <span class='ocrx_word' id='word_1_314' title='bbox 1725 1046 1842 1081; x_wconf 89' lang='lat' dir='ltr'>uxoris,</span> <span class='ocrx_word' id='word_1_315' title='bbox 1860 1055 1959 1085; x_wconf 90' lang='lat' dir='ltr'>quam</span> <span class='ocrx_word' id='word_1_316' title='bbox 1982 1051 2107 1077; x_wconf 87' lang='lat' dir='ltr'>constat</span> <span class='ocrx_word' id='word_1_317' title='bbox 2122 1052 2292 1086; x_wconf 88' lang='lat' dir='ltr'>propterea</span> <span class='ocrx_word' id='word_1_318' title='bbox 2309 1056 2378 1078; x_wconf 92' lang='lat' dir='ltr'>non</span> <span class='ocrx_word' id='word_1_319' title='bbox 2393 1048 2514 1084; x_wconf 86' lang='lat' dir='ltr'>omitti;</span> <span class='ocrx_word' id='word_1_320' title='bbox 2539 1053 2571 1078; x_wconf 91' lang='lat' dir='ltr'>et</span> <span class='ocrx_word' id='word_1_321' title='bbox 2586 1045 2626 1077; x_wconf 91' lang='lat' dir='ltr'>ad</span> 
     </span>
     <span class='ocr_line' id='line_1_49' title="bbox 1559 1088 2624 1132; baseline 0.005 -14"><span class='ocrx_word' id='word_1_322' title='bbox 1559 1088 1699 1119; x_wconf 82' lang='lat' dir='ltr'>divinam</span> <span class='ocrx_word' id='word_1_323' title='bbox 1731 1088 1940 1120; x_wconf 88' lang='lat' dir='ltr'>obtinendam</span> <span class='ocrx_word' id='word_1_324' title='bbox 1971 1089 2230 1121; x_wconf 87' lang='lat' dir='ltr'>benedictionem</span> <span class='ocrx_word' id='word_1_325' title='bbox 2259 1091 2405 1131; x_wconf 89' lang='lat' dir='ltr'>ipsorum</span> <span class='ocrx_word' id='word_1_326' title='bbox 2428 1092 2624 1132; x_wconf 88' lang='lat' dir='ltr'>coniugum,</span> 
     </span>
     <span class='ocr_line' id='line_1_50' title="bbox 1560 1133 2043 1172; baseline 0.002 -10"><span class='ocrx_word' id='word_1_327' title='bbox 1560 1141 1643 1172; x_wconf 88' lang='lat' dir='ltr'>quae</span> <span class='ocrx_word' id='word_1_328' title='bbox 1667 1133 1762 1163; x_wconf 92' lang='lat' dir='ltr'>etiam</span> <span class='ocrx_word' id='word_1_329' title='bbox 1785 1142 1853 1163; x_wconf 91' lang='lat' dir='ltr'>non</span> <span class='ocrx_word' id='word_1_330' title='bbox 1876 1133 2043 1164; x_wconf 89' lang='lat' dir='ltr'>omittitur.</span> 
     </span>
    </p>

    <p class='ocr_par' dir='ltr' id='par_1_19' title="bbox 1557 1176 2627 1482">
     <span class='ocr_line' id='line_1_51' title="bbox 1614 1176 2626 1216; baseline 0.005 -10"><span class='ocrx_word' id='word_1_331' title='bbox 1614 1176 1666 1206; x_wconf 86' lang='lat'>111.</span> <span class='ocrx_word' id='word_1_332' title='bbox 1690 1177 1738 1206; x_wconf 86' lang='lat' dir='ltr'>Ex</span> <span class='ocrx_word' id='word_1_333' title='bbox 1755 1177 1872 1216; x_wconf 90' lang='lat' dir='ltr'>quibus</span> <span class='ocrx_word' id='word_1_334' title='bbox 1887 1177 2039 1207; x_wconf 90' lang='lat' dir='ltr'>omnibus</span> <span class='ocrx_word' id='word_1_335' title='bbox 2054 1182 2162 1216; x_wconf 89' lang='lat' dir='ltr'>potest</span> <span class='ocrx_word' id='word_1_336' title='bbox 2176 1177 2308 1209; x_wconf 85' lang='lat' dir='ltr'>formari</span> <span class='ocrx_word' id='word_1_337' title='bbox 2323 1179 2393 1210; x_wconf 88' lang='lat' dir='ltr'>talis</span> <span class='ocrx_word' id='word_1_338' title='bbox 2408 1180 2500 1210; x_wconf 86' lang='lat' dir='ltr'>ratio.</span> <span class='ocrx_word' id='word_1_339' title='bbox 2523 1180 2626 1211; x_wconf 87' lang='lat' dir='ltr'>Actus</span> 
     </span>
     <span class='ocr_line' id='line_1_52' title="bbox 1560 1219 2627 1259; baseline 0.006 -10"><span class='ocrx_word' id='word_1_340' title='bbox 1560 1220 1703 1259; x_wconf 84' lang='lat' dir='ltr'>coniugii</span> <span class='ocrx_word' id='word_1_341' title='bbox 1722 1225 1796 1250; x_wconf 85' lang='lat' dir='ltr'>ante</span> <span class='ocrx_word' id='word_1_342' title='bbox 1811 1219 2080 1256; x_wconf 90' lang='lat' dir='ltr'>benedictionem,</span> <span class='ocrx_word' id='word_1_343' title='bbox 2098 1227 2170 1257; x_wconf 67' lang='lat' dir='ltr'>etc„</span> <span class='ocrx_word' id='word_1_344' title='bbox 2193 1231 2269 1252; x_wconf 92' lang='lat' dir='ltr'>cum</span> <span class='ocrx_word' id='word_1_345' title='bbox 2284 1232 2353 1253; x_wconf 91' lang='lat' dir='ltr'>non</span> <span class='ocrx_word' id='word_1_346' title='bbox 2368 1223 2408 1253; x_wconf 87' lang='lat' dir='ltr'>sit</span> <span class='ocrx_word' id='word_1_347' title='bbox 2422 1223 2550 1254; x_wconf 90' lang='lat' dir='ltr'>illicitus</span> <span class='ocrx_word' id='word_1_348' title='bbox 2565 1225 2627 1256; x_wconf 85' lang='lat' dir='ltr'>nisi</span> 
     </span>
     <span class='ocr_line' id='line_1_53' title="bbox 1559 1263 2626 1307; baseline 0.005 -14"><span class='ocrx_word' id='word_1_349' title='bbox 1559 1264 1635 1303; x_wconf 91' lang='lat' dir='ltr'>quia</span> <span class='ocrx_word' id='word_1_350' title='bbox 1657 1264 1822 1303; x_wconf 86' lang='lat' dir='ltr'>praevenit</span> <span class='ocrx_word' id='word_1_351' title='bbox 1844 1263 2104 1294; x_wconf 88' lang='lat' dir='ltr'>benedictionem</span> <span class='ocrx_word' id='word_1_352' title='bbox 2127 1270 2201 1295; x_wconf 89' lang='lat' dir='ltr'>ante</span> <span class='ocrx_word' id='word_1_353' title='bbox 2224 1265 2374 1302; x_wconf 86' lang='lat' dir='ltr'>debitam,</span> <span class='ocrx_word' id='word_1_354' title='bbox 2397 1276 2467 1297; x_wconf 87' lang='lat' dir='ltr'>non</span> <span class='ocrx_word' id='word_1_355' title='bbox 2481 1267 2554 1307; x_wconf 85' lang='lat' dir='ltr'>plus</span> <span class='ocrx_word' id='word_1_356' title='bbox 2570 1268 2626 1298; x_wconf 89' lang='lat' dir='ltr'>ha-</span> 
     </span>
     <span class='ocr_line' id='line_1_54' title="bbox 1557 1308 2626 1350; baseline 0.005 -12"><span class='ocrx_word' id='word_1_357' title='bbox 1557 1308 1611 1338; x_wconf 92' lang='lat' dir='ltr'>bet</span> <span class='ocrx_word' id='word_1_358' title='bbox 1633 1308 1735 1338; x_wconf 89' lang='lat' dir='ltr'>illiciti</span> <span class='ocrx_word' id='word_1_359' title='bbox 1758 1317 1856 1347; x_wconf 85' lang='lat' dir='ltr'>quam</span> <span class='ocrx_word' id='word_1_360' title='bbox 1880 1317 1919 1350; x_wconf 85' lang='lat' dir='ltr'>ex</span> <span class='ocrx_word' id='word_1_361' title='bbox 1940 1308 2056 1339; x_wconf 86' lang='lat' dir='ltr'>iniuria</span> <span class='ocrx_word' id='word_1_362' title='bbox 2078 1308 2129 1339; x_wconf 88' lang='lat' dir='ltr'>vel</span> <span class='ocrx_word' id='word_1_363' title='bbox 2152 1308 2230 1349; x_wconf 84' lang='lat' dir='ltr'>legis</span> <span class='ocrx_word' id='word_1_364' title='bbox 2246 1319 2303 1340; x_wconf 92' lang='lat' dir='ltr'>seu</span> <span class='ocrx_word' id='word_1_365' title='bbox 2319 1310 2562 1342; x_wconf 81' lang='lat' dir='ltr'>consuetudinis</span> <span class='ocrx_word' id='word_1_366' title='bbox 2576 1312 2626 1342; x_wconf 86' lang='lat' dir='ltr'>in-</span> 
     </span>
     <span class='ocr_line' id='line_1_55' title="bbox 1558 1351 2626 1392; baseline 0.005 -10"><span class='ocrx_word' id='word_1_367' title='bbox 1558 1352 1705 1388; x_wconf 90' lang='lat' dir='ltr'>hibentis,</span> <span class='ocrx_word' id='word_1_368' title='bbox 1736 1352 1788 1382; x_wconf 89' lang='lat' dir='ltr'>vel</span> <span class='ocrx_word' id='word_1_369' title='bbox 1815 1351 2047 1383; x_wconf 90' lang='lat' dir='ltr'>benedictionis</span> <span class='ocrx_word' id='word_1_370' title='bbox 2074 1353 2174 1392; x_wconf 90' lang='lat' dir='ltr'>ipsius</span> <span class='ocrx_word' id='word_1_371' title='bbox 2203 1363 2260 1384; x_wconf 90' lang='lat' dir='ltr'>seu</span> <span class='ocrx_word' id='word_1_372' title='bbox 2291 1354 2360 1385; x_wconf 84' lang='lat' dir='ltr'>eius</span> <span class='ocrx_word' id='word_1_373' title='bbox 2382 1354 2470 1391; x_wconf 89' lang='lat' dir='ltr'>finis,</span> <span class='ocrx_word' id='word_1_374' title='bbox 2501 1361 2626 1387; x_wconf 85' lang='lat' dir='ltr'>contra-</span> 
     </span>
     <span class='ocr_line' id='line_1_56' title="bbox 1558 1395 2626 1439; baseline 0.005 -13"><span class='ocrx_word' id='word_1_375' title='bbox 1558 1396 1622 1427; x_wconf 91' lang='lat' dir='ltr'>hat.</span> <span class='ocrx_word' id='word_1_376' title='bbox 1647 1395 1710 1427; x_wconf 87' lang='lat' dir='ltr'>Sed</span> <span class='ocrx_word' id='word_1_377' title='bbox 1733 1405 1771 1426; x_wconf 88' lang='lat' dir='ltr'>ex</span> <span class='ocrx_word' id='word_1_378' title='bbox 1794 1396 1885 1427; x_wconf 90' lang='lat' dir='ltr'>nullo</span> <span class='ocrx_word' id='word_1_379' title='bbox 1908 1396 2027 1427; x_wconf 90' lang='lat' dir='ltr'>horum</span> <span class='ocrx_word' id='word_1_380' title='bbox 2049 1397 2208 1428; x_wconf 80' lang='lat' dir='ltr'>contrahit</span> <span class='ocrx_word' id='word_1_381' title='bbox 2227 1399 2385 1429; x_wconf 79' lang='lat' dir='ltr'>rationem</span> <span class='ocrx_word' id='word_1_382' title='bbox 2400 1399 2524 1439; x_wconf 87' lang='lat' dir='ltr'>peccati</span> <span class='ocrx_word' id='word_1_383' title='bbox 2538 1409 2626 1431; x_wconf 89' lang='lat' dir='ltr'>mor-</span> 
     </span>
     <span class='ocr_line' id='line_1_57' title="bbox 1558 1439 2626 1482; baseline 0.005 -11"><span class='ocrx_word' id='word_1_384' title='bbox 1558 1441 1638 1477; x_wconf 91' lang='lat' dir='ltr'>talis,</span> <span class='ocrx_word' id='word_1_385' title='bbox 1662 1446 1698 1471; x_wconf 86' lang='lat' dir='ltr'>ut</span> <span class='ocrx_word' id='word_1_386' title='bbox 1722 1439 1918 1471; x_wconf 89' lang='lat' dir='ltr'>declaratum</span> <span class='ocrx_word' id='word_1_387' title='bbox 1942 1446 1998 1471; x_wconf 89' lang='lat' dir='ltr'>est.</span> <span class='ocrx_word' id='word_1_388' title='bbox 2023 1440 2109 1481; x_wconf 87' lang='lat' dir='ltr'>Ergo</span> <span class='ocrx_word' id='word_1_389' title='bbox 2132 1451 2201 1472; x_wconf 91' lang='lat' dir='ltr'>non</span> <span class='ocrx_word' id='word_1_390' title='bbox 2225 1447 2272 1473; x_wconf 90' lang='lat' dir='ltr'>est</span> <span class='ocrx_word' id='word_1_391' title='bbox 2293 1448 2464 1482; x_wconf 82' lang='lat' dir='ltr'>peccatum</span> <span class='ocrx_word' id='word_1_392' title='bbox 2479 1444 2626 1476; x_wconf 80' lang='lat' dir='ltr'>mortale.</span> 
     </span>
    </p>

    <p class='ocr_par' dir='ltr' id='par_1_20' title="bbox 1557 1485 2627 1703">
     <span class='ocr_line' id='line_1_58' title="bbox 1613 1485 2627 1525; baseline 0.004 -9"><span class='ocrx_word' id='word_1_393' title='bbox 1613 1486 1643 1516; x_wconf 93' lang='lat' dir='ltr'>A</span> <span class='ocrx_word' id='word_1_394' title='bbox 1664 1485 1781 1516; x_wconf 90' lang='lat' dir='ltr'>veniali</span> <span class='ocrx_word' id='word_1_395' title='bbox 1804 1490 1913 1516; x_wconf 85' lang='lat' dir='ltr'>autem</span> <span class='ocrx_word' id='word_1_396' title='bbox 1935 1490 2070 1525; x_wconf 88' lang='lat' dir='ltr'>peccato</span> <span class='ocrx_word' id='word_1_397' title='bbox 2093 1495 2163 1517; x_wconf 88' lang='lat' dir='ltr'>non</span> <span class='ocrx_word' id='word_1_398' title='bbox 2177 1487 2321 1517; x_wconf 86' lang='lat' dir='ltr'>excusari</span> <span class='ocrx_word' id='word_1_399' title='bbox 2335 1488 2530 1519; x_wconf 83' lang='lat' dir='ltr'>matrimonii</span> <span class='ocrx_word' id='word_1_400' title='bbox 2547 1497 2627 1520; x_wconf 88' lang='lat' dir='ltr'>con-</span> 
     </span>
     <span class='ocr_line' id='line_1_59' title="bbox 1558 1530 2626 1571; baseline 0.004 -11"><span class='ocrx_word' id='word_1_401' title='bbox 1558 1530 1817 1565; x_wconf 89' lang='lat' dir='ltr'>summationem,</span> <span class='ocrx_word' id='word_1_402' title='bbox 1835 1539 1874 1560; x_wconf 90' lang='lat' dir='ltr'>ex</span> <span class='ocrx_word' id='word_1_403' title='bbox 1888 1535 1977 1570; x_wconf 86' lang='lat' dir='ltr'>parte</span> <span class='ocrx_word' id='word_1_404' title='bbox 1993 1534 2059 1560; x_wconf 85' lang='lat' dir='ltr'>tam</span> <span class='ocrx_word' id='word_1_405' title='bbox 2073 1531 2211 1570; x_wconf 89' lang='lat' dir='ltr'>petentis</span> <span class='ocrx_word' id='word_1_406' title='bbox 2227 1540 2326 1571; x_wconf 84' lang='lat' dir='ltr'>quam</span> <span class='ocrx_word' id='word_1_407' title='bbox 2340 1531 2510 1568; x_wconf 83' lang='lat' dir='ltr'>reddentis,</span> <span class='ocrx_word' id='word_1_408' title='bbox 2529 1542 2569 1564; x_wconf 90' lang='lat' dir='ltr'>ex</span> <span class='ocrx_word' id='word_1_409' title='bbox 2585 1541 2626 1564; x_wconf 89' lang='lat' dir='ltr'>eo</span> 
     </span>
     <span class='ocr_line' id='line_1_60' title="bbox 1557 1573 2626 1615; baseline 0.004 -10"><span class='ocrx_word' id='word_1_410' title='bbox 1557 1579 1645 1615; x_wconf 86' lang='lat' dir='ltr'>patet</span> <span class='ocrx_word' id='word_1_411' title='bbox 1668 1573 1759 1614; x_wconf 92' lang='lat' dir='ltr'>quod</span> <span class='ocrx_word' id='word_1_412' title='bbox 1781 1573 1862 1604; x_wconf 92' lang='lat' dir='ltr'>ordo</span> <span class='ocrx_word' id='word_1_413' title='bbox 1886 1574 1955 1614; x_wconf 90' lang='lat' dir='ltr'>ipse</span> <span class='ocrx_word' id='word_1_414' title='bbox 1978 1579 2114 1605; x_wconf 87' lang='lat' dir='ltr'>statutus</span> <span class='ocrx_word' id='word_1_415' title='bbox 2136 1575 2207 1615; x_wconf 86' lang='lat' dir='ltr'>lege</span> <span class='ocrx_word' id='word_1_416' title='bbox 2229 1575 2282 1606; x_wconf 89' lang='lat' dir='ltr'>vel</span> <span class='ocrx_word' id='word_1_417' title='bbox 2300 1576 2535 1608; x_wconf 81' lang='lat' dir='ltr'>consuetudine</span> <span class='ocrx_word' id='word_1_418' title='bbox 2557 1586 2626 1609; x_wconf 86' lang='lat' dir='ltr'>non</span> 
     </span>
     <span class='ocr_line' id='line_1_61' title="bbox 1557 1617 2626 1661; baseline 0.002 -11"><span class='ocrx_word' id='word_1_419' title='bbox 1557 1624 1708 1655; x_wconf 87' lang='lat' dir='ltr'>servatur,</span> <span class='ocrx_word' id='word_1_420' title='bbox 1733 1617 1811 1650; x_wconf 92' lang='lat' dir='ltr'>dum</span> <span class='ocrx_word' id='word_1_421' title='bbox 1834 1623 1907 1649; x_wconf 87' lang='lat' dir='ltr'>ante</span> <span class='ocrx_word' id='word_1_422' title='bbox 1931 1617 2191 1650; x_wconf 87' lang='lat' dir='ltr'>benedictionem</span> <span class='ocrx_word' id='word_1_423' title='bbox 2217 1619 2254 1650; x_wconf 91' lang='lat' dir='ltr'>fit</span> <span class='ocrx_word' id='word_1_424' title='bbox 2285 1619 2375 1660; x_wconf 91' lang='lat' dir='ltr'>quod</span> <span class='ocrx_word' id='word_1_425' title='bbox 2397 1625 2472 1661; x_wconf 89' lang='lat' dir='ltr'>post</span> <span class='ocrx_word' id='word_1_426' title='bbox 2494 1621 2626 1653; x_wconf 88' lang='lat' dir='ltr'>benedi-</span> 
     </span>
     <span class='ocr_line' id='line_1_62' title="bbox 1558 1662 2591 1703; baseline 0.001 -8"><span class='ocrx_word' id='word_1_427' title='bbox 1558 1664 1700 1695; x_wconf 88' lang='lat' dir='ltr'>ctionem</span> <span class='ocrx_word' id='word_1_428' title='bbox 1724 1662 1886 1703; x_wconf 89' lang='lat' dir='ltr'>agendum</span> <span class='ocrx_word' id='word_1_429' title='bbox 1909 1668 1984 1694; x_wconf 87' lang='lat' dir='ltr'>erat.</span> <span class='ocrx_word' id='word_1_430' title='bbox 2280 1696 2284 1699; x_wconf 30' lang='lat'><strong>⁴</strong></span> <span class='ocrx_word' id='word_1_431' title='bbox 2588 1693 2591 1696; x_wconf 84' lang='lat'>.</span> 
     </span>
    </p>

    <p class='ocr_par' dir='ltr' id='par_1_21' title="bbox 1556 1706 2627 1972">
     <span class='ocr_line' id='line_1_63' title="bbox 1612 1706 2627 1751; baseline 0.004 -13"><span class='ocrx_word' id='word_1_432' title='bbox 1612 1708 1665 1739; x_wconf 87' lang='lat' dir='ltr'>lv.</span> <span class='ocrx_word' id='word_1_433' title='bbox 1681 1706 1733 1738; x_wconf 92' lang='lat' dir='ltr'>Ad</span> <span class='ocrx_word' id='word_1_434' title='bbox 1748 1708 1890 1748; x_wconf 85' lang='lat' dir='ltr'>primurn</span> <span class='ocrx_word' id='word_1_435' title='bbox 1905 1712 2013 1739; x_wconf 89' lang='lat' dir='ltr'>autem</span> <span class='ocrx_word' id='word_1_436' title='bbox 2028 1708 2062 1738; x_wconf 89' lang='lat' dir='ltr'>in</span> <span class='ocrx_word' id='word_1_437' title='bbox 2078 1708 2267 1748; x_wconf 87' lang='lat' dir='ltr'>oppositum</span> <span class='ocrx_word' id='word_1_438' title='bbox 2281 1709 2298 1726; x_wconf 51' lang='grc' dir='ltr'><strong><em>ὓ</em></strong></span> <span class='ocrx_word' id='word_1_439' title='bbox 2317 1708 2433 1740; x_wconf 86' lang='lat' dir='ltr'>dicitur</span> <span class='ocrx_word' id='word_1_440' title='bbox 2448 1709 2539 1751; x_wconf 92' lang='lat' dir='ltr'>quod</span> <span class='ocrx_word' id='word_1_441' title='bbox 2561 1711 2627 1742; x_wconf 86' lang='lat' dir='ltr'>hoe</span> 
     </span>
     <span class='ocr_line' id='line_1_64' title="bbox 1557 1751 2626 1792; baseline 0.003 -9"><span class='ocrx_word' id='word_1_442' title='bbox 1557 1757 1783 1792; x_wconf 87' lang='lat' dir='ltr'>argumentum</span> <span class='ocrx_word' id='word_1_443' title='bbox 1806 1751 1886 1782; x_wconf 91' lang='lat' dir='ltr'>nihil</span> <span class='ocrx_word' id='word_1_444' title='bbox 1908 1751 2007 1782; x_wconf 91' lang='lat' dir='ltr'>valet:</span> <span class='ocrx_word' id='word_1_445' title='bbox 2032 1751 2195 1783; x_wconf 81' lang='lat' dir='ltr'>statutum</span> <span class='ocrx_word' id='word_1_446' title='bbox 2217 1762 2273 1784; x_wconf 82' lang='lat' dir='ltr'>seu</span> <span class='ocrx_word' id='word_1_447' title='bbox 2297 1754 2496 1786; x_wconf 79' lang='lat' dir='ltr'>consuetudo</span> <span class='ocrx_word' id='word_1_448' title='bbox 2511 1754 2626 1786; x_wconf 73' lang='lat' dir='ltr'>Eccle-</span> 
     </span>
     <span class='ocr_line' id='line_1_65' title="bbox 1556 1796 2627 1838; baseline 0.003 -10"><span class='ocrx_word' id='word_1_449' title='bbox 1556 1797 1625 1828; x_wconf 78' lang='lat' dir='ltr'>siae</span> <span class='ocrx_word' id='word_1_450' title='bbox 1643 1806 1708 1827; x_wconf 86' lang='lat' dir='ltr'>non</span> <span class='ocrx_word' id='word_1_451' title='bbox 1724 1801 1884 1832; x_wconf 78' lang='lat' dir='ltr'>servatur,</span> <span class='ocrx_word' id='word_1_452' title='bbox 1908 1796 2002 1838; x_wconf 83' lang='lat' dir='ltr'>Ergo</span> <span class='ocrx_word' id='word_1_453' title='bbox 2027 1801 2074 1828; x_wconf 80' lang='lat' dir='ltr'>est</span> <span class='ocrx_word' id='word_1_454' title='bbox 2089 1802 2260 1837; x_wconf 77' lang='lat' dir='ltr'>peccatum</span> <span class='ocrx_word' id='word_1_455' title='bbox 2275 1798 2423 1829; x_wconf 82' lang='lat' dir='ltr'>mortale.</span> <span class='ocrx_word' id='word_1_456' title='bbox 2446 1799 2523 1830; x_wconf 79' lang='lat' dir='ltr'>Plus</span> <span class='ocrx_word' id='word_1_457' title='bbox 2538 1799 2627 1831; x_wconf 87' lang='lat' dir='ltr'>enim</span> 
     </span>
     <span class='ocr_line' id='line_1_66' title="bbox 1557 1839 2626 1882; baseline 0.003 -10"><span class='ocrx_word' id='word_1_458' title='bbox 1557 1842 1692 1882; x_wconf 85' lang='lat' dir='ltr'>exigitur</span> <span class='ocrx_word' id='word_1_459' title='bbox 1723 1840 1763 1872; x_wconf 85' lang='lat' dir='ltr'>ad</span> <span class='ocrx_word' id='word_1_460' title='bbox 1785 1839 1987 1881; x_wconf 84' lang='lat' dir='ltr'>peccandum</span> <span class='ocrx_word' id='word_1_461' title='bbox 2009 1841 2185 1872; x_wconf 79' lang='lat' dir='ltr'>mortaliter</span> <span class='ocrx_word' id='word_1_462' title='bbox 2207 1851 2306 1882; x_wconf 86' lang='lat' dir='ltr'>quam</span> <span class='ocrx_word' id='word_1_463' title='bbox 2328 1842 2448 1874; x_wconf 89' lang='lat' dir='ltr'>violare</span> <span class='ocrx_word' id='word_1_464' title='bbox 2470 1848 2626 1875; x_wconf 71' lang='lat' dir='ltr'>stanuum</span> 
     </span>
     <span class='ocr_line' id='line_1_67' title="bbox 1557 1884 2626 1926; baseline 0.003 -10"><span class='ocrx_word' id='word_1_465' title='bbox 1557 1896 1615 1917; x_wconf 91' lang='lat' dir='ltr'>seu</span> <span class='ocrx_word' id='word_1_466' title='bbox 1648 1884 1917 1917; x_wconf 87' lang='lat' dir='ltr'>consuetudinem</span> <span class='ocrx_word' id='word_1_467' title='bbox 1945 1885 2123 1916; x_wconf 85' lang='lat' dir='ltr'>Ecclesiae:</span> <span class='ocrx_word' id='word_1_468' title='bbox 2159 1886 2316 1926; x_wconf 89' lang='lat' dir='ltr'>quoniam</span> <span class='ocrx_word' id='word_1_469' title='bbox 2345 1896 2407 1918; x_wconf 87' lang='lat' dir='ltr'>nec</span> <span class='ocrx_word' id='word_1_470' title='bbox 2436 1897 2535 1919; x_wconf 86' lang='lat' dir='ltr'>omne</span> <span class='ocrx_word' id='word_1_471' title='bbox 2564 1893 2626 1919; x_wconf 80' lang='lat' dir='ltr'>sta-</span> 
     </span>
     <span class='ocr_line' id='line_1_68' title="bbox 1556 1929 2626 1972; baseline 0.003 -11"><span class='ocrx_word' id='word_1_472' title='bbox 1556 1936 1664 1962; x_wconf 86' lang='lat' dir='ltr'>tutum</span> <span class='ocrx_word' id='word_1_473' title='bbox 1686 1939 1747 1961; x_wconf 91' lang='lat' dir='ltr'>nec</span> <span class='ocrx_word' id='word_1_474' title='bbox 1766 1930 1872 1960; x_wconf 84' lang='lat' dir='ltr'>omnis</span> <span class='ocrx_word' id='word_1_475' title='bbox 1888 1929 2091 1961; x_wconf 90' lang='lat' dir='ltr'>consuetudo</span> <span class='ocrx_word' id='word_1_476' title='bbox 2107 1929 2270 1962; x_wconf 86' lang='lat' dir='ltr'>Ecclesiae</span> <span class='ocrx_word' id='word_1_477' title='bbox 2286 1930 2407 1972; x_wconf 81' lang='lat' dir='ltr'>obligat</span> <span class='ocrx_word' id='word_1_478' title='bbox 2424 1931 2465 1963; x_wconf 84' lang='lat' dir='ltr'>ad</span> <span class='ocrx_word' id='word_1_479' title='bbox 2479 1932 2626 1964; x_wconf 71' lang='lat' dir='ltr'>mortale.</span> 
     </span>
    </p>

    <p class='ocr_par' dir='ltr' id='par_1_22' title="bbox 1556 1973 2667 2281">
     <span class='ocr_line' id='line_1_69' title="bbox 1614 1973 2626 2015; baseline 0.004 -11"><span class='ocrx_word' id='word_1_480' title='bbox 1614 1973 1666 2005; x_wconf 93' lang='lat' dir='ltr'>Ad</span> <span class='ocrx_word' id='word_1_481' title='bbox 1689 1973 1869 2005; x_wconf 89' lang='lat' dir='ltr'>secundum</span> <span class='ocrx_word' id='word_1_482' title='bbox 1892 1973 2008 2004; x_wconf 90' lang='lat' dir='ltr'>dicitur</span> <span class='ocrx_word' id='word_1_483' title='bbox 2030 1973 2146 2004; x_wconf 89' lang='lat' dir='ltr'>falsum</span> <span class='ocrx_word' id='word_1_484' title='bbox 2170 1984 2238 2006; x_wconf 88' lang='lat' dir='ltr'>esse</span> <span class='ocrx_word' id='word_1_485' title='bbox 2263 1974 2362 2015; x_wconf 90' lang='lat' dir='ltr'>quod,</span> <span class='ocrx_word' id='word_1_486' title='bbox 2386 1976 2444 2007; x_wconf 91' lang='lat' dir='ltr'>ubi</span> <span class='ocrx_word' id='word_1_487' title='bbox 2466 1975 2555 2007; x_wconf 82' lang='lat' dir='ltr'>deest</span> <span class='ocrx_word' id='word_1_488' title='bbox 2576 1986 2626 2008; x_wconf 80' lang='lat' dir='ltr'>ra-</span> 
     </span>
     <span class='ocr_line' id='line_1_70' title="bbox 1556 2018 2626 2052; baseline 0.002 -2"><span class='ocrx_word' id='word_1_489' title='bbox 1556 2019 1718 2051; x_wconf 86' lang='lat' dir='ltr'>tionabilis</span> <span class='ocrx_word' id='word_1_490' title='bbox 1742 2028 1837 2050; x_wconf 89' lang='lat' dir='ltr'>causa</span> <span class='ocrx_word' id='word_1_491' title='bbox 1852 2018 1996 2050; x_wconf 86' lang='lat' dir='ltr'>violandi</span> <span class='ocrx_word' id='word_1_492' title='bbox 2010 2028 2068 2050; x_wconf 90' lang='lat' dir='ltr'>seu</span> <span class='ocrx_word' id='word_1_493' title='bbox 2082 2028 2151 2049; x_wconf 91' lang='lat' dir='ltr'>non</span> <span class='ocrx_word' id='word_1_494' title='bbox 2166 2019 2312 2050; x_wconf 81' lang='lat' dir='ltr'>servandi</span> <span class='ocrx_word' id='word_1_495' title='bbox 2329 2025 2484 2051; x_wconf 77' lang='lat' dir='ltr'>stamtum</span> <span class='ocrx_word' id='word_1_496' title='bbox 2500 2026 2532 2051; x_wconf 90' lang='lat' dir='ltr'>et</span> <span class='ocrx_word' id='word_1_497' title='bbox 2547 2029 2626 2052; x_wconf 89' lang='lat' dir='ltr'>con-</span> 
     </span>
     <span class='ocr_line' id='line_1_71' title="bbox 1557 2063 2627 2106; baseline 0.002 -11"><span class='ocrx_word' id='word_1_498' title='bbox 1557 2063 1763 2095; x_wconf 88' lang='lat' dir='ltr'>suetudinem</span> <span class='ocrx_word' id='word_1_499' title='bbox 1785 2063 1958 2099; x_wconf 85' lang='lat' dir='ltr'>Ecclesiae,</span> <span class='ocrx_word' id='word_1_500' title='bbox 1974 2063 2019 2094; x_wconf 88' lang='lat' dir='ltr'>ibi</span> <span class='ocrx_word' id='word_1_501' title='bbox 2035 2067 2082 2094; x_wconf 90' lang='lat' dir='ltr'>est</span> <span class='ocrx_word' id='word_1_502' title='bbox 2098 2068 2320 2104; x_wconf 87' lang='lat' dir='ltr'>contemptus:</span> <span class='ocrx_word' id='word_1_503' title='bbox 2345 2069 2406 2095; x_wconf 83' lang='lat' dir='ltr'>stat</span> <span class='ocrx_word' id='word_1_504' title='bbox 2428 2065 2515 2096; x_wconf 86' lang='lat' dir='ltr'>enim</span> <span class='ocrx_word' id='word_1_505' title='bbox 2535 2065 2627 2106; x_wconf 85' lang='lat' dir='ltr'>quod</span> 
     </span>
     <span class='ocr_line' id='line_1_72' title="bbox 1557 2107 2667 2150; baseline 0.001 -10"><span class='ocrx_word' id='word_1_506' title='bbox 1557 2118 1596 2140; x_wconf 85' lang='lat' dir='ltr'>ex</span> <span class='ocrx_word' id='word_1_507' title='bbox 1618 2107 1801 2140; x_wconf 86' lang='lat' dir='ltr'>infirmitate</span> <span class='ocrx_word' id='word_1_508' title='bbox 1823 2117 1880 2138; x_wconf 87' lang='lat' dir='ltr'>seu</span> <span class='ocrx_word' id='word_1_509' title='bbox 1904 2108 2166 2148; x_wconf 90' lang='lat' dir='ltr'>concupiscentia</span> <span class='ocrx_word' id='word_1_510' title='bbox 2187 2108 2305 2139; x_wconf 82' lang='lat' dir='ltr'>veniali</span> <span class='ocrx_word' id='word_1_511' title='bbox 2331 2107 2387 2139; x_wconf 89' lang='lat' dir='ltr'>fiat</span> <span class='ocrx_word' id='word_1_512' title='bbox 2409 2110 2626 2150; x_wconf 75' lang='lat' dir='ltr'>transgressio.</span> <span class='ocrx_word' id='word_1_513' title='bbox 2665 2124 2667 2127; x_wconf 37' lang='lat' dir='ltr'>v</span> 
     </span>
     <span class='ocr_line' id='line_1_73' title="bbox 1556 2150 2624 2185; baseline 0.001 -1"><span class='ocrx_word' id='word_1_514' title='bbox 1556 2153 1598 2184; x_wconf 81' lang='lat' dir='ltr'>Et</span> <span class='ocrx_word' id='word_1_515' title='bbox 1620 2153 1666 2184; x_wconf 87' lang='lat' dir='ltr'>sic</span> <span class='ocrx_word' id='word_1_516' title='bbox 1689 2153 1905 2184; x_wconf 89' lang='lat' dir='ltr'>communiter</span> <span class='ocrx_word' id='word_1_517' title='bbox 1927 2150 2053 2183; x_wconf 89' lang='lat' dir='ltr'>videtur</span> <span class='ocrx_word' id='word_1_518' title='bbox 2075 2151 2219 2183; x_wconf 88' lang='lat' dir='ltr'>accidere</span> <span class='ocrx_word' id='word_1_519' title='bbox 2234 2153 2268 2183; x_wconf 91' lang='lat' dir='ltr'>in</span> <span class='ocrx_word' id='word_1_520' title='bbox 2283 2153 2471 2184; x_wconf 88' lang='lat' dir='ltr'>huiusmodi</span> <span class='ocrx_word' id='word_1_521' title='bbox 2489 2154 2624 2185; x_wconf 81' lang='lat' dir='ltr'>casibus.</span> 
     </span>
     <span class='ocr_line' id='line_1_74' title="bbox 1556 2197 2625 2239; baseline 0.002 -11"><span class='ocrx_word' id='word_1_522' title='bbox 1556 2198 1598 2228; x_wconf 92' lang='lat' dir='ltr'>Et</span> <span class='ocrx_word' id='word_1_523' title='bbox 1624 2202 1810 2238; x_wconf 87' lang='lat' dir='ltr'>propterea,</span> <span class='ocrx_word' id='word_1_524' title='bbox 1835 2197 1912 2237; x_wconf 87' lang='lat' dir='ltr'>quia</span> <span class='ocrx_word' id='word_1_525' title='bbox 1941 2197 2157 2228; x_wconf 86' lang='lat' dir='ltr'>communiter</span> <span class='ocrx_word' id='word_1_526' title='bbox 2187 2206 2226 2228; x_wconf 90' lang='lat' dir='ltr'>ex</span> <span class='ocrx_word' id='word_1_527' title='bbox 2255 2202 2446 2239; x_wconf 84' lang='lat' dir='ltr'>contemptu</span> <span class='ocrx_word' id='word_1_528' title='bbox 2474 2207 2544 2230; x_wconf 86' lang='lat' dir='ltr'>non</span> <span class='ocrx_word' id='word_1_529' title='bbox 2573 2197 2625 2236; x_wconf 82' lang='lat' dir='ltr'>fit,</span> 
     </span>
     <span class='ocr_line' id='line_1_75' title="bbox 1557 2241 2294 2281; baseline -0.003 -7"><span class='ocrx_word' id='word_1_530' title='bbox 1557 2242 1774 2274; x_wconf 87' lang='lat' dir='ltr'>communiter</span> <span class='ocrx_word' id='word_1_531' title='bbox 1795 2250 1863 2272; x_wconf 89' lang='lat' dir='ltr'>non</span> <span class='ocrx_word' id='word_1_532' title='bbox 1887 2246 1934 2272; x_wconf 85' lang='lat' dir='ltr'>est</span> <span class='ocrx_word' id='word_1_533' title='bbox 1956 2245 2126 2281; x_wconf 86' lang='lat' dir='ltr'>peccatum</span> <span class='ocrx_word' id='word_1_534' title='bbox 2148 2241 2294 2273; x_wconf 88' lang='lat' dir='ltr'>mortale.</span> 
     </span>
    </p>
   </div>
   <div class='ocr_carea' id='block_1_13' title="bbox 1502 2330 1661 2338">
    <p class='ocr_par' dir='ltr' id='par_1_23' title="bbox 1502 2330 1661 2338">
     <span class='ocr_line' id='line_1_76' title="bbox 1502 2330 1661 2338; baseline 0 1750"><span class='ocrx_word' id='word_1_535' title='bbox 1502 2330 1661 2338; x_wconf 95' lang='lat' dir='ltr'> </span> 
     </span>
    </p>
   </div>
   <div class='ocr_carea' id='block_1_14' title="bbox 845 2391 2220 2519">
    <p class='ocr_par' dir='ltr' id='par_1_24' title="bbox 845 2391 2220 2519">
     <span class='ocr_line' id='line_1_77' title="bbox 1191 2391 1872 2443; baseline -0.001 -8"><span class='ocrx_word' id='word_1_536' title='bbox 1191 2392 1526 2443; x_wconf 88' lang='lat' dir='ltr'>QUAESITUM</span> <span class='ocrx_word' id='word_1_537' title='bbox 1556 2391 1872 2435; x_wconf 89' lang='lat' dir='ltr'>SECUNDUM</span> 
     </span>
     <span class='ocr_line' id='line_1_78' title="bbox 845 2485 2220 2519; baseline -0.001 -1"><span class='ocrx_word' id='word_1_538' title='bbox 845 2488 904 2518; x_wconf 90' lang='lat' dir='ltr'>AN</span> <span class='ocrx_word' id='word_1_539' title='bbox 929 2486 1037 2519; x_wconf 80' lang='lat' dir='ltr'>usus</span> <span class='ocrx_word' id='word_1_540' title='bbox 1061 2486 1353 2518; x_wconf 84' lang='lat' dir='ltr'>CLANDESTINI</span> <span class='ocrx_word' id='word_1_541' title='bbox 1378 2486 1576 2518; x_wconf 86' lang='lat' dir='ltr'>CONIUGII</span> <span class='ocrx_word' id='word_1_542' title='bbox 1601 2485 1667 2517; x_wconf 80' lang='lat' dir='ltr'>slT</span> <span class='ocrx_word' id='word_1_543' title='bbox 1692 2485 1906 2517; x_wconf 84' lang='lat' dir='ltr'>1LLICITUS</span> <span class='ocrx_word' id='word_1_544' title='bbox 1930 2485 2220 2516; x_wconf 83' lang='lat' dir='ltr'>MORTALITER</span> 
     </span>
    </p>
   </div>
   <div class='ocr_carea' id='block_1_15' title="bbox 436 2584 1500 3553">
    <p class='ocr_par' dir='ltr' id='par_1_25' title="bbox 436 2584 1500 2937">
     <span class='ocr_line' id='line_1_79' title="bbox 478 2584 1499 2626; baseline -0.003 -9"><span class='ocrx_word' id='word_1_545' title='bbox 478 2596 601 2617; x_wconf 78' lang='lat' dir='ltr'>ECUNDO</span> <span class='ocrx_word' id='word_1_546' title='bbox 633 2587 794 2626; x_wconf 88' lang='lat' dir='ltr'>quaeritur</span> <span class='ocrx_word' id='word_1_547' title='bbox 823 2595 863 2616; x_wconf 88' lang='lat' dir='ltr'>an</span> <span class='ocrx_word' id='word_1_548' title='bbox 886 2595 964 2616; x_wconf 88' lang='lat' dir='ltr'>usus</span> <span class='ocrx_word' id='word_1_549' title='bbox 992 2584 1179 2616; x_wconf 80' lang='lat' dir='ltr'>clandesu&#39;ni</span> <span class='ocrx_word' id='word_1_550' title='bbox 1209 2585 1351 2625; x_wconf 89' lang='lat' dir='ltr'>coniugii</span> <span class='ocrx_word' id='word_1_551' title='bbox 1378 2585 1417 2615; x_wconf 90' lang='lat' dir='ltr'>sit</span> <span class='ocrx_word' id='word_1_552' title='bbox 1439 2584 1499 2614; x_wconf 90' lang='lat' dir='ltr'>illi-</span> 
     </span>
     <span class='ocr_line' id='line_1_80' title="bbox 439 2598 1499 2670; baseline -0.002 -10"><span class='ocrx_word' id='word_1_553' title='bbox 439 2598 558 2662; x_wconf 83' lang='lat' dir='ltr'>Scitus</span> <span class='ocrx_word' id='word_1_554' title='bbox 578 2631 760 2661; x_wconf 85' lang='lat' dir='ltr'>mortaliter.</span> <span class='ocrx_word' id='word_1_555' title='bbox 792 2630 833 2661; x_wconf 89' lang='lat' dir='ltr'>Et</span> <span class='ocrx_word' id='word_1_556' title='bbox 855 2635 902 2660; x_wconf 90' lang='lat' dir='ltr'>est</span> <span class='ocrx_word' id='word_1_557' title='bbox 925 2630 1004 2660; x_wconf 90' lang='lat' dir='ltr'>ratio</span> <span class='ocrx_word' id='word_1_558' title='bbox 1030 2629 1147 2660; x_wconf 77' lang='lat' dir='ltr'>dubii*</span> <span class='ocrx_word' id='word_1_559' title='bbox 1168 2630 1253 2670; x_wconf 90' lang='lat' dir='ltr'>quia,</span> <span class='ocrx_word' id='word_1_560' title='bbox 1274 2629 1300 2659; x_wconf 91' lang='lat' dir='ltr'>si</span> <span class='ocrx_word' id='word_1_561' title='bbox 1322 2638 1394 2669; x_wconf 89' lang='lat' dir='ltr'>pars</span> <span class='ocrx_word' id='word_1_562' title='bbox 1417 2627 1499 2658; x_wconf 89' lang='lat' dir='ltr'>affir-</span> 
     </span>
     <span class='ocr_line' id='line_1_81' title="bbox 436 2672 1499 2716; baseline -0.003 -10"><span class='ocrx_word' id='word_1_563' title='bbox 436 2677 552 2706; x_wconf 88' lang='lat' dir='ltr'>mativa</span> <span class='ocrx_word' id='word_1_564' title='bbox 574 2680 764 2716; x_wconf 90' lang='lat' dir='ltr'>poneretur,</span> <span class='ocrx_word' id='word_1_565' title='bbox 789 2680 844 2705; x_wconf 91' lang='lat' dir='ltr'>aut</span> <span class='ocrx_word' id='word_1_566' title='bbox 866 2675 930 2705; x_wconf 89' lang='lat' dir='ltr'>hoc</span> <span class='ocrx_word' id='word_1_567' title='bbox 954 2679 1035 2705; x_wconf 89' lang='lat' dir='ltr'>esset</span> <span class='ocrx_word' id='word_1_568' title='bbox 1057 2674 1180 2704; x_wconf 92' lang='lat' dir='ltr'>ratione</span> <span class='ocrx_word' id='word_1_569' title='bbox 1204 2674 1319 2704; x_wconf 86' lang='lat' dir='ltr'>annexi</span> <span class='ocrx_word' id='word_1_570' title='bbox 1342 2672 1499 2710; x_wconf 88' lang='lat' dir='ltr'>scandali;</span> 
     </span>
     <span class='ocr_line' id='line_1_82' title="bbox 437 2717 1500 2751; baseline -0.003 -1"><span class='ocrx_word' id='word_1_571' title='bbox 437 2726 491 2751; x_wconf 89' lang='lat' dir='ltr'>aut</span> <span class='ocrx_word' id='word_1_572' title='bbox 513 2721 634 2750; x_wconf 90' lang='lat' dir='ltr'>ratione</span> <span class='ocrx_word' id='word_1_573' title='bbox 658 2719 856 2749; x_wconf 89' lang='lat' dir='ltr'>inhibitionis</span> <span class='ocrx_word' id='word_1_574' title='bbox 879 2719 1051 2750; x_wconf 90' lang='lat' dir='ltr'>Ecclesiae.</span> <span class='ocrx_word' id='word_1_575' title='bbox 1084 2718 1147 2749; x_wconf 89' lang='lat' dir='ltr'>Sed</span> <span class='ocrx_word' id='word_1_576' title='bbox 1170 2717 1356 2749; x_wconf 90' lang='lat' dir='ltr'>scandalum</span> <span class='ocrx_word' id='word_1_577' title='bbox 1378 2717 1500 2748; x_wconf 91' lang='lat' dir='ltr'>tollitur</span> 
     </span>
     <span class='ocr_line' id='line_1_83' title="bbox 437 2761 1499 2795; baseline -0.002 -1"><span class='ocrx_word' id='word_1_578' title='bbox 437 2765 462 2795; x_wconf 90' lang='lat' dir='ltr'>si</span> <span class='ocrx_word' id='word_1_579' title='bbox 485 2774 561 2795; x_wconf 92' lang='lat' dir='ltr'>usus</span> <span class='ocrx_word' id='word_1_580' title='bbox 585 2769 631 2794; x_wconf 90' lang='lat' dir='ltr'>est</span> <span class='ocrx_word' id='word_1_581' title='bbox 654 2764 810 2794; x_wconf 91' lang='lat' dir='ltr'>occultus.</span> <span class='ocrx_word' id='word_1_582' title='bbox 843 2763 993 2794; x_wconf 88' lang='lat' dir='ltr'>Inhibitio</span> <span class='ocrx_word' id='word_1_583' title='bbox 1018 2768 1126 2794; x_wconf 89' lang='lat' dir='ltr'>autem</span> <span class='ocrx_word' id='word_1_584' title='bbox 1149 2763 1310 2793; x_wconf 89' lang='lat' dir='ltr'>Ecclesiae</span> <span class='ocrx_word' id='word_1_585' title='bbox 1333 2771 1402 2792; x_wconf 92' lang='lat' dir='ltr'>non</span> <span class='ocrx_word' id='word_1_586' title='bbox 1425 2761 1499 2792; x_wconf 89' lang='lat' dir='ltr'>facit</span> 
     </span>
     <span class='ocr_line' id='line_1_84' title="bbox 436 2806 1498 2849; baseline -0.003 -10"><span class='ocrx_word' id='word_1_587' title='bbox 436 2814 605 2849; x_wconf 89' lang='lat' dir='ltr'>peccatum</span> <span class='ocrx_word' id='word_1_588' title='bbox 627 2808 780 2838; x_wconf 83' lang='lat' dir='ltr'>mortale:</span> <span class='ocrx_word' id='word_1_589' title='bbox 813 2818 888 2838; x_wconf 90' lang='lat' dir='ltr'>cum</span> <span class='ocrx_word' id='word_1_590' title='bbox 915 2808 949 2838; x_wconf 91' lang='lat' dir='ltr'>in</span> <span class='ocrx_word' id='word_1_591' title='bbox 976 2807 1180 2848; x_wconf 88' lang='lat' dir='ltr'>praecedenti</span> <span class='ocrx_word' id='word_1_592' title='bbox 1203 2807 1337 2837; x_wconf 91' lang='lat' dir='ltr'>articulo</span> <span class='ocrx_word' id='word_1_593' title='bbox 1366 2806 1498 2837; x_wconf 90' lang='lat' dir='ltr'>conclu-</span> 
     </span>
     <span class='ocr_line' id='line_1_85' title="bbox 436 2852 1498 2892; baseline -0.002 -9"><span class='ocrx_word' id='word_1_594' title='bbox 436 2863 508 2883; x_wconf 88' lang='lat' dir='ltr'>sum</span> <span class='ocrx_word' id='word_1_595' title='bbox 531 2853 569 2883; x_wconf 90' lang='lat' dir='ltr'>sit</span> <span class='ocrx_word' id='word_1_596' title='bbox 593 2862 687 2883; x_wconf 91' lang='lat' dir='ltr'>usum</span> <span class='ocrx_word' id='word_1_597' title='bbox 711 2853 853 2892; x_wconf 90' lang='lat' dir='ltr'>coniugii</span> <span class='ocrx_word' id='word_1_598' title='bbox 876 2858 948 2883; x_wconf 93' lang='lat' dir='ltr'>ante</span> <span class='ocrx_word' id='word_1_599' title='bbox 971 2852 1230 2883; x_wconf 89' lang='lat' dir='ltr'>benedictionem</span> <span class='ocrx_word' id='word_1_600' title='bbox 1252 2861 1321 2882; x_wconf 94' lang='lat' dir='ltr'>non</span> <span class='ocrx_word' id='word_1_601' title='bbox 1340 2860 1408 2881; x_wconf 91' lang='lat' dir='ltr'>esse</span> <span class='ocrx_word' id='word_1_602' title='bbox 1423 2860 1498 2891; x_wconf 92' lang='lat' dir='ltr'>pec-</span> 
     </span>
     <span class='ocr_line' id='line_1_86' title="bbox 437 2895 1497 2937; baseline -0.002 -9"><span class='ocrx_word' id='word_1_603' title='bbox 437 2903 543 2928; x_wconf 86' lang='lat' dir='ltr'>catum</span> <span class='ocrx_word' id='word_1_604' title='bbox 566 2897 710 2933; x_wconf 89' lang='lat' dir='ltr'>mortale,</span> <span class='ocrx_word' id='word_1_605' title='bbox 735 2898 880 2937; x_wconf 85' lang='lat' dir='ltr'>quamvis</span> <span class='ocrx_word' id='word_1_606' title='bbox 903 2897 942 2927; x_wconf 92' lang='lat' dir='ltr'>sit</span> <span class='ocrx_word' id='word_1_607' title='bbox 958 2902 1068 2927; x_wconf 88' lang='lat' dir='ltr'>contra</span> <span class='ocrx_word' id='word_1_608' title='bbox 1084 2897 1310 2927; x_wconf 89' lang='lat' dir='ltr'>inhibitionem</span> <span class='ocrx_word' id='word_1_609' title='bbox 1324 2895 1497 2926; x_wconf 89' lang='lat' dir='ltr'>Ecclesiae.</span> 
     </span>
    </p>

    <p class='ocr_par' dir='ltr' id='par_1_26' title="bbox 436 2939 1499 3114">
     <span class='ocr_line' id='line_1_87' title="bbox 492 2939 1499 2982; baseline -0.001 -11"><span class='ocrx_word' id='word_1_610' title='bbox 492 2942 530 2971; x_wconf 88' lang='lat' dir='ltr'>In</span> <span class='ocrx_word' id='word_1_611' title='bbox 555 2941 734 2982; x_wconf 79' lang='lat' dir='ltr'>oppositum</span> <span class='ocrx_word' id='word_1_612' title='bbox 758 2946 805 2971; x_wconf 92' lang='lat' dir='ltr'>est</span> <span class='ocrx_word' id='word_1_613' title='bbox 826 2941 915 2981; x_wconf 91' lang='lat' dir='ltr'>quod</span> <span class='ocrx_word' id='word_1_614' title='bbox 938 2951 1015 2972; x_wconf 92' lang='lat' dir='ltr'>usus</span> <span class='ocrx_word' id='word_1_615' title='bbox 1039 2941 1181 2981; x_wconf 87' lang='lat' dir='ltr'>coniugii</span> <span class='ocrx_word' id='word_1_616' title='bbox 1203 2944 1272 2971; x_wconf 81' lang='lat' dir='ltr'>non</span> <span class='ocrx_word' id='word_1_617' title='bbox 1295 2939 1428 2980; x_wconf 89' lang='lat' dir='ltr'>legitimi</span> <span class='ocrx_word' id='word_1_618' title='bbox 1451 2945 1499 2982; x_wconf 79' lang='lat' dir='ltr'>est</span> 
     </span>
     <span class='ocr_line' id='line_1_88' title="bbox 436 2984 1497 3025; baseline 0.001 -9"><span class='ocrx_word' id='word_1_619' title='bbox 436 2991 604 3025; x_wconf 89' lang='lat' dir='ltr'>peccatum</span> <span class='ocrx_word' id='word_1_620' title='bbox 637 2985 780 3016; x_wconf 90' lang='lat' dir='ltr'>mortale.</span> <span class='ocrx_word' id='word_1_621' title='bbox 817 2985 1061 3016; x_wconf 90' lang='lat' dir='ltr'>Clandestinum</span> <span class='ocrx_word' id='word_1_622' title='bbox 1096 2991 1204 3016; x_wconf 89' lang='lat' dir='ltr'>autern</span> <span class='ocrx_word' id='word_1_623' title='bbox 1237 2984 1497 3020; x_wconf 86' lang='lat' dir='ltr'>matrimonium,</span> 
     </span>
     <span class='ocr_line' id='line_1_89' title="bbox 437 3028 1496 3070; baseline -0.001 -10"><span class='ocrx_word' id='word_1_624' title='bbox 437 3031 581 3070; x_wconf 91' lang='lat' dir='ltr'>quamvis</span> <span class='ocrx_word' id='word_1_625' title='bbox 604 3030 643 3060; x_wconf 90' lang='lat' dir='ltr'>sit</span> <span class='ocrx_word' id='word_1_626' title='bbox 666 3039 777 3060; x_wconf 90' lang='lat' dir='ltr'>verum</span> <span class='ocrx_word' id='word_1_627' title='bbox 801 3035 832 3060; x_wconf 90' lang='lat' dir='ltr'>et</span> <span class='ocrx_word' id='word_1_628' title='bbox 854 3035 968 3066; x_wconf 89' lang='lat' dir='ltr'>ratum,</span> <span class='ocrx_word' id='word_1_629' title='bbox 993 3035 1118 3060; x_wconf 89' lang='lat' dir='ltr'>constat</span> <span class='ocrx_word' id='word_1_630' title='bbox 1140 3039 1207 3060; x_wconf 91' lang='lat' dir='ltr'>non</span> <span class='ocrx_word' id='word_1_631' title='bbox 1224 3038 1291 3059; x_wconf 89' lang='lat' dir='ltr'>esse</span> <span class='ocrx_word' id='word_1_632' title='bbox 1307 3028 1496 3069; x_wconf 87' lang='lat' dir='ltr'>legitimum.</span> 
     </span>
     <span class='ocr_line' id='line_1_90' title="bbox 436 3074 532 3114; baseline 0 -10"><span class='ocrx_word' id='word_1_633' title='bbox 436 3074 532 3114; x_wconf 87' lang='lat' dir='ltr'>Ergo.</span> 
     </span>
    </p>

    <p class='ocr_par' dir='ltr' id='par_1_27' title="bbox 437 3117 1498 3417">
     <span class='ocr_line' id='line_1_91' title="bbox 491 3117 1497 3158; baseline 0 -10"><span class='ocrx_word' id='word_1_634' title='bbox 491 3118 528 3148; x_wconf 91' lang='grc' dir='ltr'>ΙΙ.</span> <span class='ocrx_word' id='word_1_635' title='bbox 552 3117 604 3148; x_wconf 94' lang='lat' dir='ltr'>Ad</span> <span class='ocrx_word' id='word_1_636' title='bbox 625 3118 720 3148; x_wconf 89' lang='lat' dir='ltr'>huius</span> <span class='ocrx_word' id='word_1_637' title='bbox 744 3117 945 3154; x_wconf 88' lang='lat' dir='ltr'>evidentiam,</span> <span class='ocrx_word' id='word_1_638' title='bbox 974 3117 1182 3148; x_wconf 88' lang='lat' dir='ltr'>recolendum</span> <span class='ocrx_word' id='word_1_639' title='bbox 1207 3122 1254 3148; x_wconf 90' lang='lat' dir='ltr'>est</span> <span class='ocrx_word' id='word_1_640' title='bbox 1279 3118 1313 3148; x_wconf 90' lang='lat' dir='ltr'>in</span> <span class='ocrx_word' id='word_1_641' title='bbox 1340 3117 1497 3158; x_wconf 89' lang='lat' dir='ltr'>coniugiis</span> 
     </span>
     <span class='ocr_line' id='line_1_92' title="bbox 437 3161 1496 3202; baseline 0 -10"><span class='ocrx_word' id='word_1_642' title='bbox 437 3161 604 3201; x_wconf 91' lang='lat' dir='ltr'>dupliciter</span> <span class='ocrx_word' id='word_1_643' title='bbox 626 3163 759 3192; x_wconf 89' lang='lat' dir='ltr'>inveniri</span> <span class='ocrx_word' id='word_1_644' title='bbox 783 3162 929 3192; x_wconf 90' lang='lat' dir='ltr'>illicitum</span> <span class='ocrx_word' id='word_1_645' title='bbox 953 3167 983 3192; x_wconf 92' lang='lat' dir='ltr'>et</span> <span class='ocrx_word' id='word_1_646' title='bbox 1006 3162 1156 3192; x_wconf 84' lang='lat' dir='ltr'>mortale:</span> <span class='ocrx_word' id='word_1_647' title='bbox 1187 3161 1238 3192; x_wconf 90' lang='lat' dir='ltr'>vel</span> <span class='ocrx_word' id='word_1_648' title='bbox 1263 3162 1338 3202; x_wconf 93' lang='lat' dir='ltr'>quia</span> <span class='ocrx_word' id='word_1_649' title='bbox 1363 3161 1496 3198; x_wconf 88' lang='lat' dir='ltr'>malum,</span> 
     </span>
     <span class='ocr_line' id='line_1_93' title="bbox 437 3206 1497 3246; baseline 0.001 -11"><span class='ocrx_word' id='word_1_650' title='bbox 437 3211 473 3236; x_wconf 90' lang='lat' dir='ltr'>ut</span> <span class='ocrx_word' id='word_1_651' title='bbox 495 3206 682 3245; x_wconf 85' lang='lat' dir='ltr'>coniugium</span> <span class='ocrx_word' id='word_1_652' title='bbox 706 3215 781 3236; x_wconf 91' lang='lat' dir='ltr'>cum</span> <span class='ocrx_word' id='word_1_653' title='bbox 805 3211 953 3246; x_wconf 79' lang='lat' dir='ltr'>parente3</span> <span class='ocrx_word' id='word_1_654' title='bbox 978 3206 1028 3236; x_wconf 90' lang='lat' dir='ltr'>vel</span> <span class='ocrx_word' id='word_1_655' title='bbox 1052 3206 1127 3246; x_wconf 89' lang='lat' dir='ltr'>quia</span> <span class='ocrx_word' id='word_1_656' title='bbox 1142 3206 1350 3246; x_wconf 90' lang='lat' dir='ltr'>prohibitum,</span> <span class='ocrx_word' id='word_1_657' title='bbox 1367 3211 1403 3236; x_wconf 94' lang='lat' dir='ltr'>ut</span> <span class='ocrx_word' id='word_1_658' title='bbox 1419 3215 1497 3237; x_wconf 91' lang='lat' dir='ltr'>con-</span> 
     </span>
     <span class='ocr_line' id='line_1_94' title="bbox 437 3249 1496 3290; baseline 0.001 -11"><span class='ocrx_word' id='word_1_659' title='bbox 437 3250 561 3290; x_wconf 89' lang='lat' dir='ltr'>iugium</span> <span class='ocrx_word' id='word_1_660' title='bbox 592 3259 666 3280; x_wconf 91' lang='lat' dir='ltr'>cum</span> <span class='ocrx_word' id='word_1_661' title='bbox 698 3249 854 3286; x_wconf 90' lang='lat' dir='ltr'>affinibus,</span> <span class='ocrx_word' id='word_1_662' title='bbox 879 3260 935 3280; x_wconf 87' lang='lat' dir='ltr'>seu</span> <span class='ocrx_word' id='word_1_663' title='bbox 966 3250 1211 3290; x_wconf 86' lang='lat' dir='ltr'>consanguineis</span> <span class='ocrx_word' id='word_1_664' title='bbox 1242 3250 1346 3290; x_wconf 89' lang='lat' dir='ltr'>quarti</span> <span class='ocrx_word' id='word_1_665' title='bbox 1371 3250 1496 3290; x_wconf 90' lang='lat' dir='ltr'>gradus.</span> 
     </span>
     <span class='ocr_line' id='line_1_95' title="bbox 438 3293 1498 3334; baseline 0.001 -11"><span class='ocrx_word' id='word_1_666' title='bbox 438 3293 522 3324; x_wconf 90' lang='lat' dir='ltr'>Usus</span> <span class='ocrx_word' id='word_1_667' title='bbox 553 3298 659 3323; x_wconf 92' lang='lat' dir='ltr'>autem</span> <span class='ocrx_word' id='word_1_668' title='bbox 690 3294 831 3333; x_wconf 87' lang='lat' dir='ltr'>coniugii</span> <span class='ocrx_word' id='word_1_669' title='bbox 858 3293 1044 3324; x_wconf 87' lang='lat' dir='ltr'>clandestini</span> <span class='ocrx_word' id='word_1_670' title='bbox 1074 3299 1213 3334; x_wconf 89' lang='lat' dir='ltr'>utroque</span> <span class='ocrx_word' id='word_1_671' title='bbox 1239 3293 1340 3324; x_wconf 92' lang='lat' dir='ltr'>modo</span> <span class='ocrx_word' id='word_1_672' title='bbox 1371 3294 1498 3324; x_wconf 90' lang='lat' dir='ltr'>illicitus</span> 
     </span>
     <span class='ocr_line' id='line_1_96' title="bbox 438 3337 1498 3378; baseline 0.001 -11"><span class='ocrx_word' id='word_1_673' title='bbox 438 3338 606 3373; x_wconf 90' lang='lat' dir='ltr'>invenitur,</span> <span class='ocrx_word' id='word_1_674' title='bbox 632 3342 663 3367; x_wconf 92' lang='lat' dir='ltr'>et</span> <span class='ocrx_word' id='word_1_675' title='bbox 686 3338 761 3376; x_wconf 91' lang='lat' dir='ltr'>quia</span> <span class='ocrx_word' id='word_1_676' title='bbox 778 3337 890 3373; x_wconf 85' lang='lat' dir='ltr'>malus,</span> <span class='ocrx_word' id='word_1_677' title='bbox 916 3343 946 3367; x_wconf 89' lang='lat' dir='ltr'>et</span> <span class='ocrx_word' id='word_1_678' title='bbox 962 3338 1036 3377; x_wconf 91' lang='lat' dir='ltr'>quia</span> <span class='ocrx_word' id='word_1_679' title='bbox 1052 3338 1240 3377; x_wconf 87' lang='lat' dir='ltr'>prohibitus.</span> <span class='ocrx_word' id='word_1_680' title='bbox 1265 3338 1321 3367; x_wconf 92' lang='lat' dir='ltr'>Est</span> <span class='ocrx_word' id='word_1_681' title='bbox 1339 3337 1498 3378; x_wconf 90' lang='lat' dir='ltr'>siquidem</span> 
     </span>
     <span class='ocr_line' id='line_1_97' title="bbox 439 3380 1424 3417; baseline 0.001 -7"><span class='ocrx_word' id='word_1_682' title='bbox 439 3381 551 3416; x_wconf 82' lang='lat' dir='ltr'>malus,</span> <span class='ocrx_word' id='word_1_683' title='bbox 575 3390 642 3410; x_wconf 93' lang='lat' dir='ltr'>non</span> <span class='ocrx_word' id='word_1_684' title='bbox 665 3380 843 3411; x_wconf 86' lang='lat' dir='ltr'>secundum</span> <span class='ocrx_word' id='word_1_685' title='bbox 867 3391 909 3417; x_wconf 91' lang='lat' dir='ltr'>se,</span> <span class='ocrx_word' id='word_1_686' title='bbox 930 3381 985 3411; x_wconf 90' lang='lat' dir='ltr'>sed</span> <span class='ocrx_word' id='word_1_687' title='bbox 1008 3381 1186 3412; x_wconf 89' lang='lat' dir='ltr'>secundum</span> <span class='ocrx_word' id='word_1_688' title='bbox 1210 3382 1269 3411; x_wconf 91' lang='lat' dir='ltr'>sibi</span> <span class='ocrx_word' id='word_1_689' title='bbox 1292 3391 1424 3412; x_wconf 87' lang='lat' dir='ltr'>annexa.</span> 
     </span>
    </p>

    <p class='ocr_par' dir='ltr' id='par_1_28' title="bbox 439 3424 1499 3553">
     <span class='ocr_line' id='line_1_98' title="bbox 494 3424 1497 3465; baseline 0.001 -11"><span class='ocrx_word' id='word_1_690' title='bbox 494 3424 545 3455; x_wconf 90' lang='lat' dir='ltr'>Ad</span> <span class='ocrx_word' id='word_1_691' title='bbox 569 3425 658 3454; x_wconf 91' lang='lat' dir='ltr'>cuius</span> <span class='ocrx_word' id='word_1_692' title='bbox 682 3424 861 3464; x_wconf 91' lang='lat' dir='ltr'>pleniorem</span> <span class='ocrx_word' id='word_1_693' title='bbox 884 3425 1134 3464; x_wconf 87' lang='lat' dir='ltr'>intelligentiam,</span> <span class='ocrx_word' id='word_1_694' title='bbox 1152 3425 1318 3456; x_wconf 88' lang='lat' dir='ltr'>sciendum</span> <span class='ocrx_word' id='word_1_695' title='bbox 1335 3431 1382 3455; x_wconf 94' lang='lat' dir='ltr'>est</span> <span class='ocrx_word' id='word_1_696' title='bbox 1398 3424 1497 3465; x_wconf 89' lang='lat' dir='ltr'>quod,</span> 
     </span>
     <span class='ocr_line' id='line_1_99' title="bbox 439 3468 1499 3508; baseline 0.001 -10"><span class='ocrx_word' id='word_1_697' title='bbox 439 3469 513 3499; x_wconf 91' lang='lat' dir='ltr'>licet</span> <span class='ocrx_word' id='word_1_698' title='bbox 529 3468 760 3499; x_wconf 89' lang='lat' dir='ltr'>clandestinum</span> <span class='ocrx_word' id='word_1_699' title='bbox 784 3469 981 3508; x_wconf 85' lang='lat' dir='ltr'>coniugium,</span> <span class='ocrx_word' id='word_1_700' title='bbox 999 3478 1073 3498; x_wconf 92' lang='lat' dir='ltr'>cum</span> <span class='ocrx_word' id='word_1_701' title='bbox 1090 3470 1157 3499; x_wconf 87' lang='lat' dir='ltr'>eius</span> <span class='ocrx_word' id='word_1_702' title='bbox 1173 3479 1244 3504; x_wconf 88' lang='lat' dir='ltr'>usu,</span> <span class='ocrx_word' id='word_1_703' title='bbox 1261 3469 1374 3499; x_wconf 91' lang='lat' dir='ltr'>habeat</span> <span class='ocrx_word' id='word_1_704' title='bbox 1390 3469 1499 3499; x_wconf 90' lang='lat' dir='ltr'>omnia</span> 
     </span>
     <span class='ocr_line' id='line_1_100' title="bbox 439 3512 1499 3553; baseline 0 -11"><span class='ocrx_word' id='word_1_705' title='bbox 439 3513 589 3553; x_wconf 90' lang='lat' dir='ltr'>requisita</span> <span class='ocrx_word' id='word_1_706' title='bbox 612 3512 650 3542; x_wconf 91' lang='lat' dir='ltr'>ad</span> <span class='ocrx_word' id='word_1_707' title='bbox 674 3513 887 3542; x_wconf 88' lang='lat' dir='ltr'>substantialia</span> <span class='ocrx_word' id='word_1_708' title='bbox 911 3513 1051 3552; x_wconf 85' lang='lat' dir='ltr'>coniugii</span> <span class='ocrx_word' id='word_1_709' title='bbox 1073 3518 1103 3542; x_wconf 92' lang='lat' dir='ltr'>et</span> <span class='ocrx_word' id='word_1_710' title='bbox 1119 3514 1186 3542; x_wconf 88' lang='lat' dir='ltr'>eius</span> <span class='ocrx_word' id='word_1_711' title='bbox 1208 3518 1305 3548; x_wconf 91' lang='lat' dir='ltr'>actus,</span> <span class='ocrx_word' id='word_1_712' title='bbox 1323 3518 1354 3542; x_wconf 91' lang='lat' dir='ltr'>et</span> <span class='ocrx_word' id='word_1_713' title='bbox 1368 3518 1499 3552; x_wconf 89' lang='lat' dir='ltr'>propter</span> 
     </span>
    </p>
   </div>
   <div class='ocr_carea' id='block_1_16' title="bbox 1551 2583 2625 3552">
    <p class='ocr_par' dir='ltr' id='par_1_29' title="bbox 1551 2583 2625 3024">
     <span class='ocr_line' id='line_1_101' title="bbox 1553 2583 2625 2624; baseline 0.002 -10"><span class='ocrx_word' id='word_1_714' title='bbox 1553 2584 1617 2614; x_wconf 91' lang='lat' dir='ltr'>hoc</span> <span class='ocrx_word' id='word_1_715' title='bbox 1641 2583 1756 2614; x_wconf 91' lang='lat' dir='ltr'>dicitur</span> <span class='ocrx_word' id='word_1_716' title='bbox 1779 2583 1869 2624; x_wconf 92' lang='lat' dir='ltr'>quod</span> <span class='ocrx_word' id='word_1_717' title='bbox 1899 2589 2051 2614; x_wconf 91' lang='lat' dir='ltr'>neutrum</span> <span class='ocrx_word' id='word_1_718' title='bbox 2070 2589 2117 2614; x_wconf 90' lang='lat' dir='ltr'>est</span> <span class='ocrx_word' id='word_1_719' title='bbox 2147 2583 2327 2614; x_wconf 89' lang='lat' dir='ltr'>secundum</span> <span class='ocrx_word' id='word_1_720' title='bbox 2350 2593 2383 2615; x_wconf 89' lang='lat' dir='ltr'>se</span> <span class='ocrx_word' id='word_1_721' title='bbox 2413 2584 2553 2622; x_wconf 84' lang='lat' dir='ltr'>malum;</span> <span class='ocrx_word' id='word_1_722' title='bbox 2586 2595 2625 2616; x_wconf 90' lang='lat' dir='ltr'>ex</span> 
     </span>
     <span class='ocr_line' id='line_1_102' title="bbox 1553 2628 2623 2669; baseline 0.002 -10"><span class='ocrx_word' id='word_1_723' title='bbox 1553 2629 1688 2659; x_wconf 88' lang='lat' dir='ltr'>naturali</span> <span class='ocrx_word' id='word_1_724' title='bbox 1710 2634 1819 2659; x_wconf 90' lang='lat' dir='ltr'>tamen</span> <span class='ocrx_word' id='word_1_725' title='bbox 1841 2629 1982 2659; x_wconf 92' lang='lat' dir='ltr'>hominis</span> <span class='ocrx_word' id='word_1_726' title='bbox 2005 2628 2209 2669; x_wconf 89' lang='lat' dir='ltr'>proprietate,</span> <span class='ocrx_word' id='word_1_727' title='bbox 2230 2638 2295 2669; x_wconf 91' lang='lat' dir='ltr'>qua</span> <span class='ocrx_word' id='word_1_728' title='bbox 2310 2634 2357 2659; x_wconf 90' lang='lat' dir='ltr'>est</span> <span class='ocrx_word' id='word_1_729' title='bbox 2372 2629 2489 2660; x_wconf 87' lang='lat' dir='ltr'>animal</span> <span class='ocrx_word' id='word_1_730' title='bbox 2505 2629 2623 2661; x_wconf 84' lang='lat' dir='ltr'>sociale</span> 
     </span>
     <span class='ocr_line' id='line_1_103' title="bbox 1554 2671 2623 2713; baseline 0.002 -10"><span class='ocrx_word' id='word_1_731' title='bbox 1554 2678 1651 2713; x_wconf 91' lang='lat' dir='ltr'>atque</span> <span class='ocrx_word' id='word_1_732' title='bbox 1673 2673 1843 2713; x_wconf 90' lang='lat' dir='ltr'>politicum</span> <span class='ocrx_word' id='word_1_733' title='bbox 1859 2674 1885 2709; x_wconf 47' lang='grc' dir='ltr'>ὓ,</span> <span class='ocrx_word' id='word_1_734' title='bbox 1910 2674 2059 2713; x_wconf 91' lang='lat' dir='ltr'>provenit</span> <span class='ocrx_word' id='word_1_735' title='bbox 2081 2671 2247 2713; x_wconf 89' lang='lat' dir='ltr'>turpitudo</span> <span class='ocrx_word' id='word_1_736' title='bbox 2271 2673 2305 2703; x_wconf 90' lang='lat' dir='ltr'>in</span> <span class='ocrx_word' id='word_1_737' title='bbox 2329 2672 2527 2704; x_wconf 85' lang='lat' dir='ltr'>clandestino</span> <span class='ocrx_word' id='word_1_738' title='bbox 2544 2683 2623 2705; x_wconf 88' lang='lat' dir='ltr'>con·</span> 
     </span>
     <span class='ocr_line' id='line_1_104' title="bbox 1553 2716 2624 2758; baseline 0.001 -10"><span class='ocrx_word' id='word_1_739' title='bbox 1553 2718 1642 2758; x_wconf 88' lang='lat' dir='ltr'>iugio</span> <span class='ocrx_word' id='word_1_740' title='bbox 1667 2723 1698 2748; x_wconf 91' lang='lat' dir='ltr'>et</span> <span class='ocrx_word' id='word_1_741' title='bbox 1722 2718 1789 2748; x_wconf 91' lang='lat' dir='ltr'>eius</span> <span class='ocrx_word' id='word_1_742' title='bbox 1811 2722 1894 2748; x_wconf 89' lang='lat' dir='ltr'>actu.</span> <span class='ocrx_word' id='word_1_743' title='bbox 1920 2717 1967 2747; x_wconf 88' lang='lat' dir='ltr'>Ex</span> <span class='ocrx_word' id='word_1_744' title='bbox 1983 2717 2047 2748; x_wconf 91' lang='lat' dir='ltr'>hoc</span> <span class='ocrx_word' id='word_1_745' title='bbox 2062 2726 2204 2757; x_wconf 91' lang='lat' dir='ltr'>namque</span> <span class='ocrx_word' id='word_1_746' title='bbox 2220 2716 2310 2758; x_wconf 93' lang='lat' dir='ltr'>quod</span> <span class='ocrx_word' id='word_1_747' title='bbox 2325 2718 2426 2748; x_wconf 91' lang='lat' dir='ltr'>homo</span> <span class='ocrx_word' id='word_1_748' title='bbox 2443 2722 2490 2748; x_wconf 86' lang='lat' dir='ltr'>est</span> <span class='ocrx_word' id='word_1_749' title='bbox 2506 2718 2624 2749; x_wconf 82' lang='lat' dir='ltr'>animal</span> 
     </span>
     <span class='ocr_line' id='line_1_105' title="bbox 1553 2761 2623 2803; baseline 0.001 -11"><span class='ocrx_word' id='word_1_750' title='bbox 1553 2762 1671 2793; x_wconf 92' lang='lat' dir='ltr'>sociale</span> <span class='ocrx_word' id='word_1_751' title='bbox 1695 2767 1726 2792; x_wconf 87' lang='lat' dir='ltr'>et</span> <span class='ocrx_word' id='word_1_752' title='bbox 1749 2762 1938 2802; x_wconf 91' lang='lat' dir='ltr'>politicum,</span> <span class='ocrx_word' id='word_1_753' title='bbox 1967 2762 2116 2802; x_wconf 87' lang='lat' dir='ltr'>provenit</span> <span class='ocrx_word' id='word_1_754' title='bbox 2139 2761 2229 2802; x_wconf 91' lang='lat' dir='ltr'>quod</span> <span class='ocrx_word' id='word_1_755' title='bbox 2253 2762 2442 2802; x_wconf 89' lang='lat' dir='ltr'>coniugium</span> <span class='ocrx_word' id='word_1_756' title='bbox 2469 2767 2501 2792; x_wconf 93' lang='lat' dir='ltr'>et</span> <span class='ocrx_word' id='word_1_757' title='bbox 2522 2763 2623 2803; x_wconf 80' lang='lat' dir='ltr'>ipsius</span> 
     </span>
     <span class='ocr_line' id='line_1_106' title="bbox 1553 2805 2622 2847; baseline 0 -11"><span class='ocrx_word' id='word_1_758' title='bbox 1553 2812 1642 2837; x_wconf 88' lang='lat' dir='ltr'>actus</span> <span class='ocrx_word' id='word_1_759' title='bbox 1665 2806 1802 2837; x_wconf 88' lang='lat' dir='ltr'>debeant</span> <span class='ocrx_word' id='word_1_760' title='bbox 1825 2806 1870 2836; x_wconf 90' lang='lat' dir='ltr'>sic</span> <span class='ocrx_word' id='word_1_761' title='bbox 1893 2805 1963 2836; x_wconf 87' lang='lat' dir='ltr'>fieri</span> <span class='ocrx_word' id='word_1_762' title='bbox 1986 2811 2022 2836; x_wconf 91' lang='lat' dir='ltr'>ut</span> <span class='ocrx_word' id='word_1_763' title='bbox 2045 2806 2108 2836; x_wconf 91' lang='lat' dir='ltr'>sint</span> <span class='ocrx_word' id='word_1_764' title='bbox 2130 2806 2198 2836; x_wconf 90' lang='lat' dir='ltr'>sine</span> <span class='ocrx_word' id='word_1_765' title='bbox 2222 2805 2345 2836; x_wconf 82' lang='lat' dir='ltr'>offensa</span> <span class='ocrx_word' id='word_1_766' title='bbox 2361 2811 2392 2837; x_wconf 88' lang='lat' dir='ltr'>et</span> <span class='ocrx_word' id='word_1_767' title='bbox 2410 2806 2555 2847; x_wconf 90' lang='lat' dir='ltr'>periculo</span> <span class='ocrx_word' id='word_1_768' title='bbox 2572 2805 2622 2837; x_wconf 82' lang='lat' dir='ltr'>of-</span> 
     </span>
     <span class='ocr_line' id='line_1_107' title="bbox 1552 2849 2621 2890; baseline -0.001 -8"><span class='ocrx_word' id='word_1_769' title='bbox 1552 2850 1704 2882; x_wconf 86' lang='lat' dir='ltr'>fendendi</span> <span class='ocrx_word' id='word_1_770' title='bbox 1720 2851 1907 2881; x_wconf 87' lang='lat' dir='ltr'>societatem</span> <span class='ocrx_word' id='word_1_771' title='bbox 1923 2849 2098 2890; x_wconf 89' lang='lat' dir='ltr'>politicam.</span> <span class='ocrx_word' id='word_1_772' title='bbox 2118 2850 2203 2881; x_wconf 91' lang='lat' dir='ltr'>Usus</span> <span class='ocrx_word' id='word_1_773' title='bbox 2214 2855 2323 2881; x_wconf 87' lang='lat' dir='ltr'>autem</span> <span class='ocrx_word' id='word_1_774' title='bbox 2340 2849 2526 2881; x_wconf 82' lang='lat' dir='ltr'>clandestini</span> <span class='ocrx_word' id='word_1_775' title='bbox 2542 2859 2621 2881; x_wconf 91' lang='lat' dir='ltr'>con-</span> 
     </span>
     <span class='ocr_line' id='line_1_108' title="bbox 1551 2893 2622 2936; baseline -0.002 -9"><span class='ocrx_word' id='word_1_776' title='bbox 1551 2896 1631 2936; x_wconf 88' lang='lat' dir='ltr'>iugii</span> <span class='ocrx_word' id='word_1_777' title='bbox 1654 2904 1816 2926; x_wconf 85' lang='lat' dir='ltr'>annexum</span> <span class='ocrx_word' id='word_1_778' title='bbox 1838 2894 1933 2925; x_wconf 87' lang='lat' dir='ltr'>habet</span> <span class='ocrx_word' id='word_1_779' title='bbox 1956 2893 2141 2925; x_wconf 89' lang='lat' dir='ltr'>scandalum</span> <span class='ocrx_word' id='word_1_780' title='bbox 2163 2895 2246 2925; x_wconf 89' lang='lat' dir='ltr'>vitae</span> <span class='ocrx_word' id='word_1_781' title='bbox 2263 2894 2398 2930; x_wconf 87' lang='lat' dir='ltr'>socialis,</span> <span class='ocrx_word' id='word_1_782' title='bbox 2423 2893 2502 2925; x_wconf 90' lang='lat' dir='ltr'>dum</span> <span class='ocrx_word' id='word_1_783' title='bbox 2523 2895 2622 2925; x_wconf 81' lang='lat' dir='ltr'>scitur</span> 
     </span>
     <span class='ocr_line' id='line_1_109' title="bbox 1552 2939 2620 2980; baseline -0.001 -9"><span class='ocrx_word' id='word_1_784' title='bbox 1552 2939 1755 2971; x_wconf 86' lang='lat' dir='ltr'>commisceri</span> <span class='ocrx_word' id='word_1_785' title='bbox 1776 2948 1929 2980; x_wconf 89' lang='lat' dir='ltr'>personas</span> <span class='ocrx_word' id='word_1_786' title='bbox 1946 2948 2029 2979; x_wconf 91' lang='lat' dir='ltr'>quae</span> <span class='ocrx_word' id='word_1_787' title='bbox 2045 2939 2233 2969; x_wconf 88' lang='lat' dir='ltr'>nesciuntur</span> <span class='ocrx_word' id='word_1_788' title='bbox 2251 2939 2422 2978; x_wconf 86' lang='lat' dir='ltr'>coniuges:</span> <span class='ocrx_word' id='word_1_789' title='bbox 2447 2947 2508 2969; x_wconf 87' lang='lat' dir='ltr'>nec</span> <span class='ocrx_word' id='word_1_790' title='bbox 2524 2939 2620 2970; x_wconf 84' lang='lat' dir='ltr'>etiam</span> 
     </span>
     <span class='ocr_line' id='line_1_110' title="bbox 1551 2981 2619 3024; baseline -0.001 -9"><span class='ocrx_word' id='word_1_791' title='bbox 1551 2985 1620 3016; x_wconf 88' lang='lat' dir='ltr'>sine</span> <span class='ocrx_word' id='word_1_792' title='bbox 1636 2983 1786 3015; x_wconf 81' lang='lat' dir='ltr'>scandalo</span> <span class='ocrx_word' id='word_1_793' title='bbox 1802 2988 1968 3024; x_wconf 84' lang='lat' dir='ltr'>appareret</span> <span class='ocrx_word' id='word_1_794' title='bbox 1983 2983 2099 3013; x_wconf 91' lang='lat' dir='ltr'>mulier</span> <span class='ocrx_word' id='word_1_795' title='bbox 2113 2982 2251 3023; x_wconf 87' lang='lat' dir='ltr'>gravida,</span> <span class='ocrx_word' id='word_1_796' title='bbox 2276 2987 2308 3013; x_wconf 88' lang='lat' dir='ltr'>et</span> <span class='ocrx_word' id='word_1_797' title='bbox 2322 2982 2430 3023; x_wconf 91' lang='lat' dir='ltr'>proles</span> <span class='ocrx_word' id='word_1_798' title='bbox 2445 2981 2544 3018; x_wconf 86' lang='lat' dir='ltr'>fieret,</span> <span class='ocrx_word' id='word_1_799' title='bbox 2558 2988 2619 3014; x_wconf 89' lang='lat' dir='ltr'>etc.</span> 
     </span>
    </p>

    <p class='ocr_par' dir='ltr' id='par_1_30' title="bbox 1552 3026 2621 3201">
     <span class='ocr_line' id='line_1_111' title="bbox 1609 3026 2621 3069; baseline -0.002 -9"><span class='ocrx_word' id='word_1_800' title='bbox 1609 3028 1718 3069; x_wconf 76' lang='lat' dir='ltr'>Ipsum</span> <span class='ocrx_word' id='word_1_801' title='bbox 1741 3037 1817 3058; x_wconf 90' lang='lat' dir='ltr'>vero</span> <span class='ocrx_word' id='word_1_802' title='bbox 1851 3027 2040 3068; x_wconf 86' lang='lat' dir='ltr'>coniugium</span> <span class='ocrx_word' id='word_1_803' title='bbox 2070 3026 2303 3058; x_wconf 90' lang='lat' dir='ltr'>clandestinum</span> <span class='ocrx_word' id='word_1_804' title='bbox 2333 3035 2495 3056; x_wconf 89' lang='lat' dir='ltr'>annexum</span> <span class='ocrx_word' id='word_1_805' title='bbox 2525 3027 2621 3058; x_wconf 87' lang='lat' dir='ltr'>habet</span> 
     </span>
     <span class='ocr_line' id='line_1_112' title="bbox 1552 3070 2621 3113; baseline -0.001 -10"><span class='ocrx_word' id='word_1_806' title='bbox 1552 3073 1733 3113; x_wconf 88' lang='lat' dir='ltr'>periculum</span> <span class='ocrx_word' id='word_1_807' title='bbox 1749 3071 1935 3103; x_wconf 84' lang='lat' dir='ltr'>offendendi</span> <span class='ocrx_word' id='word_1_808' title='bbox 1945 3072 2043 3102; x_wconf 89' lang='lat' dir='ltr'>vitam</span> <span class='ocrx_word' id='word_1_809' title='bbox 2059 3071 2226 3102; x_wconf 86' lang='lat' dir='ltr'>socialem:</span> <span class='ocrx_word' id='word_1_810' title='bbox 2246 3070 2402 3111; x_wconf 86' lang='lat' dir='ltr'>quoniam</span> <span class='ocrx_word' id='word_1_811' title='bbox 2417 3075 2527 3110; x_wconf 87' lang='lat' dir='ltr'>posset</span> <span class='ocrx_word' id='word_1_812' title='bbox 2542 3071 2621 3102; x_wconf 86' lang='lat' dir='ltr'>alter</span> 
     </span>
     <span class='ocr_line' id='line_1_113' title="bbox 1553 3114 2619 3157; baseline -0.002 -9"><span class='ocrx_word' id='word_1_813' title='bbox 1553 3118 1730 3157; x_wconf 90' lang='lat' dir='ltr'>coniugum</span> <span class='ocrx_word' id='word_1_814' title='bbox 1752 3126 1837 3147; x_wconf 86' lang='lat' dir='ltr'>nova</span> <span class='ocrx_word' id='word_1_815' title='bbox 1860 3116 1940 3146; x_wconf 88' lang='lat' dir='ltr'>inire</span> <span class='ocrx_word' id='word_1_816' title='bbox 1964 3115 2136 3151; x_wconf 85' lang='lat' dir='ltr'>connubia,</span> <span class='ocrx_word' id='word_1_817' title='bbox 2161 3114 2239 3145; x_wconf 90' lang='lat' dir='ltr'>dum</span> <span class='ocrx_word' id='word_1_818' title='bbox 2261 3115 2426 3154; x_wconf 86' lang='lat' dir='ltr'>ignoratur</span> <span class='ocrx_word' id='word_1_819' title='bbox 2441 3114 2555 3154; x_wconf 88' lang='lat' dir='ltr'>ligatus</span> <span class='ocrx_word' id='word_1_820' title='bbox 2574 3115 2619 3146; x_wconf 85' lang='lat' dir='ltr'>al-</span> 
     </span>
     <span class='ocr_line' id='line_1_114' title="bbox 1553 3161 1811 3201; baseline -0.008 -9"><span class='ocrx_word' id='word_1_821' title='bbox 1553 3167 1622 3192; x_wconf 89' lang='lat' dir='ltr'>tero</span> <span class='ocrx_word' id='word_1_822' title='bbox 1647 3161 1811 3201; x_wconf 85' lang='lat' dir='ltr'>coniugio.</span> 
     </span>
    </p>

    <p class='ocr_par' dir='ltr' id='par_1_31' title="bbox 1552 3202 2619 3368">
     <span class='ocr_line' id='line_1_115' title="bbox 1607 3202 2619 3245; baseline -0.002 -9"><span class='ocrx_word' id='word_1_823' title='bbox 1607 3205 1665 3236; x_wconf 90' lang='lat' dir='ltr'>Est</span> <span class='ocrx_word' id='word_1_824' title='bbox 1693 3205 1789 3245; x_wconf 87' lang='lat' dir='ltr'>igitur</span> <span class='ocrx_word' id='word_1_825' title='bbox 1818 3209 1885 3235; x_wconf 91' lang='lat' dir='ltr'>tam</span> <span class='ocrx_word' id='word_1_826' title='bbox 1915 3202 2148 3234; x_wconf 89' lang='lat' dir='ltr'>clandestinum</span> <span class='ocrx_word' id='word_1_827' title='bbox 2178 3202 2367 3242; x_wconf 90' lang='lat' dir='ltr'>coniugium</span> <span class='ocrx_word' id='word_1_828' title='bbox 2397 3211 2495 3243; x_wconf 91' lang='lat' dir='ltr'>quam</span> <span class='ocrx_word' id='word_1_829' title='bbox 2518 3203 2619 3244; x_wconf 92' lang='lat' dir='ltr'>ipsius</span> 
     </span>
     <span class='ocr_line' id='line_1_116' title="bbox 1553 3246 2619 3288; baseline -0.002 -8"><span class='ocrx_word' id='word_1_830' title='bbox 1553 3255 1651 3286; x_wconf 86' lang='lat' dir='ltr'>actus,</span> <span class='ocrx_word' id='word_1_831' title='bbox 1676 3249 1771 3279; x_wconf 90' lang='lat' dir='ltr'>etiam</span> <span class='ocrx_word' id='word_1_832' title='bbox 1794 3248 1820 3278; x_wconf 94' lang='lat' dir='ltr'>si</span> <span class='ocrx_word' id='word_1_833' title='bbox 1843 3247 2016 3288; x_wconf 90' lang='lat' dir='ltr'>prohibitio</span> <span class='ocrx_word' id='word_1_834' title='bbox 2040 3246 2118 3287; x_wconf 81' lang='lat' dir='ltr'>legis</span> <span class='ocrx_word' id='word_1_835' title='bbox 2140 3255 2209 3277; x_wconf 88' lang='lat' dir='ltr'>non</span> <span class='ocrx_word' id='word_1_836' title='bbox 2233 3251 2323 3282; x_wconf 87' lang='lat' dir='ltr'>esset,</span> <span class='ocrx_word' id='word_1_837' title='bbox 2349 3246 2388 3277; x_wconf 92' lang='lat' dir='ltr'>de</span> <span class='ocrx_word' id='word_1_838' title='bbox 2411 3256 2528 3287; x_wconf 85' lang='lat' dir='ltr'>genere</span> <span class='ocrx_word' id='word_1_839' title='bbox 2551 3257 2619 3278; x_wconf 87' lang='lat' dir='ltr'>ma-</span> 
     </span>
     <span class='ocr_line' id='line_1_117' title="bbox 1552 3289 2619 3327; baseline -0.002 -3"><span class='ocrx_word' id='word_1_840' title='bbox 1552 3294 1659 3324; x_wconf 92' lang='lat' dir='ltr'>lorum</span> <span class='ocrx_word' id='word_1_841' title='bbox 1682 3292 1862 3327; x_wconf 89' lang='lat' dir='ltr'>moraliter,</span> <span class='ocrx_word' id='word_1_842' title='bbox 1893 3300 1961 3322; x_wconf 91' lang='lat' dir='ltr'>non</span> <span class='ocrx_word' id='word_1_843' title='bbox 1984 3289 2163 3321; x_wconf 89' lang='lat' dir='ltr'>secundum</span> <span class='ocrx_word' id='word_1_844' title='bbox 2186 3299 2236 3326; x_wconf 91' lang='lat' dir='ltr'>se,</span> <span class='ocrx_word' id='word_1_845' title='bbox 2269 3290 2325 3320; x_wconf 89' lang='lat' dir='ltr'>sed</span> <span class='ocrx_word' id='word_1_846' title='bbox 2352 3291 2530 3322; x_wconf 90' lang='lat' dir='ltr'>secundum</span> <span class='ocrx_word' id='word_1_847' title='bbox 2559 3292 2619 3322; x_wconf 91' lang='lat' dir='ltr'>sibi</span> 
     </span>
     <span class='ocr_line' id='line_1_118' title="bbox 1553 3347 1685 3368; baseline -0.008 0"><span class='ocrx_word' id='word_1_848' title='bbox 1553 3347 1685 3368; x_wconf 88' lang='lat' dir='ltr'>annexa.</span> 
     </span>
    </p>

    <p class='ocr_par' dir='ltr' id='par_1_32' title="bbox 1551 3378 2618 3552">
     <span class='ocr_line' id='line_1_119' title="bbox 1607 3378 2617 3418; baseline 0 -7"><span class='ocrx_word' id='word_1_849' title='bbox 1607 3381 1658 3411; x_wconf 86' lang='grc' dir='ltr'>ΙΙΙ.</span> <span class='ocrx_word' id='word_1_850' title='bbox 1683 3381 1799 3411; x_wconf 86' lang='lat' dir='ltr'>Utrum</span> <span class='ocrx_word' id='word_1_851' title='bbox 1819 3385 1926 3410; x_wconf 87' lang='lat' dir='ltr'>autern</span> <span class='ocrx_word' id='word_1_852' title='bbox 1945 3379 1984 3408; x_wconf 92' lang='lat' dir='ltr'>sit</span> <span class='ocrx_word' id='word_1_853' title='bbox 1999 3378 2133 3409; x_wconf 87' lang='lat' dir='ltr'>mortale</span> <span class='ocrx_word' id='word_1_854' title='bbox 2152 3384 2332 3418; x_wconf 88' lang='lat' dir='ltr'>peccatum,</span> <span class='ocrx_word' id='word_1_855' title='bbox 2349 3378 2617 3411; x_wconf 87' lang='lat' dir='ltr'>considerandum</span> 
     </span>
     <span class='ocr_line' id='line_1_120' title="bbox 1553 3422 2618 3463; baseline 0 -8"><span class='ocrx_word' id='word_1_856' title='bbox 1553 3430 1647 3455; x_wconf 89' lang='lat' dir='ltr'>restat</span> <span class='ocrx_word' id='word_1_857' title='bbox 1670 3434 1708 3455; x_wconf 85' lang='lat' dir='ltr'>ex</span> <span class='ocrx_word' id='word_1_858' title='bbox 1730 3429 1870 3463; x_wconf 89' lang='lat' dir='ltr'>utroque</span> <span class='ocrx_word' id='word_1_859' title='bbox 1893 3423 2067 3463; x_wconf 82' lang='lat' dir='ltr'>principio:</span> <span class='ocrx_word' id='word_1_860' title='bbox 2092 3422 2211 3452; x_wconf 90' lang='lat' dir='ltr'>scilicet</span> <span class='ocrx_word' id='word_1_861' title='bbox 2234 3432 2375 3454; x_wconf 88' lang='lat' dir='ltr'>annexae</span> <span class='ocrx_word' id='word_1_862' title='bbox 2399 3424 2527 3454; x_wconf 88' lang='lat' dir='ltr'>moralis</span> <span class='ocrx_word' id='word_1_863' title='bbox 2550 3433 2618 3455; x_wconf 86' lang='lat' dir='ltr'>ma-</span> 
     </span>
     <span class='ocr_line' id='line_1_121' title="bbox 1552 3466 2616 3507; baseline 0.001 -9"><span class='ocrx_word' id='word_1_864' title='bbox 1552 3469 1653 3504; x_wconf 90' lang='lat' dir='ltr'>litiae,</span> <span class='ocrx_word' id='word_1_865' title='bbox 1679 3473 1710 3498; x_wconf 91' lang='lat' dir='ltr'>et</span> <span class='ocrx_word' id='word_1_866' title='bbox 1731 3467 1840 3507; x_wconf 85' lang='lat' dir='ltr'>legalis</span> <span class='ocrx_word' id='word_1_867' title='bbox 1863 3466 2070 3496; x_wconf 91' lang='lat' dir='ltr'>inhibitionis.</span> <span class='ocrx_word' id='word_1_868' title='bbox 2104 3466 2152 3496; x_wconf 93' lang='lat' dir='ltr'>Ex</span> <span class='ocrx_word' id='word_1_869' title='bbox 2182 3472 2270 3506; x_wconf 90' lang='lat' dir='ltr'>parte</span> <span class='ocrx_word' id='word_1_870' title='bbox 2300 3467 2460 3507; x_wconf 89' lang='lat' dir='ltr'>siquidem</span> <span class='ocrx_word' id='word_1_871' title='bbox 2487 3468 2616 3499; x_wconf 85' lang='lat' dir='ltr'>moralis</span> 
     </span>
     <span class='ocr_line' id='line_1_122' title="bbox 1551 3509 2615 3552; baseline 0.001 -10"><span class='ocrx_word' id='word_1_872' title='bbox 1551 3513 1745 3552; x_wconf 83' lang='lat' dir='ltr'>iniquitatis,</span> <span class='ocrx_word' id='word_1_873' title='bbox 1777 3509 2038 3551; x_wconf 88' lang='lat' dir='ltr'>distinguendum</span> <span class='ocrx_word' id='word_1_874' title='bbox 2068 3511 2225 3541; x_wconf 92' lang='lat' dir='ltr'>occurrit:</span> <span class='ocrx_word' id='word_1_875' title='bbox 2260 3516 2291 3542; x_wconf 90' lang='lat' dir='ltr'>et</span> <span class='ocrx_word' id='word_1_876' title='bbox 2314 3511 2488 3542; x_wconf 90' lang='lat' dir='ltr'>dicendum</span> <span class='ocrx_word' id='word_1_877' title='bbox 2516 3512 2615 3552; x_wconf 92' lang='lat' dir='ltr'>quod,</span> 
     </span>
    </p>
   </div>
   <div class='ocr_carea' id='block_1_17' title="bbox 2652 1713 2780 1737">
    <p class='ocr_par' dir='ltr' id='par_1_33' title="bbox 2652 1713 2780 1737">
     <span class='ocr_line' id='line_1_123' title="bbox 2652 1713 2780 1737; baseline -0.008 -1"><span class='ocrx_word' id='word_1_878' title='bbox 2652 1714 2664 1726; x_wconf 69' lang='lat'>‘</span> <span class='ocrx_word' id='word_1_879' title='bbox 2677 1713 2748 1737; x_wconf 79' lang='lat' dir='ltr'>Num.</span> <span class='ocrx_word' id='word_1_880' title='bbox 2763 1719 2780 1736; x_wconf 93' lang='grc' dir='ltr'>ι.</span> 
     </span>
    </p>
   </div>
   <div class='ocr_carea' id='block_1_18' title="bbox 2649 2680 2864 2762">
    <p class='ocr_par' dir='ltr' id='par_1_34' title="bbox 2649 2680 2864 2762">
     <span class='ocr_line' id='line_1_124' title="bbox 2650 2680 2864 2704; baseline 0.005 -1"><span class='ocrx_word' id='word_1_881' title='bbox 2650 2682 2661 2693; x_wconf 89' lang='grc'>·</span> <span class='ocrx_word' id='word_1_882' title='bbox 2666 2680 2765 2704; x_wconf 69' lang='lat' dir='ltr'>Ari-tot.</span> <span class='ocrx_word' id='word_1_883' title='bbox 2770 2681 2864 2704; x_wconf 71' lang='lat' dir='ltr'>Polme.</span> 
     </span>
     <span class='ocr_line' id='line_1_125' title="bbox 2649 2707 2864 2762; baseline 0.019 -6"><span class='ocrx_word' id='word_1_884' title='bbox 2649 2707 2802 2762; x_wconf 50' lang='lat' dir='ltr'>testate·</span> <span class='ocrx_word' id='word_1_885' title='bbox 2810 2713 2864 2760; x_wconf 63' lang='lat'>{¹123</span> 
     </span>
    </p>
   </div>
   <div class='ocr_carea' id='block_1_19' title="bbox 2649 2766 2863 2815">
    <p class='ocr_par' dir='ltr' id='par_1_35' title="bbox 2649 2766 2863 2815">
     <span class='ocr_line' id='line_1_126' title="bbox 2649 2766 2863 2815; baseline 0 -5"><span class='ocrx_word' id='word_1_886' title='bbox 2649 2766 2673 2783; x_wconf 74' lang='lat'>¹¹¹</span> <span class='ocrx_word' id='word_1_887' title='bbox 2696 2766 2718 2787; x_wconf 75' lang='lat'>⁸’</span> <span class='ocrx_word' id='word_1_888' title='bbox 2737 2766 2751 2790; x_wconf 80' lang='lat'>³</span> <span class='ocrx_word' id='word_1_889' title='bbox 2759 2767 2801 2810; x_wconf 60' lang='lat' dir='ltr'>iffi.</span> <span class='ocrx_word' id='word_1_890' title='bbox 2809 2767 2863 2815; x_wconf 67' lang='lat' dir='ltr'>vri}</span> 
     </span>
    </p>
   </div>
   <div class='ocr_carea' id='block_1_20' title="bbox 2648 2785 2812 2842">
    <p class='ocr_par' dir='ltr' id='par_1_36' title="bbox 2648 2785 2812 2842">
     <span class='ocr_line' id='line_1_127' title="bbox 2648 2785 2746 2810; baseline 0 0"><span class='ocrx_word' id='word_1_891' title='bbox 2648 2785 2746 2810; x_wconf 67' lang='lat' dir='ltr'>Endon.</span> 
     </span>
     <span class='ocr_line' id='line_1_128' title="bbox 2649 2819 2812 2842; baseline 0.006 -6"><span class='ocrx_word' id='word_1_892' title='bbox 2649 2819 2701 2842; x_wconf 68' lang='lat' dir='ltr'>etp.</span> <span class='ocrx_word' id='word_1_893' title='bbox 2715 2819 2739 2842; x_wconf 72' lang='lat' dir='ltr'>z,</span> <span class='ocrx_word' id='word_1_894' title='bbox 2753 2820 2777 2836; x_wconf 85' lang='lat' dir='ltr'>n.</span> <span class='ocrx_word' id='word_1_895' title='bbox 2791 2820 2812 2842; x_wconf 77' lang='lat'>5.</span> 
     </span>
    </p>
   </div>
  </div>
 </body>
</html>
