2918 4088
12 1943 43 1966 ⁵⁵·
82 1965 160 1989 «9.,

11 2440 52 2493 ‘⁸1'

81 2648 95 2660 ·
107 2646 174 2670 Vm.
188 2653 209 2670 2.

61 2747 211 2776 ‘'Van-4.

8 3494 47 3512 2·
83 3489 211 3519 'ven-4.

996 190 1258 237 QUAESTIO
1286 190 1442 236 LXXII,
1471 189 1763 227 ARTICULUS
1794 191 1872 227 VIII

2436 192 2504 229 133

1003 296 1336 329 Commentaria
1358 296 1609 328 Cardinalis
1631 295 1832 328 Caietani

362 377 382 397 N
406 367 538 398 articulo
563 368 717 417 septimo,
742 367 774 398 in
798 368 1007 407 responsione
1031 366 1071 397 ad
1094 366 1281 402 secundum,
1313 371 1389 396 nota
1416 365 1419 403 Ι
1444 371 1653 396 concurrente
1677 371 1749 395 actu
1772 375 1859 395 novo
1888 366 1977 396 liberi
2008 367 2133 401 arbitrii,
2163 369 2317 406 quoniam
2340 369 2383 399 sic
2411 370 2505 410 exigit

335 379 413 442 Ihic
443 411 564 442 dictum
587 412 620 442 in
648 411 749 442 littera
779 421 839 451 pro
871 412 1020 442 omnibus
1048 410 1266 441 sacramentis.
1299 409 1389 450 quod

330 455 484 486 accedens
508 455 547 485 ad
570 461 802 486 sacramentum
818 465 892 485 cum
909 460 1052 495 peccato,
1068 454 1118 484 vel
1135 454 1210 494 quia
1229 454 1296 484 eius
1312 463 1390 483 con-

329 500 494 530 scientiam
518 509 584 529 non
605 500 708 535 habet,
732 499 783 529 vel
807 500 881 539 quia
904 509 970 529 non
985 498 1124 538 perfecte
1140 498 1304 532 contritus,
1321 507 1389 537 gra-

329 544 406 574 tiam
430 553 468 573 ex
492 549 688 574 sacramento
713 544 920 583 consequitur
942 543 975 572 in
999 543 1218 572 remissionem
1242 547 1389 581 peccato-

329 597 411 618 rum.
447 587 488 617 Et
510 588 653 627 intelligo
677 588 740 617 hoc
768 587 807 618 de
830 592 962 627 peccato
986 586 1128 616 mortali:
1165 586 1319 624 quoniam
1350 585 1389 615 de

329 632 505 662 venialibus
527 641 595 661 non
618 637 746 671 oportet
768 631 882 661 habere
907 630 1134 661 conscientiam
1156 629 1387 669 particularem.

329 676 403 706 Hoc
419 681 465 706 est
487 677 573 706 enim
589 675 678 715 quod
692 676 858 706 consuevit
873 674 944 710 dici,
968 674 1088 704 Virtute
1102 674 1296 704 sacramenti
1308 674 1390 714 fieri

329 719 368 750 de
388 720 498 750 attrito
516 720 687 750 contritum
698 727 709 749 .·
723 719 786 749 hoc
801 724 857 754 est,
874 723 1019 758 paratum
1034 717 1212 748 secundum
1227 718 1389 757 propriam

329 765 558 794 conscientiam
575 765 701 794 caritate
718 762 890 793 informari.
916 762 1015 800 Quod
1030 768 1107 792 tunc
1123 767 1246 792 tantum
1263 761 1298 791 fit
1314 771 1389 792 cum

329 817 367 838 ex
392 813 589 838 sacramento
613 813 761 837 movetur
783 816 873 837 mens
890 806 1089 846 suscipientis
1105 811 1337 836 sacramentum
1355 806 1389 835 in

329 852 486 882 actualem
510 852 731 892 operationem
754 851 786 881 in
806 851 913 880 Deum
936 860 992 880 seu
1008 856 1187 890 peccatum.
1211 850 1285 880 Non
1303 850 1389 879 enim

328 896 512 935 regulariter
542 895 720 926 infunditur
751 900 806 926 aut
838 899 971 934 augetur
1000 895 1098 934 gratia
1128 895 1161 924 in
1191 893 1300 924 adulto
1330 894 1390 923 nisi

1444 410 1547 439 suavis
1571 409 1737 449 dispositio
1750 410 1766 426 ⁴*
1783 409 1907 439 divinae
1930 410 2183 460 gubernationis:
2202 417 2237 440 ut
2253 421 2290 441 ex
2307 412 2354 442 his
2371 422 2453 452 quae
2468 414 2502 443 in

1443 453 1548 483 Prima
1571 453 1736 484 Secundae
1752 455 1768 470 ⁴*
1792 453 1831 483 de
1855 453 2077 484 iustificatione
2096 455 2186 494 impii
2201 451 2324 485 Auctor
2340 455 2424 492 dicit,
2449 458 2502 487 ha-

1444 498 1517 527 bere
1540 503 1649 537 potes;
1674 503 1704 527 et
1726 496 1858 527 inferius
1873 499 1899 533 *‚
1925 507 1999 527 cum
2019 497 2058 527 de
2075 504 2271 528 sacramento
2288 500 2502 538 poenitentiae

1443 542 1634 571 tractabitur.

1498 585 1534 615 II.
1560 586 1594 615 In
1620 584 1735 615 eodem
1758 585 1902 620 articulo,
1927 586 1959 615 in
1981 586 2189 625 responsione
2213 586 2251 616 ad
2275 588 2411 622 tertium,
2436 597 2503 627 me-

1443 634 1552 659 mento
1576 630 1722 669 superius
1738 630 1754 646 11
1778 629 1936 659 dictorum
1961 629 1999 659 de
2023 630 2120 669 gratia
2143 631 2374 666 sacramentali,
2401 637 2431 661 et
2453 633 2501 661 in-

1443 673 1564 713 telliges
1580 683 1662 713 quae
1678 674 1730 703 hic
1747 673 1905 703 dicuntur.
1931 673 2038 703 Gratia
2061 673 2219 713 siquidem
2238 680 2362 714 gratum
2385 674 2503 706 faciens

1444 723 1571 748 extensa
1589 717 1629 747 ad
1644 716 1837 748 firmandum
1854 717 2070 748 Christianum
2086 723 2122 747 ut
2137 718 2234 748 libere
2255 718 2417 749 Christum
2433 729 2503 750 cru-

1444 761 1574 792 cifixum
1597 761 1796 797 confiteatur,
1821 761 1998 791 secundum
2023 762 2189 792 essentiam
2212 763 2327 802 gratiae
2353 769 2398 792 est
2422 764 2503 793 eius-

1443 805 1517 835 dem
1540 806 1658 845 speciei
1674 815 1748 835 cum
1764 806 1861 845 gratia
1877 806 1991 835 collata
2006 806 2039 835 in
2056 806 2230 845 baptismo:
2255 806 2310 836 sed
2326 807 2502 837 secundum

1442 850 1595 880 auxilium
1622 849 1777 879 firmitatis
1807 849 2009 889 procedentis
2033 860 2050 879 a
2073 851 2186 889 gratia,
2220 850 2308 890 quod
2335 851 2432 890 gratia
2455 861 2503 881 sa-

1445 894 1643 924 cramentalis
1667 900 1808 929 vocatur,
1833 895 1938 934 specie
1963 893 2064 924 differt
2089 904 2105 924 a
2129 895 2226 934 gratia
2249 895 2436 934 baptismali.

1052 1031 1089 1071 A
1104 1029 1423 1072 RTICULUS
1464 1029 1776 1072 OCTAVUS

792 1123 948 1154 UTRUM
971 1122 1065 1153 Hoc
1089 1122 1423 1153 SACRAMENTUM
1446 1121 1512 1153 51Τ
1537 1122 1730 1153 OMNIBUS
1753 1122 2041 1154 EXHIBENDUM

1082 1201 1116 1226 lv
1135 1200 1218 1230 Sent„
1238 1201 1296 1225 dist.
1315 1208 1358 1230 vn,
1378 1209 1422 1233 qu.
1441 1208 1479 1232 111,
1498 1206 1546 1227 art.
1568 1209 1590 1232 2,
1609 1201 1660 1233 qu⁸
1680 1208 1704 1231 2,
1725 1201 1748 1226 3.

329 1328 331 1331 '
356 1308 440 1379 §.075
456 1315 516 1385 {⁴5ae
538 1326 613 1363 hoc
641 1333 924 1364 sacramentum
952 1337 1032 1362 non
1061 1324 1106 1362 sit
1125 1323 1307 1361 omnibus
1326 1336 1385 1361 ex-

405 1394 463 1420 v,
480 1384 507 1420 ‘6
522 1377 764 1416 hibendum.
794 1379 882 1415 Hoc
909 1378 1013 1415 enim
1032 1385 1315 1415 sacramentum
1337 1377 1386 1414 ad

382 1399 525 1463 ζ’-Ψ)
495 1424 736 1481 &quandam
760 1431 1019 1469 excellentiam
1038 1431 1159 1476 datur,
1180 1438 1222 1467 ut
1240 1429 1386 1467 dictum

326 1491 382 1520 est
398 1483 430 1520 *.
461 1484 537 1521 Sed
565 1483 605 1521 id
632 1485 739 1534 quod
767 1485 816 1522 ad
835 1483 1095 1521 excellentiam
1114 1483 1285 1533 pertinet,
1306 1495 1396 1519 non‘

325 1535 507 1586 competit
534 1537 727 1574 omnibus.
762 1538 863 1585 Ergo
891 1538 968 1574 hoc
995 1544 1278 1574 sacramentum
1305 1547 1386 1572 non

325 1588 439 1626 debet
466 1589 647 1627 omnibus
676 1590 768 1627 dari.

380 1653 415 1678 2.
444 1643 684 1687 ΡΚΑΕΤΕΚΕΑ,
713 1654 784 1692 per
810 1642 886 1679 hoc
913 1649 1198 1679 sacramentum
1227 1648 1387 1688 augetur

323 1693 461 1745 aliquis
498 1694 739 1745 spiritualiter
774 1695 814 1732 in
846 1695 1054 1744 perfectam
1091 1701 1264 1731 aetatem.
1309 1693 1385 1730 Sed

322 1747 489 1798 perfecta
521 1756 623 1785 aetas
660 1755 846 1797 repugnat
878 1746 989 1784 aetati
1015 1746 1163 1796 puerili.
1206 1747 1307 1794 Ergo
1336 1746 1384 1783 ad

323 1799 454 1838 minus
481 1801 610 1850 pueris
638 1801 720 1838 dari
747 1812 828 1837 non
855 1800 979 1837 debet.

380 1852 414 1889 3.
443 1854 682 1901 PRAETEREA,
719 1853 814 1890 sicut
841 1852 1076 1890 Melchiades
1109 1853 1214 1901 Papa
1247 1852 1335 1889 dicit
1352 1852 1383 1899 ³¹²,

81 1879 298 1962 &RE
317 1911 403 1958 post
436 1909 657 1957 baptismum
691 1908 964 1956 confirmamur
1000 1905 1052 1942 ad
1077 1917 1263 1956 pugnam.
1308 1881 1385 1942 Sed

238 1959 269 1983 V·
322 1970 494 2020 pugnare
522 1972 603 1997 non
630 1959 814 2009 competit
840 1958 1078 2004 mulieribus,
1102 1966 1260 2008 propter
1277 1958 1384 2006 fragi-

228 2044 231 2057 ,
287 2040 289 2043 -
323 2010 467 2051 litatem
495 2025 619 2050 sexus.
662 2013 764 2060 Ergo
792 2025 865 2050 nec
891 1988 1118 2049 mulieribiis
1155 2012 1231 2048 hoc
1263 2023 1384 2048 sacra-

323 2073 501 2106 mentum
529 2065 640 2103 debet
668 2065 761 2103 dari.

377 2131 413 2166 4.
439 2119 670 2166 PRAETEREA,
690 2117 926 2155 Melchiades
945 2118 1051 2167 Papa
1070 2116 1159 2154 dicit
1177 2117 1212 2154 *ε
1248 2118 1384 2160 Quam-

321 2172 377 2212 m's
412 2174 588 2209 continuo
622 2172 830 2208 transituris
869 2171 1057 2220 sufficiant
1092 2171 1385 2220 regenerationis

322 2225 519 2274 beneficia,
549 2226 698 2262 victuris
730 2230 853 2261 tamen
887 2224 1180 2272 confirmationis
1207 2224 1384 2271 beneficia

322 2279 531 2316 necessaria
556 2283 650 2314 sunt.
685 2278 928 2326 Confirmatio
956 2282 1080 2314 armat
1107 2282 1140 2313 et
1167 2278 1310 2313 instruit
1336 2276 1387 2313 ad

322 2341 464 2381 agones
490 2331 622 2367 mundi
646 2331 752 2367 huius
780 2335 813 2367 et
834 2330 983 2379 praelia
1011 2329 1263 2367 reservandos.
1312 2330 1385 2372 Qui

323 2389 446 2421 autem
476 2390 561 2434 pQSt
594 2385 815 2433 baptismum
849 2395 934 2420 cum
966 2383 1142 2432 acquisita
1175 2384 1384 2419 innocentia

324 2437 582 2478 immaculatus
609 2437 823 2486 peruenerit
849 2436 901 2473 ad
925 2441 1100 2481 mortem,
1138 2437 1384 2484 confirmatur

322 2495 463 2538 morte.-
491 2491 576 2538 quia
603 2491 679 2526 iam
699 2502 773 2526 non
787 2495 905 2537 potest
926 2500 1088 2538 peccare
1110 2494 1194 2538 post
1214 2494 1382 2525 mortem.

323 2542 426 2590 Ergo
454 2542 580 2579 statim
607 2541 801 2579 morituris
829 2554 909 2579 non
937 2541 1050 2578 debet
1077 2541 1153 2578 hoc
1172 2553 1384 2578 sacramen-

322 2602 408 2632 tum
435 2594 608 2632 conferri.
638 2595 687 2632 Et
714 2594 767 2632 sic
795 2607 876 2632 non
903 2595 1016 2632 debet
1035 2593 1217 2631 omnibus
1236 2594 1328 2631 dari.

378 2648 452 2685 SED
481 2660 624 2685 CONTRA
657 2660 722 2685 Ε5τ
756 2648 863 2696 quod
895 2647 1033 2684 dicitur
1063 2648 1144 2684 Act.
1169 2660 1191 2684 11
1213 2646 1247 2693 ²¹³,
1277 2647 1383 2696 quod

324 2700 486 2750 Spiritus
515 2701 676 2738 Sanctus
703 2700 862 2737 veniens
895 2701 1045 2750 repleuit
1077 2706 1190 2737 totam
1219 2700 1383 2747 domum,

322 2765 393 2803 per
413 2766 534 2802 quam
562 2753 795 2802 significatur
814 2753 1002 2790 Ecclesia:
1032 2760 1068 2790 et
1094 2760 1229 2802 postea
1246 2752 1266 2774 *
1294 2754 1382 2790 sub-

321 2806 425 2844 ditur
451 2806 558 2855 quod
585 2806 713 2856 repleti
727 2812 811 2843 sunt
830 2818 958 2843 omnes
976 2807 1111 2855 Spiritu
1131 2807 1277 2843 Sancto.
1307 2806 1384 2843 Sed

322 2859 372 2896 ad
395 2859 498 2896 1113111
517 2859 796 2908 plenitudinem
815 2858 1131 2908 consequendam
1159 2859 1235 2895 1106
1262 2870 1384 2895 sacra-

322 2920 500 2950 mentum
527 2912 649 2949 datur.
694 2913 795 2960 Ergo
831 2919 887 2948 est
914 2911 1096 2948 omnibus
1131 2911 1197 2960 qui
1225 2918 1314 2948 sunt
1344 2911 1384 2948 in

322 2965 494 3003 Ecclesia
521 2965 795 3002 exhibendum.

374 3019 600 3056 RESPONDEO
628 3030 809 3055 DICENDUM
833 3018 952 3066 quod,
982 3017 1077 3055 sicut
1105 3017 1252 3054 dictum
1279 3024 1334 3055 est
1351 3017 1383 3061 ²¹³,

320 3083 390 3121 per
417 3072 494 3108 1106
521 3079 804 3108 sacramentum
840 3078 1094 3120 promovetur
1121 3071 1242 3107 homo
1277 3070 1384 3119 spiri-

320 3123 471 3162 tualiter
497 3124 537 3161 in
564 3131 727 3161 aetatem
755 3124 972 3173 perfectam.
1003 3124 1090 3160 Hoc
1113 3130 1243 3160 autem
1261 3130 1317 3160 est
1335 3123 1384 3160 de

320 3177 531 3214 intentione
567 3185 745 3224 naturae,
785 3184 827 3213 ut
867 3177 994 3213 omnis
1035 3176 1103 3226 qui
1139 3175 1385 3235 corporaliter

321 3229 508 3278 nascitur,
545 3230 595 3267 ad
630 3230 834 3279 perfectam
864 3237 1024 3267 aetatem
1061 3229 1277 3279 perveniat:
1317 3229 1384 3266 sed

321 3283 398 3320 hoc
425 3283 662 3342 quandoque
681 3283 890 3333 impeditur
916 3290 1074 3332 propter
1095 3281 1384 3332 corruptibilita-

321 3343 402 3372 tem
435 3335 625 3385 corporis,
663 3336 771 3385 quod
803 3344 927 3373 morte
961 3335 1217 3385 praevenitur.
1259 3336 1384 3372 Multo

322 3396 453 3425 autem
489 3389 609 3437 magis
645 3389 693 3426 de
728 3388 937 3426 intentione
969 3388 1041 3426 Dei
1078 3396 1134 3426 est
1168 3387 1300 3425 omnia
1335 3388 1385 3425 ad

320 3441 594 3491 perfectionem
620 3442 842 3492 perducere,
873 3454 918 3479 ex
942 3441 1052 3479 cuius
1071 3441 1280 3479 imitatione
1309 3442 1385 3478 hoc

322 3501 459 3532 natura
485 3494 702 3544 participat:
740 3495 845 3532 unde
877 3503 914 3532 et
940 3496 1048 3532 Deut.
1069 3507 1163 3532 xxxn
1181 3494 1202 3516 '¹‘
1229 3494 1382 3548 dicitur:

413 1290 419 1302 ‚
458 1295 513 1325 ,Ἢ
537 1285 559 1310 1)
579 1283 750 1311 06τΑνυΜ
770 1285 821 1310 516
841 1284 1077 1310 PROCEDITUR.
1100 1271 1262 1309 Videtur
1280 1271 1386 1320 quod
1441 1272 1515 1307 Dei
1535 1273 1704 1321 perfecta
1731 1278 1815 1308 sunt
1834 1285 1959 1332 opera.
1988 1272 2128 1309 Anima
2154 1280 2294 1319 autem,
2315 1274 2363 1310 ad
2383 1286 2501 1323 quam

1441 1324 1602 1373 pertinet
1636 1324 1838 1374 spiritualis
1870 1325 2044 1362 nativitas
2077 1333 2112 1362 et
2140 1325 2340 1375 spiritualis
2373 1327 2501 1364 aetatis

1439 1377 1630 1426 perfectio,
1660 1377 1884 1415 immortalis
1904 1386 1975 1415 est:
2006 1386 2041 1414 et
2059 1385 2192 1427 potest,
2214 1378 2310 1416 sicut
2327 1386 2500 1440 tempore

1441 1430 1642 1467 senectutis
1677 1430 1911 1479 spiritualem
1938 1431 2171 1468 nativitatem
2207 1432 2412 1481 consequi,
2451 1433 2501 1475 ita

1440 1491 1614 1532 tempore
1643 1483 1849 1520 iuventutis
1884 1492 1920 1520 et
1947 1483 2131 1533 pueritiae
2168 1484 2352 1534 consequi
2378 1486 2500 1534 perse-

1441 1543 1541 1572 ctam
1561 1543 1741 1581 aetatem;
1772 1536 1863 1585 quia
1881 1536 2105 1573 huiusmodi
2125 1539 2342 1585 corporales
2362 1545 2500 1575 aetates

1441 1588 1591 1638 animae
1615 1601 1695 1625 non
1714 1589 1986 1638 praeiudicant.
2017 1591 2064 1626 Et
2083 1589 2170 1626 ideo
2191 1591 2266 1626 1106
2285 1602 2500 1628 53613111611-

1440 1638 1524 1678 tum
1552 1641 1666 1678 debet
1694 1641 1876 1678 omnibus
1905 1641 2085 1678 exhiberi.

1493 1694 1550 1731 AD
1579 1706 1713 1731 PmMUM
1742 1707 1839 1731 ERGO
1859 1707 2039 1732 DICENDUM
2068 1695 2175 1743 quod
2194 1696 2269 1732 hoc
2289 1708 2498 1733 sacramen-

1439 1754 1524 1783 tum
1538 1747 1651 1784 datur
1669 1747 1718 1784 ad
1738 1748 1935 1796 quandam
1955 1748 2226 1794 excellentiam,
2242 1760 2321 1785 non
2341 1748 2499 1798 quidem

1440 1799 1555 1836 unius
1575 1799 1743 1836 hominis
1763 1800 1812 1837 ad
1832 1800 1962 1845 alium,
1983 1800 2078 1837 sicut
2097 1809 2380 1838 sacramentum
2400 1802 2499 1838 ordi-

1439 1852 1510 1900 nis,
1527 1853 1594 1889 sed
1609 1853 1777 1890 hominis
1792 1853 1842 1890 ad
1861 1853 2048 1902 seipsum:
2071 1854 2166 1890 sicut
2181 1854 2296 1900 idem,
2312 1854 2499 1904 perfectus

1439 1905 1498 1943 vir
1517 1905 1697 1952 existens„
1713 1906 1828 1943 habet
1847 1906 2105 1943 excellentiam
2127 1907 2175 1943 ad
2195 1919 2234 1943 se
2252 1919 2430 1956 puerum.

1492 1960 1549 1996 AD
1569 1971 1758 1996 SECUNDUM
1777 1971 1958 1997 DICENDUM
1978 1959 2097 2008 quod,
2120 1959 2215 1997 sicut
2234 1960 2380 1997 dictum
2399 1969 2454 1997 est
2466 1960 2497 2008 ³¹⁸,

1439 2011 1646 2071 corporalis
1674 2019 1776 2049 aetas
1810 2024 1890 2049 non
1917 2012 2151 2061 praeiudicat
2182 2013 2344 2050 animae.
2388 2014 2499 2051 Unde

1440 2064 1554 2101 etiam
1590 2065 1630 2101 in
1666 2065 1803 2114 puerili
1841 2073 1959 2102 aetate
1997 2066 2118 2102 homo
2154 2073 2279 2127 potest
2314 2066 2499 2115 consequi

1438 2117 1712 2166 perfectionem
1746 2117 1947 2167 spiritualis
1981 2117 2127 2155 aetatis:
2167 2113 2238 2156 de'
2250 2131 2327 2168 qua
2364 2118 2500 2156 dicitur

1439 2171 1526 2220 Sap.
1547 2183 1582 2207 1v
1599 2170 1636 2207 *z
1673 2172 1845 2208 Senectus
1871 2171 2092 2208 uenerabilis
2126 2177 2176 2208 est
2208 2184 2282 2209 non
2312 2172 2497 2219 di,uturna

1440 2235 1557 2272 neque
1584 2236 1740 2261 numero
1767 2236 1955 2261 annorum
1988 2230 2208 2274 computata.
2251 2225 2299 2261 Et
2327 2223 2415 2261 inde
2444 2233 2499 2261 est

1439 2276 1547 2325 quod
1573 2276 1684 2314 multi
1712 2276 1751 2313 in
1778 2276 1914 2326 puerili
1942 2284 2073 2322 aetate,
2102 2284 2259 2326 propter
2277 2277 2396 2314 robur
2415 2277 2499 2327 Spi-

1439 2329 1531 2366 ritus
1561 2329 1688 2367 Sancti
1711 2338 1947 2379 perceptum‚
1969 2342 2091 2379 usque
2111 2330 2160 2367 ad
2180 2330 2406 2378 sanguinem
2424 2331 2498 2367 for-

1438 2381 1523 2419 titer
1549 2390 1789 2420 certaverunt
1816 2395 1887 2432 pro
1918 2382 2080 2419 Christo.

1492 2436 1549 2472 AD
1586 2447 1745 2473 TERTIUM
1782 2448 1963 2473 DICENDUM
1998 2435 2118 2485 quod,
2148 2435 2243 2472 sicut
2272 2436 2498 2485 Chrysosto-

1439 2500 1527 2525 mus
1555 2487 1656 2535 dicit,
1685 2488 1724 2525 in
1752 2488 1922 2525 Homilia
1939 2488 1960 2510 ’¹‘
1987 2489 2032 2525 de
2050 2489 2305 2534 Machabaeis‚
2325 2490 2362 2525 in
2391 2502 2498 2526 mun-

1439 2541 1545 2579 danis
1572 2543 1756 2591 agonibus
1790 2543 1916 2578 aetatis
1948 2547 1981 2578 et
2002 2542 2160 2590 formae
2192 2543 2413 2591 generisque
2449 2542 2498 2579 di-

1437 2595 1561 2644 gnitas
1589 2595 1806 2644 requiritur:
1833 2600 1866 2631 et
1893 2595 1974 2631 ideo
1998 2596 2113 2632 servis
2131 2607 2176 2631 ac
2195 2595 2419 2642 mulieribus,
2446 2608 2498 2632 se-

1439 2649 1545 2684 nibus
1571 2660 1617 2684 ac
1638 2649 1778 2697 pueris,
1807 2648 1858 2684 aa'
1880 2660 1942 2684 eos
1968 2647 2087 2684 aditus
2105 2647 2320 2697 denegatur.
2349 2649 2395 2685 In
2416 2660 2498 2685 cae-

1438 2700 1582 2737 lestibus
1615 2706 1737 2737 autem
1776 2702 1880 2737 omni
1906 2713 2092 2750 personae
2124 2706 2156 2737 et
2188 2702 2299 2738 aetati
2330 2707 2363 2737 et
2393 2703 2501 2738 sexui

1438 2753 1633 2790 indiscreta
1649 2753 1834 2802 facultate
1859 2754 2017 2790 stadium
2038 2759 2151 2803 patet.
2188 2755 2235 2790 Et
2263 2753 2302 2790 in
2330 2753 2498 2790 Homilia

1437 2806 1482 2842 de
1499 2807 1638 2843 Militia
1658 2807 1848 2856 Spiriluali
1863 2806 1883 2828 ²¹³
1911 2805 2015 2843 dicit:
2044 2806 2158 2855 Apud
2173 2807 2295 2843 Deum
2315 2807 2498 2852 femineus

1437 2860 1547 2895 etiam
1565 2859 1696 2896 militat
1708 2871 1838 2896 sexus:
1855 2860 1993 2896 multae
2011 2871 2171 2908 namque
2178 2860 2352 2907 feminae
2369 2860 2496 2896 animo

1436 2912 1536 2949 virili
1573 2912 1800 2961 spiritualem
1841 2912 2009 2948 militiam
2050 2917 2250 2961 gesserunt.
2304 2912 2496 2954 Quaedam

1438 2966 1536 3001 enim
1564 2966 1748 3001 interioris
1775 2966 1933 3001 hominis
1960 2966 2090 3002 virtute
2121 2966 2220 3002 viros
2247 2971 2498 3014 aequaverunt

1437 3019 1475 3054 in
1503 3019 1687 3067 agonibus
1714 3023 1947 3066 martyrum.-
1978 3017 2160 3066 quaedam
2188 3018 2298 3054 etiam
2316 3018 2498 3066 fortiores

1437 3072 1526 3108 viris
1553 3072 1776 3107 exstiterunt.
1819 3071 1868 3107 Et
1894 3069 1981 3107 ideo
2010 3069 2235 3107 mulieribus
2271 3070 2347 3107 hoc
2374 3082 2496 3107 sacra-

1437 3130 1614 3160 mentum
1641 3123 1918 3160 conferendum
1947 3130 2012 3159 est.

1490 3177 1548 3213 An
1568 3188 1739 3218 QUARTUM
1758 3182 1940 3213 DICENDUM
1968 3176 2087 3224 quod,
2117 3175 2214 3212 sicut
2231 3175 2377 3213 dictum
2397 3184 2451 3212 est
2465 3176 2495 3222 ³¹⁸,

1437 3229 1577 3273 anima,
1601 3229 1650 3266 ad
1669 3241 1789 3278 quam
1807 3228 1968 3277 pertinet
1987 3228 2188 3278 spiritualis
2207 3236 2319 3275 aetas,
2340 3228 2496 3266 immor-

1436 3281 1519 3319 talis
1556 3289 1622 3319 est.
1666 3282 1714 3319 Et
1747 3281 1835 3318 ideo
1872 3281 2067 3318 morituris
2103 3282 2179 3319 1106
2214 3285 2496 3319 sacramentum

1438 3335 1612 3372 dandum
1641 3341 1714 3382 est,
1750 3342 1792 3372 ut
1819 3334 1859 3371 in
1887 3334 2163 3372 resurrectione
2199 3334 2352 3384 perfecti
2380 3346 2496 3384 appa-

1438 3395 1559 3425 reant:
1589 3388 1806 3425 secundum
1833 3387 1926 3425 illud
1945 3389 2078 3438 Ephes.
2099 3399 2134 3425 1v
2151 3387 2189 3424 *ε
2219 3389 2349 3425 Donec
2367 3399 2496 3424 occur-

1439 3453 1567 3479 ramus
1594 3443 1630 3478 in
1659 3442 1781 3479 virum
1808 3442 2034 3490 perfectum,
2063 3442 2100 3478 in
2129 3453 2343 3478 mensuram
2371 3441 2497 3477 aetatis

1432 3494 1670 3543 plenitudinis
1701 3495 1845 3531 Christi.
1876 3494 1924 3531 Et
1952 3494 2038 3531 ideo
2067 3494 2182 3542 Hugo
2206 3493 2254 3530 de
2274 3493 2413 3531 Sancto
2432 3492 2495 3529 Vi-

2531 417 2612 445 'Sap.
2628 424 2678 446 cap.
2691 425 2744 444 vm,

2532 450 2590 466 vers.
2607 451 2625 466 ¹.

2531 470 2596 497 'Qu.
2604 476 2664 498 exin,
2672 475 2713 493 art.
2721 478 2742 500 3.

2531 505 2540 514 ·
2563 503 2610 530 Qu.
2634 510 2742 531 uxxvn,

2530 533 2572 551 an.
2587 535 2606 551 2.

2530 634 2540 643 ·
2551 632 2598 658 Qu.
2607 639 2660 661 un,
2672 638 2713 656 art.
2721 641 2740 656 ².

2526 1964 2537 1974 '¹
2551 1962 2576 1984 In
2592 1969 2696 1991 corpore.

2525 2177 2616 2199 'vem
2631 2178 2653 2199 8.

2525 2496 2535 2506 '
2549 2495 2634 2517 Prima.

2524 2812 2535 2821 ·
2548 2810 2635 2832 Homil.
2646 2810 2667 2831 V
2677 2810 2737 2832 inter

2524 2836 2585 2859 XV1.

2524 3179 2534 3188 “
2548 3177 2573 3199 111
2589 3183 2692 3205 corpore.
2700 3166 2710 3173 κ

2523 3392 2533 3402 ·
2548 3390 2612 3412 Vei-s.
2630 3396 2661 3418 ¹3-
