2918 4088
447 187 497 222 74
1101 174 1363 221 QUAESTIO
1391 172 1530 214 LXVI,

447 253 616 291 cessitate
644 253 833 303 baptismi,
855 265 944 302 ergo
965 253 1013 290 ad
1032 252 1200 302 primam
1220 250 1510 288 immersionem

306 314 321 338 Υ
448 307 583 356 aliquis
602 312 616 335 Υ
645 306 824 356 baptismi
857 306 1104 355 consequitur
1131 311 1426 342 sacramentum.
1470 301 1509 338 Si

306 362 320 386 ὃ
447 372 541 397 vero
561 358 574 382 ὅ
602 360 765 397 addatur
798 360 966 396 secunda
999 366 1035 395 et
1062 358 1190 404 tertia,
1220 356 1371 393 videtur
1402 353 1509 403 quod

449 413 620 450 secundo
648 414 710 450 vel
737 412 844 450 tertio
874 412 1102 461 baptizetur:
1143 409 1250 458 quod
1285 416 1340 445 est
1378 407 1508 443 incon-

449 466 619 503 veniens.
649 466 740 503 Non
769 476 858 512 ergo
887 477 966 502 una
989 463 1186 502 immersio
1215 461 1354 498 sufficit
1381 459 1430 496 ad
1452 471 1508 495 sa-

450 526 690 556 cramentum
718 517 933 566 baptismi,.
952 518 1019 554 sed
1047 516 1144 552 trina
1172 514 1323 550 videtur
1350 524 1432 548 esse
1460 511 1508 547 de

450 571 670 608 necessitate
698 571 828 619 ipsiuS.

504 625 576 661 SED
597 636 740 661 CONTRA
755 635 819 660 EST
834 622 939 671 quod
955 620 1161 669 Gregorius
1175 619 1195 640 ²¹⁶
1210 617 1335 655 scribit
1350 623 1361 638 ⁵
1384 618 1508 654 Lean-

209 661 326 732 }313081‘15-
349 685 421 711 'ib-¹,
450 677 519 714 dro
555 676 748 725 Episcopo
772 676 811 711 *ι
854 673 1154 724 Reprehensihile
1190 683 1266 707 esse
1302 670 1509 706 nullatenus

208 717 283 760 ¹31¹.st
308 718 377 737 '‘²¹¹''
393 712 420 733 δι’
443 735 561 779 potest
588 730 767 776 infantem
795 730 831 764 in
854 729 1069 776 baptismate
1095 725 1154 763 vel
1180 725 1285 760 tertio
1313 723 1371 760 vel
1396 722 1510 759 semel

450 784 695 831 immergere.-
729 782 904 830 quoniam
939 785 971 816 et
998 781 1035 815 in
1064 779 1179 814 tribus
1213 777 1510 812 immersionihus

448 837 699 871 Personarum
726 835 880 878 trinitas,
907 838 940 868 et
968 844 1043 868 una
1065 835 1184 878 potest
1212 829 1409 866 divinitatis
1434 829 1509 865 sin-

447 888 629 938 gularitas
656 887 855 936 designari.

501 942 724 978 RESPONDEO
759 949 940 975 DICENDUM
978 935 1105 984 quod,
1143 934 1239 971 sicut
1275 934 1381 984 prius
1409 934 1429 956 ’¹‘
1456 934 1509 971 di·

449 1000 554 1030 ctum
574 1000 639 1038 est,
660 992 708 1028 ad
728 990 963 1039 baptismum
983 1000 1052 1037 per
1080 1000 1119 1024 se
1140 987 1346 1036 requiritur
1364 987 1508 1024 ablutio

449 1057 584 1094 aquae,
613 1056 712 1093 quae
741 1051 795 1080 est
823 1043 871 1079 de
899 1040 1120 1079 necessitate
1149 1040 1396 1078 sacramenti:
1426 1053 1509 1078 mo‘

448 1099 520 1134 dus
548 1104 677 1134 autem
706 1095 908 1132 ablutionis
943 1106 1012 1143 per
1040 1093 1217 1130 accidens
1249 1106 1289 1131 se
1317 1094 1433 1130 habet
1460 1094 1509 1130 ad

210 1157 219 1167 ·
231 1156 285 1182 Affl-
297 1153 345 1176 Sed
359 1155 418 1176 ⁶⁰⁷⁶·
447 1157 739 1187 sacramentum.
770 1149 818 1185 Et
837 1148 935 1194 ideo,
953 1147 1048 1183 sicut
1068 1158 1114 1183 ex
1132 1146 1326 1196 praedicta
1339 1146 1359 1168 '¹‘
1379 1154 1508 1183 aucto-

446 1203 550 1240 ritate
580 1201 752 1249 Gregorii
779 1208 892 1250 patet,
909 1207 1099 1249 quantum
1129 1207 1184 1236 est
1212 1199 1260 1236 de
1289 1212 1339 1245 se,
1360 1207 1508 1236 utrum-

208 625 219 635 '
233 623 337 651 Magnus.

209 946 219 957 ·
234 945 285 966 Art.
301 950 321 971 7,
337 943 365 965 ad
382 950 399 965 ι.

446 1267 521 1304 que
549 1254 645 1291 licite
674 1253 757 1291 fieri
784 1261 920 1303 potest,
942 1252 1080 1290 scilicet
1106 1260 1143 1289 et
1162 1253 1282 1289 semel
1310 1260 1346 1289 et
1363 1259 1420 1289 ter
1438 1252 1508 1289 im-

446 1319 633 1356 mergere:
657 1306 748 1356 quia
766 1306 880 1343 unica
899 1306 1148 1343 immersione
1170 1305 1405 1353 significatur
1423 1305 1508 1342 uni-

445 1369 501 1398 tas
528 1359 661 1397 mortis
691 1359 840 1406 Christi,
870 1367 907 1396 et
933 1358 1059 1396 unitas
1079 1358 1243 1404 deitatis;
1273 1370 1343 1407 per
1370 1357 1509 1395 trinam

446 1421 576 1452 autem
603 1412 890 1450 immersionem
922 1411 1155 1460 significatur
1181 1411 1355 1448 triduum
1383 1413 1508 1461 sepul-

445 1475 552 1504 turae
582 1466 732 1512 Christi,
762 1473 798 1503 et
826 1465 940 1502 etiarn
967 1462 1120 1502 trinitas*
1140 1466 1411 1502 Personarum.

500 1519 576 1557 Sed
596 1519 753 1556 diversis
772 1531 820 1556 ex
839 1518 973 1563 causis,
995 1518 1211 1556 secundum
1226 1517 1509 1555 ordinationem

446 1571 650 1618 Ecclesiae,
679 1572 916 1621 quandoque
944 1571 1135 1608 institutus
1155 1578 1210 1608 est
1231 1583 1334 1608 unus
1353 1571 1508 1618 modus,

447 1626 682 1674 quandoque
698 1625 804 1662 alius.
827 1625 930 1671 Quia
949 1624 1053 1661 enim
1072 1637 1095 1661 a
1113 1623 1301 1673 principio
1321 1623 1509 1661 nascentis

447 1678 638 1715 Ecclesiae
671 1677 832 1727 quidam
865 1678 912 1715 de
940 1677 1124 1714 Trinitate
1157 1678 1257 1714 male
1285 1676 1507 1724 sentiebant,

450 1731 646 1768 Christum
673 1743 817 1780 purum
846 1730 1047 1767 hominem
1068 1730 1322 1776 aestimantes,
1342 1742 1415 1767 nec
1436 1729 1510 1767 dici

448 1783 591 1821 Filium
609 1783 681 1820 Dei
705 1792 741 1820 et
759 1785 889 1821 Deum
908 1783 980 1820 nisi
998 1795 1068 1832 per
1086 1783 1268 1820 meritum
1287 1783 1381 1830 eius,
1402 1783 1509 1832 quod

447 1837 652 1886 praecipue
680 1836 749 1874 fuit
777 1836 816 1873 in
844 1844 980 1884 morte,
1001 1836 1088 1873 ideo
1109 1848 1188 1873 non
1208 1836 1451 1885 baptizabant
1469 1836 1510 1872 in

448 1889 606 1926 nomine
621 1889 826 1937 Trinitatis,
843 1889 909 1926 sed
924 1889 963 1926 in
978 1889 1393 1926 commemorationem
1408 1901 1509 1926 mor-

448 1942 492 1979 tis
514 1942 662 1989 Christi,
683 1950 719 1979 et
738 1955 816 1979 una
836 1942 1094 1979 immersione.
1121 1942 1240 1989 Quod
1260 1942 1509 1991 reprobatum

447 1995 516 2032 fuit
535 1995 574 2032 in
592 1995 784 2044 primitiva
799 1995 978 2032 Ecclesia.
999 1995 1111 2033 Unde
1126 1995 1165 2031 in
1185 1997 1398 2032 Canonibus
1411 1996 1508 2045 Apo-

447 2048 624 2086 stolorum
642 2048 663 2070 *
689 2048 842 2097 legitur:
873 2050 914 2085 Si
930 2050 1009 2098 quis
1022 2050 1221 2098 presbyter
1240 2054 1302 2086 aut
1321 2049 1511 2097 episcopus

449 2114 523 2138 non
538 2103 675 2138 trinam
690 2103 965 2138 immersionem
980 2102 1089 2138 unius
1103 2102 1307 2147 ministerii,
1321 2101 1386 2138 sed
1397 2101 1511 2138 semel

447 2160 595 2204 mergat
622 2156 659 2190 in
688 2156 913 2203 baptismate,
943 2154 1043 2204 quod
1068 2154 1154 2191 dari
1179 2167 1203 2190 a
1223 2154 1439 2204 quibusdam
1459 2154 1509 2191 di-

448 2209 542 2244 citur
560 2209 597 2244 in
617 2213 735 2244 morte
753 2208 918 2254 Domini,
940 2207 1165 2256 deponatur:
1192 2220 1267 2244 non
1288 2209 1386 2243 enim
1407 2209 1511 2244 nobis

449 2261 540 2297 dixit
567 2261 762 2306 Dominus,
795 2275 814 2294 «
836 2261 882 2297 In
912 2266 1030 2297 morte
1058 2272 1142 2297 mea
1171 2262 1349 2310 baptizate
1371 2276 1405 2306 >›,
1434 2260 1509 2306 sed,

452 2328 470 2346 «
492 2315 538 2349 In
568 2315 718 2350 nomine
735 2315 856 2350 Patris
884 2319 917 2350 et
943 2314 1031 2350 Filii
1057 2319 1090 2350 et
1118 2314 1273 2362 Spiritus
1300 2315 1429 2350 Sancti
1448 2329 1481 2349 ».

502 2366 759 2403 Postmodum
795 2378 888 2402 vero
926 2366 1082 2402 inolevit
1123 2366 1372 2415 quorundam
1413 2365 1511 2403 schi-

451 2419 699 2455 smaticorum
727 2427 763 2456 et
790 2419 1072 2455 haereticorum
1101 2431 1207 2456 error
1243 2418 1422 2455 homines
1454 2431 1511 2455 re-

308 2476 323 2505 ζ
450 2471 724 2520 baptizantium
753 2471 781 2508 ζ;
819 2471 915 2508 sicut
951 2472 999 2509 de
1034 2471 1241 2509 Donatistis
1275 2471 1512 2520 Augustinus

212 2532 423 2581 ffiaflaeresucap-
450 2533 586 2571 narrat,
614 2537 725 2574 super
751 2526 859 2562 Ioan.
880 2525 900 2546 ’¹‘
941 2525 989 2562 Et
1021 2524 1120 2572 ideo,
1154 2525 1193 2561 in
1222 2524 1512 2562 detestationem

268 2575 273 2580 '
451 2577 588 2614 erroris
617 2590 773 2625 eorum,
810 2577 878 2614 fuit
910 2585 1094 2614 statutum
1126 2577 1166 2614 in
1196 2577 1368 2615 Concilio
1397 2579 1512 2615 Tole-

210 2051 221 2061 ·
242 2048 297 2070 Can.
313 2047 394 2069 XLIX.
409 2057 421 2064 -

210 2075 245 2097 Cf.
264 2081 313 2096 can.
328 2074 357 2095 Si
369 2074 421 2105 quis

206 2101 286 2130 presb.
293 2103 335 2122 aut
341 2106 421 2128 episc„

210 2129 243 2176 31er
246 2127 364 2154 Consecr.,
369 2127 422 2149 dist.

503 2692 529 2726 γ)
550 2693 655 2725 aliquis.
672 2707 692 2711 -
711 2693 798 2722 PEF1;
817 2701 870 2718 om.
888 2707 908 2711 —
926 2693 1052 2725 baptismi
1070 2701 1123 2718 om.
1142 2700 1167 2718 a.

503 2728 529 2763 δ)
548 2736 618 2754 vero.
636 2743 655 2747 -
672 2735 737 2762 ergo
756 2729 795 2753 ΡΙ.
812 2743 831 2747 -
851 2729 900 2753 Pro
919 2732 945 2753 et
963 2729 1052 2758 tertia,
1073 2729 1113 2753 vel
1132 2729 1213 2753 tertia
1232 2728 1365 2753 editiones.

1564 169 1856 207 ARTICULUS
1885 169 1966 205 VIII

1563 256 1653 285 tano
1672 247 1692 269 ‘¹‘
1720 247 1828 296 quod
1859 246 1967 282 fieret
1999 257 2079 282 una
2113 246 2194 282 sola
2228 244 2446 293 immersio,
2479 245 2547 283 ubi
2575 245 2628 282 sic
2655 250 2704 279 ‘Q

1564 300 1717 348 legitur:
1755 301 1914 348 Propter
1945 298 2135 336 vitandum
2167 299 2370 335 schismatis
2396 299 2626 345 scandalum,

1563 353 1622 391 vel
1653 353 1827 389 haeretici
1859 351 2043 401 dogmatis
2071 362 2199 397 usum,
2234 352 2406 401 simplam
2438 357 2628 389 teneamus

1564 406 1735 455 baptismi
1761 405 2048 441 immersionem.

1618 458 1708 504 Sed,
1737 464 1906 494 cessante
1930 456 1995 493 tali
2013 468 2141 504 causa,
2171 456 2430 494 communiter
2448 457 2627 494 observa-

1564 519 1627 547 tur
1654 510 1693 547 in
1721 510 1913 559 baptismo
1947 509 2047 546 trina
2073 508 2283 546 immersio.
2317 510 2366 546 Et
2384 509 2481 547 >ideo
2508 510 2628 558 gravi·

1563 571 1620 600 ter
1647 570 1823 612 peccaret
1853 562 1960 600 aliter
1986 562 2195 612 baptizanS,
2216 562 2327 611 quasi
2353 562 2471 599 ritum
2499 563 2628 600 Eccle-

1565 616 1642 653 siae
1680 628 1761 653 non
1797 616 2019 653 observans.
2062 614 2327 652 Nihilominus
2363 622 2494 652 tamen
2530 623 2628 652 esset

1563 669 1790 718 baptismus.
2199 704 2201 706 ,

1621 723 1675 759 AD
1708 734 1844 759 ramum
1877 733 1976 759 ERGO
2008 732 2191 759 DICENDUM
2224 721 2333 770 quod
2369 720 2536 758 Trinitas
2573 729 2630 758 est

1565 774 1662 812 sicut
1696 787 1812 823 agens
1848 774 2056 824 principale
2090 774 2130 811 in
2162 773 2366 823 baptismo.
2410 773 2628 811 Similitudo

1564 836 1695 865 autern
1730 827 1873 876 agentis
1909 827 2085 877 pervenit
2116 827 2166 864 ad
2198 827 2380 864 effectum
2412 827 2630 864 secundum

1514 900 1517 901 ⁷
1563 881 1746 928 formam,
1776 889 1812 918 et
1846 892 1927 918 non
1960 880 2177 918 secundum
2209 880 2421 917 materiam.
2465 880 2514 917 Et
2541 879 2629 917 ideo

1565 933 1790 982 significatio
1817 933 2015 971 Trinitatis
2046 932 2090 970 fit
2117 933 2157 970 in
2185 933 2377 983 baptismo
2414 944 2484 982 per
2510 932 2630 970 verba

1563 988 1722 1024 formae.
1752 988 1837 1024 Nec
1860 994 1916 1024 est
1943 987 1991 1023 de
2010 985 2232 1023 necessitate
2260 986 2369 1035 quod
2397 985 2631 1034 significetur

1564 1040 1732 1077 Trinitas
1759 1052 1830 1089 per
1857 1052 1974 1077 usum
2002 1039 2201 1077 materiae:
2232 1039 2300 1076 sed
2318 1039 2395 1076 hoc
2416 1039 2460 1076 fit
2479 1039 2528 1076 ad
2547 1051 2628 1076 ma·

1565 1093 1689 1130 iorem
1718 1093 2017 1142 expressionem.

1619 1145 1800 1184 Similiter
1833 1145 1949 1183 etiam
1986 1157 2092 1183 mors
2127 1144 2268 1183 Christi
2302 1145 2489 1193 figuratur
2523 1145 2628 1182 suffi-

1565 1198 1707 1236 cienter
1743 1199 1783 1235 in
1815 1198 1930 1235 unica
1967 1197 2226 1235 immersione.
2274 1197 2470 1235 Triduum
2498 1205 2629 1235 autem

1565 1253 1783 1301 sepulturae
1810 1263 1891 1303 non
1915 1258 1971 1289 est
1998 1251 2046 1288 de
2065 1251 2286 1288 necessitate
2308 1258 2460 1287 nostrae
2478 1250 2627 1287 salutis:

1564 1304 1656 1354 quia
1684 1304 1798 1341 etiam
1827 1304 1858 1341 si
1885 1316 1965 1340 una
1992 1303 2054 1340 die
2081 1303 2211 1340 fuisset
2238 1304 2410 1352 sepultus
2437 1304 2500 1340 vel
2526 1314 2628 1340 mor-

1563 1365 1665 1400 tuus,
1696 1356 1907 1394 suffecisset
1925 1356 1974 1394 ad
1993 1355 2271 1406 perficiendam
2290 1363 2462 1393 nostram
2481 1355 2629 1393 redem-

1563 1411 1755 1460 ptionem3
1786 1410 1853 1447 sed
1881 1409 2054 1447 triduum
2082 1408 2176 1446 illud
2204 1408 2403 1446 ordinatur
2429 1409 2479 1446 ad
2505 1408 2629 1446 mani-

1562 1464 1777 1501 festandam
1790 1462 1990 1500 veritatem
2009 1462 2154 1510 mortis,
2169 1470 2213 1499 ut
2231 1474 2347 1511 supra
2360 1462 2381 1484 ’¹‘
2399 1461 2547 1516 dictum
2561 1470 2627 1500 est.

1617 1518 1666 1554 Et
1684 1516 1772 1554 ideo
1791 1524 1895 1566 patet
1913 1516 2020 1565 quod
2035 1515 2133 1552 trina
2151 1514 2349 1552 immersio
2365 1527 2438 1552 nec
2455 1527 2503 1552 ex
2520 1522 2628 1564 parte

1563 1569 1770 1617 Trinitatis,
1799 1581 1872 1606 nec
1900 1581 1946 1606 ex
1972 1576 2078 1618 parte
2106 1568 2295 1618 passionis
2315 1567 2466 1616 Christi,
2496 1575 2552 1606 est
2578 1568 2628 1606 de

1564 1622 1785 1660 necessitate
1814 1621 2051 1659 sacramenti.
2277 1646 2280 1650 ⁴

1617 1677 1674 1713 AD
1694 1688 1883 1713 SECUNDUM
1902 1687 2084 1712 mcENDUM
2112 1675 2219 1724 quod
2247 1674 2422 1723 Pelagius
2442 1675 2548 1724 Papa
2570 1674 2627 1712 in-

1563 1729 1691 1777 telligit
1731 1728 1871 1766 trinam
1906 1727 2198 1765 immersionem
2235 1739 2317 1764 esse
2359 1740 2406 1765 ex
2442 1728 2628 1765 mandato

1565 1781 1705 1819 Christi
1731 1781 1772 1819 in
1800 1794 1872 1819 suo
1901 1780 2033 1818 simili:
2063 1780 2103 1818 in
2122 1782 2199 1818 hoc
2218 1779 2356 1818 scilicet
2384 1781 2493 1830 quod
2521 1779 2629 1818 Chri-

1563 1843 1643 1872 stus
1670 1834 1863 1884 praecepit
1890 1833 2072 1883 baptizari
2099 1836 2137 1871 in
2166 1836 2318 1871 nomine
2343 1835 2465 1871 Patris
2492 1839 2526 1870 et
2542 1833 2632 1870 Filii

1564 1895 1597 1925 et
1625 1890 1779 1938 Spiritus
1807 1889 1934 1925 Sancti
1949 1886 1980 1923 ²¹².
2010 1887 2103 1924 Non
2131 1894 2262 1923 tamen
2291 1894 2346 1923 est
2374 1885 2505 1923 similis
2533 1886 2628 1924 ratio

1564 1942 1612 1978 de
1640 1941 1765 1978 forma
1799 1948 1835 1977 et
1863 1941 1910 1977 de
1939 1952 2013 1976 usu
2042 1939 2243 1987 materiae,
2278 1947 2320 1976 ut
2348 1939 2495 1976 dictum
2523 1946 2579 1976 est
2595 1938 2627 1976 *.

1617 1995 1674 2031 AD
1701 2006 1861 2031 TEanJM
1895 2005 2077 2030 DICENDUM
2113 1993 2238 2042 quod,
2267 1992 2364 2029 sicut
2391 2004 2509 2042 supra
2525 1992 2547 2014 *
2573 1991 2629 2030 di-

1564 2055 1669 2084 ctum
1698 2054 1765 2092 est,
1794 2045 1951 2083 intentio
1986 2045 2190 2095 requiritur
2217 2045 2267 2082 ad
2294 2044 2543 2095 baptismum.
2580 2045 2631 2085 Et

1564 2100 1652 2137 ideo
1681 2112 1728 2136 ex
1747 2099 1956 2136 intentione
1975 2098 2138 2136 ministri
2157 2098 2361 2145 Ecclesiae,
2384 2098 2451 2148 qui
2469 2097 2631 2136 intendit

1563 2165 1690 2190 unum
1709 2152 1946 2202 baptismum
1966 2152 2057 2189 dare
2075 2151 2173 2189 trina
2191 2151 2452 2198 immersione,
2468 2150 2632 2202 efficitur

1564 2218 1691 2243 unum
1718 2205 1920 2255 baptisma.
1956 2205 2068 2243 Unde
2097 2205 2362 2255 Hieronymus
2390 2203 2490 2252 dicit,
2518 2213 2631 2255 super

1564 2259 1769 2309 Epistolam
1795 2259 1846 2296 ad
1861 2258 2019 2308 Philipp.
2035 2258 2072 2295 *τ
2102 2260 2204 2295 Licet
2229 2264 2285 2295 ter
2302 2259 2513 2308 baptizetur,
2533 2256 2631 2295 idest

1565 2312 1825 2360 immergatur,
1849 2317 2006 2361 propter
2033 2312 2251 2360 mysterium
2275 2312 2476 2357 Trinitatis,
2505 2316 2628 2348 tamen

1566 2378 1682 2402 unum
1709 2366 1891 2414 baptisma
1919 2370 2120 2414 reputatur.

1621 2418 1660 2455 Si
1687 2430 1781 2454 vero
1810 2417 2021 2454 intenderet
2048 2418 2097 2454 ad
2125 2429 2446 2466 unamquamque
2474 2416 2630 2454 immer-

1566 2471 1717 2508 sionem
1745 2483 1872 2508 unum
1890 2470 2081 2519 baptisma
2099 2470 2201 2517 dare,
2223 2471 2271 2508 ad
2291 2470 2458 2518 singulas
2477 2469 2631 2507 immer-

1567 2524 1694 2561 siones
1713 2531 1888 2573 repetens
1907 2523 2026 2560 verba
2050 2523 2209 2571 formae,
2229 2531 2415 2574 peccaret,
2441 2530 2631 2572 quantum

1567 2577 1607 2614 in
1635 2589 1674 2614 se
1703 2584 1768 2623 est,
1797 2575 1940 2626 pluries
1967 2576 2174 2626 baptizans.

1620 2691 1643 2720 ε)
1662 2692 1763 2717 scribit.
1781 2706 1800 2710 -
1817 2692 1925 2724 scripsit
1944 2691 1997 2720 Fu,
2018 2691 2083 2716 dicit
2099 2691 2217 2716 scribens
2235 2691 2370 2717 editiones,

1620 2728 1646 2762 ζ)
1666 2727 1897 2760 rebaptizantium.
1914 2741 1934 2745 —-
1951 2727 2047 2758 PGsB;
2067 2726 2269 2760 baptizantium.

1126 2798 1459 2831 Commentario,
1480 2798 1733 2831 cardinalis
1756 2797 1957 2831 Caietani

454 2879 618 2942 Tnvms
649 2869 760 2899 clarus.
783 2887 806 2891 —
836 2869 872 2899 In
903 2879 1037 2910 corpore
1076 2870 1200 2900 articuli
1230 2870 1295 2900 duo
1319 2869 1417 2911 fiunt:
1449 2870 1513 2910 pri-

513 2923 586 2950 mo,
611 2913 784 2953 respondet
807 2914 952 2953 quaesito
977 2919 1136 2954 quantum
1159 2914 1199 2945 ad
1221 2915 1443 2945 necessitatem
1468 2924 1515 2944 sa-

453 2958 620 2994 cramenti;
645 2958 797 2993 secundo,
821 2957 993 2998 respondet
1009 2959 1153 2998 quaesito
1176 2964 1333 2999 quantum
1349 2957 1388 2989 ad
1404 2968 1513 2989 neces—

453 3002 576 3032 sitatem
598 3001 739 3032 mandati
763 3002 974 3032 ecclesiastici.

507 3045 625 3084 Quoad
646 3047 803 3086 primum,
828 3046 923 3076 unica
947 3047 1112 3077 conclusio
1137 3052 1199 3077 est:
1229 3047 1406 3087 Utrumque
1429 3046 1515 3077 licite

443 3089 525 3130 fieri
541 3095 669 3129 potest:
691 3090 812 3120 scilicet
834 3095 865 3120 et
886 3091 992 3126 semel,
1010 3096 1040 3121 et
1059 3095 1108 3121 ter
1131 3091 1331 3132 immergere.
1359 3091 1515 3121 Probatur

453 3133 625 3173 tripliciter.
649 3134 766 3170 Primo,
784 3134 915 3165 ratione.
939 3134 991 3165 Ad
1006 3135 1201 3175 baptismum
1223 3144 1280 3175 per
1295 3145 1328 3166 se
1345 3135 1515 3174 requiritur

455 3177 592 3213 ablutio;
625 3187 682 3217 per
708 3178 854 3208 accidens
880 3184 988 3208 autem
1017 3179 1134 3209 modus
1161 3179 1341 3210 ablutionis.
1373 3179 1469 3218 Ergo.
1492 3196 1516 3201 —

455 3220 615 3257 Secundo,
640 3222 825 3252 auctoritate
849 3221 1004 3261 Gregorii.
1027 3240 1051 3244 -
1073 3222 1198 3259 Tertio,
1223 3233 1262 3253 ex
1284 3222 1515 3263 significatione

455 3269 521 3294 tam
543 3265 657 3294 unicae
680 3274 778 3305 quam
801 3266 900 3295 trinae
923 3266 1146 3296 immersionis.

511 3308 628 3346 Quoad
650 3309 837 3345 secundum,
861 3310 977 3339 variata
1003 3310 1133 3349 ponitur
1157 3315 1188 3340 et
1210 3315 1331 3340 mutata
1354 3310 1515 3340 Ecclesiae

455 3352 611 3382 institutio
631 3352 760 3383 diversis
775 3353 972 3393 temporibus
997 3353 1125 3383 diversis
1142 3363 1179 3383 ex
1196 3354 1307 3384 causis.
1331 3354 1372 3383 Et
1386 3353 1516 3383 tandem

455 3395 550 3426 infert
579 3398 703 3436 gravius
726 3406 858 3437 peccare
887 3397 943 3437 qui
966 3407 1052 3427 nunc
1079 3407 1147 3427 non
1170 3403 1294 3428 servant
1319 3398 1434 3427 trinam
1456 3398 1516 3428 im-

456 3449 661 3471 mersmnem.

511 3484 574 3515 Ubi
589 3485 668 3515 scito
693 3484 791 3525 quod,
808 3484 882 3515 licet
904 3484 1000 3515 hodie
1017 3485 1072 3525 qui
1099 3485 1299 3525 baptizantur
1322 3485 1354 3515 in
1374 3484 1516 3516 fontibus

1567 2870 1810 2909 immergantur,
1835 2874 1866 2899 et
1889 2869 1971 2900 forte
1993 2874 2057 2906 ter;
2086 2869 2120 2899 hi
2148 2874 2257 2900 tamen
2284 2868 2341 2908 qui
2370 2868 2571 2908 baptizantur
2598 2867 2632 2898 in

1568 2912 1736 2957 domibus}‚
1760 2923 1817 2954 per
1832 2913 1968 2944 modum
1992 2913 2155 2944 effusionis
2170 2913 2379 2953 baptizantur.
2403 2912 2445 2942 Et
2463 2917 2633 2952 propterea

1567 2958 1695 2989 nullum
1717 2963 1888 2998 peccatum
1912 2958 2113 2988 committere
2144 2956 2292 2988 videntur
2315 2956 2391 2996 quia
2412 2961 2460 2987 ter
2481 2965 2551 2986 non
2572 2956 2632 2987 im-

1568 3007 1734 3042 mergunt:
1763 3011 1839 3033 cum
1861 3011 1922 3032 nec
1945 3001 2045 3032 semel
2068 3001 2259 3041 immergant
2278 3000 2399 3040 absque
2421 3005 2566 3040 peccato.

1624 3046 1661 3077 11.
1686 3046 1722 3076 In
1736 3047 1946 3087 responsione
1962 3044 2002 3076 ad
2016 3045 2155 3082 tertium,
2172 3044 2307 3075 dubium
2323 3044 2471 3080 occurrit,
2484 3053 2534 3080 an,
2550 3043 2633 3074 trina

1568 3091 1774 3121 immersione
1798 3091 1920 3121 intenta
1942 3099 1960 3120 a
1981 3089 2135 3125 ministro,
2152 3089 2178 3119 si
2201 3088 2308 3128 aliqua
2327 3088 2501 3125 omittatur,
2517 3087 2557 3118 sit
2577 3097 2632 3119 ve-

1569 3144 1622 3165 rus
1645 3134 1831 3174 baptismus.
1855 3134 1897 3164 Et
1912 3139 1959 3164 est
1973 3133 2053 3164 ratio
2069 3132 2167 3169 dubii,
2185 3133 2350 3172 quoniam,
2367 3133 2393 3162 si
2408 3133 2490 3163 tn'na
2504 3133 2633 3163 immer-

1569 3179 1617 3208 sio
1641 3177 1833 3214 intendatur,
1854 3178 2029 3218 baptismus
2051 3186 2119 3207 non
2136 3176 2300 3217 perficitur
2322 3177 2356 3207 in
2378 3177 2482 3217 prima
2503 3177 2633 3207 immer-

1569 3222 1678 3252 sione:
1702 3227 1739 3252 ut
1761 3222 1885 3253 Auctor
1914 3221 2050 3262 explicat
2071 3221 2105 3251 in
2129 3226 2184 3251 art.
2207 3229 2229 3260 4
2251 3230 2286 3251 m
2309 3219 2378 3251 dist.
2403 3220 2447 3251 IV
2469 3220 2555 3251 Sent.
2579 3221 2596 3237 ἱ*
2610 3239 2634 3243 -

1570 3266 1676 3296 Huius
1703 3271 1810 3296 autem
1833 3266 2021 3306 oppositum
2049 3263 2174 3295 videtur
2201 3274 2239 3295 ex
2267 3274 2306 3295 eo
2330 3264 2420 3305 quod
2446 3263 2633 3295 huiusmodi

1569 3310 1704 3340 intentio
1727 3310 1863 3340 ministri
1885 3319 1952 3340 non
1980 3307 2066 3339 addit
2087 3309 2308 3339 necessitatem
2329 3318 2433 3339 novae
2454 3309 2633 3339 immersio-

1569 3354 1618 3384 nis
1645 3359 1719 3394 post
1740 3355 1886 3394 primam.

1626 3397 1678 3428 Ad
1701 3398 1764 3428 hoc
1787 3397 1901 3428 dicitur
1924 3396 2029 3437 quod,
2054 3397 2129 3436 quia
2156 3397 2292 3427 intentio
2319 3397 2455 3427 ministri
2483 3396 2634 3428 fundatur

1571 3451 1667 3481 super
1682 3442 1745 3472 ritu
1760 3441 1932 3477 Ecclesiae,
1949 3440 2061 3471 eadem
2077 3446 2124 3471 est
2138 3442 2273 3472 intentio
2289 3441 2424 3472 ministri
2440 3441 2633 3472 intendentis

1573 3495 1718 3516 exercere
1748 3486 1863 3515 trinam
1895 3485 2152 3522 immersionem,
2185 3491 2216 3516 et
2245 3485 2407 3516 Ecclesiae
2441 3486 2633 3517 instituentis

2707 254 2779 273 uano.
2800 263 2810 268 -
2829 252 2866 275 Cf.

2655 283 2705 299 can.
2718 277 2767 300 Pro
2783 280 2819 300 ter
2833 279 2868 300 m·-

2637 327 2639 329 ,
2656 303 2729 331 tana„
2766 311 2779 326 e
2807 305 2870 327 Con-

2655 336 2724 358 secr„
2739 331 2792 353 dist.
2807 331 2847 354 IV.

2655 1466 2667 1477 '¹
2677 1464 2726 1493 Qu.
2734 1470 2784 1493 un,
2794 1468 2836 1488 nrt.
2847 1471 2868 1488 a.

2655 1890 2667 1901 '¹
2686 1888 2767 1912 unua.
2790 1894 2842 1917 cap.

2655 1921 2735 1965 3:115.
2735 1921 2800 1965 ¹vert.
2807 1921 2841 1944 ¹9.

2656 1991 2667 2001 ·
2677 1989 2724 2018 Qu.
2730 1992 2840 2017 mmm-
2847 1989 2870 2012 8.

2657 2256 2668 2266 ·
2675 2254 2751 2283 Super
2757 2253 2832 2282 Epist.
2837 2253 2873 2276 ad
2915 2232 2918 2252 j

2656 2280 2752 2309 ΕρΙιεε..
2771 2286 2822 2309 cap.
2837 2286 2862 2302 iv

2656 2296 2872 2356 aeia-‚s
2915 2298 2918 2356 i

2657 2361 2697 2388 do,
2707 2359 2738 2382 de
2749 2359 2870 2388 conseer„
2916 2379 2918 2394 3

2658 2387 2712 2410 din.
2726 2385 2767 2409 IV.

2660 3220 2671 3230 ·
2685 3217 2740 3246 Qu·
2752 3223 2774 3248 3,
2788 3217 2817 3240 nd
2830 3223 2853 3247 3.

2911 3968 2918 4069 ..—.=—
2912 3878 2918 3958 4...-
