2918 4088
183 473 195 482 “
207 469 260 492 lad
270 470 333 493 Cor..
346 475 397 497 cap.

184 503 217 523 xi,
233 503 291 518 vers.
307 503 342 523 ²4·

187 823 195 833 '
201 822 236 844 Cf.
243 827 331 849 numan,
338 821 397 847 inin:

185 855 249 871 num.
265 855 299 870 ιιι.

185 877 194 886 ·
209 875 280 896 Num.
297 881 311 896 ι.

184 1356 191 1364 ·
208 1353 277 1375 Num.
293 1359 323 1374 vi.

181 2152 192 2162 ·
205 2150 273 2172 Vers.
288 2156 324 2178 29.
339 2156 375 2179 30.

181 2372 191 2381 '¹
206 2370 273 2391 Vers.
291 2375 322 2397 13.

182 2685 192 2694 ·
202 2683 238 2704 Ps.
244 2689 328 2709 Lxxvn,
336 2689 396 2705 vers.

183 2716 215 2738 25.

184 2776 194 2786 ·
212 2775 260 2796 Act.
285 2780 336 2802 cap.
359 2780 395 2801 iv,

183 2807 242 2823 vers.
258 2809 264 2823 Ι
269 2807 288 2823 2.

185 3300 195 3311 ·
210 3299 276 3321 Vers.
291 3305 310 3327 5.

423 125 497 172 246

423 255 591 289 propterea
608 251 866 281 accommodatio
883 251 1122 281 caeremonialis
1137 261 1205 282 non
1221 251 1383 291 suppleret
1399 256 1487 280 actus

423 293 606 334 personales
629 295 824 325 necessarios
847 296 986 325 sumenti
1009 296 1250 326 Eucharistiam.
1273 313 1296 317 —
1319 294 1412 325 Unde
1429 300 1487 324 stat

423 338 503 367 ratio
528 337 639 368 solida.

482 381 562 412 Tum
579 383 655 422 quia
670 383 733 413 hoc
750 383 845 413 etiam
856 384 959 413 verbis
972 384 1103 413 Domini
1120 389 1276 423 repugnat
1292 393 1366 413 cum
1382 383 1486 422 primo

423 425 551 456 tradidit
574 427 638 457 hoc
661 433 904 458 sacramentum.
940 428 1026 457 Dixit
1050 428 1153 463 enim,
1180 428 1322 467 Accipite
1345 431 1375 457 et
1398 436 1488 456 man-

424 470 539 500 ducate
554 471 587 500 *z
619 471 739 501 docens
762 481 819 512 per
842 472 904 502 hoc
935 471 1024 511 quod
1047 472 1107 501 illis
1130 477 1254 502 tantum
1279 477 1325 502 est
1348 471 1488 501 tribuen-
1514 487 1515 504 ι

424 513 502 544 dum
527 515 583 554 qui
606 521 751 555 possunt,
776 521 830 546 aut
853 521 1038 555 potuerunt,
1062 515 1255 546 manducare
1272 515 1487 555 corporaliter.

425 558 469 588 Ita
493 557 598 598 quod,
627 560 709 589 sicut
731 569 798 589 non
822 565 1023 599 regeneratur
1053 561 1210 600 baptismo
1242 560 1301 589 nisi
1326 559 1489 590 carnaliter

425 608 534 638 natus,
565 603 608 633 ita
631 613 698 633 non
722 604 859 633 sumitur
887 604 951 634 hoc
975 610 1210 634 sacramentum
1240 603 1300 634 nisi
1324 604 1489 634 carnaliter

424 646 664 677 manducatum.
700 647 741 677 Et
763 653 932 687 propterea
956 648 1076 684 infans,
1101 649 1157 688 qui
1185 657 1353 688 nunquam
1382 648 1488 687 potuit

424 700 484 721 nec
507 696 613 730 potest
635 691 828 721 manducare
853 692 1017 722 carnaliter
1040 702 1167 732 panem,
1192 693 1230 722 ab
1254 693 1325 732 ipso
1345 692 1488 722 Domino

425 734 604 765 excluditur
626 745 643 765 a
662 735 910 766 manducatione
926 737 1153 766 sacramentali.
1177 755 1201 758 —
1223 737 1312 766 Haec
1329 736 1367 766 de
1383 737 1487 766 tertio.

479 779 518 809 V.
543 779 661 816 Quoad
685 785 844 819 quartum,
865 790 904 810 an
929 781 1117 811 communio
1141 781 1200 810 sub
1224 786 1358 820 utraque
1382 781 1488 820 specie

425 823 600 853 necessaria
623 824 662 853 sit
693 825 843 854 omnibus
866 823 1014 854 fidelibus
1038 824 1151 855 adultis
1170 825 1201 860 *‚
1234 834 1271 854 ex
1295 825 1488 864 argumentis

424 867 456 896 in
480 867 639 907 principio
655 868 672 884 ³*
695 867 839 898 adductis
866 874 997 908 apparet
1024 878 1094 908 pars
1119 868 1303 898 affirmativa
1326 876 1409 898 vera.
1441 869 1489 898 Ex

424 920 485 941 usu
505 916 612 941 autem
627 911 788 941 Ecclesiae
805 917 997 942 monstratur
1013 912 1098 942 falsa.
1123 912 1164 942 Et
1179 913 1335 951 quoniam
1351 914 1489 943 maxima

423 954 470 984 vis
493 953 529 985 fit
552 955 585 985 in
609 964 703 995 saepe
731 955 821 985 dictis
847 956 951 985 verbis
975 956 1108 986 Domini
1131 956 1219 986 Ioan.
1243 965 1284 990 νι,
1312 955 1386 986 ideo
1414 958 1488 986 sub-

423 998 509 1028 tilius
533 998 729 1037 discutienda
754 1005 836 1029 sunt.

478 1042 519 1071 Et
542 1043 575 1071 in
598 1042 708 1081 primis
731 1042 920 1078 notandum,
945 1043 1027 1072 ultra
1043 1042 1124 1073 duos
1141 1042 1356 1073 manducandi
1372 1043 1488 1073 modos

423 1086 479 1125 qui
503 1091 740 1115 consueverunt
763 1086 913 1126 distingui
938 1087 1020 1116 circa
1043 1087 1107 1116 hoc
1131 1093 1376 1122 sacramentum,
1400 1087 1488 1117 inve-

422 1129 482 1159 niri
506 1130 605 1160 aliurn
628 1129 763 1160 modum
787 1130 1019 1165 manducandi,
1048 1140 1117 1160 non
1149 1135 1401 1166 sacramentum,
1434 1131 1489 1161 sed

423 1173 595 1204 Christum.
631 1174 676 1203 Ita
700 1173 789 1213 quod
821 1174 1037 1205 conficiuntur
1067 1179 1129 1204 tres
1155 1174 1246 1205 modi
1273 1174 1489 1215 manducandi

423 1217 603 1253 Christum,
636 1218 771 1248 scilicet:
804 1218 854 1248 vel
882 1219 1165 1255 sacramentaliter;
1198 1219 1249 1249 vel
1276 1219 1488 1259 spiritualiter,

422 1262 481 1292 sub
505 1267 702 1292 sacramento
727 1268 834 1292 tamen
857 1263 890 1292 in
914 1273 946 1293 re
971 1269 1025 1293 aut
1048 1264 1080 1293 in
1099 1269 1195 1299 voto;
1220 1263 1271 1293 vel
1295 1273 1375 1303 pure
1399 1263 1489 1304 spiri-

421 1306 556 1336 tualiter.
581 1306 622 1336 Et
645 1312 681 1336 ut
704 1306 818 1337 clarius
842 1307 1036 1347 percipiatur
1054 1307 1144 1347 quod
1163 1307 1310 1343 dicimus,
1328 1307 1489 1338 declaran-

422 1350 499 1381 dum
516 1361 554 1381 ex
570 1351 794 1381 convenientia
812 1357 844 1381 et
860 1350 1045 1387 differentia,
1063 1357 1094 1382 et
1113 1351 1228 1382 deinde
1243 1353 1261 1368 ⁴*
1285 1351 1489 1392 probandum

422 1405 459 1425 ex
482 1395 643 1435 Scriptura
667 1400 714 1425 est
738 1394 827 1435 quod
851 1395 997 1426 dicimus.

476 1438 684 1469 Conveniunt
714 1439 873 1479 siquidem
900 1439 933 1470 hi
956 1439 1022 1470 duo
1046 1440 1135 1470 modi
1158 1439 1373 1471 manducandi
1397 1440 1489 1471 Chri-

420 1489 506 1514 stum
522 1484 724 1523 spiritualiter
742 1485 775 1514 in
791 1484 854 1514 hoc
871 1483 960 1524 quod
979 1491 1114 1525 uterque
1133 1485 1226 1524 ponit
1241 1484 1489 1515 manducantem

421 1538 489 1559 esse
514 1527 632 1558 Christi
647 1529 830 1558 membrum
846 1529 966 1559 vivum.

476 1571 635 1603 Differunt
659 1578 767 1603 autem
790 1573 906 1612 primo,
931 1573 964 1603 in
987 1573 1051 1603 hoc
1075 1572 1165 1613 quod
1186 1573 1380 1603 manducare
1397 1573 1489 1603 Chri-

420 1622 506 1647 stum
530 1622 577 1647 est
600 1626 638 1647 ex
661 1626 721 1647 suo
737 1626 852 1657 genere
869 1616 1074 1647 manducatio
1091 1627 1171 1657 pure
1187 1617 1373 1657 spiritualis:
1398 1627 1489 1648 man-

421 1661 537 1692 ducare
581 1666 688 1691 autem
719 1661 922 1701 spiritualiter
953 1661 1117 1692 Christum
1148 1663 1181 1692 in
1213 1661 1411 1692 Eucharistia
1443 1667 1489 1692 est

420 1704 626 1736 manducatio
650 1705 774 1745 alligata
797 1705 836 1735 ad
859 1711 1094 1737 sacramentum
1117 1716 1151 1736 re
1174 1706 1225 1736 vel
1248 1711 1335 1736 voto.
1360 1706 1402 1737 Et
1424 1707 1488 1736 hoc

423 1749 554 1790 quidem
577 1754 708 1780 testatus
731 1755 778 1780 est
801 1750 925 1780 Auctor
947 1751 980 1780 in
1004 1750 1148 1781 secundo
1172 1751 1267 1781 huius
1291 1751 1488 1791 quaestionis

423 1794 566 1830 articulo,
583 1803 658 1824 cum
674 1793 769 1824 dixit:
789 1794 863 1824 Alio
881 1794 976 1825 modo
993 1795 1154 1836 contingit
1168 1795 1382 1835 spiritualiter
1397 1804 1488 1825 man-

421 1838 542 1869 ducare
560 1838 722 1868 Christum
740 1843 844 1878 prout
858 1844 905 1869 est
919 1838 977 1869 sub
992 1839 1155 1879 speciebus
1169 1839 1265 1870 huius
1279 1840 1485 1875 sacramenti,

423 1883 613 1924 inquantum
638 1882 761 1913 scilicet
790 1883 908 1923 aliquis
934 1883 1037 1914 credit
1059 1884 1091 1914 in
1118 1883 1281 1914 Christum
1311 1893 1382 1914 cum
1407 1883 1488 1914 desi-

422 1927 513 1958 derio
536 1926 683 1957 sumendi
704 1927 766 1957 hoc
787 1932 1024 1958 sacramentum
1037 1936 1048 1958 .·
1077 1928 1134 1958 ubi
1160 1927 1326 1958 manifeste
1357 1934 1488 1968 apparet

422 1971 618 2012 spiritualem
647 1970 930 2002 manducationem
961 1971 1178 2002 Eucharistiae
1213 1972 1360 2003 claudere
1390 1973 1424 2002 in
1454 1982 1487 2003 se

422 2015 568 2047 ordinem
591 2014 631 2045 ad
654 2021 899 2046 sacramentum.
928 2015 1135 2046 Manducatio
1160 2022 1268 2046 autem
1291 2015 1409 2047 Christi
1433 2017 1487 2046 ab-

422 2061 526 2091 solute
550 2059 640 2100 quod
663 2060 702 2089 sit
725 2069 763 2090 ex
779 2069 838 2090 suo
859 2069 976 2100 genere
998 2070 1079 2100 pure
1095 2060 1274 2100 spiritualis,
1291 2070 1329 2091 ex
1345 2070 1385 2091 eo
1401 2065 1489 2101 patet

423 2104 512 2146 quod
535 2103 721 2134 huiusmodi
737 2103 942 2135 manducatio
966 2105 1127 2135 terminari
1143 2110 1250 2145 potest
1273 2110 1305 2135 et
1328 2104 1367 2135 ad
1390 2105 1488 2136 deita-

421 2154 487 2180 tem
510 2147 689 2179 secundum
712 2158 762 2184 se,
794 2149 880 2179 iuxta
906 2148 986 2179 illud
1009 2149 1090 2179 Luc.·
1106 2158 1169 2179 xxn
1185 2150 1217 2185 *,
1245 2149 1320 2191 Ego
1351 2149 1487 2190 dispono

422 2194 519 2229 vobis,
543 2194 627 2224 sicut
648 2192 806 2233 disposuit
828 2193 906 2223 mihi
923 2193 1022 2223 Pater
1043 2203 1141 2229 meus,
1160 2203 1308 2235 regnum,
1334 2199 1370 2224 ut
1387 2194 1489 2225 edatis

422 2244 453 2269 et
475 2238 588 2268 bibatis
614 2247 711 2278 super
733 2247 875 2268 mensam
899 2247 1002 2268 meam
1030 2238 1062 2268 in
1088 2247 1191 2279 regno
1215 2247 1303 2273 meo,
1334 2238 1378 2268 ibi
1401 2239 1488 2269 enim

421 2282 510 2314 nulla
533 2283 591 2313 erit
613 2283 693 2312 ratio
717 2282 915 2318 sacramenti,
940 2280 994 2312 sed
1018 2291 1097 2322 pure
1114 2283 1316 2322 spiritualiter
1340 2282 1435 2313 edent
1459 2288 1490 2313 et

422 2328 532 2357 bibent
543 2327 650 2357 Deum
662 2327 755 2357 sicuti
768 2332 823 2363 est,
837 2327 919 2357 sicut
930 2327 999 2367 ipsa
1014 2326 1132 2357 Chn'sti
1148 2328 1254 2357 anima
1269 2327 1341 2358 Deo
1358 2327 1488 2364 fruitur3

423 2377 454 2402 et
477 2371 516 2402 ad
540 2370 713 2412 spiritualia
737 2370 822 2401 dona
844 2371 980 2411 gratiae,
1006 2371 1092 2401 iuxta
1115 2370 1195 2401 illud
1218 2371 1306 2402 Ioan.
1323 2381 1354 2401 ιν
1369 2372 1396 2407 *‚
1424 2371 1490 2408 Qui

421 2416 535 2447 biberit
557 2425 599 2446 ex
621 2424 707 2456 aqua
737 2424 833 2456 quam
857 2425 918 2457 ego
943 2415 1025 2445 dabo
1050 2415 1092 2451 ei,
1127 2425 1192 2446 non
1215 2416 1303 2446 sitiet
1325 2416 1357 2446 in
1385 2421 1489 2446 aeter-

424 2469 510 2496 num,
528 2465 588 2490 etc.

478 2505 519 2535 Et
541 2505 616 2535 hinc
640 2503 789 2534 differunt
804 2503 958 2539 secundo,
975 2504 1008 2534 in
1024 2504 1087 2534 hoc
1107 2503 1197 2544 quod
1212 2503 1405 2535 manducare
1424 2505 1488 2544 spi-

422 2549 574 2580 ritualiter
591 2548 755 2579 Christum
770 2548 829 2578 sub
845 2553 1045 2579 sacramento
1069 2549 1236 2589 proprium
1253 2553 1300 2579 est
1313 2549 1488 2579 viatoribus

422 2594 455 2624 in
478 2602 566 2624 novo
590 2592 798 2623 Testamento
823 2591 954 2623 adultis:
978 2592 1172 2623 manducare
1196 2598 1304 2623 autem
1327 2602 1407 2633 pure
1423 2593 1487 2633 spi-

422 2637 575 2668 ritualiter
598 2636 762 2667 Christum
781 2645 956 2667 commune
973 2641 1020 2667 est
1035 2637 1360 2677 comprehensoribus
1376 2642 1407 2668 et
1422 2638 1488 2667 via-

422 2682 555 2717 toribus,
580 2681 734 2720 scriptum
758 2685 805 2710 est
828 2681 915 2711 enim
933 2681 965 2716 ⁴⁹,
989 2681 1109 2711 Panem
1133 2681 1328 2723 angelorum
1351 2681 1487 2712 mandu-

423 2726 509 2757 cavit
530 2726 648 2762 homo;
671 2734 846 2755 commune
869 2734 1002 2766 quoque
1027 2730 1074 2755 est
1096 2726 1173 2755 novi
1197 2730 1228 2756 et
1246 2726 1360 2756 veteris
1375 2726 1488 2756 Testa-

422 2770 523 2801 menti
546 2770 645 2805 iustis‚
670 2769 823 2809 scriptum
848 2774 895 2799 est
918 2769 1004 2800 enirn
1019 2770 1036 2786 ⁴*
1060 2769 1150 2810 quod
1174 2779 1238 2800 non
1263 2770 1355 2800 aliud
1371 2779 1487 2801 nomen

422 2815 533 2846 datum
557 2819 604 2844 est
625 2813 682 2844 sub
706 2813 796 2844 caelo
821 2813 853 2843 in
870 2823 933 2854 quo
958 2818 1086 2854 oportet
1107 2814 1252 2844 homines
1265 2814 1376 2845 salvos
1387 2815 1489 2855 fieri;

424 2865 454 2890 et
478 2859 610 2890 demum
633 2867 808 2889 commune
833 2862 879 2888 est
901 2857 1077 2888 iustificatis
1105 2857 1278 2889 infantibus
1302 2859 1341 2889 et*
1357 2859 1487 2895 adultis,

423 2913 480 2945 per
502 2903 698 2944 baptismum
722 2903 808 2933 enim
833 2901 950 2933 Christi
973 2902 1116 2933 membra
1139 2903 1211 2933 viva
1234 2903 1330 2933 etiam
1353 2902 1489 2934 infantes

423 2948 515 2978 fiunt

478 2991 633 3022 Probatur
652 2996 759 3021 autem
783 2991 835 3021 hic
859 2989 975 3021 modus
1000 2990 1191 3022 comedendi
1211 2991 1375 3022 Christum
1398 2993 1488 3032 spiri-

422 3036 557 3074 tualiter,
578 3035 667 3076 quod
682 3045 749 3065 non
766 3035 804 3065 sit
820 3034 977 3066 confictus
994 3041 1048 3066 aut
1063 3036 1188 3066 noviter
1203 3036 1402 3072 adinventus,
1419 3042 1489 3067 tum

424 3090 461 3111 ex
485 3090 525 3111 eo
549 3079 638 3121 quod
662 3088 775 3110 omnes
798 3079 936 3110 fatemur
952 3079 1116 3110 Christum
1133 3090 1201 3111 esse
1217 3089 1335 3121 panem
1359 3081 1489 3121 angelo-

423 3133 496 3155 rum
520 3130 551 3155 et
573 3124 754 3155 hominum.
778 3142 800 3146 -
823 3123 911 3154 Tum
942 3133 979 3154 ex
1004 3133 1044 3155 eo
1075 3124 1166 3164 quod
1188 3124 1376 3155 huiusmodi
1399 3134 1489 3155 man-

425 3167 553 3199 ducatio
581 3169 695 3199 millies
725 3167 859 3198 habetur
887 3169 921 3198 in
952 3168 1129 3208 Scriptura:
1163 3174 1194 3199 et
1223 3169 1312 3200 nulla
1340 3174 1386 3199 est
1409 3170 1488 3199 ratio

425 3221 522 3253 quare
546 3221 613 3243 non
636 3212 737 3252 possit
758 3212 919 3242 terminari
943 3211 982 3242 ad
1001 3212 1175 3249 Christum,
1199 3213 1282 3243 sicut
1303 3213 1491 3244 terminatur

425 3256 465 3287 ad
495 3256 555 3287 alia
587 3261 618 3286 et
649 3255 794 3295 superius
821 3255 951 3286 inducta
980 3262 1011 3286 et
1034 3266 1116 3296 quae
1143 3263 1274 3297 possent
1303 3256 1429 3293 induci,
1454 3263 1490 3288 ut

426 3306 473 3331 est
495 3299 574 3331 illud
595 3299 748 3330 Proverb.
764 3309 796 3329 xx
811 3299 828 3315 ⁴*
851 3300 884 3329 in
907 3309 1046 3339 persona
1068 3299 1259 3340 Sapientiae,
1289 3300 1411 3337 Venite,
1435 3310 1489 3331 co-

425 3344 540 3375 medite
556 3353 677 3384 panem
700 3353 824 3378 meum,
858 3348 889 3373 et
916 3343 1010 3374 bibite
1039 3345 1149 3374 vinum
1177 3344 1264 3384 quod
1293 3344 1408 3375 miscui
1433 3354 1488 3375 νο-

427 3389 484 3425 bis,
502 3394 562 3419 etc.

479 3433 548 3464 Nec
564 3437 733 3473 propterea
749 3430 901 3471 arguendi
913 3437 987 3462 sunt
1003 3431 1151 3462 doctores
1166 3431 1418 3468 insufficientiae,
1432 3433 1489 3472 qui
1531 3441 1535 3443 “

426 3477 508 3508 duos
530 3482 655 3507 tantum
678 3475 794 3506 modos
826 3474 1040 3506 manducandi
1068 3475 1287 3506 distinxerunt.
1323 3475 1486 3513 Quoniam

1073 126 1336 174 QUAESTIO
1365 125 1527 171 LXXX,
1558 124 1852 163 ARTICULUS
1881 126 1947 162 ΧΠ

423 211 530 235 autem
554 204 650 245 exigit
671 207 936 246 cooperationem
955 208 1084 237 vitalem
1108 208 1176 237 eius
1200 208 1254 247 qui
1278 207 1431 242 nutritur;
1457 211 1487 235 et
1511 205 1514 213 ¹

1541 204 1580 234 de
1597 205 1702 235 modis
1718 205 1933 236 manducandi
1945 206 2109 237 Christum
2125 208 2184 237 sub
2198 214 2397 238 sacramento
2412 209 2603 239 tractabant:

1541 249 1617 279 tales
1642 255 1749 279 autem
1773 250 1862 280 modi
1885 259 1953 280 non
1977 257 2051 280 sunt
2073 251 2134 281 nisi
2158 251 2234 282 duo.
2259 252 2327 283 Nos
2343 259 2451 283 autem
2475 261 2512 283 ex
2528 253 2605 292 ipsis

1542 294 1636 323 sacris
1663 293 1848 324 doctoribus
1876 295 2087 334 apposuimus
2117 296 2204 326 hunc
2231 296 2329 326 alium
2353 296 2488 327 modum
2515 297 2605 336 spiri-

1541 337 1667 367 tualiter
1689 337 1914 374 manducandi,
1939 348 2006 369 non
2025 345 2269 375 sacramentum,
2293 339 2349 370 sed
2372 340 2546 376 Christum,
2570 345 2606 370 ut

1542 382 1615 411 hinc
1640 382 1805 412 clariorem
1829 382 2033 413 redderemus
2049 393 2179 414 sensum
2195 384 2359 424 Evangelii
2375 390 2406 415 et
2422 390 2605 429 sanctorum

1542 425 1724 456 doctorum.

1597 470 1650 500 VI.
1675 471 1733 500 His
1756 471 1864 510 itaque
1894 471 2090 511 praemissis,
2115 473 2251 502 uicimus
2278 471 2368 512 quod
2396 481 2494 513 saepe
2524 473 2607 503 dicta

1542 515 1674 545 Domini
1698 515 1802 549 v,erba
1827 515 1900 545 Nisi
1923 516 2195 546 manducaveritis
2218 525 2348 546 carnem
2371 517 2449 546 Filii
2466 517 2607 547 hominis

1542 565 1573 589 et
1595 559 1734 589 biberitis
1758 560 1827 589 eius
1845 560 2048 601 sanguinem,
2074 570 2137 590 non
2162 561 2314 591 habebitis
2333 560 2430 591 vitam
2454 561 2487 591 in
2508 561 2606 596 vobis,

1542 603 1764 643 intelliguntur
1785 603 1825 633 ad
1843 603 2042 634 litteram'de
2069 604 2324 634 manducatione·
2346 605 2500 644 spirituali
2515 604 2608 636 Chri-

1543 649 1590 683 sti,
1612 647 1822 677 abstrahendo
1847 653 1912 678 tam
1928 656 1946 678 a
1961 648 2210 679 manducatione
2233 649 2451 679 sacramentali
2474 658 2572 688 quam
2591 658 2609 678 a

1542 691 1790 722 manducatione
1814 692 1968 732 spirituali
1992 693 2179 722 sacramenti
2202 693 2235 722 in
2255 702 2288 723 re
2304 693 2355 723 vel
2370 693 2403 722 in
2420 698 2507 722 voto.
2532 693 2608 723 Pro-

1543 737 1700 776 baturque
1722 736 1903 776 tripliciter:
1933 737 2049 776 primo,
2074 746 2111 767 ex
2134 742 2222 767 textu
2246 736 2427 776 Evangelii;
2454 736 2608 772 secundo,

1543 790 1581 810 ex
1608 785 1761 810 contextu
1791 780 1934 811 eiusdem
1950 782 1984 817 ”;
2018 782 2122 817 tertio,
2147 781 2334 812 auctoritate
2358 780 2549 811 Sanctorum
2564 781 2609 811 fl.

1598 825 1719 854 Textus
1750 825 1782 854 in
1813 825 1922 864 primis
1955 826 2037 865 ipse,
2066 825 2144 855 dum
2176 825 2269 861 dicit,
2293 825 2366 855 Nisi
2398 825 2610 855 manducave-

1543 869 1627 904 ritis,
1661 878 1724 898 non
1755 869 1908 899 habebitis
1937 870 2034 900 vitam
2065 870 2097 900 in
2129 870 2233 905 vobis,
2258 868 2425 899 manifeste
2454 875 2612 900 monstrat

1543 912 1632 952 quod
1655 912 1694 943 de
1718 912 1770 942 illa
1790 913 2038 944 manducatione
2062 919 2094 944 et
2117 914 2274 944 bibitione>
2295 914 2440 953 loquitur
2462 914 2530 944 sine
2546 919 2611 954 qua

1542 966 1608 986 non
1633 962 1739 996 potest
1762 966 1830 987 esse
1853 958 1917 988 vita
1940 958 2109 997 spiritualis
2133 958 2166 988 in
2181 958 2286 988 nobis.
2311 957 2374 988 Sed
2390 958 2458 988 sola
2473 957 2613 988 mandu-

1543 1001 1626 1030 catio
1650 1001 1819 1040 spiritualis
1843 1001 1961 1031 Christi
1993 1007 2039 1032 est
2062 1002 2115 1032 illa
2145 1003 2213 1032 sine
2237 1008 2391 1042 qua‘non
2413 1007 2520 1042 potest
2543 1011 2611 1032 esse

1542 1044 1606 1073 vita
1629 1044 1661 1073 in
1685 1045 1789 1074 nobis.
1817 1045 1903 1084 Ergo
1927 1045 1967 1075 de
1989 1046 2058 1085 ipsa
2081 1046 2148 1076 sola
2171 1046 2315 1086 loquitur
2337 1051 2442 1076 textus
2464 1046 2610 1086 Evange-

1542 1087 1632 1117 licus.
1655 1105 1680 1110 —-
1702 1088 1806 1117 Maior
1828 1093 1876 1118 est
1897 1095 1976 1118 nota
1998 1099 2055 1129 per
2078 1099 2121 1119 se.
2144 1106 2169 1112 -
2191 1090 2299 1120 Minor
2321 1095 2446 1126 autem,
2477 1095 2611 1131 propter

1543 1131 1718 1161 dictionem
1741 1131 1944 1167 exclusivum,
1968 1133 2063 1163 habet
2084 1133 2164 1163 duas
2179 1138 2293 1173 partes.
2318 1133 2460 1164 Alteram
2475 1134 2612 1165 affirma-

1542 1176 1650 1210 tivam,
1668 1175 1806 1205 scilicet:
1830 1175 2044 1206 Manducatio
2060 1177 2239 1217 spiritualis
2257 1177 2378 1208 Christi
2398 1182 2448 1208 est
2461 1178 2520 1208 illa
2541 1179 2612 1209 sine

1543 1228 1606 1260 qua
1631 1229 1696 1249 non
1705 1229 1881 1259 possumus
1896 1220 2013 1251 habere
2029 1221 2137 1251 vitam.
2161 1219 2202 1251 Et
2217 1221 2296 1251 haec
2315 1222 2412 1252 etiam
2435 1228 2482 1252 est
2504 1231 2563 1262 per
2577 1231 2611 1253 se

1543 1269 1620 1294 nota
1643 1264 1892 1303 intelligentibus
1915 1265 2085 1295 terminos:
2119 1265 2275 1305 quoniam
2305 1265 2498 1296 manducare
2520 1266 2612 1306 spiri*

1543 1308 1669 1338 tualiter
1685 1307 1849 1338 Christum
1865 1307 1912 1338 est
1928 1317 1996 1339 esse
2012 1308 2130 1339 Christi
2145 1310 2328 1339 membrum
2343 1310 2468 1346 vivum3
2488 1314 2613 1340 constat

1544 1353 1630 1382 enim
1655 1351 1754 1392 quod,
1771 1353 1831 1382 nisi
1848 1353 1946 1383 simus
1964 1352 2082 1383 Christi
2097 1354 2241 1384 membra
2255 1354 2338 1388 viva,
2354 1363 2423 1384 non
2437 1362 2612 1394 possumus

1543 1397 1660 1427 habere
1676 1397 1773 1426 vitam
1789 1397 1917 1436 spiritus
1933 1398 1965 1427 in
1981 1398 2085 1427 nobis.
2110 1397 2252 1429 Alteram
2267 1398 2458 1438 negativam,
2473 1398 2611 1429 sciliceta

1544 1441 1646 1471 Nulla
1669 1441 1736 1471 alia
1760 1440 1968 1471 manducatio
1992 1446 2040 1472 est
2060 1441 2130 1472 sine
2145 1451 2209 1482 qua
2233 1451 2298 1473 non
2315 1447 2363 1473 est
2377 1442 2444 1472 vita
2458 1442 2492 1472 in
2509 1442 2613 1474 nobiss

1543 1486 1584 1516 Et
1607 1485 1686 1515 haec
1709 1485 1862 1525 probatur
1885 1495 1924 1515 ex
1940 1495 1980 1516 eo
1997 1486 2087 1526 quod
2109 1491 2175 1517 tam
2198 1488 2267 1518 sine
2290 1486 2540 1518 manducatione
2562 1496 2612 1517 sa·-

1543 1529 1738 1566 cramentali,
1763 1538 1860 1569 quam
1883 1530 1952 1560 sine
1974 1530 2223 1563 manducatione
2246 1531 2401 1571 spirituali
2422 1530 2612 1562 sacramenti

1542 1574 1638 1604 huius
1661 1574 1694 1603 in
1717 1583 1751 1604 re
1774 1573 1825 1603 vel
1849 1574 1882 1603 in
1905 1579 2001 1610 voto,-
2029 1579 2137 1615 potest
2158 1584 2228 1606 esse
2251 1581 2283 1606 et
2306 1575 2346 1606 de
2369 1574 2455 1606 facto
2478 1580 2526 1605 est
2547 1575 2612 1606 vita

1542 1619 1576 1649 in
1598 1618 1708 1648 nobis:
1735 1623 1770 1648 ut
1792 1623 1924 1648 testatur
1945 1619 2011 1649 vita
2020 1618 2205 1650 -rinfantium
2222 1620 2471 1660 baptizatorum,
2492 1619 2612 1659 quibus

2637 786 2648 795 '
2661 784 2732 806 Num.
2746 790 2786 806 vu.

2638 813 2659 822 '¹'
2674 810 2745 834 Num.
2759 817 2825 841 vm.¹
2849 830 2856 836 ,
2887 817 2891 820 ·

1542 1662 1674 1693 firmiter
1698 1661 1856 1692 credimus
1880 1662 2045 1702 baptisma
2059 1663 2176 1700 solum,
2201 1664 2322 1704 absque
2345 1664 2454 1704 aliquo
2478 1662 2541 1694 alio'
2559 1671 2612 1695 sa·v
2638 1688 2640 1691 ⁴

1543 1713 1718 1742 eramento,
1735 1706 1880 1737 sufficere
1899 1706 1940 1737 ad
1955 1708 2053 1738 vitam
2069 1714 2240 1739 aeternam.
2256 1726 2280 1731 —
2302 1709 2319 1725 θ
2334 1708 2376 1739 Et
2390 1708 2467 1739 hinc
2480 1714 2612 1748 apparet

1543 1751 1633 1791 quod
1655 1751 1742 1782 idem
1758 1751 1797 1781 sit
1813 1750 1918 1782 dicere
1942 1752 2021 1782 haec
2041 1752 2175 1783 Domini
2197 1753 2294 1784 verba
2316 1752 2507 1792 intelligi-de
2519 1755 2611 1784 man-

1543 1795 1715 1826 ducatione
1739 1792 1959 1826 sacramentali
1981 1796 2032 1827 vel
2056 1797 2211 1838 spirituali
2233 1797 2334 1837 ipsius
2358 1797 2561 1831 sacramenti..
2570 1800 2612 1828 et

1543 1839 1648 1871 dicere
1678 1839 1769 1880 quod
1800 1840 1977 1880 baptismus
2000 1850 2068 1871 non
2092 1840 2208 1872 sufficit
2231 1841 2270 1871 ad
2292 1842 2391 1872 vitam
2415 1839 2611 1898 spiritualem

1542 1886 1575 1915 in
1599 1885 1693 1915 nobis
1717 1884 1907 1915 habendam.

1597 1929 1666 1959 Nec
1682 1929 1760 1959 mihi
1785 1929 1898 1968 aliquis
1921 1934 2069 1959 occurrat
2091 1929 2228 1960 dicendo
2253 1929 2342 1970 quod
2365 1930 2543 1969 baptismus
2557 1908 2612 1960 ha-

1543 1975 1596 2004 bet
1612 1982 1773 2004 annexum
1791 1978 1906 2003 votum
1922 1974 2110 2004 sacramenti
2126 1973 2352 2004 Eucharistiae.
2372 1973 2540 2011 Quoniam
2550 1971 2612 2005 hus

1542 2017 1683 2048 iusmodi
1700 2017 1866 2053 sententia,
1883 2026 1959 2048 cum
1974 2018 2008 2048 in
2024 2018 2118 2048 sacris
2136 2018 2297 2049 invenitur
2313 2017 2500 2048 doctoribus
2513 2019 2612 2054 *,·ve·

1543 2062 1725 2093 nerabiliter
1747 2061 1950 2101 suscipienda
1973 2066 2029 2097 est,
2053 2061 2087 2092 in
2110 2071 2171 2092 suo
2194 2067 2303 2093 tamen
2322 2061 2450 2104 ordinet
2473 2063 2538 2093 hoc
2553 2067 2610 2099 esu,

1543 2112 1579 2137 ut
1602 2105 1762 2146 adaptatio
1787 2105 1964 2146 quaedam;
1997 2111 2028 2136 et
2049 2115 2118 2136 non
2144 2110 2180 2136 ut
2202 2105 2277 2137 inde
2308 2111 2532 2147 argumentum
2556 2115 2611 2141 su}

1543 2156 1648 2181 matur
1667 2149 1777 2180 efficax
1794 2149 1833 2181 ad
1849 2149 2038 2180 firmandam
2054 2150 2219 2181 veritatem
2236 2158 2349 2183 eorum
2366 2157 2451 2191 quae
2462 2149 2497 2181 in
2514 2158 2611 2191 quae-

1544 2196 1647 2226 stione
1671 2194 1746 2225 fidei
1769 2199 1943 2225 versantur.
1973 2193 2163 2225 Secundum
2186 2195 2533 2236 namqueveritatem,
2552 2196 2611 2230 bui

1543 2240 1679 2280 ptismus
1710 2248 1748 2270 ex
1782 2247 1815 2269 se
1847 2239 1918 2269 solo
1949 2238 2066 2269 sufficit
2095 2237 2136 2269 ad
2158 2239 2256 2270 vitam
2280 2244 2458 2275 aeternam,
2489 2245 2522 2270 et
2542 2246 2612 2271 non

1543 2283 1704 2315 mendicat
1726 2283 1790 2314 hoc
1814 2292 1852 2313 ex
1876 2283 1986 2323 aliquo
2010 2292 2136 2313 annexo
2159 2288 2237 2314 voto
2261 2283 2390 2314 alterius
2413 2284 2611 2315 sacramenti.

1543 2329 1575 2359 Si
1600 2328 1687 2358 enim
1710 2328 1774 2358 hoc
1798 2337 1836 2358 ex
1860 2336 1985 2358 annexo
2009 2333 2087 2358 voto
2110 2328 2251 2364 haberet,
2273 2337 2342 2358 non
2360 2329 2422 2368 ipsi
2440 2326 2611 2368 baptismo,

1543 2372 1599 2403 sed
1622 2372 1667 2402 illi
1691 2372 1779 2402 alteri
1803 2376 2002 2402 sacramento
2020 2370 2192 2402 infantium
2208 2372 2450 2412 baptizatorum
2467 2372 2612 2403 salusa-²

1543 2417 1735 2448 tribueretur
1758 2421 1790 2446 et
1812 2415 2013 2446 attribuenda
2035 2421 2137 2446 esset:
2170 2425 2245 2447 cum
2271 2421 2380 2447 tamen
2410 2425 2477 2447 non
2505 2414 2612 2448 solun

1543 2461 1686 2491 Ecclesia
1716 2460 1902 2491 universalis
1933 2469 2008 2490 cum
2039 2461 2156 2490 sanctis
2187 2460 2392 2497 doctoribus,
2424 2460 2480 2491 sed
2514 2459 2611 2496 etim

1543 2506 1704 2536 Dominus
1726 2505 1795 2544 ipse
1818 2504 1978 2544 baptismo
2002 2505 2150 2535 attribuat
2172 2505 2270 2536 vitam
2294 2505 2439 2546 spiritus;
2466 2510 2502 2535 ut
2523 2511 2612 2546 patet

1543 2550 1630 2580 Ioan.
1647 2559 1691 2586 ιιι,
1716 2549 1782 2584 ubi,
1806 2557 1882 2579 cum
1905 2548 2033 2579 dixisset
2055 2547 2237 2579 Nicodemo
2253 2550 2280 2586 ⁸⁹,
2304 2549 2377 2580 Nisi
2391 2549 2464 2590 quis
2479 2555 2612 2582 renatus

1532 2594 1644 2636 fuerit
1666 2603 1708 2624 ex
1730 2602 1816 2633 aqua
1840 2598 1871 2623 et
1893 2592 2026 2633 Spiritu,
2051 2602 2117 2623 non
2135 2598 2245 2633 potest
2267 2593 2406 2624 introire
2422 2594 2454 2624 in
2472 2592 2609 2635 regnum

1541 2638 1621 2674 Dei,
1651 2637 1755 2668 statim
1788 2636 1928 2667 subdidit
1959 2636 2109 2668 effectum
2140 2638 2235 2668 huius
2265 2638 2515 2678 regenerationis
2540 2647 2611 2669 esse

1541 2683 1639 2712 vitam
1655 2682 1792 2722 spiritus,
1805 2681 1914 2712 dicens
1925 2682 1952 2718 ⁶,
1972 2681 2069 2718 Quod
2084 2686 2195 2712 natum
2211 2687 2259 2713 est
2273 2692 2315 2713 ex
2330 2691 2438 2718 carne,
2451 2689 2530 2713 caro
2545 2680 2613 2720 est&

1542 2732 1574 2757 et
1587 2726 1674 2767 quod
1689 2731 1801 2757 natum
1817 2731 1864 2756 est
1879 2735 1921 2756 ex
1935 2725 2069 2766 Spiritu,
2085 2726 2219 2766 spiritus
2233 2731 2290 2757 est.
2308 2744 2333 2750 -
2347 2727 2388 2758 Et
2403 2723 2611 2758 confirmetur

1542 2772 1616 2802 hoc.
1641 2770 1726 2808 Quia
1749 2771 1783 2801 in
1806 2769 1892 2801 idem
1914 2770 1995 2800 redit
2018 2770 2124 2801 dicere
2146 2771 2343 2811 baptismum
2366 2770 2440 2801 dare
2457 2771 2554 2801 vitam
2571 2778 2610 2802 ex

1542 2821 1620 2846 voto
1640 2815 1767 2845 alterius
1783 2815 1980 2850 sacramenti,
2004 2819 2036 2845 et
2051 2814 2157 2845 dicere
2172 2815 2367 2855 baptismum
2382 2823 2450 2845 non
2465 2814 2610 2845 sufficere

1543 2859 1583 2890 ad
1605 2860 1720 2890 vitam:
1752 2864 1784 2889 et
1805 2859 1888 2895 hoc,
1913 2859 1938 2889 si
1962 2860 2093 2900 proprie
2116 2864 2147 2890 et
2170 2859 2346 2890 formaliter
2367 2859 2550 2899 loquimur,
2574 2865 2610 2890 ut

1542 2904 1635 2944 loqui
1658 2903 1814 2934 debemus
1837 2908 1868 2934 et
1892 2903 2072 2944 scripturae
2094 2903 2320 2944 intelligendae
2343 2908 2427 2933 sunt.
2463 2924 2466 2925 ν

1598 2948 1687 2978 Patet
1711 2952 1819 2978 autem
1841 2956 1910 2978 non
1933 2947 2055 2978 intendi
2071 2957 2089 2978 a
2103 2949 2198 2978 sacris
2219 2947 2419 2978 doctoribus>
2427 2955 2485 2986 per
2498 2947 2609 2978 huius-

1543 2992 1633 3023 modi
1656 2991 1894 3032 adaptationem
1917 2992 2112 3032 baptismum
2136 2992 2252 3022 habere
2273 2991 2307 3022 in
2322 2996 2400 3021 voto
2416 2990 2609 3022 manducare

1545 3046 1673 3068 carnem
1697 3036 1768 3067 Filii
1792 3036 1932 3066 hominis
1956 3040 1988 3066 et
2009 3036 2118 3067 bibere
2145 3036 2214 3066 eius
2241 3035 2429 3075 sanguinem
2451 3035 2485 3065 in
2508 3044 2610 3066 sacra-

1544 3086 1666 3117 mento,
1691 3090 1728 3111 ex
1744 3081 1808 3111 hoc
1831 3079 1921 3120 quod
1943 3080 2005 3119 ipsi
2024 3081 2104 3111 sacri
2120 3079 2267 3110 doctores
2290 3084 2400 3109 tenent
2423 3079 2610 3110 huiusmodi

1543 3131 1658 3156 votum
1688 3134 1756 3155 non
1787 3133 1855 3155 esse
1885 3123 1925 3154 de
1947 3124 2134 3154 necessitate
2157 3123 2275 3154 salutis.
2311 3122 2477 3161 Quoniam
2499 3129 2610 3155 tenent

1545 3169 1634 3210 quod
1658 3162 1898 3199 communicare
1920 3168 1980 3198 sub
1995 3172 2130 3208 utraque
2146 3167 2252 3208 specie
2275 3176 2343 3198 non
2366 3172 2413 3197 est
2436 3166 2476 3198 de
2498 3176 2610 3198 neces-

1544 3214 1634 3244 sitate
1655 3213 1774 3243 salutis.
1799 3212 1902 3243 Cuius
1924 3212 2112 3254 oppositum
2131 3216 2214 3242 esset
2227 3220 2340 3242 verum
2359 3212 2385 3242 si
2400 3212 2434 3242 in
2449 3211 2608 3252 baptismo

1543 3257 1789 3288 manducaretur
1811 3255 2013 3296 spiritualiter
2034 3257 2125 3295 panis
2140 3255 2373 3286 sacramentalis
2397 3261 2428 3286 et
2450 3256 2611 3287 biberetur

1543 3301 1746 3342 spiritualiter
1761 3300 1888 3340 sanguis
1904 3300 2153 3331 sacramentalis·
2177 3308 2253 3330 nam
2269 3299 2359 3340 quod
2374 3305 2452 3330 tunc
2467 3299 2504 3330 fit
2518 3306 2607 3336 voto,

1542 3353 1674 3376 necesse
1705 3349 1752 3375 est
1781 3349 1893 3384 postea
1927 3344 2041 3383 exequi
2072 3345 2105 3375 in
2136 3353 2188 3380 re,
2223 3343 2354 3384 quando
2386 3345 2610 3384 opportunitas

1543 3389 1653 3419 aderit.

1599 3432 1666 3463 Stat
1690 3441 1765 3472 ergo
1789 3431 1891 3462 solida
1913 3430 2045 3462 fundata
2068 3433 2147 3463 ratio
2172 3441 2267 3474 super
2290 3437 2378 3463 textu
2401 3432 2607 3472 Evangelieo.

1543 3477 1599 3516 qui
1623 3481 1670 3506 est
1695 3476 1746 3506 lex
1772 3475 2006 3516 generalissima
2038 3485 2055 3506 a
2078 3476 2207 3507 Christo
2235 3477 2455 3517 promulgata,
2485 3480 2521 3507 e't·
2540 3475 2607 3507 non

2640 1712 2649 1721 ‘
2663 1709 2696 1732 Et
2711 1709 2790 1732 hinc...
2806 1709 2853 1732 ha-

2638 1736 2737 1777 eum
2746 1742 2798 1778 νυν
2809 1736 2850 1770 2--

2635 1935 2686 1951 ‚ux
2705 1923 2758 1950 ‚min
2783 1932 2819 1951 ,τά
2841 1933 2850 1941 ·

2639 2020 2700 2043 Ὀἱ
2710 2024 2754 2043 ιη.
2764 2027 2796 2047 u:
2843 2036 2853 2043 .

2638 2051 2810 2076 numanam
2832 2055 2854 2071 ι.

2638 2553 2764 2582 ‘verm-r„

2637 2687 2647 2696 ·
2662 2684 2728 2707 vm.
2743 2684 2766 2707 6.
