2918 4088
159 282 175 311 ἴ
353 283 411 320 An
429 295 617 321 SECUNDUM
632 283 644 309 ζ
662 296 842 323 D1cENDUM
861 287 968 335 quod
986 287 1102 334 gratia
1120 287 1192 324 Dei
1210 294 1266 323 est
1284 287 1359 323 suf-

299 334 431 372 ficiens
450 346 566 373 causa
593 337 786 375 humanae
808 338 947 375 salutis.
978 339 1054 376 Sed
1073 340 1179 376 Deus
1207 339 1271 375 dat
1289 339 1358 374 ho—

299 386 468 424 minibus
502 388 662 436 gratiam
689 391 904 428 secundum
940 391 1102 428 modurn
1137 390 1190 427 eis
1218 402 1358 427 conve-

298 438 479 477 nientem.
509 441 558 477 Et
584 440 672 478 ideo
699 443 911 480 necessaria
938 451 1025 480 sunt
1053 442 1275 479 hominibus
1303 455 1357 480 sa-

298 499 492 529 cramenta
519 493 568 530 ad
595 494 754 541 gratiam
781 495 1095 544 consequendam
1113 494 1144 530 ²⁸⁶.

350 545 408 581 An
435 556 593 583 TERTmM
619 559 800 584 mcENnUM
837 547 944 596 quod
979 546 1106 596 passio
1135 546 1274 583 Christi
1303 554 1358 584 est

297 607 412 634 causa
440 597 633 635 sufficiens
670 600 865 636 humanae
899 599 1039 636 salutis.
1081 599 1166 635 Nec
1201 607 1358 648 propter

62 492 73 503 ·
86 491 114 513 D.
128 490 178 519 982.

348 710 374 742 ζ)
391 712 436 736 Aa
452 713 606 738 secundum.
623 726 644 731 -
661 712 787 737 Ordinem
806 713 965 738 solutionum
978 713 1022 738 Ad
1039 713 1184 738 secundum
1203 718 1229 738 et
1240 714 1284 738 Aa
1302 717 1354 738 ter-

295 746 361 771 tium
380 747 509 773 invertunt
526 755 618 772 omnes
638 752 740 780 praeter
758 747 787 772 Ρ.

354 913 461 934 nunus
494 904 606 934 clarus.
636 921 659 926 —
689 904 724 934 ln
755 913 890 944 corpore
922 914 986 934 una
1019 904 1203 934 conclusio:
1237 904 1355 935 Sacra-

297 915 461 978 Tmenta
482 953 558 978 sunt
580 948 761 979 necessaria
781 948 824 979 ad
842 948 1016 979 humanam
1038 949 1184 979 salutem.
1218 948 1258 978 Et
1280 958 1355 988 pro-

294 992 387 1022 batur
408 991 582 1032 tripliciter.

348 1035 412 1066 Ubi
441 1040 519 1066 nota
551 1035 628 1066 duo.
661 1036 814 1072 Primum,
839 1035 928 1076 quod
950 1045 1017 1066 non
1042 1041 1088 1066 est
1110 1036 1162 1066 hic
1186 1045 1291 1066 sermo
1315 1035 1354 1066 de

293 1079 472 1109 necessario
496 1078 536 1110 ad
558 1080 733 1110 humanam
761 1080 896 1110 salutem
923 1081 990 1110 sine
1019 1089 1085 1120 quo
1108 1089 1176 1110 non
1199 1081 1355 1120 potuisset

292 1123 394 1153 homo
427 1123 556 1154 salvari:
589 1123 646 1154 sed
669 1123 708 1154 de
733 1124 911 1154 necessario
944 1124 1012 1154 sine
1044 1133 1110 1164 quo
1140 1133 1208 1154 non
1236 1133 1354 1154 conve-

292 1167 416 1197 nienter
438 1167 578 1198 humana
610 1167 694 1198 salus
725 1167 846 1198 fuisset.
881 1167 916 1198 In
939 1168 1030 1199 cuius
1060 1168 1197 1207 signum,
1220 1168 1353 1204 Auctor,

379 1616 384 1626 ·
427 1625 451 1647 a:
474 1620 478 1627 ff
502 1609 525 1633 D
544 1608 734 1633 SECUNDUM
752 1607 804 1632 S1c
819 1606 1054 1632 PROCEDITUR
1070 1594 1231 1631 Videtur
1246 1594 1353 1643 quod

655 1655 858 1697 peccatum
884 1646 1023 1706 fuerint
1046 1646 1196 1683 1101111111
1223 1658 1353 1683 neces-

122 1831 171 1850 m
262 1806 342 1845 ad
368 1806 527 1855 gratiam
561 1805 886 1855 consequendam.
925 1805 1002 1842 Sed
1037 1804 1151 1841 etiam
1187 1804 1227 1841 in
1255 1811 1352 1841 statu

291 1858 531 1897 innocentiae
551 1859 672 1896 homo
692 1858 883 1906 indigebat
901 1857 1034 1906 gratia:
1055 1857 1151 1894 sicut
1165 1856 1203 1893 in
1223 1856 1354 1894 Prima

72 1952 83 1955 ,,
109 1944 117 1953 .
129 1907 265 1953 ”effi-k
291 1905 402 1951 Parte
415 1911 436 1933 *
453 1904 630 1949 habitum
649 1919 714 1948 est.
736 1912 837 1959 Ergo
852 1910 968 1948 etiam
986 1909 1026 1947 in
1046 1918 1144 1970 statu
1162 1909 1226 1947 illo
1246 1917 1353 1946 erant

38 1959 65 2008 5³:
76 1959 256 2012 *25¹⁹*
194 1985 238 2005 m
243 1972 263 2006 ,ζ
290 1964 502 2005 necessaria
529 1971 776 2001 sacramenta.

42 2016 61 2022 ”
150 2019 167 2055 β
345 2029 380 2054 2.
410 2018 640 2064 PRAETEREA,
661 2023 897 2054 sacramenta
924 2023 1013 2052 sunt
1044 2014 1310 2052 convenientia
1337 2014 1352 2044 fl

290 2069 441 2107 homini
468 2070 681 2107 secundum
713 2068 974 2106 conditionem
1009 2069 1204 2105 humanae
1241 2075 1351 2104 natu-

290 2134 373 2171 rae,
402 2122 498 2160 sicut
525 2122 670 2160 dictum
698 2130 753 2159 est
780 2122 810 2159 ²¹⁶.
851 2121 926 2159 Sed
954 2121 1091 2158 eadem
1127 2128 1182 2157 est
1215 2129 1351 2157 natura

290 2175 458 2214 hominis
485 2183 572 2213 ante
596 2183 798 2225 peccatum
826 2182 862 2211 et
888 2181 975 2223 post
1001 2181 1214 2223 peccatum.
1249 2174 1350 2221 Ergo

288 2227 441 2266 videtur
458 2228 566 2278 quod
593 2235 679 2265 ante
697 2235 899 2277 peccatum
926 2228 1048 2263 homo
1073 2226 1275 2275 indiguerit
1293 2238 1349 2262 sa-

289 2280 502 2321 eramentis.

344 2333 379 2371 3.
407 2334 640 2380 Pmrnm,
660 2332 950 2370 matrimonium
978 2339 1033 2368 est
1065 2332 1264 2381 quoddam
1292 2343 1348 2368 sa-

289 2394 546 2424 cramentum:
564 2386 779 2423 secundum
793 2385 886 2422 illud
899 2386 1031 2435 Ephes.
1043 2397 1067 2422 v
1077 2385 1113 2421 ²¹⁶:
1130 2386 1348 2422 Sacramen-

287 2445 366 2477 tum
390 2440 461 2477 hoc
471 2450 670 2489 'magnum
693 2445 764 2475 est:
791 2450 863 2488 ego
890 2444 1012 2475 autem
1037 2438 1118 2474 dico
1144 2439 1181 2473 in
1205 2438 1349 2474 Christo

289 2497 323 2529 et
339 2493 516 2530 Ecclesia.
538 2492 615 2530 Sed
634 2491 924 2529 matrimonium
942 2490 1012 2528 fuit
1030 2490 1243 2527 institutum
1262 2497 1348 2526 ante

288 2552 502 2594 peccatum,
528 2553 571 2582 ut
597 2544 735 2582 dicitur
765 2544 856 2581 Gen.
877 2556 899 2580 11
916 2543 947 2580 *.
983 2544 1085 2591 Ergo
1113 2550 1349 2580 sacramenta

289 2605 396 2647 erant
422 2597 634 2634 necessaria
661 2596 810 2634 homini
837 2604 924 2634 ante
950 2603 1163 2645 peccatum.

343 2650 417 2688 SED
436 2662 581 2687 CONTRA
599 2661 664 2687 EST
692 2649 799 2698 quod
825 2648 1017 2686 medicina
1035 2661 1115 2685 non
1143 2656 1198 2685 est
1221 2660 1348 2684 neces-

289 2702 387 2740 saria
414 2702 486 2740 nisi
520 2709 692 2750 aegroto:
729 2702 942 2739 secundum
973 2701 1066 2738 illud
1101 2701 1236 2738 Matth.
1257 2713 1292 2737 111
1309 2700 1346 2738 *ε

287 2756 378 2793 Non
408 2762 458 2792 est
477 2767 567 2805 opus
588 2756 688 2792 sanis·
706 2754 878 2791 medicus.
909 2754 986 2791 Sed
1005 2761 1242 2791 sacramenta
1260 2761 1349 2797 sunt

288 2808 482 2858 quaedam
509 2807 720 2857 spirituales
747 2806 971 2853 medicinae,
992 2818 1091 2855 quae
1119 2806 1349 2843 adhibentur

287 2869 420 2899 contra
446 2862 607 2898 vulnera
624 2859 779 2909 peccati.
809 2859 910 2907 Ergo
938 2871 1019 2896 non
1040 2859 1193 2895 fuerunt
1219 2870 1347 2895 neces-

287 2913 386 2953 saria
411 2921 498 2951 ante
525 2920 738 2963 peccatum.

145 2964 163 2990 Υ
340 2967 564 3004 ΚΕεΡοΝυεο
578 2977 759 3003 chnNDUM
778 2964 885 3014 quod
904 2963 943 3001 in
962 2971 1059 3000 statu
1078 2963 1317 3000 innocentiae
1331 2969 1346 2992 Υ

286 3026 524 3058 sacramenta
549 3018 761 3056 necessaria
788 3029 868 3054 non
902 3016 1064 3053 fuerunt.
1104 3015 1224 3053 Cuius
1252 3016 1346 3054 ratio

287 3071 407 3122 accipi
433 3079 557 3122 potest
584 3083 631 3109 ex
658 3070 880 3108 rectitudine
909 3077 1026 3107 status
1052 3068 1169 3116 illius,
1199 3068 1239 3105 in
1266 3081 1345 3118 quo

35 2118 66 2159 f*
75 2120 129 2150 Cn.
143 2133 164 2150 ι.

26 2375 64 2424 J·
70 2383 143 2409 -Ἶσι
155 2391 190 2415 3²·

34 2564 38 2571 ,
44 2542 65 2556 “·
74 2542 142 2567 ναι.
150 2548 177 2566 a:
191 2549 263 2573 sqq.-

35 2574 42 2581 ·’
49 2568 188 2596 W'1m.
209 2574 261 2598 οιρ.

98 2599 262 2652 '‘3522ssae

30 2704 211 2729 fvnnz-
223 2705 260 2728 ef.

26 2746 27 2751 ,
102 2737 260 2781 oepwnveru

16 2757 159 2814 =gn³n
173 2763 224 2788 “p
237 2765 260 2786 ν’

339 3201 368 3235 α)
386 3205 459 3227 ante.
475 3216 495 3220 -
512 3201 593 3227 etiam
612 3205 675 3226 ante
693 3201 775 3226 tertia.

339 3236 574 3271 [beomeniemia.
592 3251 612 3256 -
629 3236 778 3262 necessaria
796 3237 869 3261 tertia
886 3241 988 3269 praeter
1008 3236 1025 3260 1.

266 3402 273 3409 ·
347 3405 455 3426 1‘rULus
485 3395 596 3426 clarus.
620 3413 643 3418 —
666 3395 701 3426 In
732 3404 868 3435 corpore
890 3404 955 3425 una
978 3394 1164 3425 conclusio:
1196 3393 1235 3423 In
1258 3398 1344 3425 statu

290 3407 550 3478 Tinnocentiae
571 3439 667 3470 homo
690 3439 900 3470 sacramentis
916 3448 980 3470 non
998 3438 1180 3480 indigebat,
1205 3447 1263 3468 nec
1278 3448 1343 3478 pro

289 3482 428 3514 remedio
456 3483 592 3524 peccati,
619 3493 676 3514 nec
690 3493 757 3524 pro
779 3483 983 3525 perfectione
1009 3482 1147 3513 animae.
1180 3481 1344 3512 Probatur.

1001 209 1264 255 QUAESTIO
1293 209 1397 256 LXI,
1426 208 1716 247 ARTICULUS
1745 211 1775 247 ΙΙ

2425 214 2466 249 15

1413 287 1488 322 hoc
1515 286 1687 334 sequitur
1705 288 1810 336 quod
1839 296 2074 325 sacramenta
2093 301 2172 326 non
2200 289 2273 325 sint
2300 302 2468 327 necessa-

1413 338 1467 374 ria
1486 338 1533 374 ad
1562 339 1775 376 humanam
1795 341 1973 377 salutem:
2003 341 2093 389 quia
2112 349 2318 389 operantur
2336 342 2375 378 in
2394 343 2467 379 vir-

1412 398 1490 427 tute
1518 390 1705 439 passionis
1735 391 1885 437 Christi,
1906 400 1942 428 et
1968 392 2094 441 passio
2115 393 2252 429 Christi
2280 394 2467 442 quodam-

1411 443 1530 479 modo
1558 443 1769 491 applicatur
1795 444 2017 481 hominibus
2044 457 2113 493 per
2140 453 2384 491 sacramenta,
2409 459 2465 482 se-

1410 495 1585 532 cundum
1613 495 1706 532 illud
1733 497 1906 544 Apostoli
1925 502 1954 543 η,
1974 498 2085 533 Rom.
2112 509 2146 533 Vl
2164 497 2203 534 *ε
2239 499 2468 546 Quicumque

1410 549 1582 596 baptizati
1611 560 1737 584 sumus
1773 550 1810 584 in
1843 550 1986 585 Christo
2014 550 2117 595 Iesu,
2146 551 2183 586 in
2212 556 2331 586 morte
2357 552 2467 599 ipsius

1410 601 1582 648 baptizati
1604 612 1741 637 sumus.

1462 713 1489 746 η)
1508 714 1638 746 Apostoli.
1655 728 1675 733 —
1693 715 1754 740 Om.
1773 715 1815 740 l-la
1833 720 1859 740 et
1879 715 2013 741 editiones.

967 825 1300 870 Commenta-ia
1322 826 1572 859 Cardinalis
1595 826 1795 859 Caietam

1408 911 1473 936 tam
1488 906 1522 935 in
1536 906 1638 946 prima
1661 915 1759 946 quam
1782 907 1921 937 secunda
1944 908 2076 944 ratione,
2093 910 2348 940 convenientiam
2371 910 2466 941 infert

1408 955 1689 980 sacramentorum.

1463 993 1623 1030 Secundo,
1647 999 1724 1024 nota
1756 993 1964 1025 differentiam
1996 996 2077 1026 inter
2108 996 2283 1027 Auctorem
2311 1002 2342 1027 et
2365 998 2463 1038 Magi-

1408 1042 1507 1067 strum
1531 1037 1781 1074 Sententiarum,
1804 1039 1838 1068 in
1861 1049 1872 1068 1
1895 1038 2128 1070 distinctione*
2151 1040 2280 1078 Quarti,
2305 1042 2387 1071 circa
2409 1042 2501 1072 has·

1408 1086 1469 1111 tres
1488 1082 1635 1118 rationes,
1660 1091 1698 1111 ex
1721 1082 1909 1118 eruditione,
1932 1083 2153 1114 humiliatione
2176 1090 2207 1114 et
2230 1086 2462 1116 exercitatione.

1408 1124 1490 1155 Nam
1514 1125 1606 1156 altius
1628 1131 1799 1156 tractantur
1821 1126 1860 1156 ab
1878 1127 2029 1162 Auctore,
2046 1133 2082 1158 ut
2104 1133 2190 1168 patet
2213 1128 2419 1159 conferendo.

1395 1267 1509 1277 νννψν,

1055 1338 1376 1380 ARTICULUS
1409 1338 1709 1381 SECUNDUS

589 1426 746 1462 UTRUM
769 1430 889 1460 ANTE
911 1429 1152 1460 PECCATUM
1175 1430 1366 1460 FUERINT
1390 1429 1548 1460 HOMINI
1572 1430 1838 1462 NECESSARIA
1867 1432 2165 1464 SACRAMENTA

830 1508 850 1532 11
870 1508 952 1537 Sent„
972 1507 1031 1532 dist.
1049 1515 1118 1538 xxm,
1138 1515 1182 1539 qu.
1201 1515 1228 1537 11,
1247 1512 1293 1532 art.
1314 1514 1336 1538 1,
1356 1508 1388 1543 11ιά
1408 1514 1418 1532 1
1429 1515 1437 1537 ;
1456 1508 1498 1539 IV,
1517 1509 1575 1532 dist.
1593 1516 1610 1537 ι,
1629 1517 1673 1541 qu.
1691 1517 1709 1538 1,
1728 1515 1774 1534 art.
1795 1516 1817 1540 2,
1837 1510 1885 1542 qu·
1900 1501 1929 1535 ἀ.

1406 1595 1604 1643 superiora
1640 1595 1879 1633 inferioribus
1919 1598 2236 1646 dominabantur,
2279 1609 2315 1636 et
2356 1603 2461 1638 nullo

1405 1647 1524 1683 modo
1544 1647 1812 1696 dependebant
1839 1649 1887 1685 ab
1907 1649 1978 1686 eis:
2007 1650 2103 1687 sicut
2121 1651 2225 1688 enim
2247 1664 2357 1689 mens
2377 1654 2462 1690 sub-

1405 1707 1484 1735 erat
1511 1700 1614 1759 Deo!
1644 1699 1694 1736 ita
1722 1701 1840 1737 menti
1877 1701 2056 1738 suberant
2082 1702 2276 1740 inferiores
2313 1705 2462 1743 animae

1404 1751 1515 1799 vires,
1536 1759 1573 1788 et
1595 1751 1666 1801 ipsi
1685 1752 1835 1790 animae
1859 1765 2010 1803 corpus
2042 1755 2183 1793 Contra
2206 1757 2311 1794 hunc
2334 1763 2462 1795 autem

1405 1781 1582 1842 ordiriem
1600 1813 1697 1842 esset
1716 1805 1746 1842 si
1765 1805 1893 1843 anima
1910 1807 2166 1855 perficeretur,
2186 1810 2248 1846 vel
2274 1819 2462 1859 quantum

1405 1858 1454 1894 ad
1482 1857 1675 1895 scientiam
1705 1860 1766 1895 vel
1802 1867 1991 1918 quantum
2019 1861 2067 1897 ad
2095 1861 2273 1921 gratiam,
2302 1875 2372 1912 per
2398 1864 2462 1901 ali-

1404 1909 1499 1959 quid
1517 1910 1761 1970 corporale&
1782 1912 1890 1960 quod
1907 1911 1977 1948 fit
1968 1924 2008 1949 111
2026 1914 2280 1952 sacramentis
2308 1916 2357 1952 Et
2373 1915 2499 1954 ideo·

1405 1963 1444 1999 in
1471 1970 1569 2000 statu
1596 1963 1835 2001 innocentiae
1855 1965 1975 2008 homo
1999 1967 2242 2004 sacramentis
2260 1980 2342 2005 non
2365 1968 2461 2006 indi-

1403 2015 1524 2063 gebat,
1544 2028 1625 2053 non
1644 2018 1770 2053 solum
1789 2016 2019 2066 inquantum
2037 2028 2272 2057 sacramenta
2286 2021 2461 2058 ordinan-

1403 2077 1465 2105 tur
1491 2069 1531 2105 in
1559 2069 1774 2106 remedium
1802 2070 1963 2118 peccati,
1994 2071 2060 2108 sed
2089 2071 2203 2108 etiam
2231 2072 2460 2122 inquantum

1404 2121 1629 2158 ordinantur
1655 2122 1704 2159 ad
1731 2121 1882 2159 animae
1909 2123 2180 2171 perfectionem
2199 2125 2230 2161 ²¹³.

1455 2175 1512 2211 An
1541 2186 1675 2212 PRIMUM
1703 2187 1800 2212 ERGO
1821 2187 2001 2213 mCENnUM
2020 2177 2126 2225 quod
2145 2155 2266 2214 homo
2293 2178 2333 2215 in
2361 2186 2458 2216 statu

1402 2226 1641 2264 innocentiae
1659 2227 1776 2275 gratia
1794 2227 1983 2275 indigebat
2001 2228 2037 2265 *ε
2065 2241 2145 2266 11011
2163 2237 2291 2266 tamen
2311 2239 2352 2267 ut
2370 2243 2459 2269 con-
2484 2239 2495 2249 ·
2530 2253 2536 2260 ·

1403 2287 1626 2328 sequeretur
1656 2279 1814 2327 gratiam
1850 2292 1919 2328 per
1952 2281 2079 2330 aliqua
2106 2282 2295 2319 sensibilia
2332 2283 2456 2332 signa,

1402 2333 1469 2369 sed
1497 2331 1736 2381 spiritualiter
1762 2340 1798 2369 et
1825 2332 2069 2370 invisibiliter.

1454 2386 1511 2422 An
1539 2397 1727 2422 SECUNDUM
1745 2397 1925 2422 mci-:NDUM
1944 2387 2051 2435 quod
2078 2387 2215 2424 eadem
2242 2395 2297 2423 est
2323 2396 2459 2426 natura

1402 2437 1570 2474 hominis
1597 2445 1683 2474 ante
1717 2446 1918 2486 peccatum
1946 2446 1982 2475 et
2008 2447 2095 2487 post
2130 2447 2350 2488 peccatum,
2379 2453 2458 2478 non

1401 2498 1530 2527 tamen
1558 2498 1613 2527 est
1639 2490 1740 2527 idem
1770 2498 1928 2528 naturae
1956 2499 2083 2528 status.
2124 2493 2228 2529 Nam
2259 2501 2345 2541 post
2371 2506 2458 2542 pec-

1401 2551 1530 2580 catum
1549 2543 1689 2588 anima,
1709 2542 1823 2580 etiam
1842 2551 2031 2592 quantum
2050 2545 2099 2581 ad
2117 2544 2355 2593 superiorem
2373 2558 2458 2595 par-

1401 2604 1490 2642 tem,
1510 2595 1651 2644 indiget
1669 2595 1838 2644 accipere
1858 2595 2001 2645 aliquid
2020 2609 2042 2634 a
2060 2597 2320 2646 corporalibus
2344 2599 2458 2636 rebus

1401 2649 1449 2685 ad
1478 2648 1537 2685 sui
1563 2647 1852 2697 perfectionem:
1882 2649 1989 2698 quod
2020 2649 2059 2686 in
2086 2649 2150 2687 illo
2178 2658 2275 2687 statu
2309 2651 2458 2688 homini

1401 2713 1555 2738 necesse
1583 2713 1663 2738 non
1690 2709 1778 2738 erat.

1454 2755 1511 2791 An
1538 2765 1696 2791 TERT1UM
1723 2766 1903 2791 mci-:NDUM
1930 2755 2037 2802 quod
2064 2754 2354 2792 matrimonium
2389 2757 2458 2794 fuit

1400 2806 1613 2844 institutum
1641 2806 1680 2843 in
1707 2814 1805 2843 statu
1841 2806 2100 2853 innocentiae,
2129 2820 2209 2844 non
2243 2809 2456 2846 secundum

1401 2859 1508 2908 quod
1536 2867 1591 2895 est
1618 2866 1911 2906 sacramentum,
1931 2860 1998 2896 sed
2026 2860 2240 2896 secundum
2267 2861 2374 2909 quod
2401 2870 2456 2898 est

1400 2912 1440 2948 in
1467 2911 1640 2948 officium
1666 2919 1835 2948 naturae.
1865 2913 1923 2948 Ex
1954 2912 2203 2961 consequenti
2236 2920 2363 2949 tamen
2391 2913 2455 2950 ali-

1401 2963 1494 3013 quid
1521 2963 1755 3011 significabat
1781 2964 1953 3000 futurum
1981 2963 2079 3001 circa
2099 2964 2293 3001 Christum
2321 2973 2356 3001 et
2384 2966 2454 3003 Ec-

1400 3016 1572 3053 clesiam:
1611 3016 1706 3052 sicut
1741 3023 1778 3052 et
1813 3016 1944 3053 omnia
1975 3016 2047 3053 alia
2083 3016 2122 3054 in
2157 3016 2280 3064 figura
2317 3017 2454 3055 Christi

1399 3076 1685 3118 praecesserunt
1703 3068 1733 3105 ²⁸⁸.

1452 3199 1479 3233 γ)
1498 3199 1672 3224 innocentiae.
1689 3213 1709 3217 —
1725 3201 1788 3223 ante
1801 3202 1940 3231 peccatum
1959 3197 2029 3223 addit
2044 3199 2073 3224 P.

957 3313 1288 3348 commentaria
1312 3312 1563 3346 Cardinalis
1584 3313 1785 3346 Caieta-ni

2494 539 2503 548 ‘
2519 537 2583 560 Ver..
2598 545 2617 566 3.

2521 1044 2576 1071 Cap.
2603 1044 2702 1072 Triplici

2490 1072 2573 1091 autem.

2513 1927 2540 1949 D.
2556 1934 2578 1955 9,
2594 1934 2655 1955 ¹¹07·

2487 2134 2538 2156 ·U.
2553 2141 2605 2161 740.

2481 3054 2490 3064 ·
2505 3053 2562 3075 cf.1
2578 3054 2611 3075 ad
2621 3053 2688 3079 cor„

2481 3086 2531 3107 cap.
2546 3086 2569 3104 x.
2583 3087 2640 3101 vers.
2658 3087 2688 3102 n.

1400 3393 1435 3424 In
1451 3399 1533 3424 statu
1555 3394 1611 3424 illo
1635 3394 1797 3434 superiora
1819 3392 2020 3424 inferioribus
2043 3393 2296 3430 dominabantur,
2314 3399 2345 3423 et
2362 3393 2452 3424 nullo
2501 3399 2507 3405 ¹

1399 3437 1499 3468 modo
1515 3437 1737 3478 dependebant
1752 3438 1790 3468 ab
1807 3438 1861 3468 eis.
1886 3436 1948 3468 Sed
1970 3443 2080 3467 contra
2102 3437 2188 3467 hunc
2212 3436 2357 3468 ordinem
2372 3443 2452 3468 esset

1400 3482 1425 3512 si
1460 3482 1564 3512 anima
1598 3492 1615 3511 a
1650 3481 1866 3522 corporalibus
1901 3482 2100 3511 sacramentis
2134 3480 2352 3521 perficeretur,
2388 3481 2451 3510 sive
