2878 4088
405 250 616 282 Considerato
633 250 672 280 de
689 249 1074 290 Compilatore—auctore‚
1088 248 1354 280 considerandum
1368 253 1415 278 est

349 295 390 325 de
406 296 569 335 scriptore.
593 295 669 325 Non
684 295 884 325 inveniemus
903 295 989 324 hunc
1012 294 1068 324 illo
1084 293 1267 324 meliorem:
1291 298 1414 323 textum

348 339 537 379 exemplaris
559 340 609 370 sui
632 339 715 369 male
738 339 848 370 habuit
871 338 953 369 ultra
976 348 1074 378 quam
1098 337 1183 368 credi
1205 343 1323 377 posset.
1352 335 1414 368 Sed

349 384 426 423 quia
440 393 508 414 non
524 393 562 414 ex
573 384 741 423 proposito
758 383 944 423 corrumpit,
957 383 1129 422 scripturae
1145 381 1330 421 perversitas
1346 390 1415 411 non

349 427 454 458 effecit
477 433 513 458 ut
537 436 712 458 erratorum
739 428 894 458 correctio
919 427 1015 466 longa
1038 432 1119 456 esset
1141 431 1196 455 aut
1218 425 1325 455 ardua.

467 516 484 553 §
508 523 539 554 4.
575 514 634 544 DE
658 513 958 545 SUPPLEMENTI
982 511 1298 543 MANUSCRIPTIS

400 558 460 590 AC
484 558 717 590 SPECIATIM
740 559 798 589 DE
821 557 1055 588 VATlCANIS
1078 557 1136 587 ET
1160 555 1370 587 BRIXIENSI

581 602 732 640 DEQUE
755 601 965 632 EDITIONE
987 600 1185 631 PRINCIPE

407 700 460 721 20.
476 707 497 713 -
520 691 647 720 Praeter
663 689 790 720 codices
813 689 984 719 Vaticanos
1007 693 1039 718 et
1062 688 1268 722 Brixiensem,
1286 685 1325 716 de
1344 686 1414 726 qui-

351 734 411 765 bus
438 744 515 765 mox
537 734 705 775 specialius
728 732 887 773 agendum
911 733 978 768 erit,
1001 740 1119 762 novem
1143 730 1270 761 codices
1293 730 1333 760 ad
1355 740 1415 761 no-

348 784 446 809 stram
468 779 615 809 notitiam
638 782 860 819 pervenerunt.
896 775 1013 806 Collati
1036 781 1110 806 sunt
1133 775 1212 806 locis
1235 774 1368 804 selectis.

405 823 528 853 Parisiis
543 822 618 852 bibl.
636 822 832 851 Mazarineae
857 820 920 850 850
938 820 1044 860 (antea
1064 819 1142 859 996)
1163 828 1245 849 saec.
1262 828 1312 854 xv,
1325 827 1413 858 perg.

351 871 383 896 et
399 867 496 897 chart.
520 866 652 906 Incipit:
677 865 773 895 rubro
800 877 814 891 ‹
834 863 1120 904 Complementum
1138 863 1154 894 3
1173 863 1268 903 partis
1289 872 1414 893 summe

350 911 450 940 sancti
465 910 593 940 Thome
608 919 642 946 »3
662 910 753 949 nigro
780 922 794 936 ‹
810 908 935 939 Deinde
951 907 1218 938 considerandum
1235 911 1281 937 est
1297 906 1336 938 de
1352 908 1415 937 sin-

347 953 430 994 gulis
453 954 594 994 partibus
609 953 790 994 penitencie
809 965 836 983 ».
861 952 948 983 Finis
973 958 1034 983 est:
1062 965 1076 979 ‹
1095 962 1152 992 per
1170 951 1243 982 talia
1262 961 1360 992 opera
1375 951 1415 982 ad

348 1007 417 1028 non
448 997 660 1038 pereundum.
695 997 759 1028 Hic
790 995 899 1027 finitur
931 1006 1003 1037 pars
1024 996 1137 1027 ultima
1168 1006 1225 1027 seu
1259 996 1292 1026 3τί
1315 997 1415 1027 sancti

348 1042 460 1073 thome
476 1041 516 1072 de
532 1042 652 1082 aquino
671 1055 699 1072 ».
725 1041 876 1081 Sequitur
890 1041 1014 1077 tabula;
1039 1046 1112 1081 post
1128 1050 1242 1081 quam:
1270 1053 1284 1067 ‹
1304 1040 1340 1071 In
1355 1041 1415 1071 1130

349 1091 437 1127 parte
454 1096 517 1127 que
530 1086 805 1127 complementum
817 1086 913 1116 tercie
926 1086 1022 1126 partis
1037 1095 1162 1116 summe
1175 1085 1274 1116 sancti
1286 1085 1414 1116 Thome

347 1130 464 1161 dicitur
487 1136 561 1161 sunt
584 1141 636 1171 97.
658 1131 842 1171 questiones
866 1140 941 1161 cum
964 1130 1102 1160 articulis
1126 1131 1200 1161 suis.
1225 1130 1313 1160 alteri
1342 1130 1414 1170 plus

349 1175 402 1206 alii
425 1176 542 1206 minus.
566 1175 704 1216 Explicit
726 1175 833 1205 tabula
855 1175 952 1205 tercie
976 1185 1033 1206 seu
1057 1175 1168 1205 ultime
1191 1174 1287 1215 partis
1315 1176 1415 1205 sancti

348 1220 477 1250 Thome
508 1219 547 1250 de
577 1220 697 1260 aquino
729 1219 848 1250 ordinis
879 1219 1124 1260 predicatorum.
1153 1225 1184 1250 et
1214 1229 1270 1259 per
1302 1228 1414 1250 conse-

349 1273 452 1305 quens
475 1269 580 1295 totum
604 1274 686 1305 opus
710 1263 854 1295 eiusdem
869 1265 975 1304 partis.
1000 1264 1041 1295 Et
1065 1270 1112 1295 est
1132 1264 1357 1295 celestinorum
1374 1263 1414 1295 de

348 1318 470 1349 pansus
489 1322 516 1339 ›.
537 1344 541 1345 ⁷

403 1395 632 1436 Norimbergae
648 1396 723 1426 bibl.
742 1395 884 1426 Civitatis
901 1395 994 1426 Cent.
1011 1406 1055 1426 111.
1074 1396 1126 1430 26,
1143 1396 1217 1426 anni
1245 1395 1337 1436 1439.
1362 1396 1412 1426 Ab

347 1440 471 1480 origine
486 1450 698 1480 pergamenus
715 1445 746 1470 et
761 1441 944 1471 chartaceus
956 1445 1031 1476 erat,
1047 1440 1103 1470 sed
1118 1440 1195 1470 folia
1210 1449 1412 1480 pergamena,

347 1485 458 1515 nescio
483 1495 522 1515 an
546 1485 664 1521 omnia,
682 1485 789 1515 avulsa
812 1490 896 1515 sunt.
922 1484 972 1515 Cf.
985 1484 1059 1515 Vol.
1085 1484 1138 1514 XI.
1160 1484 1261 1514 Praef.
1282 1494 1411 1524 pag.·1x.

347 1529 442 1559 Folio
457 1529 537 1568 264:
561 1542 575 1556 α
590 1530 749 1569 incipiunt
764 1529 846 1559 tituli
859 1528 1065 1559 addicionum
1080 1541 1094 1555 »
1107 1539 1114 1564 ;
1132 1527 1211 1558 folio
1226 1529 1288 1568 269
1301 1538 1412 1559 verso:

351 1585 366 1600 «
393 1573 578 1613 Expliciunt
610 1574 768 1604 Rubricae
808 1572 1024 1603 addicionum.
1060 1572 1126 1603 Sub
1161 1582 1246 1602 anno
1289 1572 1412 1603 domini

348 1617 399 1647 Μο
421 1621 513 1648 cccc⁰
533 1627 626 1648 xxxrx
641 1627 698 1657 per
720 1626 834 1647 manus
857 1616 998 1647 Bertoldi
1014 1617 1147 1647 Thuner
1163 1617 1202 1647 de
1217 1617 1364 1647 Ysenach
1384 1630 1411 1648 ».

348 1661 411 1692 1-1ίο
433 1662 516 1692 inter
538 1667 680 1701 recentes
703 1662 842 1692 maxime
865 1660 987 1692 accedit
1010 1660 1050 1691 ad
1072 1666 1194 1691 textum
1222 1661 1413 1702 originalem

348 1704 586 1746 Compilatoris,
603 1710 639 1736 ut
662 1706 820 1736 extensior
844 1705 973 1736 collatio
996 1705 1090 1736 nobis
1113 1706 1245 1745 aperuit.

401 1792 448 1824 Ibi
464 1792 558 1824 Cent.
575 1803 608 1823 11.
632 1793 684 1829 35,
697 1793 830 1824 membr.
844 1803 906 1824 sec.
919 1803 969 1823 xv.
986 1793 1080 1823 Folio
1101 1793 1179 1833 157:
1200 1806 1213 1820 α
1229 1793 1414 1834 Expliciunt

345 1837 431 1868 tituli
452 1838 549 1868 tercie
577 1837 674 1878 partis
705 1836 807 1868 fratris
830 1837 959 1868 Thome
983 1837 1023 1868 de
1046 1838 1178 1878 Aquino
1198 1848 1232 1874 »;
1262 1847 1280 1868 a
1310 1838 1411 1868 linea:

350 1895 366 1909 ‹
381 1881 495 1923 Incipit
506 1882 783 1922 complementum
791 1883 882 1913 tertie
894 1883 990 1923 partis
999 1892 1125 1913 summe
1135 1883 1234 1913 sancti
1244 1882 1373 1913 Thome
1385 1895 1412 1913 ›.

402 1959 572 2000 Herbipoli
594 1961 669 1991 bibl.
695 1961 914 1992 Universitatis
939 1961 984 1992 M.
1008 1961 1058 1992 ch.
1078 1960 1101 1991 f.
1127 1961 1201 1997 238,
1218 1961 1293 1992 anni
1320 1961 1414 2000 1462.

404 2045 568 2075 Monachii
589 2045 653 2076 clm
674 2045 776 2084 14103
794 2046 828 2075 in
846 2051 891 2081 2⁰,
908 2046 983 2075 anni
1003 2046 1097 2085 1459,
1110 2046 1207 2076 chart.
1231 2045 1325 2076 Folio
1351 2054 1414 2084 240

348 2095 422 2130 post
445 2090 587 2120 Tertiam
605 2090 746 2119 Partem:
775 2102 790 2116 α
810 2089 961 2129 Sequitur
976 2095 1087 2130 quarta
1109 2099 1180 2130 pars
1199 2099 1325 2120 summe
1343 2099 1414 2120 san-

347 2134 391 2164 cti
415 2134 543 2164 Thome
566 2134 632 2164 sive
655 2134 918 2174 supplementum
936 2147 964 2164 ».
1301 2139 1315 2148 ⁶

404 2222 532 2262 Lipsiae
549 2221 626 2252 bibl.
639 2221 856 2253 Universitatis
871 2227 933 2252 tres
946 2222 1117 2252 chartacei:
1134 2222 1210 2260 466,
1224 2223 1298 2252 anni
1314 2222 1413 2261 1462;

347 2266 414 2306 467
448 2266 523 2296 anni
550 2273 628 2305 1471
643 2276 650 2303 3
674 2266 738 2306 475
764 2275 845 2297 saec.
871 2277 920 2297 xv.
946 2266 1049 2307 Super
1079 2267 1247 2306 ligaturam
1279 2267 1414 2297 exterius

349 2311 504 2350 scriptum
522 2310 650 2346 habent,
667 2311 788 2351 primus
815 2324 828 2338 ‹
849 2310 967 2351 Comp.
988 2324 1015 2348 »,
1040 2311 1200 2341 secundus
1227 2324 1240 2338 «
1261 2310 1415 2351 Comple-

351 2360 498 2386 mentum
511 2355 602 2385 Beati
613 2355 742 2386 Thome
753 2355 843 2386 tertie
858 2356 954 2395 partis
969 2368 984 2382 »
997 2366 1004 2392 ;
1024 2356 1134 2386 tertius
1153 2369 1167 2382 «
1184 2355 1414 2395 Complemen-

351 2404 421 2430 tum
431 2399 528 2434 tercie
539 2400 635 2439 partis
651 2400 734 2430 beati
746 2399 874 2430 Thome
890 2413 917 2430 ».
932 2418 955 2422 —
971 2400 1006 2431 In
1023 2399 1134 2430 eadem
1147 2400 1222 2430 bibl.
1235 2400 1336 2431 codex
1348 2410 1412 2440 477

354 2456 369 2470 α
390 2443 423 2474 3‘²
446 2444 541 2484 partis
563 2443 604 2474 de
623 2445 824 2475 sacramentis
841 2454 916 2475 cum
936 2444 1162 2485 supplemento
1179 2445 1275 2475 chart.
1293 2454 1316 2475 s.
1339 2446 1374 2475 15
1396 2458 1410 2472 »

351 2487 392 2518 ad
415 2487 446 2518 S.
463 2488 625 2519 Thomam
646 2498 714 2519 non
737 2489 882 2528 pertinet.

407 2579 527 2610 Oxonii
541 2580 622 2610 New
638 2580 771 2622 College
788 2591 879 2612 cxxrv
898 2591 985 2622 perg.
1008 2592 1071 2612 sec.
1094 2593 1156 2613 xiv.
1181 2582 1414 2623 Supplemento

351 2623 512 2664 praecedit
534 2624 642 2655 Tertia
663 2625 748 2662 Pars,
774 2626 885 2656 eadem
908 2636 1007 2657 manu
1031 2628 1155 2667 scripta.
1188 2627 1344 2658 Codicem
1367 2628 1415 2658 in-

352 2669 513 2708 speximus
537 2679 622 2699 anno
650 2669 732 2710 1898
758 2670 877 2701 Oxonii
901 2676 932 2701 et
955 2672 1018 2701 iam
1042 2677 1119 2702 tunc
1142 2672 1296 2712 scriptura
1322 2673 1416 2702 nobis

351 2712 516 2743 videbatur
538 2723 606 2744 non
621 2715 801 2754 pertingere
817 2714 857 2745 ad
880 2716 1044 2746 saeculum
1059 2716 1142 2751 XIII,
1160 2715 1250 2756 quod
1269 2717 1298 2747 ei
1323 2716 1416 2747 Cata-

351 2756 445 2797 logus
469 2757 690 2798 Collegiorum
713 2759 891 2795 adiudicat3
916 2759 990 2790 ideo
1006 2761 1040 2790 in
1062 2759 1163 2790 Praef.
1180 2761 1253 2791 Vol.
1269 2761 1322 2791 XI.
1340 2771 1414 2791 eum

352 2801 444 2841 (sigla
468 2811 509 2832 20
532 2801 730 2842 distinctum)
754 2803 891 2834 diximus
918 2817 932 2830 «
952 2804 1095 2834 medium
1114 2818 1127 2831 »
1155 2804 1236 2835 idest
1262 2805 1416 2845 scriptum

351 2850 426 2886 post
449 2847 681 2887 quinquaginta
704 2853 735 2877 et
758 2853 831 2878 ante
854 2854 986 2878 centum
1016 2858 1117 2879 annos
1145 2850 1183 2879 ab
1208 2859 1293 2879 anno
1321 2857 1415 2889 1274.

351 2899 420 2930 quo
449 2896 596 2921 mortuus
620 2896 667 2921 est
690 2897 802 2922 auctor
825 2892 952 2923 Tertiae
984 2893 1092 2923 Partis.
1121 2892 1266 2923 Eandem
1290 2894 1417 2934 opinio-

351 2943 427 2965 nem
442 2944 530 2965 nunc
541 2940 698 2971 tenemus,
711 2942 884 2976 postquam
901 2936 1047 2967 codicem
1062 2938 1177 2967 iterum
1190 2938 1279 2968 licuit
1290 2938 1416 2968 intueri.

353 2979 560 3019 (Inspiciendi
583 2979 766 3022 facultatem
790 2980 944 3011 debemus
967 2982 1045 3012 Rev.
1064 2981 1103 3011 D.
1128 2981 1159 3012 S.
1181 2981 1416 3022 Margoliouth,

352 3023 407 3053 cui
429 3024 574 3054 animum
604 3025 726 3055 sincere
749 3030 874 3065 gratum
897 3025 1031 3056 libenter
1054 3025 1292 3066 testificamus.)
1329 3026 1417 3057 Oxo-

351 3068 470 3098 niensis
498 3068 594 3098 habet
623 3074 746 3099 textum
770 3069 983 3106 Brixiensem;
1016 3069 1260 3101 Commentario
1285 3070 1416 3111 quidem

353 3111 531 3152 aliqualiter
554 3113 742 3143 assimilatus
771 3119 826 3150 est,
851 3113 907 3144 sed
930 3115 978 3144 ori
1001 3119 1134 3154 paterno
1157 3115 1261 3145 multo
1285 3115 1418 3145 similior

355 3157 515 3192 remansit,
534 3162 570 3187 ut
591 3166 608 3187 e
628 3157 737 3188 multis
757 3158 805 3188 his
826 3159 1011 3198 praesertim
1031 3164 1118 3198 patet
1139 3158 1236 3189 locis:
1265 3168 1320 3199 qu.
1345 3169 1417 3189 an.

355 3205 411 3230 art.
429 3199 460 3230 6.
477 3209 565 3240 corp.
582 3201 754 3242 (128a64)
770 3202 866 3233 lectio
883 3202 1116 3233 Commentarii
1132 3208 1194 3233 est:
1218 3216 1232 3231 ‹
1253 3203 1292 3243 (si
1303 3213 1417 3234 uxor...

354 3243 523 3274 emendata
544 3244 651 3285 fuerit)
674 3251 784 3286 potest
810 3256 880 3277 eam
911 3247 971 3277 sibi
998 3247 1050 3277 vir
1078 3247 1291 3277 reconciliare
1310 3261 1323 3274 ›
1336 3271 1343 3283 ‚
1367 3248 1418 3278 isti

355 3296 432 3317 vero
465 3300 479 3314 «
493 3293 600 3328 potest
628 3298 699 3319 eam
721 3290 781 3320 sibi
803 3291 1012 3322 reconciliari
1033 3300 1068 3327 ›;
1097 3291 1172 3321 ibid.
1199 3291 1238 3322 ad
1265 3298 1292 3322 1.
1317 3291 1418 3322 Com-

356 3332 546 3362 mentarius:
573 3345 587 3359 «
607 3333 741 3374 (absque
765 3336 986 3366 retractatione
1006 3335 1224 3376 praecedentis
1245 3335 1419 3366 sententiae

357 3380 464 3415 potest
487 3376 718 3419 reconciliatio)
738 3379 827 3420 sequi
842 3393 870 3416 ›‚
886 3379 932 3411 illi
954 3379 1055 3421 «fieri
1071 3380 1122 3410 vel
1137 3380 1227 3421 sequi
1246 3393 1273 3410 ».
1295 3380 1419 3411 Ambae

357 3419 511 3449 lectiones
528 3428 627 3460 quam
641 3422 775 3453 omnino
792 3422 831 3453 ad
847 3424 1060 3454 characterem
1076 3429 1179 3454 textus
1196 3424 1419 3464 Supplementi

357 3467 512 3504 spectent,
529 3463 708 3496 videbimus
730 3466 786 3496 ubi
809 3466 849 3498 de
873 3477 923 3498 eo.

415 3514 466 3536 21.
482 3525 505 3529 -
519 3507 692 3539 Vaticanus
714 3510 796 3549 7513
816 3520 903 3552 perg.
923 3521 1004 3542 saec.
1022 3512 1105 3542 XIV.
1126 3511 1233 3543 medii.
1254 3512 1345 3543 Folia
1364 3513 1420 3543 ha-

2487 179 2534 204 vn

1467 245 1522 275 bet
1541 252 1597 284 141
1627 245 1716 285 (nota
1739 246 1869 285 antiqua
1892 251 1939 275 est
1959 253 2030 284 140,
2048 247 2123 286 quia
2146 253 2223 277 nota
2247 247 2283 278 81
2304 248 2352 278 bis
2369 246 2531 287 occurrit).

1468 289 1564 319 Liber
1587 294 1712 319 constat
1738 289 1888 319 undecim
1919 290 2189 327 sexternionibus;
2221 291 2343 321 accedit
2366 292 2532 331 quaternio

1468 332 1612 363 eiusdem
1634 342 1864 373 pergamenae;
1896 334 2031 372 scriptor
2060 333 2179 364 addidit
2201 334 2316 365 folium
2347 342 2532 366 extraneum

1468 386 1563 417 supra
1580 377 1669 417 quod
1686 383 1824 407 exararet
1847 377 2000 407 Rubricas
2017 386 2070 416 qq.
2087 388 2270 415 xcrv—XCI1;
2295 379 2371 409 folia
2387 385 2533 409 constant

1468 421 1551 451 binis
1574 421 1750 457 columnis,
1776 421 1946 451 columnae
1967 421 2035 450 sine
2059 423 2247 461 exceptione
2270 422 2361 452 lineis
2374 424 2531 463 quinqua-

1468 465 1568 505 genis.
1599 465 1715 505 Incipit
1745 466 1841 495 rubro
1875 465 2070 504 «Incipiunt
2102 465 2279 495 additiones
2311 468 2406 496 tercie
2438 468 2532 507 partis

1467 509 1657 539 venerabilis
1687 508 1741 539 fris
1773 509 1850 550 (hoc
1879 509 2026 538 abrasum
2061 515 2123 544 est;
2154 519 2249 549 supra
2278 519 2432 540 rasuram:
2464 509 2530 547 εῖι)

1470 553 1582 583 thome
1606 552 1645 583 de
1668 553 1788 593 aquino
1813 552 1932 583 ordinis
1955 552 2087 583 fratrum
2115 553 2351 592 predicatorum
2375 560 2405 584 et
2428 554 2531 593 primo

1469 595 1508 626 de
1531 597 1672 636 partibus
1695 597 1900 637 poenitencie
1923 597 1955 626 in
1984 597 2123 636 speciali.
2160 597 2200 627 Et
2223 597 2328 637 primo
2353 597 2392 627 de
2415 599 2532 628 contri-

1468 641 1557 671 tione
1574 641 1718 681 quaestio
1731 641 1834 681 prima
1848 654 1875 671 ».
1896 641 2035 680 Explicit
2046 646 2150 671 textus
2166 641 2222 671 fol.
2240 641 2310 671 138.
2324 647 2412 671 recto
2425 642 2486 671 col.
2505 649 2530 672 1.

1468 684 1552 714 linea
1574 685 1617 724 46
1645 698 1659 712 ‹
1678 685 1718 715 ad
1740 695 1808 715 non
1824 684 2026 725 pereundum
2045 698 2072 715 ».
2097 685 2173 715 Post
2188 695 2287 716 unam
2310 685 2427 715 lineam
2450 695 2532 725 pun-

1468 729 1526 758 ctis
1550 734 1581 759 et
1603 728 1729 759 lineolis
1744 729 1910 770 impletam
1932 730 2076 769 sequitur
2093 730 2185 770 nigro
2213 742 2226 756 α
2246 729 2430 769 Expliciunt
2446 729 2533 759 addi-

1469 773 1573 802 tiones
1591 774 1682 803 tertie
1705 774 1801 814 partis
1825 783 1951 804 summe
1966 774 2154 804 venerabilis
2177 773 2231 803 fris
2253 774 2302 815 (ut
2326 783 2436 813 supra:
2461 774 2532 813 scti)

1469 817 1581 847 thome
1604 816 1644 847 de
1666 818 1787 857 aquino
1804 818 1924 848 ordinis
1947 817 2080 848 fratrum
2100 818 2346 858 predicatorum.
2371 818 2441 848 Deo
2465 827 2533 858 gra-

1470 861 1533 890 cias
1553 874 1581 891 ».
1606 860 1679 892 Col.
1698 871 1726 892 2.
1743 861 1827 892 linea
1850 870 1876 892 1.
1893 863 1990 893 rubro
2018 875 2032 889 «
2052 862 2213 902 Incipiunt
2235 863 2374 892 Rubrice
2397 861 2532 892 additio-

1469 914 1548 935 num
1572 903 1788 946 tercie‘partis
1807 919 1834 936 ».
1859 906 1936 937 Post
1965 907 2105 937 tabulam
2130 907 2184 937 fol.
2214 914 2284 945 141.
2311 912 2399 936 recto
2423 906 2484 937 col.
2505 914 2531 936 1.

1468 949 1553 979 linea
1570 949 1621 980 50.
1637 950 1729 990 nigro
1756 963 1771 977 ε
1790 950 1975 991 Expliciunt
1988 951 2126 981 Rubrice
2142 950 2343 981 additionum
2359 964 2386 981 ».
2408 950 2480 981 Col.
2503 960 2532 980 2.

1468 993 1549 1025 alba.
1570 993 1683 1024 Codex
1699 1004 1774 1035 ergo
1791 995 1890 1025 lineas
1908 995 2015 1025 28050
2032 996 2184 1026 continet.
2203 1012 2219 1017 —
2230 995 2278 1025 Ex
2295 995 2410 1026 eodem
2427 1004 2533 1025 exem-

1468 1038 1548 1078 plari
1572 1037 1747 1079 descriptus
1771 1045 1818 1069 est
1841 1049 1877 1070 ac
1901 1040 2088 1076 Brixiensis,
2112 1039 2167 1070 sed
2191 1040 2377 1071 accuratius.
2412 1039 2533 1070 Multae

1469 1082 1584 1113 adsunt
1598 1093 1740 1120 rasurae,
1765 1093 1860 1123 super
1888 1093 1966 1124 quas
1997 1089 2166 1121 corrector,
2192 1083 2260 1124 ipse
2283 1083 2364 1114 forte
2387 1085 2531 1124 scriptor,

1469 1127 1643 1157 arbitrarias
1670 1128 1825 1158 lectiones
1849 1129 1995 1158 exaravit.
2020 1129 2055 1159 In
2072 1129 2312 1169 quaestionibus
2327 1139 2409 1158 1.-1.x
2434 1129 2531 1159 rarius

1468 1171 1615 1202 obtinent
1630 1181 1750 1202 errores
1767 1172 2014 1213 Compilatoris;
2034 1183 2158 1204 rasurae
2175 1178 2206 1203 et
2221 1178 2421 1203 correcturae
2437 1174 2532 1203 etiam

1468 1215 1637 1256 disparent.
1673 1217 1766 1247 Hanc
1799 1227 1875 1257 ergo
1899 1218 2083 1257 portionem
2115 1218 2250 1257 scriptor
2280 1217 2389 1258 aliquo
2420 1217 2532 1247 codice

1468 1259 1700 1291 Commentarii
1717 1267 1901 1301 comparato
1917 1262 2120 1302 transcripsit.
2145 1262 2308 1292 Praeterea
2323 1262 2402 1292 locis
2419 1262 2532 1301 sparsis

1466 1309 1589 1334 textum
1605 1305 1773 1335 meliorare
1787 1306 1913 1341 nititur3
1936 1306 1976 1336 cf.
1995 1315 2058 1345 227
2070 1316 2089 1336 a
2105 1306 2153 1342 16,
2169 1315 2232 1345 240
2248 1316 2266 1336 a
2280 1306 2330 1336 23.
2343 1323 2364 1329 -
2380 1306 2429 1336 De
2445 1306 2532 1336 Vati—

1467 1358 1549 1379 cano
1572 1349 1664 1389 plura
1687 1350 1742 1379 ubi
1766 1349 1805 1380 de
1828 1350 1991 1380 Brixiensi.
2016 1350 2153 1380 Notatur
2177 1351 2213 1380 L.

1524 1402 1575 1424 22.
1591 1411 1614 1415 —
1625 1393 1696 1424 Vat.
1716 1394 1851 1424 Urbinas
1869 1394 1946 1430 1333
1965 1404 2052 1434 perg.
2065 1404 2146 1425 saec.
2159 1395 2228 1430 XV,
2241 1394 2394 1425 foliorum
2412 1393 2530 1434 (primo

1466 1446 1534 1467 non
1558 1437 1803 1477 connumerato)
1829 1446 1894 1477 214
1909 1439 1992 1469 binis
2012 1439 2181 1469 columnis.
2203 1439 2273 1469 Fol.
2291 1446 2317 1469 1.
2334 1439 2530 1468 uncialibus:

1470 1494 1484 1508 ‹
1504 1481 1665 1521 Incipiunt
1680 1481 1858 1512 additiones
1881 1483 1971 1513 tertie
1987 1483 2082 1523 partis
2102 1484 2202 1513 sancti
2217 1483 2328 1513 thome
2347 1482 2387 1513 de
2411 1483 2530 1522 aquino

1467 1525 1586 1555 ordinis
1615 1525 1852 1565 predicatorum
1869 1526 2001 1557 feliciter
2021 1540 2047 1557 ι.
2072 1527 2142 1557 Fol.
2161 1527 2224 1557 208
2239 1536 2347 1557 verso:
2377 1540 2390 1553 ‹
2410 1526 2450 1557 ad
2464 1535 2531 1557 non

1466 1568 1677 1609 pereundum.
1695 1570 1800 1600 Amen
1816 1583 1830 1596 »
1843 1580 1851 1606 ;
1870 1571 1967 1601 rubro
1990 1583 2004 1598 «
2017 1570 2206 1601 Additiones
2218 1572 2309 1602 tertie
2321 1571 2417 1611 partis
2432 1571 2532 1601 sancti

1466 1614 1577 1644 thome
1590 1613 1630 1644 de
1641 1613 1773 1653 Aquino
1785 1613 1913 1644 Ordinis
1924 1614 2161 1654 predicatorum
2173 1615 2348 1655 expliciunt
2359 1614 2492 1645 feliciter
2502 1625 2530 1650 »3

1467 1658 1536 1688 Fol.
1556 1667 1619 1697 209
1642 1658 1756 1688 rubro:
1785 1671 1799 1685 ‹
1819 1658 1944 1689 Tabula
1967 1658 2167 1689 additionum
2200 1659 2290 1690 tertie
2314 1660 2410 1699 partis
2433 1660 2533 1689 sancti

1466 1702 1578 1732 thome
1602 1701 1641 1732 de
1664 1702 1784 1742 aquino
1809 1702 1928 1733 ordinis
1952 1702 2190 1742 predicatorum
2213 1704 2326 1744 incipit
2353 1703 2486 1734 feliciter
2505 1717 2531 1733 ».

1467 1746 1537 1776 Fol.
1557 1753 1639 1785 214:
1667 1759 1681 1773 ‹
1701 1746 1826 1776 Tabula
1849 1747 1913 1777 exit
1935 1746 2069 1778 feliciter
2087 1761 2114 1778 ».

1523 1790 1659 1821 Urbinas
1675 1800 1713 1821 ex
1736 1789 1864 1821 duobus
1880 1792 2112 1831 exemplaribus
2129 1791 2305 1831 descriptus
2322 1796 2378 1826 est,
2395 1790 2532 1831 Supple—

1466 1835 1567 1864 menti
1591 1839 1622 1865 et
1646 1833 1888 1866 Commentarii.
1923 1835 2067 1866 Primum
2091 1836 2253 1876 exemplar
2279 1836 2426 1875 praebuit
2449 1844 2532 1875 quae

1467 1877 1506 1909 ad
1530 1878 1786 1919 Compilatorem
1801 1881 1980 1920 pertinent:
2006 1881 2148 1921 analyses
2165 1886 2196 1911 et
2219 1879 2373 1910 formulas
2388 1879 2533 1910 introdu-

1467 1924 1598 1959 ctorias;
1624 1933 1662 1953 ex
1686 1923 1784 1954 altero
1808 1925 1943 1964 scriptus
1968 1930 2015 1955 est
2044 1930 2148 1955 textus
2172 1925 2204 1956 S.
2221 1924 2385 1959 Thomae,
2411 1925 2533 1954 citatio-

1466 1968 1560 1997 nibus
1584 1969 1711 1998 curtatis
1735 1973 1790 1998 aut
1813 1969 1947 2000 omissis.
1973 1969 2024 2000 Sic
2045 1979 2093 2000 res
2109 1979 2143 1999 se
2166 1969 2262 1999 habet
2277 1968 2480 2009 generaliter;
2505 1969 2531 1998 si

1466 2011 1506 2041 ad
1529 2011 1654 2051 singula
1676 2013 1841 2049 veniatur,
1866 2013 1900 2043 in
1923 2018 2031 2050 textu,
2060 2014 2264 2044 citationibus
2286 2022 2354 2043 non
2378 2013 2531 2048 exclusis,

1467 2057 1626 2086 observari
1650 2061 1756 2096 potest
1779 2057 1924 2097 aliqualis
1947 2057 2086 2088 influxus
2110 2063 2214 2088 textus
2237 2057 2422 2093 Brixiensis,
2446 2063 2478 2087 et
2499 2058 2533 2087 in

1467 2100 1646 2140 analysibus
1670 2099 1809 2131 influxus
1834 2100 2077 2132 Commentarii.
2104 2102 2211 2132 Ambo
2236 2102 2428 2142 exemplaria
2449 2101 2533 2131 mul—

1466 2150 1513 2174 tas
1536 2143 1691 2175 secundas
1714 2154 1828 2176 manus
1851 2145 1998 2177 habuisse
2028 2146 2118 2186 argui
2140 2151 2249 2186 posset
2272 2155 2310 2176 ex
2341 2146 2533 2176 lectionibus

1466 2188 1612 2228 plurimis
1636 2197 1719 2228 quae
1742 2189 1780 2219 ab
1804 2190 1912 2229 inepta
1928 2191 2165 2221 correctionum
2184 2190 2358 2220 insertione
2382 2199 2533 2220 erroneae

1468 2233 1601 2263 evasisse
1618 2232 1774 2263 videntur.
1790 2251 1813 2256 —-
1835 2234 1954 2274 Aliqua
1969 2235 2042 2265 loca
2057 2234 2215 2265 adducam
2232 2243 2315 2274 quae
2330 2244 2427 2265 usum
2451 2234 2532 2264 duo-

1466 2287 1539 2307 rum
1569 2277 1799 2317 exemplarium
1833 2283 1919 2308 extra
1948 2288 2046 2309 omne
2075 2279 2211 2309 dubium
2233 2284 2370 2319 ponunt.
2400 2278 2464 2316 Qu.
2489 2289 2530 2309 XJ.

1467 2321 1602 2361 analysis
1615 2321 1837 2361 Supplementi
1850 2322 1990 2363 quinque
2004 2324 2148 2354 membra
2163 2324 2268 2359 habet,
2282 2323 2441 2354 Urbinatis
2457 2323 2532 2358 tria,

1469 2375 1571 2406 eaque
1599 2366 1698 2405 ipsius
1724 2365 1966 2397 Commentarii.
2000 2367 2052 2398 Ad
2077 2381 2091 2395 ‹
2113 2373 2311 2408 quaeruntur
2334 2367 2398 2397 tria
2418 2380 2431 2393 »
2459 2368 2534 2397 scri-

1468 2415 1542 2450 ptor
1563 2411 1707 2450 margine
1729 2416 1819 2441 notat
1846 2424 1860 2438 (
1880 2412 2024 2451 quinque
2043 2425 2070 2448 2»,
2097 2413 2303 2442 correctionis
2327 2412 2434 2451 gratia,
2458 2421 2534 2442 nam

1469 2459 1500 2484 et
1522 2455 1590 2494 ipse
1613 2455 1709 2485 habet
1731 2455 1871 2496 quinque
1893 2456 2053 2486 articulos.
2087 2456 2279 2487 Ulteriorem
2303 2457 2534 2486 correctionem

1469 2498 1590 2528 distulit
1624 2499 1808 2539 usquedum
1831 2499 1991 2530 Tabulam
2023 2501 2188 2531 scriberet:
2222 2501 2266 2531 ibi
2297 2501 2355 2531 rite
2389 2501 2534 2541 quinque

1469 2543 1593 2573 articuli
1615 2549 1830 2574 recensentur.
1846 2562 1868 2566 -
1892 2544 1928 2574 In
1952 2544 2063 2575 eadem
2088 2554 2142 2585 qu.
2164 2545 2334 2575 articulum
2356 2545 2535 2575 secundum

1469 2587 1599 2617 inchoat
1621 2588 1682 2617 sic:
1711 2601 1725 2614 «
1745 2588 1795 2618 Ad
1816 2588 1992 2619 secundum
2014 2589 2062 2619 sic
2077 2589 2270 2629 proceditur
2289 2590 2425 2620 ulterius
2446 2589 2534 2620 vide-

1469 2637 1520 2661 tur
1544 2631 1634 2671 quod
1656 2632 1796 2672 sigillum
1815 2643 1849 2668 »;
1874 2642 1938 2663 una
1964 2633 2085 2664 scilicet
2108 2639 2190 2664 stant
2217 2633 2374 2664 formulae
2398 2634 2535 2673 Supple-

1469 2676 1569 2706 menti
1593 2681 1624 2706 et
1640 2675 1882 2707 Commentarii.
1899 2694 1920 2700 -
1936 2677 2000 2716 Qu.
2025 2688 2107 2708 xxix.
2132 2678 2268 2709 Urbinas
2283 2679 2377 2708 habet
2393 2679 2535 2718 analysin

1469 2720 1703 2760 Supplementi,
1721 2730 1775 2761 qu.
1789 2731 1865 2752 vero
1881 2731 1952 2752 xxx.
1968 2723 2141 2762 propriam,
2155 2723 2230 2762 quia
2245 2723 2331 2752 malo
2349 2732 2409 2752 usu
2429 2732 2535 2752 exem-

1469 2764 1564 2804 plaris
1581 2764 1813 2796 Commentarii
1828 2766 1862 2796 in
1878 2775 1932 2805 qu.
1946 2776 2027 2796 xxnr.
2040 2767 2170 2797 schema
2186 2766 2414 2806 Compilatoris
2429 2767 2535 2796 turba-

1469 2813 1566 2838 verat.
1588 2808 1848 2840 Commentarius
1864 2810 1985 2840 scilicet
2006 2810 2089 2850 (dist.
2109 2821 2194 2840 xxm.
2212 2820 2265 2850 qu.
2287 2809 2322 2849 1.)
2346 2811 2441 2840 habet
2457 2820 2534 2850 qua-

1470 2858 1545 2883 tuor
1563 2853 1712 2884 articulos
1736 2854 1832 2883 ternis
1852 2854 2118 2894 quaestiunculis:
2143 2855 2191 2885 De
2210 2855 2279 2894 ipsa
2296 2855 2445 2884 Extrema
2468 2855 2535 2885 Un-

1471 2897 1593 2932 ctione,
1618 2896 1657 2927 de
1680 2896 1806 2927 Effectu
1839 2898 1923 2934 eius,
1948 2898 1996 2929 De
2021 2898 2152 2928 Materia
2174 2899 2294 2938 ipsius,
2320 2899 2368 2928 De
2400 2898 2534 2936 Forma;

1471 2940 1674 2980 Compilator
1696 2942 1789 2981 ponit
1811 2942 1844 2972 in
1869 2951 1922 2981 qu.
1940 2952 1997 2972 sua
2019 2953 2101 2972 xxxx.
2126 2943 2383 2982 quaestiunculas
2412 2943 2535 2973 articuli

1470 2985 1584 3024 primi,
1610 2985 1714 3021 tertii,
1739 2985 1859 3025 quarti,
1883 2986 1917 3016 in
1940 2996 1994 3026 qu.
2018 2996 2088 3016 xxx.
2113 2987 2246 3017 secundi
2253 2997 2261 3022 ;
2285 2988 2420 3026 scriptor
2442 2987 2535 3018 Urbi-

1470 3029 1551 3059 natis
1568 3034 1646 3069 post
1667 3029 1822 3070 analysin
1847 3029 2075 3070 Compilatoris
2103 3031 2279 3061 transcribit
2302 3040 2340 3061 ex
2364 3031 2536 3071 exemplari

1472 3072 1705 3104 Commentarii
1721 3074 1754 3104 in
1770 3079 1858 3104 textu
1874 3083 1929 3113 qu.
1942 3084 2023 3104 xxxx.
2037 3075 2187 3114 primum,
2204 3075 2378 3106 secundum
2395 3081 2426 3105 et
2441 3085 2536 3115 quar-

1470 3122 1551 3152 tum,
1567 3118 1611 3147 ita
1632 3123 1668 3148 ut
1691 3118 1803 3148 tertius
1826 3118 1856 3148 ei
1878 3117 2049 3161 ponendus
2077 3124 2169 3155 esset,
2186 3128 2261 3149 cum
2284 3129 2369 3150 nova
2391 3119 2536 3150 introdu-

1472 3162 1595 3198 ctione,
1621 3161 1654 3192 in
1678 3170 1732 3201 qu.
1758 3171 1828 3191 xxx.
1853 3161 1906 3192 Sic
1929 3163 2064 3202 scriptor
2086 3162 2333 3194 inadvertentiae
2357 3173 2432 3194 suae
2456 3174 2535 3194 con-

1471 3206 1636 3236 scientiam
1652 3205 1847 3242 manifestat;
1872 3212 1980 3237 manet
2002 3212 2109 3237 tamen
2125 3207 2280 3238 mendum
2295 3208 2329 3238 in
2344 3208 2535 3249 analysibus,

1471 3250 1527 3280 ubi
1549 3249 1670 3280 scilicet
1692 3250 1823 3280 materia
1855 3251 1938 3281 tertii
1967 3251 2090 3281 articuli
2114 3252 2161 3282 bis
2189 3253 2380 3292 assignatur,
2404 3252 2537 3283 secundi

1471 3303 1548 3324 vero
1573 3294 1669 3324 abest.
1693 3294 1791 3324 Hunc
1812 3295 1907 3325 etiam
1930 3303 2080 3330 errorem,
2098 3296 2227 3326 crucula
2242 3296 2418 3327 indicatum
2441 3306 2538 3336 super

1472 3338 1658 3377 marginem,
1675 3337 1796 3368 distulit
1814 3339 2039 3379 corrigendum
2055 3340 2088 3370 in
2105 3340 2244 3371 Tabula:
2269 3341 2313 3371 ibi
2330 3340 2369 3371 ad
2385 3350 2440 3380 qu.
2453 3351 2535 3371 xmx.

1473 3382 1620 3422 exprimit
1643 3382 1790 3413 ordinem
1813 3384 2009 3414 executionis
2032 3384 2066 3414 in
2093 3389 2192 3416 textu.
2228 3385 2269 3415 Et
2287 3385 2313 3415 si
2337 3384 2409 3415 dico
2433 3395 2537 3415 corre-

1474 3426 1596 3457 ctiones
1619 3436 1687 3457 non
1709 3426 1806 3457 factas
1822 3427 1919 3458 fuisse
1939 3428 1973 3458 in
1996 3437 2133 3468 corpore
2157 3429 2238 3465 libri,
2255 3438 2297 3459 ne
2320 3430 2449 3469 pulcrae
2479 3439 2534 3469 pa-

1472 3471 1565 3510 ginae
1588 3471 1703 3501 rasuris
1722 3470 1936 3508 foedarentur,
1952 3481 2021 3502 non
2040 3473 2241 3504 mirabuntur
2255 3474 2450 3504 urbinatium
2474 3473 2537 3503 031-

1473 3515 1692 3555 ligraphorum
1717 3516 1846 3556 experti.
1866 3534 1888 3539 —
1904 3515 2004 3546 Modo
2021 3517 2158 3557 analogo
2175 3518 2217 3548 ob
2238 3527 2333 3548 usum
2349 3517 2538 3548 alternatum
