2878 4088
387 144 463 179 244
1010 132 1274 179 QUAESTIO
1304 131 1467 178 XCVIII,
1488 131 1782 170 ARTICULUS
1810 134 1852 180 ΙΙ,
1872 134 1918 171 111

384 220 513 246 mones,
538 209 662 240 videtur
695 209 784 251 quod
816 215 847 241 et
878 211 939 251 ipsi
966 211 1087 242 bonam
1110 211 1309 242 voluntatem
1332 210 1448 240 habere
1506 215 1578 240 tant
1600 210 1632 240 in
1658 211 1752 241 rebus
1768 211 1932 251 pessimis,
1956 218 1993 243 ut
2016 211 2131 243 dicitur
2157 213 2310 244 Proverb.
2326 224 2350 244 11
2364 215 2391 245 “.
2422 214 2509 255 Ergo
2539 221 2569 245 et
2597 219 2607 229 ·
2621 217 2689 239 Ver·—
2705 225 2739 244 ¹⁴-

383 255 516 295 possint.
1505 254 1645 284 damnati
1668 256 1702 285 in
1725 254 1851 286 inferno
1875 255 1915 286 de
1938 258 2077 297 peccatis
2099 266 2168 287 non
2191 258 2412 297 poenitebunt.

146 300 218 321 'Loc·
228 299 357 326 ci¹·‚··'¹'h-
441 308 470 329 2.
494 299 690 334 Pramum,
714 298 846 335 malum,
863 304 900 330 ut
915 299 991 330 dicit
1007 299 1182 340 Dionysius
1197 301 1224 335 *‚
1250 305 1296 330 est
1312 299 1446 329 omnino
1560 298 1623 329 San
1647 308 1780 336 CONTRA,
1802 299 1877 340 Sap.
1890 311 1910 330 v
1921 301 1938 318 ⁴*
1955 300 1994 331 de
2011 300 2166 332 damnatis
2182 301 2312 332 dicitur:
2333 302 2428 333 Intra
2442 312 2478 333 se
2489 313 2569 344 poe·
2596 305 2607 315 ·
2621 303 2690 326 Vera.
2703 309 2727 332 3-

146 327 198 348 ieet.
214 332 268 348 xxu-
1504 343 1671 374 nitentium
1695 349 1838 385 agentes.

1561 397 1590 418 2.
1614 388 1810 424 Pmraam,
1835 388 2062 429 Philosophus,
2086 390 2120 420 in
2143 389 2187 420 IX
2204 389 2309 421 Ethic.
2329 391 2356 426 *‚
2380 389 2458 421 dicit
2480 390 2569 431 quod
2596 390 2809 439 ''bcffiflvegsfgff

1497 432 1711 472 poenitudine
1734 433 1900 473 replentur
1916 434 2036 474 pravi:
2058 443 2136 464 mox
2159 434 2246 464 enim
2269 435 2431 465 tristantur
2446 435 2487 465 de
2506 435 2570 466 hoc

1502 477 1536 506 in
1561 486 1627 516 quo
1651 477 1739 516 prius
1763 476 1910 508 delectati
1933 483 2017 508 sunt.
2041 478 2127 518 Ergo
2151 478 2302 515 damnati,
2326 488 2402 509 cum
2425 479 2488 510 sint
2501 488 2570 510 ma-

383 343 649 373 involuntarium.
674 343 771 383 Ergo,
796 344 822 373 si
845 342 986 374 damnati
1009 343 1129 384 aliquid
1151 344 1275 379 volunt,
1292 342 1371 373 illud
1390 351 1447 372 vo-

383 387 454 417 lunt
477 388 670 427 inquantum
693 392 740 417 est
763 388 888 419 bonum
903 388 954 419 vel
970 398 1125 428 apparens
1149 389 1282 419 bonum.
1308 387 1371 418 Sed
1390 395 1447 416 vo-
1471 398 1480 419 ς

383 432 488 462 luntas
511 441 595 472 quae
618 441 675 472 per
698 441 732 462 se
756 431 920 463 ordinatur
943 432 982 463 ad
1006 434 1140 468 bonum,
1165 438 1211 463 est
1234 433 1329 463 bona.
1361 431 1447 471 Ergo

384 475 524 506 damnati
546 481 683 516 possunt
706 476 822 507 habere
845 477 1045 508 voluntatem
1068 477 1198 507 bonam.

440 520 469 550 3.
494 520 697 557 Pium-nana,
722 520 821 561 aliqui
845 527 937 552 erunt
961 521 1100 551 damnati
1124 522 1181 561 qui
1196 521 1229 551 in
1245 521 1308 550 hoc
1323 518 1447 550 mundo
1502 521 1588 551 xime
1611 521 1710 561 pravi,
1734 522 1835 562 magis
1857 522 2034 562 poenitent.

384 565 552 595 existentes
590 565 715 605 aliquos
747 566 902 596 virtutum
938 566 1063 596 habitus
1099 574 1210 596 secum
1247 564 1446 595 detulerunt:
1558 565 1748 596 Rnsponnao
1764 576 1925 596 mmmmm
1941 566 2031 607 quod
2045 567 2212 606 poenitere
2228 566 2268 597 de
2284 566 2393 608 aliquo
2413 568 2571 608 contingit

383 614 497 649 utpote
519 609 653 649 gentiles
682 609 738 649 qui
768 610 948 640 habuerunt
975 610 1105 640 virtutes
1128 609 1283 650 politicas.
1319 607 1382 640 Sed
1411 617 1449 639 ex
1464 624 1490 638 xo
1503 609 1690 649 dupliciter:
1715 619 1782 640 uno
1806 610 1918 647 modo,
1935 620 1993 651 per
2008 620 2059 648 se;
2083 616 2116 641 et
2130 611 2193 641 alio
2209 610 2321 648 modo,
2338 621 2396 652 per
2411 611 2567 643 accidens.

382 653 542 684 habitibus
574 654 728 684 virtutum
759 654 883 684 elicitur
914 654 1079 685 laudabilis
1110 654 1268 684 voluntas.
1301 653 1387 693 Ergo
1415 653 1449 683 in
1502 654 1563 684 Per
1586 664 1619 684 se
1643 654 1775 695 quidem
1800 655 1840 686 de
1862 660 1996 696 peccato
2021 656 2166 696 poenitet
2189 656 2245 695 qui
2268 661 2438 696 peccatum
2467 657 2502 687 in
2528 666 2568 688 eo

383 697 543 738 aliquibus
567 697 722 728 damnatis
746 699 863 738 poterit
887 708 954 729 esse
977 697 1143 729 laudabilis
1166 698 1325 728 voluntas.
1503 698 1594 738 quod
1617 705 1663 729 est
1686 704 1873 739 peccatum,
1898 700 2110 730 abominatur.
2142 700 2202 730 Per
2225 699 2372 731 accidens
2394 710 2487 737 vero,
2513 702 2570 741 qui

438 742 500 773 San
525 751 665 778 con-riu,
690 743 847 773 obstinata
870 743 1018 773 voluntas
1042 752 1210 783 nunquam
1234 747 1340 782 potest
1363 740 1448 772 flecti
1502 742 1582 773 illud
1605 742 1674 774 odit
1696 744 1819 774 ratione
1842 744 1976 775 alicuius
2000 743 2151 780 adiuncti,
2167 749 2282 785 utpote
2304 754 2431 785 poenae
2446 744 2498 775 vel
2513 746 2569 776 ali-

383 786 444 816 nisi
476 786 515 816 ad
538 786 660 817 malum
676 788 702 817 *.
737 786 800 817 Sed
824 786 964 817 damnati
988 787 1136 818 homines
1160 792 1254 818 erunt
1277 786 1445 822 obstinati,
1503 788 1594 817 cuius
1617 788 1814 819 huiusmodi.
1839 789 1915 819 Mali
1939 789 2034 829 igitur
2056 799 2124 819 non
2147 789 2371 829 poenitebunt,
2394 798 2452 830 per
2471 798 2505 820 se
2520 790 2569 820 lo-

383 830 464 860 sicut
488 830 670 861 daemones.
705 831 790 870 Ergo
821 831 970 862 voluntas
997 841 1112 862 eorum
1138 840 1307 872 nunquam
1330 831 1448 871 poterit
1463 845 1486 865 ¹5
1503 831 1644 871 quendo,
1670 832 1709 863 de
1733 833 1891 873 peccatis:
1916 834 1991 874 quia
2014 834 2162 864 voluntas
2180 834 2320 864 malitiae
2334 834 2459 874 peccati
2474 834 2508 864 in
2523 834 2568 865 eis

383 884 451 905 esse
474 875 569 904 bona.
1501 882 1654 907 remanet.
1671 876 1887 908 Poenitebunt
1903 883 2011 908 autem
2026 887 2084 919 per
2099 878 2264 909 accidens:
2281 879 2475 919 inquantum
2490 877 2568 909 affii-

438 928 467 948 2.
491 919 687 953 Pmaranm,
713 918 795 948 sieut
818 927 852 948 se
867 918 963 948 habet
985 919 1133 949 voluntas
1148 919 1317 949 beatorum
1333 918 1373 949 ad
1387 919 1446 948 bo-
1501 925 1617 960 gentur
1640 920 1679 951 de
1702 930 1810 961 poena
1833 931 1932 962 quam
1954 932 2014 963 pro
2037 928 2172 963 peccato
2196 923 2363 953 sustinent.

1556 965 1608 994 An
1631 975 1749 995 panum
1775 975 1858 996 aneo
1886 976 2047 997 memnon
2076 966 2167 1007 quod
2197 967 2337 998 damnati
2365 967 2568 1007 iniquitatem

1500 1008 1625 1044 volunt,
1650 1008 1705 1039 sed
1728 1018 1869 1049 poenam
1892 1010 2064 1050 refugiunt.
2088 1011 2130 1042 Et
2153 1012 2197 1042 sic
2213 1021 2270 1052 per
2285 1011 2433 1043 accidens
2448 1011 2489 1042 de
2507 1012 2568 1042 ini-

1461 1064 1487 1079 20
1501 1052 1622 1092 quitate
1647 1054 1818 1083 commissa
1840 1055 2019 1094 poenitent.

1556 1096 1607 1126 An
1631 1106 1794 1127 sncmmtm
1817 1107 1977 1129 mcmmtm
1993 1098 2084 1139 quod
2098 1099 2180 1130 velle
2196 1109 2230 1130 se
2244 1109 2313 1130 non
2328 1109 2478 1140 peccasse
2492 1109 2567 1140 pro-

1500 1145 1571 1180 pter
1593 1140 1827 1181 turpitudinem
1849 1143 2035 1183 iniquitatis,
2059 1148 2108 1174 est
2130 1144 2216 1174 bona
2238 1144 2398 1175 voluntas.
2422 1143 2486 1175 Sed
2503 1144 2567 1175 hoc

146 792 155 800 '
175 789 210 811 Cf.
234 789 244 810 1
266 789 343 817 Part„

143 821 183 843 qu.
193 821 253 843 ιιιν,
264 819 306 838 art.
322 822 342 838 2.

380 971 470 999 num,
494 963 538 992 ita
561 971 594 992 se
617 962 712 992 habet
734 961 883 992 voluntas
907 962 1132 993 damnatorum
1155 962 1196 993 ad
1218 963 1351 993 malum.
1383 961 1447 992 Sed

380 1007 464 1036 beati
486 1014 655 1046 nunquam
678 1006 797 1036 habent
819 1006 1019 1036 voluntatem
1042 1007 1169 1037 malam.
1198 1007 1284 1047 Ergo
1307 1015 1369 1037 nec
1391 1005 1446 1036 da-

379 1051 479 1081 mnati
503 1050 644 1090 aliquam
667 1050 785 1080 habent
808 1050 1008 1081 voluntatem
1031 1051 1160 1081 bonam.

434 1095 623 1125 Responmzo
648 1104 808 1125 mmmmm
831 1094 921 1135 quod
944 1095 978 1125 in
1004 1094 1160 1126 damnatis
1190 1099 1296 1135 potest
1328 1093 1446 1134 duplex

379 1139 527 1169 voluntas
552 1138 762 1169 considerari:
788 1139 909 1170 scilicet
931 1139 1080 1170 voluntas
1097 1139 1316 1174 deliberativa;
1343 1143 1374 1169 et
1388 1148 1446 1169 vo-

379 1183 484 1214 luntas
507 1183 667 1213 naturalis.
701 1183 859 1214 Naturalis
893 1183 1026 1223 quidem
1055 1193 1122 1214 non
1155 1188 1202 1214 est
1229 1184 1273 1214 eis
1297 1192 1335 1213 ex
1358 1183 1445 1223 ipsis,
1500 1194 1569 1215 non
1593 1185 1651 1215 erit
1674 1186 1707 1216 in
1731 1185 1897 1217 damnatis.

379 1227 435 1258 sed
458 1237 496 1258 ex
519 1227 662 1258 Auctore
686 1232 827 1264 naturae,
844 1229 901 1268 qui
916 1228 951 1258 in
966 1234 1078 1259 natura
1098 1229 1181 1258 hanc
1203 1227 1447 1258 inclinationem
1555 1229 1607 1259 An
1630 1239 1765 1261 rem-nm
1781 1241 1941 1262 mmmmm
1957 1231 2045 1272 quod
2064 1232 2133 1262 sine
2149 1232 2255 1272 aliqua
2271 1232 2437 1263 aversione
2451 1232 2567 1263 volun-

378 1273 488 1312 posuit
510 1281 593 1312 quae
616 1272 766 1302 naturalis
789 1272 938 1303 voluntas
965 1272 1089 1303 dicitur.
1115 1271 1219 1309 Unde,
1236 1282 1312 1303 cum
1333 1277 1446 1303 natura
1460 1285 1484 1305 ες
1500 1274 1572 1304 tatis
1588 1275 1754 1315 continget
1777 1275 1867 1316 quod
1883 1275 2023 1306 damnati
2046 1275 2086 1306 de
2108 1277 2248 1316 peccatis
2263 1277 2466 1317 poeniteant:
2491 1278 2567 1318 quia

378 1317 412 1346 in
436 1317 481 1346 eis
504 1322 675 1352 remaneat,
700 1316 880 1348 secundum
902 1317 966 1348 hoc
989 1318 1075 1348 bona
1098 1318 1217 1358 poterit
1238 1318 1273 1348 in
1300 1317 1345 1347 eis
1377 1326 1445 1347 esse
1499 1327 1568 1349 non
1591 1319 1655 1349 hoc
1678 1319 1838 1360 refugient
1869 1321 1903 1351 in
1933 1321 2072 1361 peccatis
2103 1320 2193 1361 quod
2221 1321 2310 1362 prius
2333 1322 2567 1362 appetiverunt,

379 1361 527 1391 voluntas
550 1361 710 1392 naturalis.
1499 1362 1556 1393 sed
1579 1363 1701 1403 aliquid
1724 1364 1820 1402 aliud,
1846 1365 1966 1396 scilicet
1988 1374 2140 1406 poenam.

434 1404 497 1436 Sed
519 1406 668 1436 voluntas
692 1405 894 1436 deliberativa
918 1411 964 1436 est
988 1406 1033 1437 eis
1056 1415 1094 1437 ex
1113 1406 1241 1446 seipsis,
1265 1405 1445 1437 secundum
1554 1407 1605 1438 An
1631 1418 1780 1439 QUARTUM
1802 1419 1962 1440 mmmmm
1985 1409 2075 1450 quod
2098 1410 2247 1441 homines
2275 1410 2310 1440 in
2337 1410 2401 1441 hoc
2429 1409 2566 1447 mundo,

379 1449 469 1490 quod
492 1450 525 1479 in
548 1455 706 1490 potestate
730 1459 844 1480 eorum
861 1455 908 1480 est
923 1450 1068 1481 inclinari
1083 1460 1140 1491 per
1156 1449 1306 1481 affectum
1322 1450 1362 1481 ad
1380 1451 1444 1481 hoc
1499 1457 1801 1494 quantumcumque
1825 1454 1991 1491 obstinati,
2015 1464 2073 1495 per
2095 1454 2243 1486 accidens
2267 1455 2306 1485 de
2333 1455 2472 1495 peccatis
2501 1455 2566 1485 suis

378 1494 429 1524 vel
452 1493 540 1524 illud.
565 1495 606 1525 Et
628 1495 698 1525 talis
714 1494 862 1525 voluntas
886 1500 933 1525 est
955 1495 989 1525 in
1013 1495 1058 1525 eis
1077 1495 1184 1526 solum
1205 1495 1298 1525 mala.
1323 1495 1364 1525 Et
1379 1495 1443 1525 hoc
1459 1507 1486 1528 το
1498 1497 1668 1536 poenitent
1688 1498 1714 1528 si
1737 1507 1796 1539 pro
1818 1499 1862 1529 eis
1885 1500 2076 1539 puniantur:
2101 1500 2186 1540 quia,
2203 1505 2240 1530 ut
2263 1498 2340 1530 dicit
2355 1499 2565 1540 Augustinus,

378 1538 452 1568 ideo
477 1539 553 1578 quia
576 1544 650 1569 sunt
672 1538 813 1579 perfecte
837 1540 936 1569 aversi
953 1549 970 1569 a
985 1539 1051 1570 fine
1073 1540 1188 1571 ultimo
1209 1545 1313 1570 rectae
1328 1539 1444 1570 volun·
1498 1541 1532 1571 in
1553 1541 1635 1572 libro
1655 1541 1930 1584 Octogintatrium
1956 1543 2087 1580 Quaest.
2104 1545 2131 1581 *‚
2148 1544 2291 1575 videmus
2315 1544 2412 1575 etiam
2421 1544 2566 1586 ferocis-

378 1583 464 1620 tatis;
488 1592 549 1614 nec
573 1583 678 1623 aliqua
701 1583 848 1614 voluntas
871 1589 979 1624 potest
1002 1594 1071 1615 esse
1093 1585 1180 1615 bona
1198 1585 1259 1614 nisi
1282 1593 1339 1624 per
1358 1583 1444 1615 ordi·
1498 1586 1597 1616 simas
1626 1586 1742 1618 bestias
1769 1587 1884 1619 dolore
1906 1597 2093 1629 poenarum
2120 1597 2141 1619 a
2168 1589 2320 1620 maximis
2350 1588 2566 1630 voluptatibus

378 1637 453 1657 nem
478 1627 517 1658 ad
540 1627 639 1658 finem
662 1628 871 1668 praedictum.
896 1628 990 1659 Unde
1015 1630 1120 1665 etiam,
1146 1629 1203 1659 etsi
1227 1628 1359 1669 aliquod
1385 1629 1444 1660 bo—
1499 1630 1668 1661 abstinere.
2245 1636 2249 1639 ”
2306 1645 2311 1651 «
2438 1658 2453 1661 ,

378 1681 459 1702 num
481 1672 614 1708 volunt,
638 1682 706 1703 non
738 1677 847 1703 tamen
877 1673 960 1704 bene
991 1674 1106 1704 volunt
1134 1673 1231 1710 illud,
1255 1679 1292 1704 ut
1320 1683 1357 1704 ex
1380 1674 1444 1704 hoc

378 1716 527 1751 voluntas
551 1726 665 1747 eorum
687 1717 774 1747 bona
797 1717 859 1748 dici
883 1718 993 1757 possit.

434 1761 484 1790 An
508 1771 625 1791 prunum
648 1771 731 1791 aneo
755 1771 915 1792 mcmmun
931 1761 1021 1802 quod
1036 1762 1170 1792 verbum
1186 1762 1334 1803 Dionysii
1351 1762 1444 1792 intel-

379 1805 486 1845 ligitur
509 1804 548 1835 de
570 1805 735 1836 voluntate
759 1806 910 1842 naturali,
936 1816 1019 1847 quae
1043 1811 1089 1836 est
1118 1806 1283 1837 inclinatio
1312 1812 1444 1837 naturae

378 1850 412 1879 in
436 1849 567 1889 aliquod
591 1850 724 1880 bonurn.
750 1850 812 1881 Sed
835 1856 943 1881 tamen
966 1851 1024 1881 ista
1039 1851 1190 1881 naturalis
1205 1851 1371 1882 inclinatio
1387 1860 1444 1891 per
1499 1860 1583 1924 An
1607 1861 1742 1881 marum
1762 1861 1807 1882 s1c
1828 1861 2032 1882 pnocemwn.
2056 1852 2191 1883 Videtur
2211 1853 2300 1894 quod
2320 1852 2461 1884 damnati
2478 1858 2565 1884 recta

379 1903 492 1923 eorum
508 1894 661 1924 malitiam
678 1895 911 1934 corrumpitur:
928 1895 1122 1935 inquantum
1138 1895 1201 1925 hoc
1217 1896 1340 1926 bonum
1354 1895 1443 1935 quod
1563 1895 1686 1925 ratione
1710 1900 1742 1926 et
1764 1895 1968 1926 deliberativa
1990 1905 2058 1927 non
2081 1897 2207 1937 possint
2233 1898 2316 1928 velle
2340 1907 2374 1928 se
2397 1907 2465 1928 non
2485 1907 2564 1929 esse.

377 1937 560 1968 naturaliter
583 1937 771 1975 desiderant,
788 1939 847 1969 sub
868 1939 1062 1979 quibusdam
1085 1939 1176 1970 malis
1199 1939 1443 1970 circumstantiis
1457 1949 1484 1970 4ο
1497 1939 1697 1979 Augustinus
1720 1940 1808 1970 enim
1831 1940 1923 1976 dicit,
1947 1941 1981 1970 in
2004 1941 2085 1971 libro
2109 1941 2149 1971 de
2171 1941 2239 1972 Lib.
2263 1941 2365 1972 Arbit.
2381 1942 2415 1972 ἰ
2449 1941 2564 1973 Consi-
2591 1945 2602 1956 ·

378 1987 544 2022 appetunt.
1497 1983 1576 2014 dera
1606 1988 1762 2024 quantum
1794 1985 1913 2015 bonum
1941 1990 1988 2015 est
2014 1994 2096 2021 esse,
2120 1986 2208 2026 quod
2230 1991 2262 2016 et
2282 1986 2367 2017 beati
2396 1991 2428 2017 et
2455 1986 2566 2018 miseri

432 2026 483 2056 An
507 2036 669 2056 SECUNDUM
699 2036 859 2057 mmmmm
889 2027 979 2067 quod
1009 2027 1148 2063 malum,
1173 2028 1366 2068 inquantum
1396 2033 1444 2058 est
1497 2028 1630 2058 volunt:
1647 2028 1751 2059 maius
1766 2029 1853 2059 enirn
1865 2034 1912 2060 est
1927 2038 1995 2059 esse
2011 2034 2043 2060 et
2057 2030 2211 2061 miserum
2223 2039 2301 2067 esse,
2315 2040 2414 2071 quam
2429 2031 2565 2062 omnino

377 2070 509 2107 malum,
533 2080 600 2101 non
623 2077 734 2102 movet
757 2071 967 2108 voluntatem,
992 2071 1049 2102 sed
1072 2072 1265 2112 inquantum
1289 2078 1335 2102 est
1351 2073 1443 2103 aesti-
1496 2081 1565 2102 non
1589 2082 1666 2103 esse.

377 2120 500 2145 matum
523 2115 658 2146 bonum.
683 2115 746 2147 Sed
769 2116 832 2146 hoc
848 2125 886 2146 ex
906 2125 1020 2147 eorum
1039 2116 1159 2147 malitia
1181 2116 1336 2156 procedit,
1354 2117 1443 2157 quod
1554 2126 1584 2147 2.
1607 2117 1804 2153 Pan-ruam,
1821 2117 2021 2158 Augustinus
2043 2117 2165 2149 ibidem
2180 2119 2197 2135 ⁴*
2220 2119 2266 2150 sic
2281 2119 2393 2160 arguit.
2418 2119 2562 2151 Praeele-

376 2159 410 2190 id
426 2158 515 2200 quod
531 2165 578 2190 est
593 2160 715 2191 malum
731 2161 898 2191 aestiment
921 2166 957 2191 ut
979 2161 1113 2192 bonum.
1138 2161 1179 2192 Et
1201 2160 1275 2192 ideo
1294 2161 1442 2192 voluntas
1456 2175 1481 2195 45
1497 2161 1561 2191 ctio
1585 2162 1741 2202 supponit
1765 2162 1966 2193 electionem.
1992 2162 2055 2193 Sed
2077 2172 2145 2194 non
2169 2172 2238 2194 esse
2259 2172 2328 2194 non
2347 2169 2395 2195 est
2410 2164 2562 2204 eligibile:

378 2213 490 2234 eorum
514 2204 597 2234 mala
621 2210 676 2235 est.
1497 2214 1573 2236 cum
1588 2215 1656 2236 non
1668 2206 1783 2236 habeat
1798 2207 2017 2247 apparentiam
2031 2208 2123 2244 boni,
2137 2217 2213 2238 cum
2228 2208 2315 2238 nihili
2324 2209 2373 2239 sit.
2393 2208 2479 2249 Ergo
2494 2218 2563 2240 non

431 2248 482 2278 An
506 2258 640 2279 ‘rani-nm
664 2258 822 2279 DICENDUM
846 2248 936 2289 quod
958 2250 1085 2280 habitus
1113 2250 1267 2281 virtutum
1297 2250 1442 2290 politica·
1497 2259 1565 2280 esse
1588 2260 1657 2281 non
1675 2256 1782 2291 potest
1805 2260 1874 2282 esse
1891 2252 1992 2292 magis
2008 2252 2180 2292 appetibile
2197 2251 2353 2283 damnatis
2369 2261 2468 2293 quam
2483 2261 2562 2285 esse.

376 2302 448 2323 rum
471 2302 539 2323 non
562 2298 727 2324 remanent
750 2294 783 2323 in
816 2294 922 2324 anima
945 2299 1103 2334 separata:
1133 2303 1173 2324 eo
1198 2294 1288 2335 quod
1311 2295 1442 2326 virtutes
1553 2294 1582 2325 3.
1606 2295 1803 2332 Palmum,
1828 2296 1931 2327 maius
1954 2297 2077 2327 malum
2095 2297 2196 2337 magis
2211 2302 2260 2327 est
2274 2296 2474 2338 fugiendum.
2499 2297 2564 2329 Sed

375 2337 447 2367 illae
469 2336 641 2377 perficiunt
664 2337 771 2368 solum
795 2338 827 2368 in
849 2339 914 2368 vita
938 2339 1041 2375 civili,
1067 2348 1150 2379 quae
1179 2349 1247 2370 non
1280 2339 1338 2370 erit
1368 2345 1442 2380 post
1495 2348 1564 2369 non
1588 2349 1657 2370 esse
1680 2345 1728 2370 est
1749 2341 1926 2371 maximum
1948 2341 2089 2372 malum:
2115 2351 2191 2372 cum
2213 2341 2305 2372 tollat
2333 2342 2474 2373 totaliter
2503 2343 2563 2374 bo-

375 2381 458 2411 hanc
481 2382 588 2412 vitam.
613 2381 646 2412 Si
668 2387 776 2413 tamen
799 2388 1009 2419 remanerent,
1026 2392 1196 2423 nunquam
1211 2384 1245 2414 in
1261 2389 1369 2415 actum
1389 2394 1442 2415 ex·
1457 2400 1483 2421 50
1495 2393 1586 2419 num,
1611 2393 1651 2414 eo
1676 2383 1766 2425 quod
1789 2385 1867 2415 nihil
1890 2385 2051 2426 relinquit.
2083 2386 2169 2426 Ergo
2192 2395 2261 2417 non
2288 2395 2358 2417 esse
2385 2392 2432 2417 est
2461 2387 2563 2428 magis

375 2426 466 2462 irent,
491 2427 581 2467 quasi
604 2426 718 2467 ligatae
742 2437 779 2458 ex
803 2427 1019 2458 obstinatione
1042 2429 1168 2459 mentis.
1495 2427 1687 2468 fugiendum
1710 2438 1809 2469 quam
1830 2430 1984 2461 miserum
2008 2439 2086 2461 esse.
2110 2431 2152 2461 Et
2174 2430 2220 2461 sic
2242 2429 2330 2462 idem
2353 2430 2444 2471 quod
2462 2432 2561 2472 prius.

2593 1547 2604 1558 '¹
2618 1545 2666 1575 Qu.
2681 1551 2761 1569 xxxvi.

1459 1729 1483 1750 ³5
1498 1704 1597 1735 ART.
1615 1705 1667 1736 111.
1692 1716 1797 1737 urum«
1819 1716 1959 1737 DAMNA‘n
1986 1717 2087 1738 κιο-ΓΑ
2109 1717 2245 1739 numm:
2275 1718 2313 1739 ιτ
2340 1717 2565 1740 οωκυτῐνᾼ

1797 1761 1922 1782 Possm'r
1936 1761 2035 1782 VELLR
2059 1762 2093 1783 SE
2116 1762 2181 1783 NON
2196 1762 2267 1783 ESSE

1498 1799 1558 1822 Part.
1574 1800 1591 1827 1,
1602 1807 1641 1829 qu.
1657 1807 1679 1828 v,
1690 1804 1731 1822 nrt.
1742 1807 1763 1828 2,
1778 1801 1807 1822 ad
1820 1807 1845 1830 3;
1860 1801 1896 1823 De
1913 1801 1991 1829 Ver-it„
2003 1808 2042 1830 qu.
2056 1808 2115 1829 xxti,
2125 1807 2168 1824 art.
2185 1810 2203 1830 ι,
2218 1803 2247 1825 nd
2258 1809 2284 1831 73
2298 1803 2325 1825 In
2336 1803 2428 1831 Manli„
2441 1809 2493 1832 cap.
2502 1810 2564 1826 xxvi.

2868 1693 2878 2044 ἰ

2588 2477 2599 2488 ·
2611 2474 2679 2499 Vere.
2693 2475 2716 2498 ⁶.
2868 2457 2878 2502 l

139 2783 148 2793 ·
159 2781 218 2803 Vide
228 2781 257 2803 de
268 2781 348 2804 Comi-

138 2808 199 2835 ατη,
208 2808 249 2830 lib.
259 2808 288 2835 V,
298 2814 348 2836 cap.

137 2835 351 2889 mimmii?

486 2491 576 2522 ΛΒΤ
603 2491 630 2522 Π
665 2502 770 2522 unum
793 2502 933 2523 numm
956 2502 1153 2523 ponm‘rnnr
1177 2503 1218 2524 DE
1241 2503 1331 2524 umus
1551 2472 1614 2503 San
1639 2483 1762 2504 con-rm
1778 2483 1832 2504 nsr
1848 2474 1939 2514 quod
1962 2474 2077 2505 dicitur
2091 2476 2190 2516 Apoc.
2206 2485 2238 2505 ix
2253 2476 2290 2506 ἐ
2315 2475 2355 2506 In
2371 2475 2482 2507 diebus
2497 2475 2562 2507 illis

579 2515 586 2521 '
633 2515 640 2522 ⁸
1495 2516 1724 2548 desiderabunt
1744 2518 1890 2549 homines
1913 2519 2007 2555 mori,
2031 2524 2064 2550 et
2075 2520 2192 2561 fugiet
2213 2528 2303 2550 mors
2325 2520 2365 2551 ab
2388 2521 2444 2551 eis.

771 2547 854 2567 oum
884 2547 1044 2568 rncmumr
1542 2571 1571 2592 2.
1589 2562 1785 2599 Pmmnm,
1803 2562 2028 2594 damnatorum
2043 2564 2170 2595 miseria
2185 2573 2319 2595 omnem
2334 2564 2430 2595 huius
2447 2563 2562 2596 mundi

550 2586 651 2617 11⁸*11··‚
667 2592 705 2613 qu.
719 2593 768 2614 xm,
783 2591 824 2610 art.
839 2594 866 2614 43
882 2587 941 2610 Part.
958 2588 1003 2611 111.
1019 2595 1057 2616 qu.
1074 2595 1168 2614 Lxxxw.
1184 2592 1226 2611 art.
1244 2597 1266 2615 ¹;

439 2612 471 2633 IV
485 2612 556 2639 Seni„
572 2613 625 2635 dist.
641 2619 688 2640 xiv,
703 2619 773 2662 qukb,
782 2615 925 2668 lairetbyfficgg·
932 2615 1108 2668 ‚ffijffiqipffld
1125 2616 1211 2643 nicol„
1227 2621 1277 2644 cup.
1293 2622 1379 2642 mxv:

377 2699 461 2762 AD
479 2699 639 2720 SECUNDUM
655 2700 700 2720 SIC
716 2701 920 2723 Pnocnm'run.
943 2692 1077 2724 Videtur
1093 2692 1182 2733 quod
1203 2693 1343 2724 damnati
1358 2703 1441 2725 nun-

441 2743 539 2774 quam
566 2735 753 2775 poeniteant
780 2735 820 2766 de
847 2737 938 2767 malis
963 2746 1045 2777 quae
1070 2737 1223 2769 fecerunt.
1252 2738 1338 2777 Quia
1366 2738 1442 2769 dicit

375 2778 564 2815 Bernardus,
585 2779 618 2809 in
645 2779 780 2810 Cantica
797 2781 823 2817 *‚
841 2781 930 2821 quod
954 2781 1121 2813 damnatus
1145 2792 1272 2823 semper
1290 2783 1358 2814 vult
1380 2784 1440 2814 ini-

1457 2606 1656 2642 „miseriam
1672 2606 1805 2638 excedit.
1831 2607 1894 2638 Sed
1909 2607 1949 2639 ad
1964 2608 2126 2639 vitandam
2148 2609 2309 2639 miseriam
2332 2609 2428 2640 huius
2448 2608 2562 2642 mundi

1496 2651 1668 2691 appetibile
1685 2657 1732 2682 est
1747 2652 1907 2692 aliquibus
1922 2653 2023 2683 mori:
2049 2653 2136 2684 unde
2151 2652 2267 2684 dicitur
2281 2653 2383 2684 Eccli.
2400 2663 2451 2684 xm
2466 2654 2502 2684 ἰ
2531 2652 2561 2684 Ο

1495 2704 1594 2731 mors,
1618 2706 1714 2737 quam
1738 2696 1857 2727 bonum
1880 2702 1927 2727 est
1949 2697 2103 2728 iudicium
2127 2702 2217 2728 tuum
2239 2697 2363 2728 homini
2393 2697 2561 2740 indigenti,

1495 2744 1526 2770 et
1548 2740 1603 2780 qui
1626 2741 1812 2771 minoratur
1835 2741 1956 2772 viribus
1979 2747 2011 2772 et
2028 2742 2140 2784 deficit
2155 2747 2270 2778 aetate,
2287 2747 2319 2773 et
2333 2742 2386 2773 cui
2401 2742 2440 2774 de
2456 2742 2559 2773 omni-

1494 2784 1553 2815 bus
1576 2794 1657 2815 cura
1680 2790 1735 2821 est,
1760 2790 1792 2816 et
1814 2785 1995 2816 incredibili
2021 2786 2077 2827 qui
2098 2786 2211 2827 perdit
2231 2786 2444 2828 sapientiam!
2475 2786 2561 2829 Ergo

376 2823 531 2862 quitatem
561 2833 652 2854 suam
682 2833 781 2864 quam
811 2824 895 2856 fecit.
930 2826 1016 2867 Ergo
1047 2836 1216 2868 nunquam
1239 2826 1279 2858 de
1306 2833 1440 2868 peccato
1454 2838 1482 2859 60
1494 2829 1599 2859 multo
1624 2828 1738 2860 fortius
1761 2835 1808 2860 est
1832 2829 1988 2861 damnatis
2011 2831 2183 2872 appetibile
2205 2840 2274 2862 non
2297 2840 2366 2862 esse
2381 2830 2560 2862 secundum

376 2868 550 2898 commisso
572 2869 726 2908 poenitet.

434 2921 462 2941 2.
487 2912 682 2949 Pium-raam,
707 2913 788 2944 velle
811 2923 845 2944 se
868 2924 935 2945 non
959 2924 1109 2955 peccasse
1133 2921 1180 2946 est
1209 2916 1295 2947 bona
1325 2916 1441 2947 volun-

1495 2874 1653 2904 rationem
1677 2873 1926 2905 deliberativam.

1551 2918 1741 2949 Rnsroxmzo
1765 2929 1925 2949 mmmmm
1949 2919 2039 2960 quod
2061 2929 2129 2950 non
2158 2929 2226 2950 esse
2255 2924 2363 2960 potest
2391 2918 2560 2958 dupliciter

2590 2653 2602 2664 ·
2613 2650 2679 2674 Vere.
2692 2657 2715 2681 3.
2728 2657 2752 2678 4.

137 2959 147 2968 ·
161 2958 212 2979 Art·
228 2957 334 2984 praeced·
375 2961 431 2985 tas.
452 2955 515 2986 Sed
531 2955 670 2987 damnati
686 2967 753 2988 non
770 2958 934 2990 habebunt
949 2960 1071 2990 bonam
1086 2960 1286 2991 voluntatem
1302 2962 1328 2992 θ’.
1354 2961 1439 3001 Ergo
1496 2961 1698 2993 considerari.
1723 2963 1798 2994 Uno
1821 2963 1934 3000 modo,
1958 2963 2138 2994 secundum
2161 2972 2204 2994 se.
2229 2962 2270 2994 Et
2293 2963 2338 2994 sic
2352 2962 2443 2993 nullo
2458 2961 2559 2993 modo

376 2999 516 3030 damnati
539 3010 708 3042 nunquam
729 3002 840 3033 volent
864 3013 897 3034 se
920 3013 988 3035 non
1018 3013 1177 3044 peccasse.
1211 3005 1252 3036 Et
1279 3006 1326 3036 sic
1354 3004 1440 3036 idem
1495 3012 1603 3047 potest
1625 3016 1694 3037 esse
1717 3008 1908 3048 appetibile:
1932 3017 2008 3039 cum
2023 3017 2092 3038 non
2106 3008 2222 3038 habeat
2239 3007 2379 3047 aliquam
2401 3006 2559 3037 rationem

376 3043 466 3084 qUOd
489 3045 586 3084 prius·
1454 3061 1479 3087 σς
1495 3051 1585 3087 boni,
1602 3051 1658 3082 sed
1673 3052 1712 3082 sit
1734 3061 1815 3092 pura
1838 3052 1917 3083 boni
1939 3053 2084 3092 privatio.
2107 3070 2131 3075 -
2152 3051 2228 3082 Alio
2244 3050 2345 3081 modo
2360 3055 2466 3090 potest
2482 3059 2559 3082 con-

433 3088 462 3118 3.
486 3089 683 3127 Pmmau,
700 3090 879 3122 secundum
895 3091 1134 3124 Damascenum
1150 3094 1176 3130 *,
1193 3093 1254 3124 hoc
1270 3098 1317 3124 est
1338 3094 1440 3125 homi·
1495 3095 1625 3126 siderari
1648 3096 1841 3136 inquantum
1865 3101 1912 3127 est
1934 3097 2108 3127 ablativum
2129 3095 2276 3136 poenalis
2297 3095 2349 3125 vel
2363 3095 2497 3125 miserae
2513 3096 2559 3126 vi-

376 3132 468 3162 nibus
491 3143 579 3164 mors
602 3134 688 3174 quod
710 3135 838 3176 angelis
861 3145 965 3167 casus.
990 3137 1054 3167 Sed
1077 3138 1181 3178 angeli
1203 3138 1351 3169 voluntas
1366 3143 1441 3179 post
1495 3144 1556 3170 tae.
1581 3139 1622 3170 Et
1645 3141 1690 3171 sic
1712 3150 1780 3171 non
1804 3150 1873 3171 esse
1895 3141 2011 3181 accipit
2032 3140 2189 3171 rationem
2212 3139 2309 3169 boni:
2339 3148 2445 3170 carere
2472 3140 2559 3170 enim

377 3185 486 3206 casum
510 3182 557 3207 est
580 3177 765 3210 invertibilis
788 3180 852 3210 hoc
874 3180 985 3217 modo,
1010 3186 1046 3212 ut
1068 3191 1137 3212 non
1164 3183 1266 3222 possit
1292 3182 1441 3214 recedere
1494 3184 1581 3214 malo
1613 3189 1660 3214 est
1688 3184 1853 3225 quoddam
1883 3185 2026 3221 bonum,
2050 3189 2087 3214 ut
2115 3182 2192 3214 dicit
2213 3182 2447 3223 Philosophus,
2471 3184 2505 3214 in
2528 3184 2558 3214 V

138 3093 148 3103 ⁸
159 3091 192 3114 De
207 3091 266 3114 Fide
281 3092 348 3116 Orth.

138 3118 179 3140 lib.
194 3119 224 3144 11,
239 3125 290 3147 cap.
305 3125 335 3141 iv.

136 3227 144 3235 ·
170 3223 207 3245 Cf·
229 3223 238 3245 1
261 3223 336 3252 pm„
377 3220 414 3250 ab
440 3221 598 3252 electione
622 3231 686 3262 qua
708 3224 796 3263 prius
820 3226 965 3264 peccavit
981 3226 1006 3255 ⁹.
1043 3226 1130 3266 Ergo
1154 3231 1186 3257 et
1208 3226 1349 3258 damnati
1372 3237 1441 3258 non
1494 3228 1599 3258 Ethic.
1617 3229 1634 3245 ⁹
1656 3228 1698 3259 Et
1716 3238 1773 3269 per
1787 3229 1875 3259 hunc
1890 3228 2027 3259 modum
2042 3227 2157 3258 melius
2173 3232 2220 3257 est
2236 3226 2392 3258 damnatis
2407 3237 2474 3258 non
2491 3237 2559 3259 esse
2585 3233 2596 3243 ·
2610 3231 2644 3254 C·
2661 3237 2696 3260 -1,
2706 3237 2730 3255 a.
2741 3237 2798 3255 ²⁰·-

138 3254 335 3277 qu.1.11v,an.2.
376 3271 512 3304 possunt
534 3267 700 3305 poenitere
724 3267 764 3298 de
787 3269 926 3308 peccatis
950 3279 968 3299 a
991 3279 1025 3300 se
1049 3271 1238 3302 commissis.
1272 3280 1275 3282 ’
1454 3288 1482 3310 70
1495 3281 1595 3312 quam
1617 3273 1751 3303 miseros
1775 3282 1853 3303 esse.
1877 3272 1971 3303 Unde
1995 3272 2106 3302 Matth.
2130 3281 2203 3302 xxvx
2219 3272 2252 3302 *z
2276 3272 2406 3302 Bonum
2430 3277 2502 3303 erat
2529 3272 2560 3303 ei
2585 3258 2758 3313 ·S'v⁶r..¹⁶‚⁶⁸‘4¹‘

431 3317 462 3347 4.
486 3309 681 3347 Plurimum,
706 3312 809 3342 maior
824 3313 883 3343 erit
897 3315 1084 3353 perversitas
1101 3314 1325 3347 damnatorum
1340 3316 1373 3347 in
1392 3316 1441 3347 in-
1494 3317 1523 3347 si
1546 3321 1642 3347 natus
1658 3326 1723 3348 non
1737 3317 1863 3358 fuisset
1875 3316 1972 3346 homo
1989 3316 2053 3346 ille.
2077 3314 2118 3346 Et
2134 3315 2244 3346 Ierem.
2262 3326 2312 3352 xx,
2329 3325 2426 3357 super
2439 3315 2520 3347 illud
2530 3317 2557 3353 ⁹,
2585 3317 2596 3328 '
2611 3315 2677 3339 νᾶ·-
2694 3322 2729 3343 ¹⁴-

377 3351 467 3383 ferno
492 3363 590 3394 quam
612 3360 821 3395 peccatorum
844 3357 877 3387 in
896 3358 960 3388 hoc
975 3358 1110 3389 mundo.
1135 3359 1199 3390 Sed
1214 3360 1313 3400 aliqui
1328 3360 1362 3391 in
1377 3359 1441 3390 hoc
1494 3360 1671 3391 Maledicta
1690 3360 1760 3391 dies
1782 3361 1815 3391 in
1838 3369 1902 3401 qua
1919 3364 2014 3390 natus
2036 3369 2107 3390 sum
2123 3365 2194 3397 etc„
2211 3359 2287 3391 dicit
2311 3360 2426 3391 Glossa
2440 3362 2458 3378 ⁸*
2480 3361 2558 3392 Hie-
2585 3365 2595 3376 “
2609 3364 2669 3388 ord.

376 3396 499 3427 mundo
523 3408 591 3429 non
609 3400 777 3439 poenitent
800 3400 840 3431 de
863 3402 1002 3441 peccatis
1022 3403 1218 3434 commissis:
1243 3404 1294 3434 vel
1309 3409 1441 3444 propter
1493 3405 1636 3445 ronymi:
1661 3404 1781 3435 Melius
1803 3409 1851 3435 est
1873 3413 1937 3434 non
1962 3413 2030 3435 esse
2052 3413 2148 3445 quam
2171 3405 2256 3436 male
2279 3414 2355 3436 esse.
2379 3405 2422 3436 Et
2444 3414 2559 3436 secun-

377 3442 633 3473 excaecationem
655 3444 782 3480 mentis,
807 3445 889 3475 sicut
912 3446 1079 3483 haeretici;
1104 3447 1155 3478 vel
1178 3453 1310 3488 propter
1342 3448 1440 3479 obsti·
1494 3447 1574 3479 dum
1596 3449 1660 3478 hoc
1683 3447 1823 3478 damnati
1845 3453 1982 3488 possunt
2003 3449 2196 3489 praeeligere
2211 3458 2279 3480 non
2295 3458 2364 3480 esse
2380 3449 2558 3481 secundum

376 3485 550 3522 nationem,
575 3487 656 3518 sicut
678 3488 734 3528 qui
756 3488 921 3520 laetantur
944 3499 1015 3520 cum
1031 3491 1117 3521 male
1129 3491 1285 3532 fecerint,
1302 3497 1334 3523 et
1348 3492 1440 3523 exul-
1453 3507 1477 3528 75
1494 3491 1733 3523 deliberativam
1755 3493 1923 3523 rationem.
