2878 4088
95 447 106 457 ·
129 444 189 466 nist.
215 449 296 470 xxvii,

97 477 164 498 capp.
186 469 232 492 His
252 475 296 490 au-

97 495 297 546 fflssssssssffl‘f’

97 627 108 638 ⁸
122 624 159 647 Cf.
177 624 250 650 infra,
270 629 310 652 qu.

96 654 310 733 Ξῗέἒῐὲἷιῧέιιρη,

99 851 110 862 ·
128 849 164 872 Cf.
184 850 207 871 b.
222 849 311 871 Albert.

98 875 132 898 1v
152 875 231 902 Sat„
256 875 311 897 din.

99 908 172 929 xxm,
187 906 228 924 nrt.
245 908 277 930 ¹5·

97 1153 237 1177 *ΕΑ-11511.
244 1153 311 1178 ibim

101 1629 316 1693 &affl-12:²14:

102 1683 316 1751 aaa&

1025 186 1288 236 QUAESTIO
1317 186 1454 232 XLIII,
1478 184 1770 222 ARTICULUS
1794 185 1824 221 lI

335 277 403 299 esse
424 267 644 307 vituperabile.
668 266 744 297 Non
759 276 835 307 ergo
852 266 947 297 debet
969 266 1037 297 fieri
1050 267 1248 308 futurarum
1273 265 1399 306 nuptia-

336 322 409 343 rum
431 312 612 352 promissio.

392 356 422 387 6.
446 356 642 392 Pmnrma,
658 356 766 386 nullus
788 355 903 386 dicitur
925 365 1063 395 sponsus
1078 355 1139 385 nisi
1155 364 1173 384 a
1188 354 1399 394 sponsalibus.

337 399 400 431 Sed
423 400 538 440 aliquis
561 400 676 430 dicitur
699 409 836 440 sponsus
860 409 898 430 ex
921 399 1139 440 praesentibus
1162 398 1292 438 nuptiis,
1317 405 1352 428 ut
1367 398 1400 427 in

336 445 440 475 littera
451 445 467 461 '⁹
483 444 607 474 dicitur.
620 445 706 485 Ergo
723 444 884 485 sponsalia
898 453 966 474 non
982 452 1108 484 semper
1123 448 1197 473 sunt
1202 443 1401 484 futurarum

338 489 525 530 nuptiarum
548 489 730 528 promissio.

393 533 582 564 Rnsrormno
617 542 777 563 monimum
808 531 898 572 quod
931 541 1106 562 consensus
1133 531 1167 561 in
1199 530 1402 570 coniugalem

339 577 491 618 copulam
520 586 577 617 per
599 577 695 607 verba
726 576 767 607 de
796 576 905 607 futuro
933 585 1000 606 non
1035 574 1110 605 facit
1141 575 1400 610 matrimonium,

338 621 394 652 sed
409 622 605 652 matrimonii
628 621 876 661 promissionem
891 621 919 650 ³.
942 620 984 650 Et
999 620 1077 649 haec
1093 618 1263 659 promissio
1287 618 1403 648 dicitur

338 666 504 706 sponsalia
536 675 555 695 a
585 665 786 706 spondendo,
815 670 852 695 ut
878 663 954 694 dicit
988 663 1126 693 Isidorus
1142 663 1178 692 *z
1210 671 1303 697 nam,
1327 667 1403 692 ante
1418 674 1426 687 ι

340 720 432 740 usum
473 710 656 740 tabularum
687 708 903 743 matrimonii,
935 708 1101 738 cautiones
1131 706 1266 741 dabant,
1291 706 1404 746 quibus

338 754 536 795 spondebant
557 763 592 784 se
614 753 749 783 invicem
772 752 954 783 consentire
977 751 1010 781 in
1038 751 1110 781 iure
1132 750 1349 785 matrimonii,
1374 755 1405 780 et

334 799 549 840 fideiussores
571 797 700 828 dabant.

394 843 445 873 Fit
467 847 576 872 autem
590 842 650 872 ista
671 840 842 880 promissio
862 839 1031 879 dupliciter
1046 840 1081 869 *t
1105 838 1225 869 scilicet
1241 838 1403 874 absolute;

339 892 371 918 et
393 886 452 917 sub
476 885 672 916 conditione.
694 884 852 914 Absolute
875 888 1014 923 quatuor
1037 882 1152 913 modis.
1176 883 1295 918 Primo,
1318 882 1405 912 nuda

339 930 571 971 promissione:
595 934 632 959 ut
654 938 730 958 cum
753 927 877 964 dicitur,
902 927 1065 968 Accipiam
1090 932 1119 957 te
1143 927 1175 956 in
1200 936 1313 962 meam,
1334 932 1365 956 et
1388 936 1405 956 e

339 983 506 1005 converso.
524 971 685 1009 Secundo,
698 971 777 1002 datis
793 972 891 1002 arrhis
908 972 1118 1012 sponsalitiis:
1138 977 1175 1001 ut
1189 972 1337 1011 pecunia,
1354 971 1405 1001 vel

339 1017 460 1058 aliquid
482 1016 679 1048 huiusmodi.
710 1016 838 1053 Tertio,
863 1016 950 1047 anuli
980 1016 1231 1047 subarrhatione.
1263 1015 1404 1053 Quarto,

338 1062 568 1093 interveniente
591 1062 783 1092 iuramento.

1423 450 1431 470 5

1420 893 1442 913 ¹5

394 1105 428 1137 Si
451 1111 559 1136 autem
588 1104 644 1136 fiat
674 1105 756 1135 dicta
786 1105 957 1145 promissio
985 1105 1044 1134 sub
1069 1104 1271 1140 conditione,
1297 1103 1406 1134 distin-
1421 1121 1446 1134 ιο

338 1150 503 1191 guendum
521 1155 567 1180 est
582 1151 609 1180 ἦ
636 1149 722 1188 Quia
745 1155 799 1180 aut
823 1155 869 1180 est
886 1149 1028 1180 conditio
1048 1149 1192 1185 honesta,
1209 1154 1245 1179 ut
1268 1158 1343 1179 cum
1360 1148 1406 1179 di-

339 1195 431 1230 citur,
454 1195 619 1235 Accipiam
643 1199 672 1225 te
694 1194 723 1224 si
740 1194 931 1234 parentibus
951 1194 1104 1234 placeat:
1134 1198 1165 1223 et
1188 1199 1280 1229 tunc,
1306 1198 1407 1223 stante

340 1238 527 1270 conditione
550 1244 610 1269 stat
633 1239 815 1278 promissio,
840 1244 871 1269 et
893 1248 961 1268 non
988 1244 1089 1268 stante
1111 1247 1179 1268 non
1203 1242 1272 1268 stat.
1295 1256 1318 1259 —
1340 1238 1407 1268 Aut

341 1289 388 1314 est
409 1283 590 1319 inhonesta.
622 1283 664 1313 Et
685 1283 750 1313 hoc
773 1282 951 1323 dupliciter.
985 1282 1070 1320 Quia
1098 1288 1152 1312 aut
1182 1287 1228 1312 est
1252 1283 1407 1312 contraria

334 1327 662 1363 boniaematrimonii,
679 1333 716 1358 ut
738 1328 764 1358 si
783 1327 898 1363 dicam,
915 1327 1078 1367 Accipiam
1103 1332 1132 1357 te
1154 1327 1183 1356 si
1206 1336 1328 1357 venena
1347 1331 1407 1356 ste—

342 1372 474 1403 rilitatis
482 1380 664 1412 procures:
687 1377 719 1402 et
733 1377 810 1402 tunc
825 1381 893 1402 non
909 1372 1140 1402 contrahuntur
1157 1371 1325 1410 sponsalia.
1342 1370 1408 1400 Aut

341 1426 409 1448 non
433 1422 480 1447 est
502 1417 660 1447 contraria
682 1416 775 1446 bonis
797 1416 1002 1451 matrimonii,
1019 1421 1056 1446 ut
1071 1416 1097 1446 si
1113 1415 1227 1451 dicam,
1244 1415 1408 1455 Accipiam

341 1466 372 1492 te
394 1461 423 1492 si
436 1461 545 1502 furtis
568 1461 646 1491 meis
669 1461 873 1491 consentias:
903 1465 935 1490 et
957 1465 1035 1490 tunc
1058 1465 1118 1490 stat
1140 1460 1328 1499 promissio,
1353 1458 1409 1489 sed

341 1504 484 1537 tollenda
507 1510 554 1535 est
577 1504 730 1536 conditio.

396 1549 448 1580 AD
470 1559 588 1579 Paruum
610 1558 694 1579 aizoo
717 1558 877 1578 nicanum«
901 1548 990 1588 quod
1005 1549 1074 1588 ipsa
1090 1548 1249 1590 sponsalia
1265 1553 1296 1578 et
1312 1557 1409 1587 spon-

341 1603 453 1624 sorum
475 1592 562 1623 datio
586 1598 634 1623 est
655 1593 876 1633 promissionis
900 1591 1113 1623 confirmatio.
1138 1592 1179 1622 Et
1201 1591 1275 1622 ideo
1292 1592 1330 1621 ab
1346 1592 1410 1622 hoc

342 1637 578 1673 denominatur,
603 1637 694 1679 quasi
717 1647 735 1666 a
758 1636 941 1676 perfectiori
955 1637 982 1666 *.

397 1681 449 1712 An
472 1690 636 1713 sacmmtm
657 1690 817 1711 mmmmm
841 1680 931 1720 quod
955 1690 993 1711 ex
1015 1680 1070 1710 tali
1092 1680 1306 1719 promissione
1330 1679 1411 1709 obli-

342 1731 434 1766 gatur
449 1735 533 1756 unus
550 1725 638 1755 alteri
654 1724 695 1755 ad
709 1725 951 1755 matrimonium
968 1723 1239 1754 contrahendum:
1254 1730 1285 1754 et
1299 1729 1412 1763 peccat

341 1770 518 1801 mortaliter
539 1778 607 1800 non
631 1769 760 1799 solvens
787 1769 991 1808 promissum,
1019 1768 1080 1798 nisi
1106 1768 1285 1808 legitimum
1308 1768 1411 1808 impe-

342 1814 523 1846 dimentum
545 1814 743 1844 interveniat.
778 1813 819 1843 Et
842 1812 1022 1843 secundum
1044 1813 1108 1843 hoc
1132 1812 1275 1842 Ecclesia
1306 1813 1410 1852 cogit,

342 1857 542 1899 iniungendo
564 1858 798 1898 poenitentiam
813 1867 873 1898 pro
889 1862 1034 1897 peccato.
1054 1857 1180 1887 Tamen
1195 1857 1228 1887 in
1245 1856 1317 1887 foro
1334 1866 1412 1887 con—

342 1904 483 1935 tentioso
499 1912 568 1933 non
583 1902 805 1942 compellitur:
830 1902 906 1942 quia
925 1902 1134 1932 matrimonia
1149 1906 1263 1932 coacta
1278 1910 1412 1932 consue-

344 1953 460 1979 verunt
482 1947 587 1978 malos
609 1947 716 1977 exitus
738 1946 856 1977 habere
871 1947 897 1976 *.
930 1965 954 1968 —
987 1946 1057 1976 Nisi
1081 1945 1163 1976 forte
1194 1947 1411 1976 iuramentum

343 1991 558 2024 intervenerit.
582 1991 667 2029 Quia
690 1996 767 2021 tunc
791 1990 956 2031 cogendus
978 1996 1034 2026 est,
1051 1996 1087 2020 ut
1103 1989 1234 2030 quidam
1250 1991 1267 2007 ³*
1291 1990 1412 2020 dicunt.

344 2036 500 2075 Quamvis
516 2036 584 2066 aliis
600 2036 617 2052 ⁸*
639 2045 707 2066 non
723 2035 877 2070 videatur,
894 2040 1026 2075 propter
1049 2044 1178 2065 causam
1200 2034 1411 2074 praedictam:

344 2081 518 2122 praecipue
540 2081 566 2110 si
589 2079 630 2111 de
652 2079 832 2110 uxoricidio
856 2080 1031 2109 timeretur.
1265 2114 1279 2123 ·

401 2126 452 2156 An
475 2134 610 2155 ‘tuarum
637 2134 798 2154 monimum
828 2123 918 2163 quod
946 2123 999 2153 illa
1029 2122 1134 2153 addita
1160 2132 1228 2153 non
1254 2128 1331 2153 sunt
1353 2123 1414 2153 nisi

345 2169 386 2201 ad
401 2168 655 2200 confirmandam
671 2168 930 2208 promissionem.
942 2167 1036 2198 Unde
1048 2177 1116 2198 non
1129 2172 1203 2197 sunt
1219 2167 1305 2197 aliud
1317 2177 1415 2207 quam

345 2214 528 2255 promissio.

402 2259 453 2289 An
477 2266 627 2288 auam-uu
650 2266 811 2286 mcunmm
834 2255 925 2296 quod
947 2256 1090 2287 conditio
1120 2256 1174 2286 illa
1202 2265 1286 2295 quae
1313 2265 1415 2296 appo-

346 2303 444 2338 nitur,
466 2311 534 2332 non
557 2300 642 2331 tollit
663 2301 859 2330 matrimonii
882 2301 1069 2331 libertatem.
1094 2300 1190 2338 Quia,
1208 2301 1233 2330 si
1253 2306 1300 2330 est
1321 2301 1415 2330 inho-

347 2352 447 2382 nesta,
472 2345 567 2376 debet
589 2345 693 2375 abiici.
727 2344 760 2375 Si
784 2350 891 2375 autem
914 2345 1059 2381 honesta,
1084 2350 1139 2375 aut
1161 2345 1201 2375 de
1224 2345 1318 2375 bonis
1341 2345 1416 2375 sim-

347 2391 490 2431 pliciter.
510 2395 550 2420 ut
571 2389 598 2419 si
621 2388 761 2425 dicatur,
784 2389 949 2429 Accipiam
972 2394 1003 2419 te
1024 2389 1053 2420 si
1069 2390 1181 2430 placet
1203 2389 1416 2430 parentibus:

349 2442 381 2466 et
395 2435 475 2465 haec
490 2433 633 2464 conditio
649 2443 717 2463 non
732 2433 816 2464 tollit
830 2433 1008 2464 libertatem
1024 2434 1234 2474 sponsalium,
1250 2433 1307 2463 sed
1322 2440 1417 2474 auget
1432 2450 1457 2470 50

349 2480 380 2511 ei
397 2479 609 2510 honestatem.
634 2478 700 2508 Aut
723 2483 770 2508 est
792 2477 832 2508 de
853 2477 994 2514 utilibus,
1011 2483 1047 2508 ut
1061 2479 1088 2508 si
1104 2478 1197 2514 dicat,
1217 2478 1416 2508 Contraham

349 2529 454 2555 tecum
475 2523 505 2553 si
527 2522 618 2553 dabis
646 2522 724 2552 mihi
753 2527 900 2552 centum:
930 2527 962 2552 et
987 2527 1065 2553 tunc
1095 2523 1159 2553 hoc
1188 2532 1255 2553 non
1285 2523 1418 2562 ponitur

350 2568 442 2608 quasi
464 2566 504 2598 ad
526 2566 733 2597 vendendum
764 2575 958 2597 consensum
985 2568 1197 2602 matrimonii,
1223 2566 1279 2597 sed
1301 2568 1417 2598 intelli-

349 2613 434 2653 gitur
457 2617 494 2642 ut
515 2611 686 2651 promissio
717 2610 818 2647 dotis3
851 2610 938 2641 unde
968 2612 1210 2642 matrimonium
1239 2611 1418 2643 libertatem

349 2666 418 2688 non
441 2655 554 2696 perdit.

406 2699 614 2739 Quandoque
630 2704 738 2729 autem
754 2699 928 2739 apponitur
943 2699 1087 2730 conditio
1102 2700 1260 2740 pecuniae
1275 2709 1332 2740 per
1346 2710 1418 2731 mo-

351 2745 430 2776 dum
453 2753 589 2785 poenae.
613 2743 655 2774 Et
670 2748 758 2779 tunc,
775 2744 851 2783 quia
865 2745 1069 2774 matrimonia
1093 2744 1210 2775 debent
1226 2754 1294 2775 esse
1309 2745 1417 2781 libera,

350 2789 420 2820 talis
444 2788 587 2819 conditio
610 2797 680 2818 non
702 2793 780 2824 stat;
804 2797 864 2818 nec
887 2793 994 2828 potest
1017 2789 1099 2829 exigi
1121 2798 1229 2829 poena
1250 2789 1304 2819 illa
1322 2790 1361 2819 ab
1378 2799 1418 2820 eo

351 2835 409 2875 qui
430 2843 498 2864 non
521 2833 590 2863 vult
612 2832 855 2863 matrimonium
879 2832 1052 2872 complere.

1421 1342 1445 1362 ²5

1425 1556 1450 1577 30

1426 1782 1448 1802 35

1426 2003 1453 2023 4⁰

1429 2229 1452 2250 45

1433 2671 1455 2691 55

2464 183 2512 220 83

1525 286 1624 317 ART.
1649 286 1686 316 ΙΙ.
1711 296 1814 316 urium
1838 296 1953 316 ‘ramus
1978 297 2134 318 sap-mmm
2157 298 2201 318 srr
2226 298 2446 319 comarim‘rnn

1649 340 1841 360 assmmrum
1865 340 2064 361 sponsarmus
2089 341 2322 363 com-nmmum

1520 406 1540 426 n
1576 405 1738 426 snctmnuu
1776 405 1822 426 sm
1856 405 2060 426 PROCEDITUR.
2095 397 2228 427 Videtur
2268 399 2356 438 quod
2390 406 2517 440 tempus

1458 409 1678 480 Aseptennii
1701 450 1769 470 non
1796 440 1835 470 sit
1857 446 2076 480 competenter
2103 442 2295 480 assignatum
2319 445 2518 483 sponsalibus

1457 484 1681 516 contrahendis
1696 485 1723 514 ἦ
1749 484 1940 515 Contractus
1964 485 2050 514 enim
2067 485 2123 524 qui
2139 494 2195 524 per
2211 486 2289 516 alios
2312 487 2379 517 fieri
2402 494 2517 528 potest,
2546 493 2555 502 ‘
2581 491 2649 512 caus.
2677 490 2758 516 XXX.

1455 539 1522 560 non
1553 529 1684 569 requirit
1714 528 1938 559 discretionem
1965 529 1998 558 in
2021 528 2081 558 illis
2105 528 2144 558 ad
2168 539 2250 568 quos
2281 532 2425 570 pertinet.
2457 532 2519 563 Sed
2546 516 2758 570 izur'atii'n'.;¹¹¹‹:¹issgss

1456 573 1616 614 sponsalia
1639 572 1708 603 fieri
1731 578 1867 613 possunt
1881 582 1939 613 per
1954 578 2110 612 parentes,
2127 579 2265 613 utroque
2285 575 2413 606 illorum
2430 577 2520 616 igno·
2546 570 2699 617 ξέζζῖζαᾎξῐ
2711 570 2759 617 2⁴32]

1457 623 1545 647 rante
1569 627 1710 657 quorum
1733 622 1807 647 sunt
1830 617 2000 657 sponsalia.
2026 617 2110 656 Ergo
2134 618 2177 647 ita
2199 625 2334 658 possunt
2357 619 2425 650 fieri
2448 627 2520 651 ante
2548 613 2629 650 spons?
2641 622 2726 650 tmpus.

1457 662 1662 702 septennium
1685 662 1766 691 sicut
1789 667 1872 701 post.

1515 716 1544 736 2.
1569 706 1771 741 Plias-rimas,
1795 706 1877 735 sicut
1905 705 1944 735 ad
1967 710 2168 736 contractum
2198 707 2395 746 sponsalium
2418 709 2522 748 requi-

1458 751 1536 780 ritur
1559 750 1674 789 aliquis
1697 750 1826 779 rationis
1850 759 1936 784 usus,
1953 750 1995 779 ita
2017 749 2056 779 ad
2080 750 2346 781 consentiendum
2362 752 2394 782 in
2411 762 2523 792 pecca-

1458 799 1528 824 tum
1552 794 1696 824 mortale.
1722 793 1794 829 Sed,
1811 794 1894 824 sicut
1910 793 2084 834 Gregorius
2107 801 2220 831 narrat,
2237 796 2269 825 in
2287 795 2329 825 1V
2345 796 2478 838 Dialog.
2496 798 2523 833 ξ
2552 800 2559 808 ·
2576 798 2632 825 Cap.
2647 804 2712 820 ἰν-Ι·-

1459 838 1591 878 quidam
1614 847 1695 878 puer
1710 843 1841 878 propter
1864 838 2079 878 blasphemiae
2102 845 2270 879 peccatum
2295 841 2451 871 extinctus
2468 847 2523 872 est.

1459 883 1545 922 Ergo
1569 888 1642 913 ante
1665 883 1871 923 septennium
1894 889 2030 923 possunt
2054 884 2212 923 sponsalia
2236 885 2389 915 contrahi.

1517 927 1547 957 3.
1571 927 1775 963 Parmam,
1799 927 1959 967 sponsalia
1989 927 2028 957 ad
2056 929 2297 959 matrimonium
2328 929 2524 961 ordinantur.

1460 970 1523 1001 Sed
1546 972 1578 1002 in
1602 972 1808 1002 matrimonio
1833 981 1900 1002 non
1923 973 2098 1012 assignatur
2124 982 2226 1003 unum
2249 978 2376 1013 tempus
2400 975 2525 1015 puellae

1460 1021 1492 1046 et
1514 1025 1616 1056 puero
1633 1017 1659 1046 ⁴⁹.
1691 1016 1776 1056 Ergo
1800 1025 1860 1046 nec
1883 1017 1916 1046 in
1940 1016 2141 1056 sponsalibus
2171 1019 2375 1057 septennium
2398 1020 2525 1059 utrique

1460 1061 1610 1100 assignari
1633 1060 1737 1091 debet.

1515 1114 1547 1144 4.
1571 1105 1767 1140 Pius-raam,
1785 1114 1822 1135 ex
1838 1110 1915 1135 tunc
1940 1105 2037 1144 aliqui
2061 1111 2196 1144 possunt
2219 1107 2378 1146 sponsalia
2402 1113 2526 1138 contra-

1460 1149 1535 1179 here
1552 1159 1589 1179 ex
1606 1158 1672 1189 quo
1690 1150 1734 1179 eis
1750 1155 1885 1189 possunt
1907 1148 2031 1179 futurae
2054 1150 2184 1190 nuptiae
2209 1151 2333 1191 placere
2349 1153 2375 1182 *.
2400 1152 2463 1183 Sed
2486 1154 2526 1183 si-

1461 1203 1523 1234 gna
1550 1194 1619 1224 talis
1649 1194 1826 1234 placentiae
1858 1193 2042 1233 frequenter
2071 1201 2224 1234 apparent
2253 1196 2286 1225 in
2316 1197 2422 1236 pueris
2453 1203 2525 1227 ante

1461 1239 1676 1279 septennium.
1712 1238 1797 1278 Ergo
1834 1243 1906 1267 ante
1936 1238 2015 1268 illud
2050 1243 2177 1278 tempus
2212 1246 2347 1279 possunt
2383 1242 2526 1271 contrahi

1462 1283 1631 1324 sponsalia.

1520 1328 1548 1358 5.
1572 1327 1768 1362 PRAETEREA,
1793 1327 1819 1356 si
1842 1326 1941 1366 aliqui
1965 1332 2037 1356 ante
2060 1328 2233 1367 septimum
2259 1338 2379 1359 annum
2403 1335 2528 1360 contra-

1462 1373 1543 1402 hunt
1572 1371 1747 1411 sponsalia,
1772 1376 1803 1400 et
1826 1376 1953 1410 postea,
1978 1377 2051 1411 post
2074 1373 2276 1411 septennium
2305 1379 2377 1404 ante
2400 1379 2528 1414 tempus

1462 1416 1647 1456 pubertatis,
1672 1415 1865 1445 contrahunt
1889 1424 1946 1454 per
1969 1416 2064 1445 verba
2088 1415 2126 1445 de
2149 1418 2317 1456 praesenti,
2342 1424 2528 1458 reputantur

1462 1461 1545 1491 inter
1573 1469 1629 1490 eos
1657 1469 1725 1490 esse
1752 1459 1912 1499 sponsalia
1927 1460 1954 1489 ἦ
1988 1459 2050 1490 Sed
2076 1460 2140 1490 hoc
2163 1470 2230 1491 non
2254 1467 2301 1491 est
2324 1472 2362 1492 ex
2385 1463 2528 1493 secundo

1464 1510 1648 1535 contractu:
1684 1504 1759 1543 quia
1786 1510 1864 1533 tunc
1891 1513 1959 1533 non
1986 1504 2158 1534 intendunt
2184 1506 2359 1545 sponsalia,
2384 1507 2439 1537 sed
2462 1517 2529 1537 ma-

1463 1549 1652 1579 trimonium
1683 1548 1880 1578 contrahere.
1912 1548 1996 1587 Ergo
2029 1558 2066 1578 ex
2093 1550 2208 1588 primo.
2239 1550 2280 1580 Et
2306 1551 2351 1580 sic
2382 1557 2454 1581 ante
2481 1561 2529 1582 se-

1463 1593 1634 1634 ptennium
1657 1598 1793 1632 possunt
1815 1592 1975 1632 sponsalia
1999 1594 2153 1623 contrahi.

1522 1638 1552 1667 6.
1576 1637 1772 1671 Puni-nasa,
1789 1637 1821 1666 in
1837 1637 1885 1666 his
1902 1645 1984 1676 quae
2009 1638 2223 1667 communiter
2246 1637 2328 1668 fiunt
2344 1649 2362 1669 a
2375 1639 2530 1679 pluribus,

1465 1681 1555 1722 quod
1579 1681 1667 1711 deest
1689 1681 1746 1710 uni
1769 1680 1936 1720 suppletur
1951 1681 1990 1710 ab
2008 1680 2126 1711 altero:
2151 1682 2232 1711 sicut
2255 1687 2342 1721 patet
2357 1684 2390 1713 in
2406 1684 2531 1714 trahen-

1464 1726 1549 1756 tibus
1564 1734 1690 1755 navem.
1715 1725 1778 1755 Sed
1793 1730 1974 1754 contractus
1998 1726 2196 1764 sponsalium
2212 1732 2258 1756 est
2275 1727 2432 1766 quaedam
2448 1729 2530 1758 actio

1466 1770 1649 1800 communis
1681 1769 1763 1799 inter
1795 1769 2027 1799 contrahentes.
2061 1770 2163 1809 Erg0,
2188 1771 2213 1800 si
2236 1781 2320 1801 unus
2352 1772 2390 1801 sit
2413 1773 2531 1812 pubes,

1466 1819 1573 1855 potest
1588 1813 1775 1844 contrahere
1791 1822 1866 1843 cum
1881 1813 1988 1853 puella
2005 1823 2086 1853 quae
2102 1824 2169 1844 non
2186 1814 2280 1845 habet
2296 1821 2418 1856 septem
2431 1826 2532 1847 annos

1466 1859 1644 1899 sponsalia:
1677 1859 1753 1898 quia
1783 1857 1873 1897 quod
1903 1858 1958 1887 uni
1989 1857 2096 1888 deficit
2119 1858 2159 1889 de
2181 1864 2345 1899 tempore,
2370 1861 2458 1890 alteri
2481 1871 2532 1892 su-

1466 1902 1675 1944 perabundat.

1523 1957 1554 1987 7.
1578 1947 1775 1982 PRAnramzA,
1791 1947 1818 1976 si
1839 1947 1937 1986 aliqui
1956 1947 2042 1977 iuxta
2066 1952 2200 1977 aetatem
2220 1949 2404 1988 pubertatiS,
2421 1959 2533 1990 quam-

1466 1993 1514 2022 vis
1530 1997 1603 2022 ante
1627 2001 1708 2026 eam,
1725 1991 1918 2021 contrahunt
1941 2000 1998 2031 per
2012 1992 2108 2021 verba
2132 1991 2171 2022 de
2186 1994 2354 2032 praesenti,
2370 2000 2533 2034 reputatur

1466 2037 1549 2067 inter
1573 2045 1628 2066 eos
1651 2036 1892 2065 matrimonium
1916 2045 1983 2066 esse
1999 2036 2025 2065 *.
2055 2036 2150 2075 Ergo,
2168 2038 2236 2076 pari
2259 2038 2391 2073 ratione,
2413 2039 2438 2068 si
2461 2044 2534 2069 ante

1467 2081 1691 2120 septennium,
1724 2079 1903 2109 dummodo
1936 2080 1998 2110 sint
2027 2081 2222 2120 propinqui,
2256 2083 2449 2113 contrahunt
2477 2093 2534 2123 per

1467 2125 1563 2155 verba
1587 2124 1626 2155 de
1650 2123 1770 2160 futuro,
1790 2124 2022 2164 reputabuntur
2045 2125 2126 2154 inter
2150 2134 2205 2155 eos
2230 2135 2296 2156 esse
2320 2127 2488 2166 sponsalia.

1523 2169 1713 2199 Rasponmzo
1736 2178 1896 2198 mmmmm
1920 2168 2010 2208 quod
2033 2170 2237 2208 septennium
2261 2176 2307 2200 est
2329 2177 2457 2212 tempus
2480 2171 2534 2202 de-

1469 2214 1674 2244 terminatum
1702 2223 1719 2242 a
1743 2213 1811 2243 iure
1827 2213 1844 2229 ³*
1863 2213 2063 2252 sponsalibus
2089 2214 2312 2244 contrahendis
2343 2216 2415 2245 satis
2439 2217 2534 2246 ratio-

1469 2258 1623 2288 nabiliter.
1660 2257 1762 2295 Quia,
1790 2266 1865 2287 cum
1896 2257 2055 2297 sponsalia
2084 2258 2146 2287 sint
2175 2258 2333 2298 quaedam
2361 2261 2533 2300 promissio

1470 2302 1664 2337 futurorum,
1680 2307 1716 2331 ut
1739 2301 1861 2331 dictum
1878 2307 1925 2331 est
1939 2302 1966 2336 ἦ
1984 2307 2111 2341 oportet
2132 2302 2221 2342 quod
2243 2303 2372 2334 illorum
2394 2305 2456 2334 sint
2479 2306 2535 2344 qui

1470 2347 1580 2386 aliquo
1604 2346 1704 2376 modo
1727 2346 1913 2386 promittere
1937 2352 2081 2386 possunt.
2107 2346 2206 2384 Quod
2228 2357 2296 2377 non
2321 2354 2367 2378 est
2389 2350 2449 2379 nisi
2464 2349 2535 2379 illo-

1470 2401 1543 2421 rum
1559 2392 1615 2431 qui
1631 2391 1748 2420 habent
1764 2390 1904 2430 aliquam
1920 2390 2122 2430 prudentiam
2139 2390 2178 2421 de
2195 2390 2324 2422 futuris:
2342 2402 2424 2433 quae
2441 2403 2535 2424 usum

1470 2435 1602 2466 rationis
1625 2435 1766 2474 requirit.
1801 2435 1962 2474 Respectu
1993 2435 2084 2464 cuius
2114 2435 2226 2475 triplex
2253 2436 2368 2476 gradus
2390 2443 2535 2474 notatur,

1471 2479 1650 2510 secundum
1666 2479 1912 2519 Philosophum,
1928 2479 1961 2509 in
1978 2479 2106 2509 lEthic.
2122 2480 2155 2509 ἐ
2173 2480 2294 2520 primus
2311 2486 2357 2511 est
2373 2491 2448 2512 cum
2465 2483 2536 2522 quis

1471 2534 1578 2564 neque
1602 2523 1748 2563 intelligit
1771 2533 1828 2563 per
1851 2533 1901 2560 se,
1925 2533 2032 2563 neque
2056 2524 2094 2553 ab
2119 2524 2181 2554 alio
2206 2534 2318 2564 capere
2341 2532 2464 2565 potest;
2489 2537 2537 2556 se-

1472 2568 1597 2600 cundus
1624 2573 1723 2598 status
1750 2573 1797 2598 est
1823 2577 1890 2607 quo
1917 2568 2018 2598 homo
2046 2569 2084 2598 ab
2108 2568 2176 2598 aliis
2203 2578 2316 2609 capere
2342 2576 2458 2610 potest,
2482 2571 2538 2602 sed

1471 2614 1540 2654 ipse
1563 2622 1620 2653 per
1643 2622 1676 2643 se
1698 2621 1767 2642 non
1790 2611 1905 2642 sufficit
1929 2612 1968 2642 ad
1991 2612 2251 2652 intelligendum3
2276 2615 2385 2644 tertius
2401 2621 2448 2645 est
2463 2625 2538 2646 cum

1471 2658 1574 2688 homo
1598 2662 1629 2687 et
1652 2657 1690 2687 ab
1714 2656 1777 2686 alio
1801 2657 1863 2687 iam
1889 2666 2002 2697 capere
2024 2662 2140 2697 potest,
2164 2663 2194 2687 et
2216 2667 2274 2697 per
2296 2659 2436 2699 seipsum
2461 2669 2538 2690 con-

1472 2702 1619 2733 siderare.
1654 2701 1695 2731 Et
1719 2702 1794 2741 quia
1824 2702 1904 2731 ratio
1935 2701 2087 2741 paulatim
2114 2702 2148 2731 in
2171 2702 2303 2733 homine
2334 2704 2536 2741 convalescit,

1472 2745 1652 2777 secundum
1676 2745 1766 2785 quod
1790 2747 1972 2785 quietantur
2000 2751 2108 2776 motus
2133 2752 2163 2776 et
2186 2745 2398 2778 fluxibilitates
2421 2748 2538 2778 humo—

1472 2801 1555 2827 rum,
1572 2790 1646 2820 ideo
1662 2791 1803 2830 primum
1827 2795 1944 2820 statum
1967 2791 2097 2820 rationis
2121 2790 2244 2821 obtinet
2266 2791 2367 2821 homo
2387 2798 2459 2822 ante
2474 2794 2538 2832 pri-

1472 2845 1564 2866 mum
1588 2835 1811 2875 septennium:
1837 2840 1868 2865 et
1882 2840 2014 2875 propter
2036 2835 2098 2865 hoc
2117 2835 2172 2865 illo
2196 2840 2342 2875 tempore
2365 2837 2445 2866 nulli
2461 2846 2538 2867 con-

2554 1023 2562 1031 ·
2574 1020 2762 1048 (appatens,

2553 1051 2575 1068 et
2586 1047 2761 1073 Continebatur,

2547 1074 2711 1128 gffbPespom.
2722 1074 2763 1095 lm-

2553 1150 2632 1199 i'bfidap.
2646 1150 2764 1176 Litteras,

2556 1464 2565 1473 ·
2585 1462 2620 1484 Cf.
2643 1469 2662 1483 s.
2686 1461 2718 1483 Ra
2735 1468 2766 1483 m.

2555 1489 2642 1511 Summ.
2662 1488 2702 1510 lib.
2731 1488 2767 1514 V,

2556 1517 2591 1537 tit.
2606 1522 2628 1541 ι,
2643 1515 2673 1536 de
2690 1515 2767 1543 Spon-

2556 1542 2610 1568 sal,
2626 1542 2634 1567 ς
2649 1547 2668 1563 2.

2561 2041 2571 2051 ·
2586 2040 2642 2066 Cap.
2662 2039 2773 2061 Contine-

2561 2066 2644 2092 batur,
2671 2065 2701 2087 de
2724 2066 2772 2087 De-

2560 2099 2640 2120 spons.
2655 2092 2740 2120 Impub.

2563 2224 2571 2232 '
2586 2221 2622 2243 Cf.
2636 2227 2684 2248 arg.
2701 2227 2719 2242 ι.

2562 2311 2572 2320 ·
2586 2309 2636 2330 Art.
2654 2315 2672 2331 ι.

2564 2487 2574 2496 ·
2588 2485 2620 2506 Ca
2639 2490 2774 2511 .1v,n.7.-

2564 2511 2588 2533 S⁴
2597 2511 2617 2532 Τ
2636 2527 2641 2532 .
2653 2511 2706 2538 lect.v
2718 2516 2746 2533 iv.

406 2878 458 2908 An
483 2887 623 2908 ommim
645 2886 806 2907 nrcanmm
829 2876 919 2916 quod
941 2877 1076 2907 Iacobus
1099 2886 1166 2907 non
1190 2877 1327 2908 intendit
1344 2887 1419 2918 pro·
1432 2880 1587 2910 sotractui
1610 2885 1703 2919 aptus
1726 2884 1783 2915 est,
1800 2884 1831 2909 et
1846 2880 1889 2909 ita
1909 2889 1969 2910 nec
1993 2879 2202 2919 sponsalibus.
2227 2879 2290 2910 Sed
2305 2880 2344 2910 ad
2360 2880 2538 2911 secundum

351 2923 460 2953 hibere
484 2921 573 2962 quod
597 2921 732 2951 omnino
756 2921 870 2961 aliquis
898 2921 1020 2951 nullam
1050 2922 1299 2962 promissionem
1326 2921 1420 2952 faciat
1474 2930 1591 2955 statum
1621 2924 1734 2964 incipit
1761 2924 1927 2963 pervenire
1957 2924 1991 2954 in
2021 2923 2085 2954 fine
2116 2924 2210 2963 primi
2241 2925 2415 2964 septennii:
2451 2925 2538 2956 unde

353 2966 393 2998 de
408 2966 538 2997 futuris:
563 2965 619 2996 sed
636 2964 726 3005 quod
741 2975 808 2995 non
824 2965 990 3005 promittat
1013 2966 1103 3006 quasi
1125 2965 1277 2996 fiduciam
1299 2967 1420 2997 habens

1475 2969 1570 2999 etiam
1593 2973 1671 2998 tunc
1693 2968 1847 3008 temporis
1869 2969 1962 3008 pueri
1985 2967 2024 2998 ad
2048 2968 2171 2998 scholas
2202 2974 2376 3008 ponuntur.
2413 2969 2475 3000 Sed
2499 2969 2538 3000 ad

353 3011 394 3042 de
415 3012 480 3041 vita
502 3020 569 3041 sua.
598 3009 691 3041 Unde
715 3009 811 3040 docet
834 3009 923 3050 quod
946 3009 1040 3040 debet
1063 3011 1183 3050 apponi
1206 3010 1360 3047 conditio,
1385 3010 1420 3040 Si
1473 3014 1603 3044 tertium
1626 3018 1743 3042 statum
1766 3012 1878 3053 incipit
1900 3012 2002 3042 homo
2025 3013 2189 3052 pervenire
2205 3013 2238 3042 in
2254 3012 2318 3043 fine
2342 3013 2474 3043 secundi
2489 3024 2538 3044 se-

353 3055 443 3088 Deus
466 3054 606 3086 voluerit
620 3055 646 3084 *.
678 3054 771 3092 Quae
804 3055 899 3084 etiam
926 3054 953 3084 si
979 3055 1082 3085 verbis
1111 3064 1180 3084 non
1210 3055 1419 3095 exprimatur,

354 3099 451 3130 corde
472 3104 581 3130 tamen
604 3098 699 3129 debet
721 3098 864 3139 intelligi.

409 3144 460 3174 Ar>
484 3153 603 3174 saxum
625 3153 785 3173 mem-mim
809 3142 899 3183 quod
921 3143 956 3173 in
978 3143 1185 3174 matrimonio
1212 3148 1320 3183 potest
1342 3153 1420 3174 con—

1433 3107 1458 3134 65

1473 3057 1607 3098 ptennii‚
1625 3062 1783 3097 quantum
1801 3056 1841 3087 ad
1857 3066 1894 3087 ea
1910 3066 1992 3097 quae
2008 3056 2048 3087 ad
2062 3066 2232 3097 personam
2248 3057 2348 3097 ipsius
2367 3058 2536 3097 pertinent,

1473 3102 1507 3132 in
1532 3111 1596 3141 qua
1618 3102 1698 3131 ratio
1721 3101 1872 3131 naturalis
1896 3102 1988 3132 citius
2012 3101 2222 3132 convalescit:
2247 3101 2303 3131 sed
2327 3107 2483 3141 quantum
2499 3102 2539 3132 ad

1475 3155 1512 3176 ea
1536 3155 1619 3186 quae
1642 3150 1726 3176 extra
1750 3146 1858 3186 ipsum
1880 3151 1963 3182 sunt,
1980 3146 2014 3175 in
2029 3145 2093 3176 fine
2112 3146 2194 3176 tertii
2218 3146 2384 3185 septennii.
2408 3146 2449 3176 Et
2463 3146 2537 3177 ideo

355 3187 484 3218 siderari
505 3188 575 3228 ipsa
597 3188 785 3218 coniunctio
809 3187 1061 3223 matrimonialis,
1079 3192 1110 3217 et
1133 3193 1221 3218 actus
1245 3188 1323 3218 eius.
1347 3188 1388 3218 Et
1404 3198 1422 3218 a
1475 3195 1548 3220 ante
1571 3190 1712 3230 primum
1735 3191 1940 3230 septennium
1962 3190 2043 3220 nulli
2066 3191 2242 3220 contractui
2257 3191 2357 3220 homo
2374 3196 2466 3230 aptus
2482 3196 2538 3221 est.

355 3232 531 3272 sponsione
553 3232 649 3272 primi
670 3233 704 3262 in
727 3231 873 3262 futurum
897 3231 1012 3262 dicitur
1034 3241 1171 3272 sponsus
1187 3242 1205 3262 a
1219 3232 1421 3272 sponsalibus
1475 3233 1539 3266 Sed
1561 3234 1595 3264 in
1617 3232 1682 3264 fine
1705 3234 1800 3274 primi
1831 3235 1989 3274 septennii
2019 3235 2131 3274 incipit
2161 3244 2228 3265 esse
2255 3240 2347 3274 aptus
2371 3234 2410 3264 ad
2433 3235 2539 3275 aliqua

357 3276 526 3306 contractis
554 3285 612 3316 per
633 3277 730 3307 verba
759 3275 799 3308 de
830 3276 950 3307 futuro.
981 3277 1022 3306 Et
1044 3286 1062 3306 a
1085 3277 1260 3316 sponsione
1290 3276 1422 3307 secundi
1475 3278 1730 3319 promittendum
1753 3279 1786 3308 in
1810 3277 1964 3316 futurum,
1981 3280 2152 3319 praecipue
2169 3278 2208 3309 de
2223 3279 2271 3309 his
2291 3279 2330 3309 ad
2354 3288 2435 3319 quae
2458 3280 2538 3309 ratio

357 3319 472 3350 dicitur
493 3320 608 3360 aliquis
630 3330 768 3361 sponsus
792 3321 887 3351 etiam
911 3320 1042 3361 quando
1066 3326 1266 3351 contractum
1290 3326 1336 3351 est
1354 3330 1422 3351 ma·
1435 3334 1462 3354 70
1475 3322 1626 3353 naturalis
1656 3323 1787 3353 inclinat
1818 3324 1935 3363 magis:
1969 3333 2036 3353 non
2067 3329 2174 3353 autem
2206 3323 2244 3353 ad
2271 3322 2479 3363 obligandum
2507 3333 2539 3353 se

356 3364 545 3394 trimonium
567 3373 624 3405 per
646 3365 742 3395 verba
765 3365 805 3396 de
827 3366 1002 3406 praesenti:
1028 3366 1103 3405 quia
1120 3375 1158 3396 ex
1173 3366 1237 3396 hoc
1259 3366 1331 3405 ipso
1354 3375 1421 3396 ma-

1468 3372 1634 3407 ‘perpetuo
1666 3367 1812 3403 vinculo,
1845 3368 1921 3407 quia
1953 3367 2056 3398 adhuc
2089 3377 2156 3398 non
2187 3367 2311 3397 firmam
2340 3368 2539 3398 voluntatem

357 3408 500 3439 trimonii
523 3407 660 3448 spondet
683 3414 800 3440 actum.
823 3428 846 3432 -
869 3410 995 3440 Tamen
1018 3419 1036 3440 a
1058 3410 1161 3450 prima
1184 3411 1359 3450 sponsione
1375 3409 1422 3440 di-
1475 3411 1580 3442 habet.
1605 3411 1646 3441 Et
1661 3410 1735 3442 ideo
1756 3411 1811 3442 tali
1833 3417 1979 3452 tempore
2002 3417 2138 3452 possunt
2162 3412 2347 3442 contrahere
2370 3412 2539 3452 sponsalia.

357 3457 474 3482 cuntur
489 3452 649 3492 sponsalia
663 3454 802 3493 proprie,
820 3463 902 3494 quae
919 3459 993 3485 sunt
1009 3454 1167 3494 quaedam
1185 3454 1423 3485 sacramentalia
1477 3455 1540 3487 Sed
1563 3456 1596 3486 in
1619 3454 1684 3485 fine
1707 3455 1839 3486 secundi
1862 3457 2036 3496 septennii,
2061 3457 2124 3486 iam
2151 3462 2256 3496 potest
2280 3456 2419 3496 obligare
2443 3466 2476 3486 se
2501 3455 2539 3486 de

357 3497 563 3531 matrimonii,
586 3497 668 3526 sicut
691 3498 885 3528 exorcismus
908 3499 1066 3539 baptismi.

1437 3555 1460 3576 75

1476 3500 1524 3530 his
1548 3509 1631 3540 quae
1654 3499 1693 3530 ad
1716 3509 1888 3540 personam
1910 3501 2010 3540 ipsius
2032 3501 2200 3541 pertinent,
2217 3501 2268 3531 vel
2290 3500 2330 3531 ad
2352 3500 2540 3540 religionem

1476 3544 1527 3575 vel
1555 3544 1595 3574 ad
1623 3545 1821 3584 coniugium.
1857 3544 1920 3575 Sed
1951 3551 2025 3585 post
2056 3546 2184 3575 tertium
2214 3545 2416 3585 septennium
2445 3545 2539 3574 etiam
