2918 4088
86 761 234 791 wamelis.
235 760 299 804 vm,

0 791 1 851 ἶ
46 791 47 794 Ἰ
86 793 272 839 “mansa-7
247 798 299 836 vm:

50 941 94 965 .,

0 967 9 987 ’κ’
60 968 114 1028 1

85 1137 93 1150 ²¹
102 1150 203 1179 Anii,
223 1150 297 1174 eom·

74 1184 87 1202 ,τ
144 1182 296 1225 >‘ratitum-vui

115 1736 131 1751 ,1
146 1735 209 1751 ,ωηο
227 1730 259 1751 ‚53-
277 1732 285 1740 ·

53 3391 63 3432 J
79 3396 97 3419 ¹.
110 3396 181 3421 Nun.
195 3403 228 3426 tv,
248 3398 291 3421 Se-

87 3467 91 3469 .
125 3455 290 3478 namna.

141 1816 214 1843 ..ω-ι
231 1818 259 1835 Ἠ
277 1821 283 1827 ·
312 1823 313 1826 =

103 1855 105 1862 ’
320 1854 425 1888 eundo
447 1854 540 1886 illum
563 1854 687 1886 essendi
709 1854 846 1885 modum
868 1856 1002 1886 nomine
1024 1855 1172 1892 relativo,
1195 1862 1284 1896 puta,
1307 1866 1385 1887 con-

996 194 1260 241 QUAESTIO
1288 193 1448 240 LXXV,
1477 192 1768 231 ARTICULUS
1796 195 1826 231 11

329 270 386 302 sed
409 270 448 302 de
464 271 674 302 conversione
690 272 907 302 sacramentali
925 272 1129 313 intelligenda
1145 278 1191 303 est
1206 273 1388 303 communis

329 315 482 347 doctrina.
506 315 596 346 Haec
620 316 706 346 enim
729 317 904 346 necessaria
920 322 967 347 est
989 316 1028 347 ad
1043 316 1271 347 verificandum
1286 325 1388 346 sacra-

328 365 475 390 mentum
498 359 724 390 Eucharistiae.

383 402 477 434 Unde
500 402 540 433 ad
561 403 698 442 primam
728 404 944 434 obiectionem
973 404 1078 440 80011,
1102 413 1185 444 quae
1215 409 1262 434 est
1287 403 1387 433 maxi—

326 456 419 478 mum
442 447 510 477 eius
533 446 797 484 fundamentum,
827 447 942 478 dicitur
965 447 1054 488 quod
1075 453 1141 478 tam
1163 448 1266 478 maior
1289 456 1387 487 quam

325 491 434 522 minor
455 496 503 521 est
525 490 611 521 falsa.
647 492 750 522 Maior
772 491 920 532 quidem,
951 492 1106 532 quoniam
1135 491 1170 521 in
1192 491 1387 521 naturalibus

325 534 472 566 videmus
495 534 585 574 quod
599 544 656 575 per
672 535 806 566 eandem
821 536 1032 566 mutationem
1050 535 1184 565 habetur
1198 544 1256 575 per
1270 544 1303 565 se
1319 543 1386 564 non

324 579 435 614 solum
455 579 629 609 substantia
650 588 708 619 per
723 589 757 609 se
771 580 877 620 primo
893 580 1076 614 terminans,
1091 578 1148 609 sed
1166 579 1387 609 concomitans

326 623 443 663 passio.
469 622 553 653 Nam
576 631 634 662 per
656 632 754 653 unam
777 628 809 653 et
831 622 966 654 eandem
991 623 1230 663 generationem
1253 622 1387 652 habetur

326 676 384 707 per
406 675 440 697 se
462 672 543 697 terra
566 672 598 697 et
620 667 688 697 eius
710 667 854 717 gravitas,
879 672 912 697 et
933 666 1076 697 similiter
1096 666 1177 706 ignis
1201 672 1232 696 et
1251 667 1319 696 eius
1341 666 1387 696 le-

325 711 423 741 vitas:
447 711 482 741 in
496 715 620 741 tantum
644 710 734 750 quod
756 712 862 751 gravia
884 715 916 741 et
938 710 1020 741 levia
1043 709 1192 740 dicuntur
1209 711 1249 740 ab
1264 710 1386 740 Aristo-

325 754 420 786 tele*
442 755 566 785 moveri
586 763 650 794 per
659 764 693 785 se
707 764 727 785 a
740 759 920 794 generante.
944 754 986 784 Et
1007 754 1150 784 similiter
1171 764 1229 794 per
1252 753 1386 784 eandem

325 799 539 829 mutationem
570 798 705 829 habetur
733 798 908 828 substantia
937 798 1074 829 Socratis
1105 803 1136 828 et
1166 798 1234 828 eius
1263 797 1385 834 filiatio,

326 851 403 874 cum
425 842 570 874 Socrates
592 847 769 882 generatur.
792 841 884 872 Falsa
900 847 947 872 est
969 851 1044 882 ergo
1067 842 1170 872 maior
1184 843 1218 872 in
1234 842 1386 872 absolutis

326 891 358 918 et
379 886 526 917 relativis.

379 930 488 960 Minor
508 935 627 965 autem,
650 930 790 960 univoce
812 928 978 969 loquendo
1002 929 1042 960 de
1065 930 1294 966 conversione,
1318 939 1386 960 non

325 978 373 1006 est
395 982 629 1014 usquequaque
651 983 735 1009 vera,
758 982 818 1013 pro
841 978 930 1004 tanto
955 974 1047 1013 quia,
1070 974 1145 1004 licet
1168 974 1386 1004 conversionis

324 1017 470 1049 absolute
491 1018 645 1048 terminus
667 1018 816 1057 proprius
838 1017 878 1047 sit
901 1017 1108 1048 solummodo
1124 1027 1242 1058 corpus
1258 1017 1385 1054 Christi,

324 1061 542 1093 conversionis
571 1067 679 1092 tamen
701 1061 935 1092 sacramentalis
956 1063 1106 1102 proprius
1135 1068 1167 1092 et
1188 1071 1246 1102 per
1268 1071 1302 1092 se
1324 1067 1386 1092 ter-

322 1106 430 1137 minus
453 1110 502 1136 est
523 1114 641 1146 corpus
665 1104 783 1136 Christi
805 1105 971 1136 verificans
995 1105 1112 1137 Christi
1134 1107 1286 1143 verbum,
1309 1105 1386 1137 Hoc

323 1155 372 1181 est
392 1159 511 1190 corpus
532 1157 658 1180 meum:
679 1150 725 1180 sic
748 1149 845 1186 enim,
868 1155 904 1180 ut
921 1159 959 1180 ex
974 1151 1120 1190 superius
1134 1151 1151 1167 *
1174 1149 1266 1181 dictis
1288 1159 1386 1201 appa-

283 1209 288 1214 *
321 1199 380 1230 ret,
403 1194 443 1225 ab
458 1193 603 1224 Ecclesia
618 1199 650 1224 et
663 1193 775 1234 priscis
797 1193 983 1224 doctoribus
999 1194 1087 1225 docti
1102 1204 1223 1225 sumus.
1248 1195 1289 1225 Et
1309 1195 1385 1235 quia

322 1238 525 1278 incognitum
546 1238 642 1268 nobis
664 1243 712 1268 est
740 1237 819 1278 quid
841 1237 927 1268 addit
949 1247 1045 1278 supra
1067 1248 1186 1279 corpus
1209 1238 1327 1270 Christi
1351 1239 1386 1279 ly

322 1282 502 1324 verificam,
525 1281 602 1312 Hoc
625 1287 672 1313 est
693 1291 811 1322 corpus
833 1292 948 1318 meum,
973 1283 1127 1322 quoniam
1149 1283 1230 1314 vires
1252 1283 1386 1313 humani

322 1324 650 1364 inteuegimexeedit
680 1325 849 1366 quomodo
873 1336 991 1366 corpus
1014 1326 1131 1358 Christi
1159 1332 1206 1358 est
1227 1328 1262 1357 in
1284 1336 1385 1357 sacra-

290 1372 294 1373 ’
322 1366 434 1403 mento
457 1371 531 1406 hoc,
553 1369 629 1401 ideo
651 1379 711 1410 pro
734 1369 855 1401 frivolis
877 1370 1031 1401 molestiis
1053 1371 1161 1411 potius
1177 1380 1275 1412 quam
1290 1372 1385 1401 ratio—

320 1414 482 1447 nabilibus
501 1415 694 1454 argumentis
717 1414 882 1445 habendae
902 1420 976 1445 sunt
994 1415 1191 1446 obiectiones
1207 1424 1290 1456 quae
1306 1425 1384 1446 con-

323 1464 371 1491 tra
392 1459 456 1490 hoc
478 1458 591 1490 fierent
621 1467 659 1489 ex
682 1468 723 1489 eo
743 1458 837 1499 quod
859 1468 977 1499 corpus
1000 1458 1118 1490 Christi
1141 1460 1173 1490 in
1196 1459 1261 1490 hoc
1283 1469 1384 1490 sacra-

322 1508 436 1535 mento
458 1512 526 1534 non
542 1508 590 1533 est
610 1511 668 1542 per
683 1511 717 1533 se
732 1512 845 1539 11011111,
862 1502 918 1533 sed
933 1509 1138 1543 aggregatum
1153 1512 1211 1554 per
1226 1503 1384 1539 accidens,

247 1545 299 1573 3·-
324 1552 357 1578 et
371 1547 495 1578 similia.
519 1545 662 1578 Sufficiat
675 1546 770 1576 nobis
785 1546 1043 1578 addiscentibus
1035 1557 1069 1577 111
1083 1548 1143 1577 1130
1158 1548 1210 1583 via
1225 1547 1356 1578 credere
1367 1549 1384 1564 ¹*

47 1621 49 1626 ,
82 1602 137 1628 up.
149 1603 178 1627 ιι.
189 1602 215 1622 ι.
226 1604 249 1623 a.
275 1589 298 1603 ''
322 1590 485 1623 Ecclesiae
500 1596 532 1621 et
547 1589 734 1621 doctoribus
755 1591 866 1630 priscis
891 1591 966 1631 quia
981 1591 1026 1621 sic
1043 1596 1098 1621 est.
1114 1609 1138 1614 —
1153 1591 1382 1627 Veruntamen,

319 1644 383 1676 pro
405 1634 536 1675 aliquali
558 1634 666 1674 quiete
689 1634 822 1664 humani
839 1634 1029 1670 intellectus,
1045 1635 1125 1665 scito
1141 1636 1256 1666 merito
1272 1634 1384 1666 frivola

321 1679 401 1710 haec
427 1677 506 1709 dici:
542 1678 618 1718 quia
646 1677 812 1708 manifeste
844 1684 968 1709 constat
994 1683 1108 1709 terram
1139 1684 1171 1709 et
1199 1680 1384 1719 gravitatem

316 1728 389 1755 non
411 1722 606 1753 constituere
627 1731 731 1752 unum
746 1731 804 1762 per
818 1732 863 1758 se,
887 1727 1064 1763 utpoteres
1080 1722 1279 1754 diversorum
1294 1733 1384 1764 prae-

320 1766 586 1802 dicamentorum,
611 1771 643 1796 et
664 1771 772 1797 tamen
794 1775 852 1806 per
874 1766 1009 1797 eandem
1031 1767 1141 1798 haberi
1159 1768 1382 1799 mutationem.

376 1811 416 1842 X.
439 1811 552 1842 Posset
574 1819 707 1851 quoque
730 1811 820 1841 aliter
841 1811 922 1841 solvi
945 1811 1030 1842 dicta
1047 1811 1136 1842 Scoti
1150 1813 1242 1848 ratio,
1265 1812 1385 1852 signifi-

315 1899 419 1933 {ineri
439 1899 498 1930 sub
519 1899 624 1940 specie
639 1899 759 1939 panis:
782 1904 813 1930 et
836 1898 973 1930 dicendo
995 1899 1085 1940 quod
1100 1901 1267 1931 conversio
1283 1910 1385 1931 sacra-

319 1943 467 1977 mentalis
489 1943 524 1974 in
546 1943 610 1974 hoc
633 1942 736 1974 differt
759 1953 778 1973 a
800 1944 1011 1974 conversione
1034 1944 1199 1981 absolute,
1224 1945 1313 1985 quod
1336 1955 1384 1975 sa-

266 1999 276 2010 ·
314 1987 520 2019 :mentalis
543 1988 711 2018 conversio
734 1992 782 2018 est
804 1987 838 2017 in
857 1997 974 2028 corpus
990 1987 1108 2019 Christi
1130 1998 1198 2019 non
1213 1989 1320 2020 solum
1335 1999 1384 2019 se-

321 2031 466 2063 cundum
488 2041 532 2068 se,
556 2031 613 2062 sed
635 2036 672 2061 ut
695 2032 903 2071 consequitur
925 2033 1131 2072 interipsum
1155 2038 1187 2063 et
1209 2033 1384 2064 accidentia

319 2077 604 2118 panisrespectus
631 2076 774 2106 contenti
803 2081 835 2106 et
862 2077 1073 2112 continentis;
1104 2077 1148 2107 ita
1171 2077 1274 2117 quod,
1302 2078 1384 2108 sicut

312 2120 483 2161 generatio
507 2125 554 2150 est
575 2119 694 2150 illativa
715 2120 908 2150 substantiae
923 2121 1022 2160 geniti
1045 2129 1121 2151 cum
1136 2120 1289 2152 filiatione
1305 2131 1383 2152 con-

314 2170 490 2206 sequente,
513 2165 558 2195 ita
580 2163 748 2195 conversio
771 2164 1005 2195 sacramentalis
1027 2165 1123 2195 habet
1143 2165 1210 2196 vim
1232 2165 1382 2196 illativam

320 2214 360 2241 ex
381 2218 465 2250 pane
489 2208 632 2248 corporis
655 2207 774 2239 Christi
797 2218 872 2239 cum
890 2209 1044 2239 relatione
1061 2210 1203 2240 contenti
1226 2210 1285 2240 sub
1301 2210 1382 2240 acci-

311 2252 470 2285 :dentibus
491 2253 592 2293 panis.

375 2297 417 2328 Et
439 2296 619 2328 secundum
641 2296 723 2333 hoc,
747 2295 788 2327 ad
809 2297 968 2328 rationem
991 2296 1079 2327 Scoti
1106 2297 1278 2329 dicendum
1301 2303 1383 2328 esset

312 2340 412 2382 >quod
433 2340 500 2372 duo
523 2346 598 2372 sunt
619 2350 736 2381 genera
757 2350 880 2372 rerum:
913 2340 1071 2381 quaedam
1095 2342 1180 2372 enim
1202 2347 1277 2372 sunt
1300 2351 1382 2382 quae

315 2385 524 2426 ‘secundum-
522 2394 555 2416 se
586 2395 624 2416 ex
647 2394 707 2415 suo
730 2394 847 2426 genere
869 2394 927 2425 per
954 2395 987 2416 se
1010 2386 1115 2425 primo
1138 2385 1220 2416 fiunt
1243 2391 1274 2416 et
1296 2391 1380 2422 sunt,

321 2434 355 2461 et
374 2429 454 2461 haec
476 2428 563 2470 apud
586 2429 791 2460 Aristotelem
818 2435 893 2460 sunt
918 2429 987 2460 sola
1009 2430 1206 2470 composita,
1238 2435 1274 2460 ut
1295 2435 1382 2470 patet

281 2473 378 2504 -vn
393 2473 577 2514 Metaphys.
588 2474 624 2510 ‘;
642 2473 799 2514 quaedam
815 2482 891 2504 vero
907 2478 983 2504 sunt
1001 2483 1093 2514 quae,
1111 2479 1147 2504 ut
1161 2474 1331 2504 Aristotele
1347 2475 1382 2491 ’θ’

252 2498 294 2526 m’
319 2522 407 2554 utar,
429 2522 507 2548 sunt
527 2522 559 2547 et
581 2527 646 2548 non
669 2522 745 2547 sunt
771 2517 888 2558 absque
909 2518 971 2548 hoc
996 2517 1083 2558 quod
1109 2523 1309 2559 generentur
1331 2518 1382 2549 vel

320 2566 583 2602 corrumpantur,
607 2566 655 2597 et,
680 2562 850 2592 extensiori
872 2562 1032 2593 vocabulo
1055 2561 1236 2603 loquendo,
1261 2563 1381 2613 absque

319 2606 384 2636 hoc
407 2604 498 2646 quod
519 2605 614 2642 fiant;
638 2610 669 2635 et
691 2605 751 2636 hae
774 2611 849 2636 sunt
868 2605 989 2637 formae
1012 2615 1135 2642 0011105,
1156 2612 1187 2637 01
1209 2607 1380 2647 praecipue

319 2650 499 2686 relationes,
523 2659 606 2690 quae
628 2649 812 2689 regulariter
833 2649 970 2680 aliorum
986 2650 1159 2681 factionem
1175 2660 1380 2691 consequun-

319 2699 381 2725 tur.
412 2694 583 2732 Quocirca,
607 2692 681 2724 dato
706 2693 796 2733 quod
818 2694 920 2724 maior
943 2693 1031 2725 Scoti
1053 2695 1092 2724 sit
1114 2704 1187 2724 vera
1214 2694 1379 2735 loquendo

320 2737 361 2769 de
382 2738 488 2778 primo
511 2747 627 2778 genere
649 2747 766 2774 rerum,
790 2737 867 2768 falsa
889 2743 998 2768 tamen
1013 2743 1060 2768 est
1081 2738 1247 2768 miscendo
1271 2739 1381 2769 omnia

318 2791 436 2822 genera
458 2782 569 2812 simul:
595 2782 750 2822 quoniam
772 2781 849 2812 falsa
868 2787 915 2812 est
937 2781 978 2812 de
992 2782 1198 2812 relationibus
1214 2783 1380 2813 concomi-

318 2826 459 2858 tantibus
487 2826 655 2866 proprium
677 2826 864 2856 mutationis
886 2826 1077 2862 terminum;
1111 2831 1142 2856 et
1164 2826 1380 2856 universaliter

317 2869 397 2903 falsa
413 2876 460 2901 est
475 2870 515 2900 de
530 2871 802 2910 consequentibus
818 2870 985 2910 proprium
995 2870 1181 2900 mutationis
1196 2871 1379 2901 terminum.

319 2913 496 2953 Quodlibet
519 2915 605 2945 enim
629 2915 745 2945 horum
769 2914 1066 2950 concomitantium‚
1090 2913 1164 2944 licet
1186 2915 1225 2944 sit
1240 2914 1326 2944 aliud
1349 2919 1380 2944 et

318 2959 477 3000 posterius
500 2959 631 2999 proprio
654 2959 841 2988 mutationis
863 2959 1011 2994 termino,
1034 2967 1092 2998 per
1114 2957 1250 2988 eandem
1272 2963 1379 2988 tamen

318 3003 532 3034 mutationem
554 3012 612 3043 per
634 3012 668 3033 se
691 3002 834 3033 secundo
857 3002 965 3032 haberi
987 3007 1109 3042 potest,
1140 3002 1286 3042 quamvis
1311 3011 1380 3032 000

317 3047 471 3078 habeatur
493 3056 551 3087 per
573 3047 660 3077 illam
683 3056 741 3087 per
764 3056 798 3076 se
819 3047 937 3087 primo.

373 3091 415 3122 Et
437 3090 604 3131 sequendo
619 3091 708 3126 haec,
733 3090 846 3121 dicitur
861 3091 893 3121 in
909 3090 1075 3130 proposito
1099 3089 1189 3130 quod
1212 3091 1378 3120 conversio

318 3135 551 3169 sacramentalis
573 3144 632 3175 per
654 3144 688 3165 se
710 3134 815 3175 primo
838 3135 1024 3165 terminatur
1047 3133 1087 3164 ad
1110 3143 1227 3174 corpus
1251 3133 1378 3170 Christi,

317 3177 484 3210 inferendo
514 3189 571 3220 per
593 3188 627 3210 se
658 3178 800 3209 secundo
833 3179 1062 3209 continentiam
1093 3178 1235 3218 corporis
1262 3178 1379 3209 Christi

318 3223 378 3254 sub
401 3222 617 3254 accidentibus
639 3224 748 3263 panis,
779 3232 861 3263 quae
892 3223 1104 3259 continentia,
1127 3222 1202 3253 licet
1227 3222 1266 3252 sit
1293 3221 1379 3253 aliud

319 3266 398 3308 quid
420 3272 452 3298 et
473 3268 632 3307 posterius
661 3266 778 3298 Christi
805 3276 957 3307 corpore,
988 3271 1034 3297 est
1063 3272 1171 3297 tamen
1200 3267 1378 3297 necessario

317 3311 504 3342 necessitate
531 3311 720 3342 sacramenti
749 3320 951 3352 consequens
974 3320 1091 3351 corpus
1115 3310 1232 3341 Christi
1258 3316 1294 3341 ut
1316 3315 1378 3341 ter-

317 3355 444 3386 minum
467 3355 686 3386 conversionis
709 3355 954 3386 sacramentalis.

371 3399 426 3429 XI.
450 3399 634 3440 Antequam
657 3404 764 3430 autem
790 3399 1020 3440 respondeatur
1049 3399 1116 3429 aliis
1139 3399 1377 3439 argumentis,
1350 3399 1367 3416 ⁴

318 3443 395 3483 quia
409 3444 556 3483 superius
567 3444 584 3460 ⁹
599 3443 770 3474 declaratas
781 3444 975 3474 mutationes
987 3443 1065 3474 duas
1077 3448 1275 3483 supponunt,
1288 3452 1378 3483 prae-

269 3502 274 3507 ·
317 3486 562 3518 monstrandum
578 3492 625 3518 est
647 3486 726 3528 quid
746 3487 949 3518 sentiendum
964 3488 1003 3518 sit
1019 3487 1059 3518 de
1073 3487 1122 3517 his
1137 3487 1376 3518 mutationibus.

318 3530 406 3562 Scito
432 3531 543 3571 igitur,
574 3530 748 3562 recolendo
771 3537 844 3562 ante
868 3531 967 3568 dicta,
999 3531 1162 3572 duplicem
1189 3532 1378 3572 opinionem

2422 199 2492 237 163

1441 271 1481 302 de
1497 273 1542 302 eis
1558 282 1626 303 esse
1648 282 1753 312 posse.
1777 274 1894 310 Altera,
1911 284 1993 314 quae
2010 281 2056 305 est
2071 276 2168 312 Scoti,
2184 278 2277 317 ponit
2292 277 2369 308 duas
2384 279 2416 309 in
2432 280 2495 310 hoc

1440 322 1638 346 sacramento
1672 318 1865 347 mutationes
1895 319 2102 349 intervenire:
2126 321 2227 359 prima
2254 327 2300 351 est
2329 323 2494 353 conversio

1439 360 1531 399 panis
1546 361 1580 390 in
1596 369 1712 400 corpus
1729 360 1862 397 Christi3
1887 362 2026 392 secunda
2042 369 2088 392 est
2103 373 2166 403 qua
2190 373 2305 404 corpus
2321 365 2437 396 Christi
2455 366 2495 397 de

1439 413 1507 433 non
1523 409 1688 444 praesente
1704 413 1760 434 seu
1775 414 1843 434 non
1860 410 2011 435 contento
2028 405 2063 436 fit
2074 416 2220 446 praesens
2236 417 2292 438 seu
2308 415 2494 440 contentum

1440 447 1499 477 sub
1523 448 1629 487 specie
1652 448 1752 487 panis·
1775 466 1798 470 -
1820 449 1927 478 Altera
1949 458 2025 479 vero
2049 450 2160 489 opinio
2185 458 2231 481 est
2254 452 2342 491 quod
2364 463 2430 483 non
2449 460 2495 484 est

1440 491 1492 521 hic
1514 492 1575 521 nisi
1598 501 1663 521 una
1685 491 1754 521 sola
1776 493 1921 526 mutatio.
1939 501 2002 532 qua
2018 502 2056 523 ex
2071 503 2153 533 pane
2168 493 2203 523 fit
2220 504 2335 534 corpus
2359 496 2493 527 Christi:

1439 534 1496 565 sed
1511 535 1551 565 ad
1565 536 1658 565 istam
1673 536 1884 566 mutationem
1900 542 2077 576 sequuntur
2092 538 2241 577 utrinque
2262 539 2445 576 relationes3
2461 542 2495 571 in

1440 578 1656 609 accidentibus
1678 579 1837 619 siquidem
1859 580 1949 619 panis
1966 589 2003 610 ex
2018 581 2077 610 hac
2092 582 2268 611 mutatione
2292 584 2433 622 sequitur
2448 594 2495 614 re-

1439 622 1515 653 latio
1532 623 1734 659 continentis,
1754 628 1786 653 et
1800 624 1833 653 10
1849 633 1984 674 corpore
2001 623 2117 654 Christi
2133 634 2170 654 ex
2187 625 2297 655 eadem
2320 628 2495 658 mutatione

1440 667 1583 706 sequitur
1598 667 1708 697 relatio
1726 668 1886 703 contenti;
1910 672 1941 697 et
1957 668 2002 697 sic
2017 668 2095 698 haec
2110 669 2244 698 mutatio
2267 669 2382 700 sufficit
2397 670 2436 700 ad
2452 671 2495 701 fa-

1440 710 1591 741 ciendum
1606 720 1724 750 corpus
1736 710 1853 741 Christi
1864 712 2016 741 veraciter
2031 713 2187 742 contineri
2201 713 2260 742 sub
2276 714 2380 753 specie
2396 716 2494 754 panis.

1494 755 1689 785 Monstratur
1703 760 1812 785 autem
1834 755 2051 795 multipliciter
2073 757 2298 787 rationabilitas
2316 757 2410 787 huius
2426 759 2495 798 opi-

1439 799 1565 834 nionis,
1599 798 1694 828 51111111
1726 808 1801 829 011111
1833 798 2047 829 destructione
2079 799 2224 836 alterius,
2259 810 2333 830 cum
2366 811 2403 831 ex
2433 802 2496 832 hoc

1440 842 1530 882 quod
1558 842 1720 882 pluralitas
1750 852 1817 873 non
1847 848 1894 872 est
1926 842 2077 882 ponenda
2106 844 2174 874 sine
2204 845 2388 875 necessitate
2403 846 2436 875 ἐ
2461 856 2496 876 30

1439 895 1497 926 per
1523 887 1603 922 hoc,
1627 896 1703 917 cum
1733 896 1798 916 una
1827 887 1963 916 mutatio
1993 887 2046 917 hic
2076 886 2226 923 sufficiat,
2249 898 2316 918 non
2343 894 2416 918 sunt
2438 899 2497 929 po-

1438 930 1564 960 nendae
1587 929 1678 961 duae.
1701 948 1725 953 -
1747 931 1835 961 Tum
1854 931 1939 970 quia,
1963 930 2141 961 secundum
2157 932 2424 971 philosophorum
2440 933 2497 963 do-

1440 975 1583 1010 ctrinam,
1607 975 1776 1005 relationes
1794 974 1877 1005 fiunt
1900 975 2104 1005 consecutive
2128 975 2167 1005 ad
2189 977 2383 1006 mutationes
2406 977 2497 1007 abso-

1438 1018 1601 1055 lutorum,
1633 1024 1664 1049 et
1690 1028 1759 1049 000
1787 1028 1846 1059 per
1868 1019 1943 1049 alias
1972 1019 2117 1059 proprias
2140 1020 2342 1050 mutationes.
2366 1038 2389 1042 —
2411 1021 2498 1051 Tum

1439 1064 1515 1103 quia
1537 1068 1603 1093 tam
1626 1063 1788 1093 Ecclesiae
1811 1072 1909 1103 quam
1932 1063 2110 1103 priscorum
2135 1063 2305 1094 doctorum
2329 1063 2497 1095 doctrina*

1437 1107 1531 1138 tradit
1555 1108 1772 1138 conversionis
1787 1107 2000 1138 mutationem
2019 1116 2079 1147 pro
2095 1108 2217 1137 ratione
2233 1107 2412 1138 verificante
2429 1119 2497 1139 cor-

1438 1161 1499 1192 pus
1523 1150 1640 1182 Christi
1663 1152 1819 1182 contineri
1842 1151 1901 1181 sub
1920 1151 2026 1191 specie
2041 1152 2141 1191 panis.
2166 1151 2257 1189 Quae
2273 1151 2415 1182 doctrina
2430 1163 2497 1184 non

1437 1195 1667 1231 verificaretur,
1691 1196 1753 1226 nisi
1774 1195 1858 1229 forte
1880 1204 1938 1235 per
1960 1195 2122 1231 accidens,
2151 1196 2176 1225 si
2198 1196 2423 1227 intervenirent
2445 1198 2496 1228 hic

1438 1239 1520 1270 duae
1535 1240 1745 1270 mutationes:
1766 1241 1931 1280 quoniam,
1947 1240 1974 1270 si
1989 1239 2071 1270 duae
2086 1240 2278 1270 mutationes
2294 1246 2376 1276 sunt,
2396 1242 2497 1280 prima

1438 1294 1495 1324 per
1518 1283 1664 1315 accidens
1686 1294 1720 1315 se
1742 1285 1890 1320 haberet;
1915 1283 2004 1324 quod
2027 1284 2123 1314 etiam
2139 1283 2306 1314 adversarii
2321 1284 2457 1315 fatentur
2468 1287 2494 1315 ’ἱ

1438 1328 1502 1359 Sed
1523 1333 1601 1359 tunc
1624 1329 1768 1368 sequitur
1782 1329 1958 1358 maximum
1973 1328 2220 1358 inconveniens:
2245 1328 2334 1368 quod
2355 1334 2420 1359 tam
2435 1329 2496 1359 Ec-

1438 1373 1533 1403 clesia
1565 1382 1663 1413 quam
1694 1373 1789 1412 prisci
1813 1371 1960 1402 doctores
1990 1372 2212 1402 laboraverunt
2242 1372 2282 1402 ad
2304 1372 2496 1403 reddendam

1437 1418 1595 1447 rationem
1617 1426 1674 1457 per
1697 1415 1852 1452 accidens,
1877 1425 1960 1456 quae
1980 1416 2019 1446 ab
2035 1421 2101 1446 arte
2117 1421 2147 1446 et
2163 1415 2306 1446 doctrina
2328 1417 2497 1447 resecanda

1438 1466 1486 1491 est
1500 1462 1526 1491 *ἱ
1551 1461 1704 1491 Dicamus
1726 1461 1820 1500 igitur
1843 1459 1934 1500 quod
1955 1470 2020 1490 una
2041 1460 2110 1490 sola
2133 1460 2184 1490 hic
2203 1461 2371 1491 intervenit
2393 1467 2496 1492 muta-

1437 1506 1494 1541 tio,
1517 1504 1656 1535 inferens
1678 1505 1855 1535 novitatem
1878 1505 2103 1534 continentiae.

1492 1549 1545 1579 An
1567 1554 1676 1579 autem
1698 1549 1931 1579 sacramentalis
1954 1549 2171 1579 conversionis
2186 1550 2321 1579 mutatio
2337 1549 2472 1579 inferat
2463 1559 2496 1580 1n

1437 1598 1577 1633 utroque
1601 1598 1743 1623 extremo
1766 1593 1935 1623 relationes
1958 1592 2057 1623 reales
2085 1593 2300 1623 continentiae
2324 1594 2442 1623 activae
2466 1599 2496 1624 et

1437 1637 1597 1677 passivae;
1627 1637 1678 1667 vel
1701 1637 1808 1667 solum
1840 1646 1878 1667 ex
1900 1637 1993 1677 parte*
2012 1637 2156 1676 corporis
2179 1636 2295 1667 Christi
2325 1637 2364 1667 sit
2386 1637 2495 1667 relatio

1436 1681 1528 1711 realis
1551 1680 1591 1711 ad
1613 1681 1745 1721 species,
1770 1690 1834 1720 qua
1849 1681 2031 1711 continetur
2045 1681 2104 1710 sub
2120 1681 2296 1720 speciebus,
2317 1686 2348 1711 et
2363 1691 2420 1721 per
2434 1682 2496 1712 hoc

1437 1725 1685 1755 denominantur
1700 1726 1822 1765 species
1838 1726 2003 1755 continere
2019 1734 2136 1764 corpus
2153 1724 2271 1755 Christi
2289 1726 2364 1765 quia
2379 1735 2496 1766 corpus

1437 1769 1556 1800 Christi
1583 1769 1766 1800 continetur
1791 1769 1850 1799 sub
1873 1769 1951 1806 illis;
1982 1769 2033 1799 vel
2056 1769 2089 1799 in
2112 1770 2279 1809 speciebus
2302 1770 2377 1809 ipsis
2406 1770 2496 1800 realis

1437 1814 1654 1844 continentiae
1683 1813 1794 1844 relatio
1825 1813 1865 1843 ad
1888 1822 2006 1853 corpus
2029 1812 2147 1843 Christi
2170 1814 2347 1853 consurgit,
2372 1823 2410 1844 ex
2433 1823 2496 1853 qua

1436 1867 1555 1898 corpus
1577 1857 1696 1888 Christi
1719 1857 1946 1897 cointelligitur
1967 1856 2074 1887 referri
2098 1856 2137 1887 ad
2160 1858 2282 1897 species
2305 1863 2341 1887 ut
2363 1863 2496 1888 conten-

1435 1907 1506 1932 tum
1530 1901 1570 1932 ad
1592 1902 1776 1938 confinem,
1808 1911 1876 1932 non
1900 1901 1975 1942 quia
1997 1902 2104 1941 ipsum
2126 1900 2279 1932 referatur
2301 1900 2341 1931 ad
2362 1902 2494 1942 species,

1435 1945 1492 1976 sed
1515 1946 1590 1986 quia
1613 1946 1735 1986 species
1757 1945 1937 1976 referuntur
1959 1945 1998 1975 ad
2019 1946 2135 1985 ipsum,
2159 1946 2241 1975 sicut
2263 1946 2351 1975 Deus
2373 1946 2496 1976 realiter

1435 1990 1551 2021 dicitur
1573 1990 1734 2020 Dominus
1749 1995 1910 2020 creaturae
1932 1999 2000 2019 non
2016 1990 2091 2029 quia
2105 1990 2174 2029 ipse
2189 1989 2340 2020 referatur
2354 1989 2394 2019 ad
2410 1999 2495 2020 crea-

1435 2039 1540 2065 turam
1562 2043 1694 2070 servam,
1719 2033 1775 2064 sed
1798 2034 1873 2074 quia
1892 2039 2033 2064 creatura
2048 2033 2181 2063 refertur
2197 2033 2259 2063 ad
2250 2043 2370 2073 1psum:
2387 2051 2410 2055 -
2426 2043 2494 2064 non

1435 2078 1527 2108 facile
1550 2077 1698 2108 dixerim·
1723 2078 1799 2118 quia
1813 2078 1942 2128 ignotus
1958 2083 2005 2107 est
2019 2077 2136 2107 modus
2160 2087 2226 2117 quo
2243 2087 2360 2118 corpus
2377 2077 2494 2108 Christi

1435 2122 1618 2152 continetur
1640 2122 1699 2152 sub
1722 2122 1829 2161 specie
1853 2122 1952 2161 panis.

1491 2165 1576 2196 Cum
1599 2166 1647 2196 his
1669 2172 1777 2196 tamen
1801 2166 1960 2201 omnibus,
1985 2165 2142 2196 conclude
2165 2165 2207 2195 ita
2231 2174 2298 2195 esse
2321 2165 2372 2195 hic
2394 2175 2493 2196 unam

1434 2210 1537 2240 solam
1559 2210 1772 2240 mutationem
1794 2214 1846 2246 ut,
1880 2209 2065 2239 affirmando
2088 2210 2233 2245 unicam,
2257 2209 2427 2249 perspicias
2449 2210 2493 2239 ita

1433 2254 1624 2285 intervenire
1646 2254 1680 2283 in
1700 2254 1764 2284 hoc
1782 2258 1980 2284 sacramento
2002 2253 2131 2283 unicam
2146 2253 2356 2283 mutationem
2371 2253 2404 2283 in
2419 2258 2493 2284 actu

1433 2304 1470 2329 ut
1491 2307 1560 2328 non
1582 2303 1716 2338 negetur
1739 2307 1806 2328 esse
1829 2298 1936 2337 plures
1958 2298 1992 2327 in
2015 2298 2167 2337 potentia,
2191 2307 2258 2327 non
2281 2297 2414 2327 naturali
2437 2303 2492 2328 aut

1434 2342 1662 2378 sacramentali,
1686 2341 1741 2372 sed
1764 2341 1870 2372 divina
1892 2341 2052 2372 absolute:
2076 2342 2140 2371 hoc
2156 2346 2212 2377 est,
2237 2340 2325 2381 quod
2347 2340 2381 2371 id
2403 2341 2492 2381 quod

1434 2386 1474 2417 de
1496 2386 1581 2416 facto
1604 2385 1640 2416 fit
1662 2395 1719 2425 per
1741 2386 1871 2416 unicam
1893 2386 2122 2421 mutationem,
2149 2391 2257 2425 posset
2279 2385 2367 2415 Deus
2389 2384 2493 2415 facere

1433 2440 1490 2471 per
1512 2431 1620 2470 plures
1642 2430 1852 2465 mutationes;
1877 2435 1985 2470 posset
2001 2430 2087 2460 enim
2101 2435 2225 2459 mutare
2240 2438 2357 2469 panem
2371 2429 2405 2459 in
2421 2438 2491 2459 cor-

1433 2484 1494 2515 pus
1518 2474 1636 2505 Christi
1658 2483 1722 2504 una
1744 2474 1932 2510 mutatione,
1957 2479 1988 2504 et
2010 2472 2114 2503 facere
2137 2483 2254 2513 corpus
2274 2472 2391 2503 Christi
2414 2482 2491 2503 con—

1433 2524 1559 2552 tentum
1581 2519 1640 2548 sub
1664 2519 1769 2558 specie
1788 2518 1879 2558 panis
1895 2517 1955 2548 alia
1969 2518 2156 2548 mutatione.
2181 2517 2244 2548 Sed
2259 2517 2412 2557 quoniam
2428 2517 2491 2547 hoc

1433 2562 1474 2593 ad
1496 2563 1674 2603 potentiam
1704 2562 1882 2592 absolutam
1906 2562 1966 2592 Dei
1995 2562 2140 2602 respicit,
2171 2562 2355 2601 simpliciter
2382 2567 2415 2591 et
2437 2562 2491 2591 ab-

1432 2607 1537 2638 solute
1559 2605 1744 2647 loquendo,
1776 2607 1905 2636 unicam
1929 2605 2025 2636 dicito
2057 2606 2246 2636 intervenire
2269 2606 2489 2635 mutationem.

1488 2651 1529 2681 Et
1551 2651 1629 2680 haec
1653 2650 1735 2680 dicta
1758 2649 1798 2680 de
1820 2650 1869 2680 his
1891 2650 2121 2680 mutationibus
2143 2655 2216 2680 actu
2231 2649 2282 2679 vel
2297 2649 2440 2689 potentia
2457 2650 2491 2679 in

1433 2694 1545 2725 ordine
1568 2694 1608 2725 ad
1630 2694 1809 2730 relationes,
1833 2703 1901 2724 non
1923 2694 2012 2724 aliter
2030 2693 2113 2724 dicta
2130 2694 2269 2733 intellige
2293 2703 2390 2733 quam
2414 2702 2490 2723 con-

1432 2738 1600 2770 siderando
1617 2747 1684 2769 esse
1700 2738 1925 2768 sacramentale
1941 2738 2084 2778 corporis
2100 2737 2216 2768 Christi
2232 2737 2359 2767 relative
2377 2747 2490 2767 secun-

1433 2782 1512 2814 dum
1541 2783 1710 2813 relationes
1740 2783 1883 2812 contenti
1912 2787 1943 2812 et
1972 2782 2172 2812 continentis.
2207 2781 2290 2811 Nam
2313 2781 2490 2811 secundum

1432 2836 1500 2857 rem
1523 2827 1620 2866 longe
1643 2826 1736 2856 altius
1759 2831 1806 2856 est
1829 2835 1927 2866 quam
1949 2825 2134 2856 huiusmodi
2152 2825 2279 2855 relativa
2301 2824 2487 2864 significent.

1432 2871 1474 2901 Et
1495 2871 1596 2910 magis
1618 2875 1797 2900 reverenter
1819 2879 1856 2900 ac
1879 2870 2070 2900 eminentius
2093 2868 2132 2899 de
2155 2869 2211 2899 illo
2235 2869 2366 2899 sentitur
2389 2874 2420 2898 et
2443 2868 2489 2898 di-

1433 2915 1524 2950 citur,
1549 2923 1623 2944 cum
1639 2913 1679 2944 de
1694 2914 1750 2944 illo
1774 2913 1952 2944 secundum
1967 2923 2000 2944 se
2019 2914 2182 2949 sentimus,
2200 2918 2231 2943 01
2246 2912 2380 2942 dicimus
2401 2911 2489 2952 quod

1432 2968 1466 2988 se
1489 2958 1584 2988 habet
1606 2957 1645 2988 ad
1668 2958 1911 2987 conversionem
1942 2962 1979 2987 ut
2001 2956 2120 2987 facturn
2143 2966 2211 2987 esse
2233 2957 2266 2986 in
2289 2957 2425 2986 termino
2449 2955 2489 2986 ad

1432 3001 1510 3038 fieri,
1535 3007 1571 3032 ut
1593 3002 1739 3042 superius
1753 3002 1771 3018 ⁵
1794 3001 2030 3041 explicavimus

1486 3045 1555 3076 XII.
1577 3044 1858 3076 Communicando
1874 3050 1981 3075 tamen
2000 3045 2032 3074 in
2049 3043 2301 3075 consideratione
2316 3045 2489 3084 respectiva

1432 3099 1507 3120 cum
1530 3089 1722 3125 adversariis,
1746 3098 1787 3119 ne
1807 3088 1916 3129 fugere
1933 3088 2131 3119 difficultates
2146 3087 2319 3123 videamur,
2336 3088 2384 3118 his
2399 3097 2488 3128 prae-

1431 3135 1544 3169 missis,
1569 3133 1608 3164 ad
1631 3133 1808 3164 secundum
1831 3133 1919 3164 Scoti
1934 3134 1951 3149 ⁴*
1975 3132 2107 3168 dicitur,
2131 3132 2269 3163 admisso
2291 3141 2488 3172 praesuppo-

1431 3179 1504 3214 sito,
1529 3177 1618 3218 quod
1641 3177 1870 3217 consequentia
1884 3177 1986 3217 prima
2008 3176 2087 3206 nihil
2102 3176 2194 3212 valet,
2218 3181 2332 3216 utpote
2350 3175 2488 3207 inferens

1432 3232 1450 3252 a
1464 3221 1607 3262 possibili
1623 3221 1729 3261 logico
1744 3221 1967 3257 necessarium,
1985 3219 2062 3251 dum
2078 3219 2162 3256 dicit,
2179 3221 2287 3250 Potest
2300 3229 2376 3256 esse,
2394 3220 2487 3262 Ergo

1433 3270 1567 3306 oportet.
1590 3284 1613 3288 -
1634 3266 1676 3296 Et
1698 3274 1755 3305 per
1776 3266 1840 3295 hoc
1862 3270 1949 3305 patet
1971 3264 2061 3305 quod
2083 3263 2222 3295 secunda
2249 3265 2487 3304 consequentia,

1431 3310 1550 3346 dicens,
1573 3309 1666 3351 Ergo
1690 3308 1874 3340 huiusmodi
1890 3309 2078 3350 praesentia
2101 3318 2166 3339 non
2184 3308 2319 3339 habetur
2334 3318 2398 3349 per
2411 3318 2487 3339 con-

1432 3354 1620 3390 versionem,
1644 3363 1711 3384 non
1730 3352 1863 3384 infertur
1886 3362 1924 3383 ex
1938 3353 2043 3393 primo
2059 3352 2275 3383 antecedente.
2302 3352 2343 3383 Et
2358 3351 2398 3383 ad
2412 3361 2487 3392 pro-

1431 3399 1595 3429 bationem
1618 3397 1732 3428 dicitur
1755 3397 1845 3438 quod
1862 3397 2017 3427 terminus
2032 3397 2127 3427 unius
2142 3397 2282 3432 rationis,
2306 3396 2487 3427 cuiusmodi

1432 3448 1479 3474 est
1500 3442 1686 3483 praesentia,
1710 3451 1777 3472 non
1801 3446 1847 3472 est
1869 3441 2022 3472 terminus
2044 3450 2101 3481 per
2124 3450 2157 3470 se
2180 3440 2314 3471 duarum
2336 3440 2486 3470 mutatio-

1430 3496 1520 3523 num,
1545 3486 1620 3526 quia
1642 3495 1710 3516 non
1733 3486 1902 3516 intervenit
1923 3485 1984 3516 nisi
2006 3494 2071 3515 una
2086 3485 2237 3515 mutatio:
2262 3484 2406 3533 quamvis
2429 3493 2486 3523 per

1430 3531 1607 3572 potentiam
1630 3530 1770 3561 divinam
1792 3530 1892 3570 possit
1916 3538 1983 3560 esse
2006 3529 2159 3559 terminus
2182 3527 2315 3558 duarum
2336 3525 2485 3558 1111113110-

2523 850 2577 873 ‘Cf.
2584 851 2681 874 Aristot.
2687 852 2732 874 To-

2520 883 2567 929 1¹15.
2571 877 2604 926 :jib
2607 878 2676 926 ¹igin,
2670 884 2731 906 ,.cnp

2524 1067 2534 1076 ¹¹
2543 1065 2578 1087 Cf.
2586 1069 2627 1087 art.
2636 1072 2654 1091 1,
2662 1066 2734 1087 Com-

2524 1095 2595 1114 ment.
2610 1098 2674 1114 num.
2684 1098 2732 1115 vut-

2524 1291 2534 1301 ·
2554 1289 2590 1311 Cf.
2613 1289 2678 1312 Scot.
2699 1290 2732 1311 1v

2523 1316 2602 1370 ἕπτ’,
2625 1316 2678 1338 dist.
2702 1322 2732 1343 x,

2523 1463 2643 1485 'Aristot.
2655 1462 2733 1485 Meta-

2521 1489 2588 1517 phys.
2597 1489 2636 1511 lib.
2644 1490 2672 1515 V,
2680 1496 2707 1511 ca

2524 1522 2548 1541 ιι,
2563 1522 2585 1538 n.
2601 1516 2643 1538 8.-
2653 1516 2677 1538 8.

2522 1542 2562 1564 lib.
2574 1542 2612 1569 VI,
2626 1543 2678 1564 lect.
2693 1548 2718 1564 11.

2516 2997 2526 3007 ·
2546 2997 2596 3018 Art.
2613 3004 2632 3023 ι,
2653 2996 2726 3019 Com-

2516 3026 2586 3045 100111.
2601 3029 2664 3045 1111111.
2679 3029 2702 3045 x.

2515 3132 2725 3160 'Num.1v,Se-

2515 3159 2597 3181 cundo.
