2918 4088
111 664 124 680 e
147 637 192 680 .οο
246 673 252 680 .
337 657 381 675 ”ῢ’

339 674 423 732 says.

356 714 370 730 ,κ

973 209 1236 256 QUAESTIO
1265 210 1419 256 LXVII,
1453 210 1744 251 ARTICULUS
1772 214 1821 250 VI

2436 214 2483 252 85

1118 361 1436 403 ARTICULUS
1467 362 1675 406 SEXTUS

914 456 1070 488 UTRUM
1093 454 1258 486 PLURES
1281 454 1459 486 POSSINT
1483 455 1614 486 SIMUL
1638 456 1877 487 BAPTIZARE

585 537 675 569 Supra,
695 544 739 570 qu.
758 543 824 567 ιινι,
844 541 889 560 art.
911 535 933 564 5,

792 579 801 589 χ

434 647 478 663 Μ
518 629 540 654 ι)
560 629 702 655 st-:x’rum
722 629 774 654 sm
793 627 1020 653 Pnocnmruk
1033 614 1064 651 *.
1080 614 1243 651 Videtur
1261 614 1368 663 quod

437 660 475 699 Qi-

445 702 452 715 x

461 679 496 713 ἢ·
517 671 646 719 plures
660 669 807 724 possint
821 668 936 706 simul
948 673 965 689 ‘²
978 666 1182 716 baptizare.
1212 668 1255 703 In
1269 668 1368 704 mul-

325 722 443 776 &2³²⁴
455 709 506 767 '‘a‘'
517 723 678 764 titudine
720 722 826 763 enim
862 720 1079 760 continetur
1114 732 1262 767 unum,
1302 719 1368 758 sed

320 772 458 812 45³²*
476 771 598 813 non
635 774 879 813 convertitur.
922 774 1034 812 Unde
1071 772 1224 811 videtur
1261 773 1368 822 quod

307 828 498 878 quidquid
522 836 647 878 potest
663 828 786 866 facere
805 839 920 874 unuS,
940 825 1087 876 possint
1105 826 1227 863 facere
1247 826 1368 872 multi,

306 889 343 919 et
369 893 451 919 non
479 893 500 919 e
527 893 734 918 converso:
773 880 870 917 sicut
906 879 1016 916 multi
1043 880 1199 916 trahunt
1227 890 1369 915 navem

306 946 426 984 quam
447 946 549 972 unus
575 934 723 975 trahere
743 945 823 970 non
842 940 981 983 posset.
1012 932 1089 969 Sed
1117 944 1219 971 unus
1247 932 1368 969 homo

305 994 430 1039 potest
457 986 659 1041 baptizare.
703 987 805 1035 Ergo
834 993 871 1023 et
897 986 1027 1035 plures
1063 992 1226 1035 possunt
1254 984 1368 1023 simul

305 1052 432 1082 unum
459 1039 662 1090 baptizare.

360 1104 394 1131 2.
415 1094 646 1140 ΡκΑΕτΕΕΕΑ,
663 1091 855 1130 difficilius
873 1099 929 1129 est
947 1092 1055 1142 quod
1074 1104 1201 1131 unum
1219 1089 1234 1121 β
1253 1102 1368 1139 agens

304 1153 389 1194 agat
415 1145 455 1183 in
482 1147 594 1195 plura
628 1158 749 1200 quam
777 1145 887 1195 quod
912 1146 1041 1195 plures
1069 1152 1224 1193 agentes
1257 1151 1369 1193 agant

303 1198 419 1236 simul
453 1198 493 1236 in
524 1211 661 1237 unum.
706 1198 784 1236 Sed
817 1210 920 1235 unus
948 1199 1069 1236 homo
1097 1205 1222 1248 potest
1251 1196 1369 1235 simul

303 1251 495 1302 baptizare
523 1253 663 1302 plures.
693 1252 796 1300 Ergo
824 1253 947 1289 multo
976 1251 1096 1300 magis
1124 1252 1253 1304 plures
1281 1263 1367 1303 pos-

304 1313 394 1347 sunt
421 1304 542 1351 simul
563 1317 690 1347 unum
717 1304 920 1354 baptizare.

288 1358 394 1397 ,2-73,
407 1358 657 1404 Pmrnnm,
677 1358 894 1408 baptismus
910 1365 967 1395 est
985 1365 1268 1395 sacramentum
1287 1369 1368 1394 ma·

304 1410 432 1448 ximae
464 1411 705 1449 necessitatis.
749 1411 827 1448 Sed
862 1411 901 1448 in
935 1410 1065 1460 aliquo
1097 1422 1189 1447 casu
1217 1410 1370 1447 videtur

305 1475 388 1501 esse
415 1464 672 1502 necessarium
709 1464 818 1514 quod
845 1465 974 1515 plures
1003 1463 1118 1500 simul
1149 1475 1275 1500 unum
1302 1463 1368 1500 ba-

303 1515 507 1573 ptizarent:
545 1525 639 1572 puta
666 1517 697 1556 si
716 1516 852 1566 aliquis
879 1518 1064 1567 parvulus
1091 1524 1188 1554 esset
1215 1516 1256 1553 in
1283 1515 1368 1554 arti-

272 1578 274 1580 ’
303 1570 393 1613 culo
421 1570 568 1616 mortis,
596 1577 634 1607 et
660 1570 836 1607 adessent
854 1569 934 1607 duo
963 1581 1131 1618 quorum
1162 1571 1254 1607 alter
1271 1576 1370 1606 esset

304 1630 449 1670 tauma,
478 1630 515 1660 et
539 1623 632 1660 alter
649 1621 831 1660 manibus
850 1630 886 1659 et
905 1621 1068 1659 brachiis
1087 1629 1248 1668 careret3
1277 1629 1369 1658 tunc

303 1674 410 1714 enim
437 1683 630 1725 oporteret
667 1675 776 1725 quod
803 1674 999 1712 mutilatus
1026 1675 1146 1712 verba
1172 1675 1368 1724 proferret,

303 1734 341 1764 et
371 1727 505 1769 mutus
541 1727 780 1778 baptismum
798 1733 813 1756 Υ
842 1735 1044 1765 exerceret.
1087 1728 1190 1776 Ergo
1217 1727 1371 1765 videtur

303 1780 414 1835 quod
439 1782 568 1836 plures
596 1780 744 1833 possint
771 1780 888 1819 simul
915 1793 1042 1819 unum
1069 1780 1272 1832 baptizare.

357 1833 432 1878 SED
460 1846 605 1872 CONTRA
632 1846 698 1874 ssr
735 1834 844 1884 quod
879 1833 997 1873 unius
1030 1834 1173 1882 agentis
1207 1846 1287 1873 una
1314 1841 1370 1872 est

303 1886 413 1926 actio.
444 1887 487 1926 Si
504 1899 595 1936 ergo
617 1889 747 1937 plures
765 1899 892 1925 unum
910 1886 1156 1937 baptizarent,
1175 1887 1370 1924 videretur

303 1940 414 1990 sequi
451 1941 559 1990 quod
594 1947 720 1978 essent
755 1942 885 1990 plures
922 1940 1112 1990 baptismi.
1157 1940 1277 1988 Quod
1313 1947 1369 1978 est

303 2000 437 2033 contra
472 1992 512 2030 id
546 1994 655 2047 quod
692 1992 830 2032 dicitur
865 1995 1054 2044 Ephes.1v
1072 1993 1112 2030 *ε
1153 1995 1238 2031 Una
1254 1994 1366 2042 fides,

303 2058 420 2088 unum
447 2048 642 2097 baptisma.
810 2059 813 2063 Δ

355 2099 582 2139 ΒΕεΡοΝῡΕο
599 2111 784 2140 ntcENDuM
802 2099 912 2148 quod
938 2107 1223 2139 sacramentum
1246 2098 1367 2151 bapti-

302 2152 377 2193 smi
403 2152 611 2202 praecipue
645 2152 762 2190 habet
788 2152 970 2190 virtutem
997 2164 1044 2189 ex
1071 2153 1213 2199 forma,
1247 2164 1367 2201 quam

302 2206 513 2255 Apostolus
540 2205 717 2243 nominat
744 2207 897 2243 verbum
925 2207 1032 2252 vitae,
1062 2207 1195 2256 Ephes.
1216 2218 1240 2242 v
1257 2205 1289 2242 *.
1319 2206 1367 2242 Et

301 2257 390 2300 ideo
419 2258 662 2296 considerare
691 2265 853 2308 oportet,
884 2258 914 2296 si
941 2259 1071 2308 plures
1099 2270 1225 2296 unum
1253 2257 1368 2298 simul

301 2310 548 2362 baptizarent,
577 2324 656 2361 qua
682 2311 808 2351 forma
834 2318 1043 2353 uterentur.
1074 2311 1115 2349 Si
1134 2311 1239 2350 enim
1266 2310 1366 2350 dice-

301 2372 396 2412 rent,
425 2365 509 2403 Nos
535 2371 570 2402 te
596 2366 823 2414 baptizamus
851 2367 888 2402 in
918 2367 1068 2402 nomine
1090 2366 1212 2402 Patris
1231 2370 1264 2401 et
1282 2365 1369 2403 Filii

267 2462 275 2475 .
301 2424 340 2456 et
361 2415 537 2469 Spiritui·
552 2419 703 2464 Sancti,
735 2417 872 2455 dicunt
902 2417 1063 2467 quidam
1086 2417 1106 2440 '¹‘
1143 2418 1252 2467 quod
1286 2429 1367 2454 non

268 2489 275 2496 ·
301 2471 541 2509 conferretur
563 2478 848 2508 sacramentum
867 2470 1046 2520 baptismi
1075 2482 1122 2507 eo
1150 2470 1259 2520 quod
1286 2482 1366 2507 non

302 2531 519 2566 servaretur
543 2523 668 2565 forma
687 2523 889 2571 Ecclesiae,
919 2536 1019 2574 quae
1048 2523 1102 2561 sic
1129 2524 1254 2570 habet,
1280 2525 1366 2575 Ego

301 2581 337 2614 te
366 2578 508 2627 baptizo
544 2579 582 2614 in
616 2578 767 2614 nomine
797 2578 919 2614 Patris
955 2583 989 2614 et
1023 2577 1112 2614 leii
1143 2583 1176 2613 et
1211 2578 1367 2626 Spiritus

303 2631 439 2673 Sancti.
468 2652 494 2658 -
523 2630 600 2670 Sed
627 2630 704 2670 hoc
731 2630 944 2671 excluditur
971 2642 1041 2680 per
1057 2630 1224 2670 formam
1248 2629 1366 2679 bapti·

302 2683 416 2721 zandi
450 2695 531 2732 qua
555 2682 673 2720 utitur
708 2683 878 2720 Ecclesia
911 2683 1162 2721 Graecorum.
1206 2684 1367 2720 Possent

302 2736 407 2774 enim
427 2736 564 2782 dicere,
592 2737 809 2786 Baptizatur
825 2734 839 2758 ὅ
866 2748 994 2774 servus
1015 2737 1152 2773 Christi
1168 2737 1220 2773 N.
1242 2738 1279 2773 in
1300 2748 1366 2773 no-

301 2791 404 2830 mine
429 2791 551 2827 Patris
585 2795 619 2826 et
645 2789 735 2827 Filii
764 2794 797 2826 et
824 2790 979 2842 Spiritus
1006 2791 1154 2836 Sancti,
1187 2789 1260 2826 sub
1289 2801 1367 2838 qua

301 2842 427 2885 forma
446 2841 585 2883 Graeci
601 2841 838 2894 baptismum
858 2841 1089 2894 suscipiunt:
1117 2853 1217 2893 quae
1236 2849 1367 2882 tamen

301 2895 427 2939 sprma
454 2897 577 2934 multo
600 2894 720 2943 magis
749 2894 945 2934 dissimilis·
959 2902 1015 2934 est
1031 2895 1178 2935 formae
1198 2907 1278 2944 qua
1295 2907 1367 2934 nos

301 2948 472 2997 unimus,
501 2960 623 2998 quam
650 2948 681 2985 si
709 2947 919 2995 diceretur,
953 2948 1041 2985 Nos>
1067 2954 1102 2985 te
1128 2949 1365 2997 baptizanms.

356 3002 434 3040 Sed
466 3001 793 3039 considerandum
828 3009 886 3038 est
920 3000 1031 3050 quod·
1061 3012 1107 3038 ex
1139 3000 1203 3037 tali
1229 3001 1366 3047 forma,

242 3068 249 3075 ’
301 3056 385 3095 Nos
411 3061 446 3092 te
470 3056 708 3105 baptizamus,
729 3053 954 3106 exprimitur
971 3053 1058 3090 talis
1073 3053 1231 3091 intentio
1260 3053 1367 3103 quod

302 3109 438 3158 plures·
465 3105 704 3150 conveniunt
740 3107 789 3147 ad
817 3119 943 3146 unum
971 3106 1210 3160 baptismum
1240 3107 1367 3146 confe-

304 3161 482 3199 rendum.
523 3161 643 3208 Quod
671 3160 831 3210 quidem
859 3160 1012 3197 videtur
1039 3171 1121 3197 esse
1150 3167 1284 3197 contra
1310 3172 1368 3197 ra-

302 3214 450 3253 tionem
477 3213 691 3252 ministerii:
721 3215 843 3256 homo
873 3213 977 3251 enirn
1005 3225 1088 3250 non
1104 3212 1268 3266 baptizat
1295 3212 1367 3250 nisi

370 3346 383 3417 ζ
402 3347 493 3377 sima&
509 3361 535 3371 -.,
547 3355 637 3377 imum,
647 3347 746 3374 addunt
762 3347 832 3376 ΡΕα.

354 3381 386 3417 1³„
401 3390 492 3412 unm.
509 3397 529 3402 -
547 3390 622 3414 unus,
634 3384 675 3409 ed.
693 3391 719 3414 a,

373 3418 382 3452 )
400 3417 567 3451 &wtismum
585 3432 605 3438 -
621 3422 710 3444 actum
730 3419 818 3449 (actus
837 3418 878 3451 bc)
898 3418 1024 3451 baptismi
1042 3418 1051 3443 1
1070 3423 1096 3443 et
1114 3417 1248 3445 editiones.

352 3425 568 3487 {lBaptiqaemn
586 3469 605 3474 —
623 3454 788 3487 Baptizeturn
802 3454 854 3483 Pa›,·
873 3453 904 3481 cf.
924 3452 969 3487 q'q.
983 3461 1022 3479 Lx.
1037 3459 1082 3478 art.
1096 3452 1121 3478 8.
1135 3451 1158 3481 ὃ,
1171 3460 1237 3478 vat.
1251 3457 1298 3478 arn
1313 3452 1336 3478 5⁷.
1351 3462 1367 3478 ι.

353 3488 376 3524 ι)
395 3489 446 3516 in.
457 3503 477 3511 -·
489 3490 529 3516 vis
542 3490 572 3519 Ε,
585 3490 758 3516 intentionem
777 3490 807 3514 bc
825 3495 851 3514 et
873 3497 925 3522 per⁴
933 3488 1010 3515 Alias
1029 3497 1120 3522 margo
1134 3489 1163 3514 Ρ.
1179 3489 1241 3514 Post
1260 3488 1368 3514 haberet

299 3524 374 3550 tertia
393 3525 465 3554 addit
479 3525 545 3553 nihil
565 3525 674 3555 faceres.

953 535 985 559 ad
1003 542 1034 566 4;
1053 534 1087 558 tv
1106 534 1189 562 Sent„
1210 534 1269 559 dist.
1287 541 1324 564 ιιι,
1344 539 1390 558 art.
1412 541 1435 563 2.
1454 534 1504 566 qu⁸
1525 541 1548 564 2,
1568 534 1599 558 ad
1621 541 1648 565 23
1669 535 1725 559 dist.
1744 541 1778 564 vt,
1798 542 1841 567 qu.
1861 543 1887 564 n,
1907 541 1952 560 art.
1974 543 2000 565 ι,
2020 537 2068 568 qun
2090 544 2112 567 ι,
2132 539 2162 562 ad
2185 538 2207 563 3.

1423 622 1465 651 ut
1493 614 1666 652 minister
1693 615 1832 652 Christi
1861 623 1897 652 et
1923 616 2049 654 vicem
2073 618 2154 655 eius
2182 631 2336 667 gerens;
2366 623 2481 668 unde,

1423 667 1519 704 sicut
1538 680 1640 704 unus
1660 675 1716 704 est
1735 668 1918 716 Christus,
1934 669 1984 706 ita
2003 679 2152 719 oportet
2172 684 2252 709 esse
2272 685 2395 711 unum
2416 675 2483 712 mi-

1422 719 1583 759 nistrum
1605 720 1673 771 qui
1694 721 1887 759 Christum
1906 732 2170 771 repraesentet.
2199 726 2358 775 Propter
2377 728 2483 776 quod

1423 772 1613 821 signanter
1631 775 1839 822 Apostolus
1858 774 1958 822 dicit,
1974 777 2106 825 Ephes.
2124 789 2157 813 1v
2171 777 2209 814 *t
2235 780 2337 815 Unus
2357 781 2483 817 Domi·
2510 791 2520 801 ·
2557 796 2593 812 ers

1423 838 1502 872 nus,
1524 839 1601 864 una
1614 827 1726 874 fideS,
1747 840 1863 864 unum
1888 830 2080 877 baptisma.
2110 830 2158 866 Et
2180 829 2268 867 ideo
2297 832 2483 870 contraria

1422 878 1581 916 intentio
1600 879 1753 916 videtur
1771 880 1972 917 excludere
1992 881 2169 931 baptismi
2188 892 2481 922 sacramentum.

1477 931 1517 969 Si
1543 944 1639 969 vero
1667 939 1828 982 uterque
1856 933 2008 981 diceret,
2037 936 2123 984 Ego
2142 941 2177 971 te
2194 937 2334 985 baptizo
2356 939 2392 973 in
2418 950 2482 974 no-

1422 987 1522 1022 mine
1553 986 1675 1022 Patris
1709 991 1742 1022 et
1768 987 1857 1023 Filii
1888 992 1922 1023 et
1956 988 2111 1036 Spiritus
2143 989 2286 1034 Sancti,
2323 997 2482 1039 uterque

1422 1037 1651 1088 exprimeret
1679 1051 1789 1076 suam
1818 1039 2071 1077 intentionem
2105 1040 2215 1089 quasi
2243 1041 2323 1090 ipse
2358 1042 2483 1090 singu-

1422 1091 1548 1128 lariter
1574 1091 1808 1141 baptismum
1839 1093 2036 1130 conferret.
2080 1093 2199 1140 Quod
2231 1102 2359 1143 posset
2395 1107 2483 1133 con-

1422 1144 1566 1193 tingere
1598 1144 1639 1181 in
1667 1157 1714 1182 eo
1743 1157 1834 1182 casu
1869 1145 1908 1182 in
1936 1157 2017 1195 quo
2051 1146 2286 1183 contentiose
2323 1155 2483 1197 uterque

1422 1197 1592 1247 aliquem
1611 1198 1802 1247 baptizare
1822 1206 2035 1236 conaretur.
2062 1200 2110 1236 Et
2128 1207 2220 1236 tunc
2239 1200 2483 1238 manifestum

1422 1258 1477 1288 est
1511 1250 1620 1301 quod
1653 1251 1713 1289 ille
1748 1250 1815 1301 qui
1850 1251 1957 1301 prius
1993 1252 2112 1290 verba
2147 1253 2341 1303 proferret,
2379 1254 2484 1290 daret

1421 1303 1600 1353 baptismi
1641 1312 1935 1342 sacramentum.
1978 1304 2087 1343 Alius
2116 1304 2238 1351 ⁴vero,
2279 1314 2483 1355 quantum-

1422 1369 1591 1406 cumque
1620 1357 1681 1394 ius
1699 1362 1711 1378 ³
1739 1357 1958 1406 baptizandi
1984 1358 2156 1404 haberet,
2173 1358 2241 1396 etsi
2260 1359 2378 1396 verba
2395 1371 2483 1408 pro-

1422 1409 1597 1447 nuntiare
1624 1419 1897 1459 praesumeret,
1927 1419 2024 1448 esset
2051 1411 2274 1460 puniendus
2299 1419 2484 1461 tanquam

1422 1462 1684 1513 rebaptizator.
1707 1463 1747 1500 Si
1767 1471 1897 1502 autern
1917 1463 2079 1501 omnino
2099 1464 2214 1501 simul
2229 1463 2242 1490 ζ
2259 1465 2377 1502 verba
2395 1477 2483 1515 pro-

1421 1516 1561 1553 ferrent
1579 1523 1616 1552 et
1635 1515 1836 1554 hominem
1855 1517 2124 1565 immergerent
2146 1525 2212 1555 aut
2231 1526 2482 1567 aspergerent,

1422 1576 1549 1606 essent
1576 1569 1763 1618 puniendi
1791 1569 1839 1606 de
1867 1569 2088 1607 inordinato
2105 1570 2225 1608 modo
2253 1570 2482 1620 baptizandi,

1423 1629 1460 1658 et
1487 1634 1568 1658 non
1596 1622 1644 1659 de
1672 1621 1868 1660 iteratione
1896 1623 2095 1672 baptismi:
2123 1622 2214 1672 quia
2241 1631 2403 1673 uterque
2430 1624 2483 1662 in-

1423 1674 1594 1712 tenderet
1631 1675 1964 1724 non-baptizatum
1992 1675 2202 1725 baptizare,
2239 1685 2275 1713 et
2302 1685 2482 1726 uterque,

1424 1735 1615 1778 quantum
1634 1736 1691 1764 est
1704 1727 1743 1765 in
1759 1740 1810 1776 se,
1826 1728 2044 1779 baptizaret.
2074 1730 2159 1766 Nec
2172 1730 2364 1767 traderent
2381 1730 2484 1767 aliud

1423 1788 1459 1819 et
1478 1780 1582 1819 aliud
1601 1789 1902 1820 sacramentum:
1929 1783 1996 1820 sed
2017 1781 2201 1830 Christus,
2222 1782 2289 1832 qui
2309 1790 2364 1820 est
2382 1795 2484 1820 unus

1423 1833 1581 1872 interius
1594 1833 1801 1883 baptizans,
1817 1847 1943 1873 unum
1958 1843 2245 1874 sacramentum
2255 1848 2325 1885 per
2338 1843 2483 1874 utrum-

1423 1899 1500 1937 que
1529 1887 1730 1926 conferret.

1475 1942 1532 1977 An
1552 1952 1688 1978 ΡιιιΜυΜ
1707 1952 1807 1978 ERGO
1825 1953 2006 1978 met-:unum
2025 1941 2132 1990 quod
2152 1941 2247 1978 ratio
2265 1941 2327 1979 illa
2352 1943 2483 1979 locum

1422 1993 1537 2031 habet
1572 1993 1611 2030 in
1644 1993 1703 2030 his
1740 2005 1840 2043 quae
1875 2001 1992 2042 agunt
2025 1994 2181 2044 propria
2207 1994 2356 2032 virtute.
2406 1995 2482 2032 Sed

1422 2046 1600 2084 homines
1614 2058 1696 2084 non
1709 2046 1901 2096 baptizant
1919 2047 2075 2097 propria
2093 2047 2242 2093 virtute,
2258 2048 2325 2084 sed
2345 2047 2482 2085 virtute

1423 2099 1574 2146 Christi,
1603 2099 1682 2148 qui,
1712 2111 1804 2137 cum
1831 2099 1878 2136 sit
1898 2112 2012 2147 unuS‚
2031 2112 2102 2149 per
2120 2112 2246 2138 unum
2263 2100 2482 2138 ministrum

1421 2152 1569 2202 perficit
1597 2164 1715 2189 suum
1742 2163 1852 2201 opus,
2309 2157 2312 2161 '

1475 2206 1531 2242 Αι)
1555 2217 1744 2242 SECUNDUM
1763 2217 1944 2243 DtCENDUM
1963 2205 2070 2254 quod
2089 2205 2128 2242 in
2142 2217 2234 2243 casu
2252 2205 2482 2243 necessitatis

1421 2270 1523 2296 unus
1537 2265 1667 2308 posset
1680 2257 1795 2294 simul
1808 2259 1937 2307 plures
1951 2257 2142 2308 baptizare
2162 2259 2234 2295 sub
2254 2259 2327 2296 hac
2344 2259 2480 2307 forma,

1420 2313 1506 2362 Ego
1542 2323 1607 2349 vos
1642 2312 1804 2361 baptizo:
1837 2318 1931 2360 puta
1964 2311 1994 2348 si
2028 2311 2246 2349 immineret
2279 2311 2389 2349 ruina
2416 2320 2482 2349 aut

1421 2363 1568 2413 gladius
1609 2371 1675 2401 aut
1711 2363 1855 2412 aliquid
1892 2363 2139 2409 huiusmodi,
2181 2364 2288 2413 quod
2329 2376 2481 2414 moram

1422 2417 1583 2454 omnino
1620 2428 1701 2453 non
1727 2422 1745 2444 η
1779 2424 1991 2465 pateretur,
2029 2417 2060 2454 si
2094 2417 2313 2465 singillatim
2345 2429 2481 2455 omnes

1421 2470 1713 2520 baptizarentur.
1738 2470 1823 2507 Nec
1841 2481 1911 2519 per
1928 2470 2004 2507 hoc
2023 2469 2342 2507 diversificaretur
2359 2471 2482 2507 forma

1421 2523 1631 2570 Ecclesiae,
1667 2522 1759 2573 quia
1794 2524 1940 2574 plurale
1978 2535 2058 2560 non
2095 2530 2150 2559 est
2186 2522 2258 2559 nisi
2294 2523 2481 2571 singulare

1420 2576 1683 2625 geminatum:
1716 2575 1939 2627 praesertim
1972 2588 2063 2615 cum
2099 2575 2292 2626 pluraliter
2323 2576 2481 2623 dicatur,

1420 2630 1555 2667 Matth.
1589 2630 1655 2667 ult.
1684 2629 1721 2676 *ν
1753 2631 1987 2678 Baptizantes
2023 2641 2096 2676 eos,
2134 2636 2202 2666 etc.
2242 2651 2267 2655 -
2308 2629 2392 2666 Nec
2428 2637 2483 2666 est

1421 2682 1542 2720 simile
1570 2682 1621 2719 de
1646 2680 1863 2731 baptizante
1879 2689 1916 2719 et
1936 2681 2136 2731 baptizem.
2166 2681 2270 2729 Quia
2297 2681 2481 2727 Christus,

1421 2735 1488 2785 qui
1506 2734 1763 2785 principaliter
1780 2734 1954 2784 baptizat,
1975 2742 2030 2771 est
2048 2747 2170 2772 unus:
2200 2735 2267 2771 sed
2286 2734 2395 2772 multi
2414 2747 2483 2784 per

1420 2788 1660 2839 baptismum
1687 2787 1906 2825 efficiuntur
1932 2800 2057 2827 unum
2085 2788 2124 2825 in
2154 2787 2316 2824 Christo.

1474 2842 1531 2880 An
1550 2854 1710 2880 TERTIUM
1728 2853 1909 2879 DICENDUM
1924 2841 2043 2891 quod,
2059 2840 2155 2878 sicut
2173 2840 2321 2890 supra*
2337 2840 2482 2877 dictum

1421 2902 1487 2942 est,
1517 2894 1707 2943 integr-itas
1735 2893 1917 2944 baptismi
1942 2893 2110 2932 consistit
2136 2894 2176 2931 in
2203 2894 2327 2931 forma
2344 2893 2481 2930 verbo-

2510 2636 2520 2646 ·
2538 2631 2605 2657 Vers.
2621 2641 2654 2663 ¹9.

2508 2844 2519 2854 ·
2528 2843 2574 2871 Qu.
2582 2848 2641 2870 uvt,
2649 2845 2691 2864 art.
2699 2850 2718 2865 ι.

1422 2960 1510 2986 rum
1539 2955 1579 2985 et
1603 2947 1643 2985 in
1671 2961 1750 2985 usu
1774 2947 1965 2985 materiae.
1995 2948 2044 2984 Et
2070 2947 2162 2984 ideo
2180 2958 2308 2995 neque
2326 2945 2385 2983 ille
2414 2945 2482 2995 qui
2533 2987 2536 2991 ⁴

1421 3008 1574 3038 tantum·
1606 3001 1726 3038 verba
1760 3000 1902 3049 profert
1938 2999 2118 3050 baptizat,
2156 3011 2283 3048 neque
2318 2998 2377 3035 ille
2413 2998 2481 3047 qui

1421 3053 1632 3104 immergit..
1654 3054 1703 3091 Et
1720 3053 1821 3100 ideo,
1842 3053 1872 3089 si
1891 3065 1992 3090 unus
2011 3052 2129 3089 verba
2146 3052 2314 3102 proferat
2330 3059 2369 3088 et
2385 3051 2481 3088 alius

1422 3106 1613 3155 immergit
1631 3104 1656 3154 ⁰,
1686 3107 1790 3144 nulla
1823 3106 1947 3143 forma
1979 3105 2190 3143 verborum
2226 3104 2363 3154 poterit
2399 3116 2480 3141 esse

1418 3159 1667 3202 conveniens.
1711 3160 1849 3208 Neque
1885 3158 1988 3196 enim
2024 3157 2162 3207 poterit
2189 3157 2263 3195 dici
2282 3163 2307 3205 ¹,
2335 3158 2421 3207 Ego
2448 3163 2482 3193 te

1420 3215 1585 3263 baptiza.-
1611 3224 1703 3250 cum
1731 3212 1812 3261 ipse
1840 3223 1923 3249 non
1948 3211 2161 3260 immergat,
2190 3218 2227 3247 et
2252 3222 2322 3260 per.
2349 3221 2480 3247 conse·

1471 3346 1497 3380 ζ)
1516 3347 1604 3373 simul.
1615 3361 1636 3366 -
1645 3347 1723 3372 ambo
1743 3346 1840 3371 addunt
1858 3345 1878 3370 E
1892 3350 1917 3370 et
1930 3345 2002 3371 tertia
2021 3350 2121 3377 praeter
2134 3344 2167 3369 H.
2179 3347 2236 3369 *et
2248 3344 2380 3369 hominem
2394 3344 2479 3374 tertia;

1419 3386 1471 3409 aut,
1487 3382 1628 3408 hominem.

1473 3416 1500 3451 η)
1520 3424 1623 3442 moram
1643 3417 1751 3442 omnino
1771 3424 1832 3442 non.
1850 3430 1869 3434 —
1886 3415 2001 3440 EFGlsB
2020 3419 2046 3439 et
2063 3421 2096 3443 a,·
2115 3421 2216 3440 moram
2240 3414 2346 3439 omnino
2363 3414 2479 3446 ACDpB.

1420 3453 1530 3478 omnino
1548 3459 1658 3477 moram*
1672 3459 1730 3476 non
1744 3452 1827 3477 ΡΗὸε.
1847 3451 1897 3475 Pro
1915 3451 1945 3479 si,
1966 3454 1996 3475 ut
2014 3450 2101 3475 PEGI.

1474 3486 1499 3522 θ)
1519 3488 1665 3521 immergi&
1682 3501 1703 3506 —
1719 3487 1864 3519 immergat
1881 3486 1963 3511 tertia.

1475 3523 1494 3558 ι)
1514 3523 1575 3549 dici.
1593 3536 1616 3544 -·
1629 3523 1718 3550 dicere
1736 3523 1777 3548 ed.
1795 3529 1821 3547 a.
1839 3522 1898 3547 Mox
1917 3529 1964 3554 pro
1984 3520 2080 3550 dicere,
2099 3519 2153 3544 dici
2172 3519 2200 3544 P.
