2918 4088
948 235 1212 282 QUAESTIO
1240 237 1379 284 LXIV,
1407 235 1700 274 ARTICULUS
1728 239 1764 275 X
2402 242 2448 279 55

277 312 340 350 vel
366 310 498 349 iocosa
524 311 690 349 excludit
716 312 884 362 primam
916 313 1183 352 rectitudinem
1218 314 1339 352 inten-

276 363 402 412 tionis,
422 375 492 413 per
510 376 630 413 quam
648 365 846 424 perficitur
863 375 1158 404 sacramentum.
1184 368 1232 404 Et
1250 367 1338 404 ideo

276 428 359 454 non
386 424 442 453 est
469 416 600 454 similis
628 417 734 455 ratio.

329 470 388 506 An
419 481 578 507 ’mmmm
610 482 793 509 memnon
824 472 932 521 quod
965 483 1147 522 perversa
1179 471 1338 509 intentio

275 521 456 581 pervertit
483 534 584 572 opus
612 522 858 571 intendentis,
886 536 967 561 non
994 531 1124 562 autem
1160 536 1259 584 opus
1287 525 1338 561 al-

217 591 219 594 ⁴
275 573 404 612 terius.
433 575 482 612 Et
517 575 606 613 ideo
644 587 691 614 ex
726 589 908 626 perversa
934 576 1144 614 intentione
1178 576 1339 614 ministri

326 739 352 775 β)
372 741 496 776 deferret.
513 757 534 762 -
550 743 622 774 P1-113
641 743 747 776 deserat
764 743 796 774 G,
817 743 918 776 deseret
936 743 974 773 bc,
993 743 1115 777 differret
1132 743 1200 769 dare
1217 744 1303 769 ceteri.

1390 314 1618 364 pervertitur
1644 314 1683 352 id
1712 316 1819 364 quod
1847 317 1920 365 agit
1946 317 1986 354 in
2018 319 2261 356 sacramentis
2288 319 2449 370 inquan-

1391 374 1476 404 tum
1513 375 1568 404 est
1602 379 1702 426 opus
1736 368 1837 405 eius:
1876 381 1957 406 non
1992 370 2222 419 inquantum
2256 380 2311 409 est
2349 385 2448 422 opus

1394 419 1544 466 Christi,
1574 419 1684 457 cuius
1712 428 1767 457 est
1794 421 1975 458 minister.
2014 423 2062 459 Et
2089 430 2144 459 est
2172 423 2292 461 simile
2320 425 2351 461 si
2378 426 2448 462 mi-

1392 471 1510 509 nister
1527 472 1686 509 alicuius
1705 473 1874 511 hominis
1891 486 2011 523 prava
2029 474 2236 512 intentione
2257 476 2415 514 deferret
2433 477 2448 507 β

1392 524 1627 574 pauperibus
1655 526 1960 575 eleemosynam,
1989 539 2108 576 quam
2139 528 2320 565 dominus
2348 538 2449 567 recta

1392 577 1600 615 intentione
1628 578 1838 616 mandaret.

943 840 1277 874 commentaria
1299 841 1552 876 Cardinalis
1575 841 1788 886 Caieta-ni}

273 945 439 1009 Tmmus
461 936 573 967 clarus·
596 954 620 959 —-
641 936 678 967 ln
707 946 843 977 corpore
874 937 998 968 articuli
1025 943 1072 968 est
1103 937 1262 969 distinctio
1286 938 1334 969 bi-

330 979 498 1017 membris,
521 989 597 1011 cum
621 980 752 1020 singulis
776 981 1048 1013 conclusionibus.
1081 981 1251 1013 Distinctio
1276 988 1332 1013 est.

270 1022 407 1054 Intentio
438 1024 574 1054 ministri
604 1029 711 1064 potest
732 1025 870 1065 perverti
892 1024 1076 1066 dupliciter:
1108 1026 1160 1057 vel
1184 1032 1332 1067 respectu

269 1068 474 1105 sacramenti3
497 1068 549 1099 vel
571 1073 719 1108 respectu
741 1068 876 1100 alicuius
898 1069 1035 1100 alterius.

322 1110 429 1143 Prima
443 1111 620 1148 conclusio,
632 1113 720 1143 iuxta
733 1113 876 1163 primum
890 1114 1083 1150 membrum,
1096 1119 1158 1145 est:
1174 1114 1331 1145 Perversa

268 1154 404 1186 intentio
432 1161 576 1197 respectu
599 1157 795 1187 sacramenti
826 1157 912 1188 tollit
939 1158 1106 1189 veritatem
1126 1159 1331 1190 sacramenti.

267 1198 362 1230 Hanc
385 1200 630 1231 conclusionem
652 1201 777 1232 Auctor
798 1211 866 1232 non
888 1202 1003 1242 probat
1025 1203 1059 1233 in
1080 1202 1193 1239 littera,
1217 1202 1274 1234 sed
1295 1208 1332 1234 ut

266 1242 469 1274 manifestam
483 1244 636 1286 relinquit
649 1254 687 1275 ex
701 1246 882 1285 praemissis
894 1246 929 1263 *·
922 1269 929 1276 .
954 1246 1074 1277 scilicet
1090 1246 1180 1287 quod
1194 1247 1330 1278 intentio

266 1287 402 1318 ministri
423 1289 595 1329 requiritur
612 1288 653 1319 ad
667 1294 912 1320 sacramentum.
937 1290 1135 1322 Huiusmodi
1157 1291 1244 1322 enim
1258 1300 1331 1332 per-

266 1331 396 1362 versitas
418 1332 502 1363 tollit
523 1333 738 1365 intentionem
759 1334 905 1365 ministri.

289 1370 659 1414 Secundaconclusio,
674 1378 762 1418 iuxta
777 1377 956 1409 secundum
970 1378 1162 1415 membrum,
1175 1384 1236 1410 est:
1252 1379 1330 1410 Per-

267 1416 362 1450 versa
385 1419 519 1451 intentio
543 1421 684 1452 ministr-i
714 1422 802 1452 circa
825 1423 1051 1463 consequentia
1079 1432 1144 1453 non
1173 1423 1258 1454 tollit
1279 1433 1331 1454 ve-

267 1463 397 1495 ritatem
418 1465 623 1496 sacramenti.
647 1465 813 1497 Probatur.
837 1466 924 1504 Quia
938 1467 1027 1507 prius
1049 1476 1118 1497 non
1135 1465 1295 1508 dependet
1313 1477 1332 1498 a

266 1508 447 1548 posteriori.

322 1551 421 1583 11.1n
442 1554 652 1604 responsione
669 1553 711 1585 ad
725 1553 914 1590 secundum,
930 1553 1057 1585 adverte
1081 1553 1171 1595 quod
1192 1555 1328 1585 intentio

262 1593 388 1627 ludicra
408 1605 467 1627 seu
488 1597 598 1631 iocosa
620 1598 655 1628 in
677 1597 849 1628 collatione
865 1599 1052 1629 sacrmenti
1074 1603 1181 1639 potest
1194 1599 1330 1629 inveniri

1387 938 1572 980 dupliciter:
1603 940 1655 970 vel
1677 940 1773 971 relata
1804 939 1845 971 ad
1871 941 1978 981 ipsum
2007 946 2255 978 sacramentum
2278 942 2330 972 vel
2351 942 2448 973 relata

1386 982 1427 1014 ad
1449 982 1548 1014 finem
1571 989 1626 1014 aut
1647 985 1807 1015 motivum
1831 984 1987 1025 [propter]
2013 984 2103 1025 quod
2128 985 2325 1016 administret
2346 995 2447 1016 sacra-

1385 1033 1542 1058 mentum.
1567 1028 1761 1068 Exemplum
1775 1029 1885 1069 primi:
1908 1029 1934 1059 si
1951 1029 2032 1069 quis,
2048 1038 2116 1060 non
2131 1029 2327 1060 intendendo
2343 1029 2446 1061 facere

1386 1071 1476 1111 quod
1498 1071 1574 1103 facit
1595 1072 1748 1108 Ecclesia,
1772 1072 1828 1103 sed
1850 1072 1953 1104 facere
1976 1078 2083 1104 actum
2107 1074 2295 1104 exteriorem
2310 1074 2446 1105 similem

1385 1116 1470 1146 actui
1498 1125 1596 1156 quem
1623 1115 1698 1147 facit
1720 1116 1877 1153 Ecclesia,
1900 1117 1951 1147 vel
1980 1116 2130 1148 derisorie
2152 1117 2204 1148 vel
2227 1116 2445 1148 delectationis

1383 1159 1510 1190 socialis
1531 1161 1639 1200 gratia,
1662 1160 1788 1201 aliquos
1806 1161 1987 1201 baptizaret.
2013 1160 2208 1192 Huiusmodi
2227 1162 2314 1192 enim
2335 1162 2446 1192 iocosa

1383 1204 1520 1234 intentio
1535 1204 1619 1234 tollit
1633 1205 1799 1235 veritatem
1813 1206 2018 1236 sacramenti:
2044 1206 2120 1245 quia
2134 1205 2217 1236 tollit
2231 1205 2445 1236 intentionem

1383 1248 1527 1278 ministri.
1552 1248 1594 1278 Et
1616 1247 1656 1279 de
1678 1248 1733 1279 tali
1754 1248 1898 1289 loquitur
1919 1249 2043 1280 Auctor
2065 1249 2099 1279 in
2121 1249 2232 1279 littera.

1438 1291 1633 1332 Exemplum
1656 1291 1797 1323 secundi.
1825 1292 1859 1323 Si
1881 1294 1963 1333 quis,
1987 1293 2111 1324 socialis
2134 1292 2352 1324 delectationis
2374 1302 2444 1333 gra-

1382 1336 1435 1372 tia,
1459 1336 1584 1376 aliquos
1607 1336 1789 1376 baptizaret,
1812 1336 1979 1367 intendens
2002 1342 2110 1368 tamen
2131 1336 2235 1368 facere
2257 1336 2348 1377 quod
2369 1336 2445 1368 facit

1383 1379 1526 1410 Ecclesia
1533 1390 1542 1417 ;
1567 1380 1649 1410 sicut
1671 1389 1690 1411 e
1713 1385 1823 1411 contra
1845 1381 1872 1411 si
1894 1381 1975 1421 quis,
2000 1380 2218 1412 delectationis
2240 1381 2348 1421 gratia,
2372 1390 2444 1422 per-

1382 1424 1522 1454 mitteret
1543 1433 1577 1454 se
1599 1424 1761 1464 baptizari.
1785 1424 1982 1455 Huiusmodi
2000 1425 2087 1455 enim
2101 1425 2237 1456 intentio
2252 1425 2362 1456 iocosa
2375 1434 2444 1456 non

1382 1467 1467 1498 tollit
1492 1468 1658 1498 veritatem
1686 1469 1889 1499 sacramenti:
1922 1469 2005 1499 sicut
2032 1478 2093 1500 nee
2116 1470 2142 1499 si
2171 1468 2282 1499 fuisset
2307 1468 2443 1500 intentio

1382 1521 1493 1548 avara,
1516 1517 1594 1552 puta
1617 1512 1644 1542 si
1665 1517 1797 1552 propter
1819 1513 1990 1553 pecuniam
2013 1512 2172 1543 conferret
2193 1517 2248 1543 aut
2270 1513 2445 1553 susciperet

1383 1555 1455 1595 quis
1477 1555 1643 1595 baptisma.
1667 1556 1709 1586 Et
1734 1556 1814 1586 ratio
1837 1562 1886 1586 est
1908 1557 1984 1597 quia
2005 1556 2155 1588 iocositas
2177 1557 2247 1587 talis
2269 1565 2338 1587 non
2360 1556 2445 1587 tollit

1381 1599 1595 1629 intentionem
1617 1599 1752 1630 ministri
1773 1605 1920 1640 respectu
1943 1602 2140 1631 sacramenti.
