2878 4088
444 190 468 214 X

486 256 573 286 Petia
595 260 660 285 erat
682 263 754 294 pars
772 259 954 285 mensurata
982 254 1185 294 exemplaris,
1211 254 1300 295 quod
1324 254 1504 287 stationarii

441 300 600 340 petiarum
629 297 880 329 commodabant
902 298 942 330 ad
965 298 1169 330 scribendum
1197 309 1235 329 ex
1259 308 1298 329 eo
1322 308 1445 330 novum
1467 298 1505 329 li-

442 345 551 380 brum,
575 343 626 373 vel
649 342 688 373 ad
712 343 936 383 corrigendum
967 343 1146 374 secundum
1170 343 1238 374 eius
1260 348 1384 373 textum
1406 343 1504 373 libros

440 389 504 418 iam
525 388 668 427 scriptos.
689 387 724 417 In
740 388 942 418 universitate
957 388 1107 418 Patavina
1123 397 1208 418 anno
1230 387 1309 426 1463
1325 386 1433 427 quoad
1447 396 1504 427 pe-

440 433 502 462 tiae
518 431 762 472 amplitudinem
773 432 818 462 sic
831 431 994 463 decretum
1007 438 1054 463 est
1066 431 1120 472 (cf.
1138 432 1256 462 Archiv
1279 431 1299 461 l.
1314 441 1340 462 c.
1353 440 1425 471 pag.
1440 431 1501 470 295

441 477 496 507 ult.
514 475 638 516 notam)
665 489 679 503 ‹
699 475 873 507 Statuimus
898 476 987 516 quod
1010 477 1102 517 pecia
1125 476 1336 506 constituatur
1354 485 1392 505 ex
1415 474 1504 504 sede-

441 521 505 551 cim
520 520 690 557 columnis,
708 530 844 561 quarum
869 522 1029 561 quaelibet
1045 521 1207 552 contineat
1230 519 1391 559 sexaginta
1405 518 1504 548 lineas

440 570 472 595 et
487 565 648 606 quaelibet
670 565 754 596 linea
780 565 884 596 literas
906 567 1033 606 triginta
1057 565 1145 601 duas,
1169 563 1348 594 secundum
1370 563 1503 613 taxatio-

439 619 515 640 nem
531 609 627 640 studii
645 610 859 640 Bononiensis
878 623 905 640 ».
929 611 1017 641 Petia
1034 619 1108 650 ergo
1125 609 1270 639 Pataviae
1287 613 1318 638 et
1336 608 1504 638 Bonomae

440 653 647 685 determinata
670 655 848 695 aequivalet
871 654 1023 686 fasciculo
1048 654 1188 684 duorum
1216 652 1430 693 diplomatum
1452 652 1503 682 vel

441 698 621 736 duemioni,
645 700 822 730 continenti
851 699 949 729 lineas
974 699 1038 739 960
1062 698 1235 739 aequaliter
1265 697 1378 727 divisas
1408 705 1503 736 super

441 748 516 774 octo
531 744 662 784 paginas
678 745 760 774 binis
776 744 945 775 columnis.
971 743 1077 773 Media
1098 743 1177 773 ratio
1190 742 1293 781 petiae
1309 742 1342 772 in
1358 741 1390 779 Q
1412 741 1504 771 lineis

441 788 503 827 955
528 787 678 825 efficitur,
699 789 762 828 967
782 789 816 819 in
839 788 885 824 L;
910 787 1052 827 singulae
1073 796 1150 818 vero
1173 786 1335 817 interdum
1355 796 1373 816 a
1397 784 1503 815 media

439 832 561 863 ratione
577 833 769 864 abundando
785 833 836 863 vel
852 831 1031 863 deficiendo
1054 831 1194 862 multum
1209 831 1372 867 recedunt,
1388 835 1424 860 ut
1446 838 1502 870 pa-

440 877 518 907 tebit
536 887 574 907 ex
589 877 741 908 laterculo
759 877 848 918 quod
864 878 906 908 ob
926 886 1016 907 casus
1037 876 1285 916 singularitatem
1306 874 1501 905 subiicimus.

519 961 552 987 ln
572 960 670 987 Tertia
689 962 773 988 Parte

478 1006 564 1027 ram
597 999 615 1027 i.
656 1007 762 1028 unm
783 1000 839 1035 767
941 1005 1027 1026 ram
1048 1007 1093 1026 xx.
1154 1004 1260 1026 unm
1281 1006 1339 1033 994

597 1038 626 1067 ii.
787 1039 843 1075 798
1046 1037 1101 1066 xxi.
1281 1036 1337 1073 943

591 1078 630 1106 iii.
785 1080 803 1106 8
808 1079 821 1106 5
826 1087 843 1115 9
1045 1077 1110 1105 xxii.
1282 1085 1299 1112 9
1304 1085 1341 1112 77

593 1117 644 1147 iiii.
787 1126 841 1155 921
1046 1116 1122 1145 xxiii.
1284 1116 1341 1152 989

597 1167 624 1186 v.
787 1159 824 1195 89
829 1159 842 1186 3
1045 1156 1132 1184 xxiiii.
1283 1165 1300 1192 9
1305 1156 1341 1191 39

599 1198 634 1227 vi.
786 1207 843 1235 900
1045 1205 1107 1224 xxv.
1283 1196 1340 1232 948

596 1239 643 1267 vii.
785 1239 843 1275 950
1043 1236 1119 1265 xxvi.
1265 1235 1338 1272 ¹073

597 1279 654 1307 viii.
788 1285 848 1315 924
1042 1276 1126 1305 xxvii.
1266 1285 1276 1304 1
1287 1284 1296 1304 1
1304 1276 1342 1311 84

597 1319 667 1347 viiii.
784 1320 842 1356 980
1042 1316 1136 1345 xxviii.
1268 1325 1276 1343 1
1288 1325 1296 1343 1
1305 1316 1342 1351 54

596 1368 623 1388 x.
784 1360 842 1396 952
1043 1355 1147 1385 xxviiii.
1267 1364 1337 1384 1011

595 1401 633 1430 xi.
767 1409 776 1428 1
784 1407 842 1437 274
1042 1406 1107 1442 xxx..
1279 1396 1338 1431 848

595 1442 642 1471 xii.
783 1441 819 1468 85
826 1441 839 1468 3
1045 1446 1119 1482 xxxi:
1282 1437 1341 1472 824

594 1482 652 1511 xiii.
784 1481 802 1509 8
809 1490 818 1509 1
825 1482 842 1509 6
1045 1477 1128 1506 xxxii.
1282 1478 1319 1514 78
1327 1486 1336 1505 1

594 1522 649 1551 xiv.
790 1522 847 1558 948
1049 1517 1141 1546 xxxiii.
1283 1525 1342 1554 929

595 1572 639 1591 xv.
791 1562 826 1598 93
833 1562 846 1589 5
1050 1557 1154 1586 xxxiiii.
1283 1557 1339 1594 983

594 1603 649 1632 xvi.
791 1603 847 1639 967
1051 1608 1131 1644 xxxv.
1280 1607 1298 1634 9
1303 1599 1316 1626 5
1323 1598 1337 1626 5

593 1644 658 1673 xvii.
774 1649 848 1671 1020
1048 1648 1139 1667 xxxvi.
1281 1638 1317 1673 34
1322 1639 1335 1666 5

594 1684 669 1713 xviii.
792 1690 849 1719 992
1047 1679 1149 1708 xxxvii.
1282 1687 1298 1715 7
1304 1678 1318 1706 3
1325 1679 1338 1706 5

594 1725 680 1753 xviiii.
778 1733 788 1751 1
794 1733 812 1751 o
817 1724 830 1751 3
835 1724 852 1751 6

594 1818 626 1844 In
647 1816 856 1852 Supplemento

920 1863 947 1896 Q
1263 1858 1286 1885 L

633 1905 651 1933 t
908 1903 964 1939 955
1243 1905 1296 1933 921

634 1945 664 1974 ii·
907 1950 966 1979 972
1243 1944 1300 1974 929

633 1985 673 2014 iii.
909 1992 926 2019 9
931 1983 944 2010 5
950 1983 967 2010 6
1243 1986 1260 2013 9
1267 1986 1276 2004 1
1288 1987 1296 2005 1

632 2026 681 2054 iiii.
909 2023 966 2059 969
1242 2018 1298 2052 925

631 2075 657 2093 v.
909 2071 946 2098 99
951 2063 964 2090 5
1242 2058 1280 2093 96
1287 2067 1296 2084 1

632 2106 669 2134 vi.
907 2112 925 2139 9
930 2103 944 2130 5
949 2104 966 2130 6
1242 2098 1298 2133 945

630 2146 677 2174 νιι.
891 2150 900 2168 1
907 2143 945 2170 06
950 2143 964 2170 5
1226 2146 1235 2164 1
1241 2144 1300 2174 029

632 2186 688 2214 viii.
891 2191 900 2209 1
907 2191 925 2210 0
932 2191 940 2210 ι
948 2182 965 2210 8

631 2225 699 2254 viiii.
907 2223 964 2259 869

631 2276 658 2294 x.
907 2269 965 2299 922

630 2307 666 2335 xi.
907 2313 925 2340 9
930 2304 943 2331 5
950 2303 963 2331 5

630 2347 676 2375 xii.
891 2353 900 2371 1
906 2343 942 2372 03
949 2343 963 2371 3

630 2387 687 2416 xiii.
891 2393 900 2412 1
907 2384 965 2412 082

630 2426 698 2455 xiiii.
892 2434 900 2452 ι
907 2433 964 2461 077

630 2477 676 2496 xv.
906 2465 944 2499 46
949 2474 964 2501 7
1216 2456 1226 2491 (
1233 2464 1242 2482 ¹
1248 2458 1339 2493 4747)

631 2507 685 2536 xvi.
891 2515 899 2533 x
906 2505 965 2541 096

631 2547 696 2575 xvii.
907 2554 924 2581 9
929 2545 942 2572 5
947 2545 964 2572 6

631 2587 706 2616 xviii.
906 2585 964 2622 966

629 2626 715 2656 xviiii.
907 2625 964 2662 966

630 2677 674 2696 xx.
890 2675 899 2693 ι
911 2674 919 2693 1
929 2665 964 2693 56

631 2707 686 2736 xxi.
890 2714 900 2733 1
911 2714 919 2733 1
927 2705 964 2733 26

630 2748 694 2776 xxii.
889 2754 899 2773 1
910 2753 919 2772 ι
931 2754 939 2772 1
949 2745 962 2772 3

630 2787 705 2816 xxiii.
889 2793 899 2813 ι
905 2786 964 2813 008
1227 2786 1301 2806 1000
1314 2795 1316 2798 ·

629 2827 714 2856 xxiiii.
889 2834 899 2853 1
908 2826 964 2853 306
1226 2827 1235 2845 1
1244 2817 1257 2844 3
1263 2825 1300 2845 20

629 2877 691 2896 xxv.
889 2875 898 2894 ι
905 2866 961 2893 025
1240 2866 1298 2894 990

611 2940 614 2943 ,
627 2908 700 2936 xxvi.
905 2906 962 2942 968
1151 2896 1170 2976 }

629 2947 711 2976 xxvii.
888 2955 897 2973 ι
905 2953 963 2973 020
1210 2925 1220 2959 (
1227 2933 1235 2951 ¹
1242 2933 1280 2960 94
1287 2926 1312 2960 ¹)

629 2987 721 3015 xxviii.
904 2986 961 3014 803
1244 2990 1302 3027 827

627 3027 731 3055 xxviiii.
907 3026 963 3055 588
1241 3030 1255 3058 5
1260 3030 1297 3066 98

486 3124 522 3155 In
544 3130 683 3165 utroque
713 3124 826 3155 codice
849 3125 1095 3165 quatuordecim
1124 3126 1230 3166 petiae
1252 3125 1366 3157 iisdem
1395 3127 1499 3158 verbis

432 3168 596 3205 desinunt;
621 3168 797 3200 differentia
820 3178 895 3209 ergo
923 3170 1050 3201 numeri
1076 3170 1234 3201 linearum
1257 3181 1275 3201 a
1298 3171 1498 3211 compendiis

433 3218 463 3243 et
479 3213 619 3243 densiori
641 3214 795 3253 scriptura
811 3213 972 3254 dependit.
988 3232 1012 3236 —
1034 3214 1135 3252 Quod
1154 3224 1250 3255 supra
1265 3215 1305 3246 de
1319 3216 1499 3247 mutatione

433 3257 619 3296 exemplaris
635 3257 755 3287 codicis
772 3257 798 3287 L
815 3257 962 3294 diximus,
978 3267 1046 3289 non
1062 3258 1266 3290 referendum
1290 3265 1337 3290 est
1353 3259 1392 3290 ad
1407 3269 1498 3300 prae-

433 3302 566 3331 sentiam
589 3306 619 3330 et
642 3302 816 3331 absentiam
834 3307 930 3333 notae
953 3303 1130 3342 petiarum:
1154 3303 1290 3334 mutatio
1311 3304 1498 3344 exemplaris

433 3345 546 3375 accidit
562 3344 640 3375 dum
664 3346 866 3385 quaestiones
890 3355 972 3375 L-Lx
993 3346 1220 3384 scribebantur,
1237 3352 1334 3378 notae
1356 3348 1497 3379 absentia

433 3398 528 3428 supra
551 3390 754 3429 quaestiones
775 3399 1005 3420 xxxvr-Lxxxiv
1027 3399 1060 3420 se
1084 3391 1236 3422 extendit.

489 3442 540 3472 27.
557 3451 579 3455 -
593 3433 849 3473 Amplitudinem
865 3433 960 3464 solito
976 3434 1132 3464 maiorem
1151 3435 1255 3474 petiae
1273 3434 1497 3475 Supplementi

432 3477 602 3516 vigesimae
627 3482 757 3518 quartae
773 3476 943 3517 (linearum
968 3477 1051 3508 1306
1068 3477 1102 3509 in
1117 3478 1159 3516 Q,
1180 3479 1264 3509 1320
1280 3479 1313 3510 in
1331 3478 1372 3519 L)
1396 3479 1497 3519 expli—

1561 259 1611 284 cat
1626 260 1703 285 nota
1725 255 1778 285 illa
1800 265 1904 295 paene
1919 256 2028 286 abrasa
2048 257 2168 288 codicis
2190 258 2346 294 Vaticani,
2362 267 2444 298 quae
2467 260 2513 290 sic
2529 258 2622 290 dicit:

1564 310 1578 324 ‹
1597 297 1721 328 fi·xxiiii
1745 304 1775 329 et
1799 305 1845 330 est
1867 299 1907 330 de
1930 309 1984 330 sex
2008 302 2099 331 cartis
2118 313 2132 327 »
2163 302 2230 332 sive
2253 301 2347 332 foliis.
2372 303 2518 334 Diximus
2541 304 2624 334 hanc

1559 347 1670 372 notam
1695 343 1846 382 peculiari
1876 352 1944 374 esse
1967 345 2091 380 valore,
2116 350 2147 375 et
2169 355 2277 376 revera
2299 355 2357 386 per
2379 356 2451 377 eam
2477 347 2624 378 videmur

1559 386 1653 416 nobis
1669 391 1778 416 tenere
1793 387 1912 427 petiam
1926 396 1984 427 per
2006 397 2040 419 se
2063 389 2261 426 existentem,
2277 399 2344 420 non
2364 395 2489 422 tanturn
2503 393 2623 432 petiam

1559 435 1702 460 notatam
1725 431 1807 461 sicut
1829 432 1862 461 in
1886 431 2051 463 codicibus
2080 434 2195 463 nostris
2220 435 2333 464 existit.
2373 447 2387 461 ‹
2406 435 2483 466 Esse
2507 435 2546 466 de
2569 445 2623 466 sex

1560 474 1652 504 cartis
1671 487 1685 500 »
1713 481 1892 514 spontaneo
1917 485 2012 506 sensu
2041 476 2166 507 videtur
2195 477 2439 518 intelligendum
2462 480 2501 511 de
2532 479 2622 510 fasci-

1560 516 1634 547 culo
1658 518 1734 548 reali
1764 519 1829 549 sive
1853 519 1892 550 de
1923 520 2068 556 ternione
2100 522 2268 561 separatim
2299 523 2461 560 existenti,
2485 533 2554 554 non
2583 524 2623 555 de

1558 561 1612 591 illa
1634 571 1845 602 pergamenae
1867 565 2017 604 portione
2042 574 2139 605 quam
2166 566 2252 605 petia
2274 566 2308 596 in
2331 566 2443 598 codice
2474 574 2622 608 occupat.

1560 605 1675 646 Incipit
1689 607 1784 646 petia,
1802 608 1835 638 in
1851 608 1963 639 codice
1975 609 2105 645 scilicet,
2118 608 2174 640 fol.
2192 618 2203 640 1
2214 617 2264 640 12.
2277 619 2369 641 verso
2382 611 2443 642 001.
2459 620 2488 642 2.
2500 612 2555 642 lin.
2574 620 2622 652 19,

1559 650 1720 681 terminari
1742 657 1872 682 notatur
1899 652 1955 683 fol.
1984 661 2054 693 119.
2081 659 2170 684 recto
2194 654 2256 685 col.
2281 663 2310 685 2.
2334 655 2390 685 lin.
2415 655 2474 691 38;
2498 661 2624 687 constat

1558 703 1634 734 ergo
1658 694 1750 725 lineis
1774 696 1814 726 32
1839 697 1959 727 ultimis
1982 696 2052 728 folii
2080 706 2158 734 112,
2185 707 2239 729 sex
2262 697 2347 728 foliis
2375 699 2542 736 113—118,
2567 710 2623 730 co-

1557 738 1669 768 lumna
1690 740 1793 779 prima
1816 745 1848 771 et
1870 741 1962 772 lineis
1993 742 2034 772 32
2062 743 2234 773 columnae
2265 743 2424 774 secundae
2453 742 2523 774 folii
2549 752 2622 784 119.

1558 782 1610 812 Ob
1633 783 1715 813 hanc
1738 785 1912 824 scripturae
1935 785 2192 818 distributionem
2219 796 2315 827 supra
2337 797 2544 828 pergamenas
2567 798 2623 819 co-

1558 826 1636 857 dicis
1658 836 1726 857 non
1753 829 1919 868 probabile
1948 831 2042 861 nobis
2073 831 2199 862 videtur
2222 831 2312 872 quod
2341 833 2475 872 scriptor
2503 833 2623 872 petiam

1556 871 1608 901 sui
1631 871 1751 902 codicis
1774 873 1887 903 dixerit
1913 887 1926 901 ‹
1946 874 1986 904 de
2009 884 2063 906 sex
2086 876 2177 906 cartis
2197 889 2211 903 »
2239 885 2322 913 esse,
2346 876 2402 907 sed
2425 876 2515 916 quod
2538 878 2623 916 petia

1558 916 1744 956 exemplaris
1777 918 1844 953 sui,
1871 927 1909 948 ex
1932 927 1997 958 qua
2019 924 2097 950 tunc
2127 920 2324 951 describebat
2347 926 2379 951 et
2402 921 2493 951 cuius
2523 920 2623 953 finem

1556 960 1696 996 notabat,
1713 959 1808 991 fuerit
1829 971 1923 992 verus
1946 962 2115 994 fasciculus
2131 974 2186 994 sex
2209 963 2372 995 foliorum.
2396 964 2556 996 Potuisset
2577 971 2623 997 et-

1556 1003 1621 1033 iam
1643 1005 1778 1044 scriptor
1801 1005 1832 1043 Q
1856 1005 1895 1036 de
1914 1016 1971 1036 sua
1993 1009 2079 1047 petia
2100 1008 2188 1039 idem
2204 1008 2319 1046 dicere,
2336 1010 2482 1049 quamvis
2505 1010 2539 1040 in
2561 1020 2622 1041 suo

1557 1047 1670 1078 codice
1693 1058 1735 1078 ne
1759 1050 1902 1089 quinque
1927 1051 2058 1090 quidem
2081 1051 2158 1083 folia
2176 1053 2287 1093 replet.
2312 1053 2367 1084 Illa
2390 1054 2510 1084 scilicet
2531 1063 2623 1085 men·

1556 1101 1648 1121 surae
1663 1093 1777 1128 unitas,
1792 1102 1890 1133 quam
1905 1096 1984 1125 ratio
1999 1097 2104 1135 petiae
2119 1097 2280 1137 importat,
2294 1098 2446 1128 existebat
2463 1098 2496 1128 in
2516 1107 2622 1129 exem-

1555 1135 1693 1174 plarium
1716 1137 1809 1176 petiis
1825 1143 1978 1178 tanquam
2001 1140 2034 1170 in
2050 1150 2083 1170 re
2106 1147 2321 1178 mensurante,
2339 1147 2370 1172 et
2390 1143 2465 1182 quia
2487 1143 2622 1182 scriptor

1555 1179 1592 1215 L,
1610 1181 1780 1211 occasione
1801 1187 1930 1222 accepta
1947 1192 1964 1213 e
1980 1192 2055 1214 casu
2075 1185 2335 1221 extraordinario,
2350 1195 2419 1216 rem
2433 1196 2622 1218 mensuran-

1555 1228 1621 1253 tem
1645 1223 1721 1254 dicit
1743 1234 1812 1255 esse
1835 1225 1875 1256 de
1898 1235 1952 1256 sex
1968 1228 2092 1264 chartis,
2110 1229 2250 1259 excludit
2271 1230 2305 1260 ni
2327 1229 2420 1260 fallor
2438 1239 2623 1262 mensuram

1556 1276 1639 1307 quae
1662 1277 1758 1308 supra
1772 1271 1931 1310 margines
1955 1272 2142 1312 exemplaris
2160 1274 2281 1313 signata
2295 1279 2422 1304 tantum
2445 1279 2544 1311 esset;
2569 1285 2623 1305 ex—

1555 1312 1664 1351 primit
1687 1321 1705 1342 e
1721 1315 1881 1344 contrario
1897 1314 2072 1347 formaliter
2086 1317 2492 1349 mensuram—fasciculum.
2517 1318 2550 1349 Si
2566 1329 2622 1350 au-

1555 1361 1621 1386 tem
1644 1357 1722 1387 haec
1746 1359 1933 1398 exemplaris
1959 1361 2044 1400 petia
2068 1366 2133 1391 erat
2155 1371 2249 1392 verus
2271 1363 2385 1399 ternio,
2409 1363 2513 1403 petiae
2537 1363 2622 1394 ordi-

1554 1401 1662 1431 nariae
1685 1402 1904 1441 amplitudinis
1934 1405 2001 1434 veri
2031 1404 2225 1436 duerniones
2257 1404 2406 1443 fuerunt;
2439 1415 2523 1446 quae
2545 1417 2622 1439 vero

1555 1445 1660 1485 petiae
1682 1446 1865 1477 notabiliter
1886 1447 2030 1480 medium
2062 1449 2220 1481 linearum
2248 1460 2422 1481 numerum
2445 1451 2620 1489 excedunt,

1554 1490 1718 1521 terniones
1741 1489 1838 1522 fuisse
1861 1491 2018 1529 videntur,
2034 1494 2078 1524 ita
2100 1494 2220 1525 scilicet
2235 1500 2272 1525 ut
2294 1500 2400 1526 sextae
2419 1496 2545 1526 chartae
2567 1501 2624 1528 aut

1555 1539 1642 1565 totae
1665 1540 1720 1566 aut
1743 1545 1893 1576 magnam
1917 1543 2041 1577 partem
2070 1538 2159 1570 albae
2189 1539 2318 1570 relictae
2345 1539 2463 1570 fuerint
2489 1540 2623 1580 (confer

1555 1579 1691 1610 omnino
1715 1579 1801 1620 apud
1825 1580 1962 1622 Savigny
1986 1582 2037 1612 111.
2056 1582 2130 1613 581.
2147 1583 2397 1624 descriptionem
2420 1583 2540 1615 codicis
2555 1585 2621 1616 Lu-

1556 1624 1668 1660 censis,
1693 1624 1768 1654 bibl.
1791 1624 1941 1665 Archiep.
1965 1626 2005 1656 N.
2023 1627 2053 1662 3,
2075 1628 2132 1666 qui
2156 1628 2236 1658 liber
2255 1634 2410 1659 consutus
2433 1629 2559 1660 videtur
2583 1638 2623 1661 ex

1555 1667 1855 1710 petiis—fasciculis).
1871 1687 1891 1692 -
1909 1670 1997 1700 Petia
2019 1671 2147 1702 Tertiae
2169 1671 2268 1703 Parn's
2291 1673 2332 1708 xi,
2349 1673 2506 1704 linearum
2525 1681 2621 1714 1274,

1556 1718 1587 1743 et
1602 1713 1670 1752 ipsa
1685 1714 1788 1743 ternio
1804 1713 1908 1744 fuerit.
1928 1714 1979 1744 Ad
1994 1714 2090 1746 huius
2105 1717 2210 1756 petiae
2225 1717 2342 1747 lineam
2359 1717 2424 1757 870
2439 1718 2576 1758 scriptor
2589 1717 2622 1756 Q

1554 1757 1696 1797 margine
1712 1757 1821 1797 posuit
1835 1758 1947 1797 siglam
1966 1771 1980 1785 α
1998 1759 2034 1789 ·f-
2052 1772 2066 1786 »
2084 1765 2220 1796 tantum,
2238 1762 2306 1792 sine
2321 1770 2469 1798 numero,
2481 1762 2622 1803 idipsum

1554 1800 1638 1831 forte
1660 1801 2000 1842 significaturus‘quod
2021 1804 2055 1834 in
2079 1804 2312 1846 Supplemento
2339 1806 2473 1846 scriptor
2495 1807 2522 1837 L
2545 1807 2621 1837 insi-

1554 1854 1654 1876 nuare
1676 1846 1811 1882 videtur,
1834 1855 1952 1887 nempe
1975 1848 2078 1878 maius
2101 1849 2160 1880 sibi
2184 1855 2368 1890 competere
2398 1851 2538 1890 pretium
2559 1860 2620 1893 pro

1555 1890 1793 1921 transcribendo
1816 1891 1899 1920 hanc
1926 1892 2046 1931 petiam
2070 1892 2137 1924 aliis
2164 1898 2254 1924 tanto
2284 1894 2484 1934 ampliorem.
2499 1912 2523 1917 -
2545 1895 2622 1927 Post

1555 1935 1675 1974 petiam
1697 1944 1773 1965 xmr.
1805 1934 2045 1974 Supplernenti,
2070 1945 2152 1976 quae
2176 1937 2286 1968 finitur
2313 1939 2541 1978 phaenomeno
2564 1939 2620 1970 illo

1555 1979 1684 2009 curioso
1708 1978 1794 2009 unde
1818 1979 1920 2009 oratio
1936 1985 2044 2010 nostra
2067 1980 2107 2010 de
2130 1982 2224 2021 pen‘is
2238 1981 2383 2021 profecta
2405 1987 2462 2019 est,
2478 1983 2623 2023 sequitur

1555 2023 1641 2062 petia
1664 2022 1799 2053 duarum
1829 2023 2007 2053 chartarum
2030 2023 2095 2063 467
2119 2025 2292 2061 linearum,
2317 2027 2466 2057 omnium
2488 2028 2622 2058 minima

1557 2066 1702 2106 (ultimae
1725 2068 1829 2106 petiae
1858 2072 1962 2098 textus
1985 2067 2112 2098 Tertiae
2141 2069 2240 2099 Partis
2269 2071 2350 2101 ratio
2374 2075 2409 2100 ut
2435 2076 2523 2111 patet
2553 2081 2621 2103 non

1555 2115 1662 2151 potest
1677 2110 1814 2150 haberi);
1839 2111 2000 2141 nescimus
2022 2121 2063 2142 an
2086 2118 2142 2142 aut
2157 2123 2332 2153 quamnam
2348 2114 2538 2146 relationem
2553 2115 2620 2147 duo

1554 2156 1780 2195 phaenomena
1802 2155 1885 2185 inter
1907 2164 1940 2185 se
1963 2155 2108 2186 habeant.
2512 2165 2522 2174 ·

1612 2198 1663 2228 28.
1680 2217 1703 2222 -
1724 2198 1811 2230 Nota
1825 2199 1983 2239 petiarum
1998 2200 2038 2230 ad
2055 2206 2179 2231 textum
2195 2207 2378 2242 comparata
2393 2211 2556 2244 nusquam
2570 2204 2620 2235 in·

1554 2244 1681 2273 venitur
1703 2244 1849 2274 comitari
1870 2244 2010 2284 aliquam
2032 2246 2185 2275 orationis
2205 2246 2429 2285 partitionem3
2452 2248 2514 2278 nisi
2529 2249 2621 2280 tabu-

1554 2286 1599 2316 las
1623 2293 1770 2328 exceptas
1801 2288 1896 2324 velis,
1921 2298 2004 2328 quae
2026 2298 2084 2328 per
2106 2298 2140 2319 se
2169 2299 2288 2330 corpus
2319 2299 2423 2322 unum
2445 2297 2478 2323 et
2499 2293 2620 2333 petiam

1555 2332 1764 2368 constituunt,
1786 2332 1874 2362 nulla
1891 2341 1963 2372 pars
1986 2338 2089 2364 textus
2113 2333 2219 2373 logice
2241 2343 2315 2370 una,
2335 2336 2481 2375 quaesn’o
2504 2337 2544 2367 sit
2566 2341 2622 2368 aut

1554 2380 1713 2412 tractatus,
1729 2375 1839 2407 finitur
1862 2375 1902 2406 ad
1923 2382 2035 2407 notam
2058 2376 2130 2408 finis
2152 2379 2267 2418 petiae.
2298 2376 2432 2410 Ptorsus
2454 2390 2472 2412 e
2495 2386 2621 2412 contra-

1553 2420 1602 2450 rio
1629 2426 1725 2451 notae
1755 2420 1874 2451 cadunt
1896 2421 1930 2451 in
1958 2421 2084 2452 medios
2113 2422 2279 2459 articulos,
2303 2423 2405 2454 immo
2434 2425 2468 2455 in
2499 2425 2620 2457 medias

1554 2464 1716 2505 analyses:
1741 2474 1768 2495 e.
1785 2475 1815 2505 g.
1834 2465 1921 2505 petia
1947 2478 1961 2492 ‹
1981 2465 2021 2496 de
2043 2475 2097 2496 sex
2121 2468 2213 2497 cartis
2231 2480 2246 2494 ›
2272 2468 2384 2508 incipit
2399 2477 2455 2508 qu.
2471 2478 2618 2502 Lxxxvm.

1554 2514 1610 2538 art.
1636 2509 1665 2539 3.
1690 2508 1730 2539 ad
1754 2509 1784 2546 3,
1811 2509 1954 2546 206b6‚
1980 2509 2090 2540 finitur
2112 2519 2167 2550 qu.
2190 2521 2264 2541 xcn.
2289 2512 2370 2543 anal.
2394 2512 2435 2543 ad
2466 2525 2480 2540 α
2499 2514 2618 2552 Primo,

1554 2558 1662 2583 utrum
1681 2566 1695 2580 ›
1725 2560 1788 2593 217
1801 2553 1821 2583 b
1834 2563 1887 2593 72.
1912 2553 2006 2584 Unde
2029 2560 2152 2585 certum
2168 2561 2216 2586 est
2238 2556 2457 2596 amplitudinis
2472 2557 2620 2590 differem

1553 2597 1612 2627 tias
1627 2606 1695 2628 non
1711 2598 1777 2637 regi
1790 2607 1807 2628 a
1823 2603 1920 2628 textu.
1939 2598 2134 2639 comparata
2147 2609 2224 2630 vero
2241 2599 2280 2630 ad
2296 2601 2428 2638 chartas,
2441 2603 2527 2642 petia
2542 2599 2618 2634 viiii.

1554 2641 1681 2672 Tertiae
1703 2641 1802 2672 Partis
1819 2642 1934 2672 desinit
1956 2652 2031 2673 curn
2046 2642 2127 2674 folio
2153 2653 2203 2683 27.
2229 2642 2349 2675 codicis
2364 2645 2405 2684 Q,
2421 2647 2507 2686 petia
2521 2644 2618 2679 xviiii.

1555 2685 1670 2716 desinit
1692 2685 1771 2716 folio
1789 2686 1842 2716 61.
1866 2692 1954 2717 recto
1971 2687 2033 2717 col.
2051 2697 2081 2718 2.
2102 2688 2186 2719 linea
2206 2688 2327 2725 ultima,
2345 2694 2376 2719 et
2394 2690 2428 2720 in
2444 2689 2509 2721 fine
2523 2692 2619 2722 huius

1553 2730 1656 2761 lineae
1668 2729 1756 2761 adest
1767 2730 1939 2771 spatiolum
1952 2740 2051 2772 capax
2062 2733 2150 2763 verbi
2169 2745 2183 2759 ‹
2198 2731 2243 2764 οῦ
2256 2746 2270 2760 »
2289 2743 2307 2764 a
2323 2742 2391 2774 quo
2407 2733 2475 2766 folii
2487 2734 2619 2767 dorsum

1553 2775 1666 2815 incipit
1682 2774 1786 2815 (locus
1810 2780 1857 2805 est
1880 2784 1934 2815 qu.
1955 2786 2015 2807 uv.
2037 2781 2093 2806 art.
2109 2785 2141 2816 4.
2158 2786 2221 2817 arg.
2242 2784 2269 2808 1.
2296 2790 2310 2804 «
2330 2787 2405 2808 cum
2421 2779 2619 2811 cicatricibus

1553 2824 1730 2859 resurgeret
1747 2829 1781 2855 »3
1805 2819 1950 2850 voluitne
1978 2821 2114 2860 scriptor
2135 2821 2412 2862 transcriptionem
2431 2823 2535 2863 petiae
2557 2833 2618 2855 no-

1553 2873 1612 2894 vae
1627 2873 1645 2893 a
1659 2872 1745 2894 nova
1761 2864 1912 2894 columna
1927 2864 2068 2904 incipere
2076 2862 2112 2906 ?).
2133 2865 2169 2895 In
2181 2865 2208 2896 L
2220 2867 2306 2906 petia
2319 2866 2352 2896 ii.
2365 2866 2480 2899 desinit
2494 2866 2550 2898 fol.
2566 2874 2616 2899 10.

1553 2913 1641 2938 recto
1658 2908 1720 2938 col.
1737 2915 1764 2938 ι.
1780 2907 1836 2938 lin.
1852 2908 1974 2939 ultima.
1998 2909 2058 2939 His
2072 2909 2173 2940 tribus
2188 2909 2267 2940 locis
2282 2910 2358 2940 solis
2373 2911 2477 2951 petiae
2491 2916 2617 2942 nostro-

1553 2961 1626 2982 rum
1649 2952 1799 2982 codicum
1827 2962 1902 2983 cum
1934 2953 2087 2983 columna
2115 2954 2340 2991 terminantur;
2373 2955 2524 2985 omnibus
2547 2955 2616 2987 aliis

1554 2995 1703 3026 desinunt
1733 2997 1815 3027 inter
1841 2997 2035 3037 principium
2058 3002 2090 3028 et
2112 2997 2211 3028 finem
2241 2998 2424 3035 columnae3
2455 3007 2616 3039 nusquam

1553 3039 1703 3071 desinunt
1716 3041 1773 3071 ubi
1796 3041 2038 3081 quintemiones
2054 3041 2212 3072 desinunt.
2237 3042 2386 3082 Singulae
2401 3043 2496 3083 igitur
2511 3044 2616 3083 petiae

1551 3090 1650 3125 prout
1671 3085 1705 3115 in
1729 3084 1893 3117 codicibus
1919 3091 2072 3116 notantur
2093 3095 2111 3116 a
2134 3086 2246 3116 ceteris
2267 3086 2469 3117 materialiter
2490 3088 2616 3129 insepa-

1550 3129 1663 3159 rabiles
1686 3134 1769 3160 sunt.

1604 3242 1697 3267 Videas
1722 3249 1785 3274 ergo
1808 3249 1841 3267 an
1861 3242 1894 3267 de
1912 3242 1955 3267 tali
1992 3242 2041 3267 etia
2065 3242 2190 3268 immobili
2215 3243 2302 3268 omnia
2326 3251 2356 3269 ea
2381 3244 2487 3277 intelligi
2513 3246 2615 3278 possint

1551 3284 1619 3310 quae
1633 3285 1663 3302 ex
1679 3277 1778 3302 Statuto
1797 3276 1954 3301 Bononiensi
1972 3250 2013 3302 gie
2027 3277 2198 3302 describimus
2214 3278 2326 3310 (citando
2341 3286 2371 3304 ex
2385 3287 2494 3305 namna
2509 3281 2558 3309 loc.
2573 3281 2616 3307 cit.

1551 3313 1658 3345 paginas
1675 3317 1702 3337 et
1718 3313 1828 3343 lineaa);
1847 3319 1879 3336 an
1898 3319 1950 3336 non
1968 3312 2055 3345 potius
2072 3313 2141 3344 petia
2159 3313 2191 3338 de
2209 3321 2261 3346 qua
2280 3314 2378 3339 Statura
2401 3315 2542 3348 loquuntur
2563 3315 2616 3341 for-

1551 3355 1621 3372 mam
1639 3347 1712 3372 liberi
1730 3347 1846 3372 fasciculi
1863 3347 1987 3378 habuerit,
2006 3347 2040 3373 im
2057 3348 2155 3373 scilicet
2173 3353 2202 3373 ut
2218 3348 2244 3374 in
2262 3357 2325 3374 casu
2344 3355 2434 3375 nostm
2457 3351 2510 3376 duo
2528 3358 2616 3376 exem-

1550 3383 1631 3415 plaria
1649 3382 1781 3415 scriptoris
1799 3382 1894 3408 codicia
1911 3382 2051 3407 Brixiensis
2071 3382 2103 3416 37
2123 3388 2149 3408 et
2168 3391 2181 3408 2
2220 3384 2314 3410 libellis
2333 3386 2426 3410 solutis
2446 3387 2613 3417 constiterint.

1550 3425 1662 3450 quorum
1686 3415 1751 3442 fines
1769 3417 1812 3442 ille
1835 3418 1901 3442 inter
1923 3417 2120 3443 describendum
2148 3423 2225 3444 toties
2249 3420 2351 3452 quoties
2369 3428 2447 3453 super
2471 3422 2614 3454 marginem

1550 3452 1607 3477 libri
1626 3452 1667 3477 sui
1686 3452 1798 3478 notabat.
1817 3453 1854 3477 Ex
1873 3452 1971 3478 eisdem
1986 3453 2090 3478 statutis
2109 3454 2206 3487 patebit
2223 3462 2301 3480 causa
2314 3454 2397 3481 finalis
2414 3456 2506 3490 petiae,
2519 3464 2615 3491 nempe

1548 3492 1692 3512 correctum
1709 3488 1840 3521 exemplar
1858 3495 1917 3513 ease
1932 3488 2003 3513 libris
2022 3488 2164 3514 scribendis
2183 3494 2208 3515 et
2226 3490 2398 3524 corrigendise
2417 3491 2485 3525 petia
2503 3499 2555 3517 non
2569 3500 2613 3518 ιο-
