2918 4088
210 1056 220 1065 '¹
235 1054 305 1076 Num.
317 1060 362 1080 vm,
374 1054 421 1075 Du-

210 1080 269 1102 bium
284 1080 393 1102 secundo.

209 2290 220 2299 ·
235 2288 290 2316 Cap.
307 2294 339 2316 rx,
355 2289 363 2315 5
378 2294 398 2310 2.

259 2545 264 2550 .
338 2544 344 2551 .
415 2545 421 2555 ‚

209 2562 268 2577 vers.
283 2555 318 2583 36.

309 2584 322 2616 β

209 2663 220 2671 “’
227 2660 274 2687 Qu.
280 2665 346 2686 mn,
353 2662 395 2681 art.
402 2665 420 2687 5.

210 2767 220 2777 ·
231 2766 277 2793 Qu.
289 2772 338 2793 vui,
348 2770 390 2788 art.
401 2771 421 2793 7.

310 2872 325 2897 Υ

211 2978 221 2987 ·
237 2977 302 2999 Vers.
320 2984 337 2998 ι.

213 3283 223 3293 '
231 3282 281 3303 Art.
290 3287 301 3310 3
309 3288 314 3307 ς
325 3287 363 3309 qu.
372 3286 426 3308 un,

213 3312 254 3330 art.
270 3314 288 3336 5.

456 142 503 177 50

452 222 599 256 mnitate‚
624 231 690 251 non
714 226 842 261 peccat,
868 222 1012 261 quamvis
1036 223 1069 252 in
1093 228 1225 262 peccato
1249 223 1376 253 mortali
1400 223 1447 252 sit.
1472 222 1512 252 Et

451 266 529 295 ratio
546 266 730 305 assignatur,
748 266 822 305 quia
845 271 923 296 tunc
946 276 1013 296 non
1036 267 1115 306 gerit
1130 276 1301 306 personam
1324 267 1458 297 ministri
1474 276 1512 296 ex

452 308 569 345 officio,
583 318 680 349 quem
697 310 867 350 probatum
883 315 930 340 est
946 316 1093 350 oportere
1111 320 1177 341 esse
1194 311 1329 341 iustum:
1355 310 1410 341 sed
1433 310 1512 350 gerit

450 363 621 393 personam
636 354 879 384 ministerialiter
895 355 1111 384 subvenientis
1131 355 1353 385 necessitatem
1368 355 1510 394 patienti.

506 397 599 428 Unde
629 397 669 428 ad
697 399 855 428 rationem
883 399 1020 437 primam
1050 399 1084 428 in
1112 399 1216 438 primo
1245 398 1356 429 dubio*
1375 398 1510 434 allatam,

451 441 566 472 dicitur
588 441 677 482 quod
694 443 863 472 necessitas
880 452 1032 473 excusans
1049 443 1170 473 malum
1185 443 1367 473 ministrum
1381 452 1450 472 non
1466 447 1512 472 est

449 487 618 516 necessitas
641 486 844 526 impossibilis
869 487 1083 522 contritionis,
1111 493 1147 517 ut
1170 493 1394 526 argumentum
1420 486 1512 516 intel-

450 530 527 570 ligit,
552 531 707 570 quoniam
725 531 758 560 in
774 531 902 560 instanti
924 536 1030 570 potest
1053 531 1124 571 quis
1149 531 1374 561 contritionem
1396 531 1512 560 habere

451 573 490 604 de
512 574 642 604 infinitis
665 575 819 614 peccatis:
854 574 909 604 sed
932 580 978 605 est
1001 576 1170 605 necessitas
1200 584 1318 615 cogens
1345 575 1512 604 hominem

450 618 684 658 baptizaturum
707 618 747 648 ad
770 618 986 649 exhibendum
1010 628 1043 649 se
1066 629 1134 649 non
1157 624 1193 649 ut
1211 619 1392 649 ministrum
1409 628 1446 648 ex
1463 617 1512 648 of-

449 661 535 692 ficio.
559 662 607 692 Ex
629 662 693 692 hoc
715 672 856 702 namque
880 662 970 702 quod
991 663 1135 693 minister
1158 663 1202 693 ibi
1218 663 1378 693 concurrit
1393 672 1461 692 non
1476 667 1512 692 ut

449 706 592 736 minister
615 716 652 736 ex
676 706 794 743 officio,
818 707 1003 738 necessitate
1026 707 1089 737 hoc
1106 707 1259 746 exigente,
1276 717 1294 737 a
1309 712 1441 746 peccato
1459 715 1511 737 ex-

450 755 587 780 cusatur.

504 794 545 824 Et
567 804 624 834 per
647 795 711 824 hoc
734 800 820 834 patet
843 795 961 825 solutio
978 794 1136 825 secundae
1152 795 1292 825 rationis.
1317 794 1511 825 Distinctum

450 838 609 878 siquidem
640 844 686 868 est
714 838 754 868 de
777 839 921 869 ministro
946 839 996 869 vel
1020 848 1058 869 ex
1081 838 1206 874 officio,
1230 839 1281 869 vel
1309 848 1347 869 ex
1378 838 1510 869 articulo

449 883 653 912 necessitatis.
673 882 714 912 Et
729 883 803 913 licet
819 884 1016 922 quicumque
1033 883 1171 922 baptizet
1186 883 1225 913 sit
1239 883 1383 913 minister
1394 882 1512 913 Christi

450 932 481 956 et
503 927 664 956 Ecclesiae
687 927 786 957 altero
810 927 921 963 modo,
945 936 1013 957 non
1036 932 1143 957 tamen
1167 936 1292 967 semper
1308 932 1355 957 est
1369 927 1512 957 minister

450 980 487 1000 ex
511 970 634 1001 officio:
666 969 705 1000 de
729 980 795 1010 quo
819 971 889 1000 solo
914 971 1085 1011 probatum
1109 976 1156 1001 est
1179 970 1269 1011 quod
1293 976 1420 1010 oportet
1443 980 1511 1001 esse

448 1015 578 1045 iustum.

503 1059 541 1088 X.
566 1058 607 1088 Et
629 1067 687 1097 per
709 1058 773 1088 hoc
795 1064 883 1097 patet
905 1058 1024 1089 solutio
1048 1058 1179 1089 secundi
1210 1058 1299 1089 dubii
1317 1059 1343 1088 *.
1372 1058 1456 1088 Nam
1485 1058 1511 1088 si

448 1102 598 1132 articulus
620 1103 813 1132 necessitatis
832 1107 991 1142 pateretur
1013 1103 1194 1133 ministrum
1213 1112 1289 1132 cum
1311 1102 1511 1133 solemnitate

448 1147 617 1185 baptizare,
641 1155 709 1175 non
733 1155 874 1175 essemus
898 1147 931 1176 in
955 1155 1030 1176 casu
1056 1147 1089 1176 in
1114 1155 1180 1186 quo
1203 1146 1302 1176 laicus
1325 1151 1434 1186 posset
1456 1146 1511 1176 ba-

447 1190 574 1229 ptizare.
599 1189 640 1219 Et
655 1199 772 1224 rursus,
790 1191 815 1220 si
832 1199 907 1220 curn
927 1190 1127 1220 solemnitate
1143 1190 1324 1229 baptizaret,
1344 1189 1512 1219 manifeste

448 1238 571 1264 constat
603 1232 692 1273 quod
723 1234 883 1263 exhiberet
912 1243 945 1263 se
969 1239 1005 1263 ut
1027 1234 1208 1264 ministrum
1241 1243 1278 1264 ex
1306 1233 1425 1263 officio.
1464 1233 1511 1263 Ex

448 1283 586 1317 utroque
610 1287 685 1317 ergo
711 1278 823 1317 capite,
848 1277 911 1307 hoc
928 1282 983 1313 est,
1009 1287 1047 1307 ex
1063 1287 1138 1308 casu
1156 1277 1189 1307 in
1206 1286 1272 1316 quo
1289 1277 1388 1307 laicus
1403 1282 1512 1316 posset

447 1322 616 1362 baptizare,
641 1326 672 1351 et
696 1331 734 1351 ex
756 1322 819 1352 hoc
844 1321 933 1361 quod
957 1321 1071 1352 dicitur
1095 1320 1184 1361 quod
1207 1330 1275 1351 non
1294 1321 1456 1351 exhiberet
1478 1330 1512 1351 se

447 1372 483 1396 ut
505 1366 686 1396 ministrum
710 1375 747 1396 ex
767 1365 885 1402 officio,
907 1365 1074 1396 manifeste
1090 1370 1178 1405 patet
1201 1364 1290 1405 quod
1305 1365 1429 1395 Auctor
1443 1374 1511 1395 non

447 1409 582 1440 intendit
598 1419 746 1440 excusare
762 1409 948 1440 huiusmodi
964 1409 1163 1440 sacerdotem
1178 1410 1239 1440 nisi
1254 1410 1287 1439 in
1304 1419 1379 1439 casu
1394 1409 1428 1439 in
1444 1418 1511 1449 quo

448 1455 572 1494 cogitur
594 1455 662 1484 sine
686 1454 886 1484 solemnitate
910 1454 1078 1494 baptizare.

1118 141 1382 195 QUAESTIO
1411 142 1550 185 LXIV,
1580 142 1872 179 ARTICULUS
1901 142 1966 179 VH

1619 222 1672 253 XI.
1696 222 1748 252 Ad
1771 223 1899 253 tertium
1923 221 2057 253 dubium
2073 224 2089 240 ⁴*
2113 223 2226 254 dicitur
2249 223 2347 264 quod,
2370 226 2446 265 quia
2466 225 2628 265 baptizans
2655 227 2748 275 Ξεξῐὲἱάη
2768 227 2867 249 Dubium

1565 267 1599 296 in
1623 267 1755 296 articulo
1779 267 1973 301 necessitatis
1997 266 2104 297 deficit
2122 277 2140 297 a
2159 267 2299 307 perfecta
2313 269 2436 299 ratione
2451 269 2626 304 ministerii,
2704 259 2737 276 ¹⁰⁶

1566 311 1720 350 quoniam
1743 320 1811 340 non
1834 310 1990 340 ministrat
2013 320 2052 340 ex
2075 310 2199 348 officio,
2223 311 2297 342 ideo
2321 313 2464 352 operatio
2488 322 2545 343 sua
2567 313 2627 342 im-

1565 354 1743 394 perfectum
1767 354 1845 394 quid
1868 360 1915 384 est
1943 355 1977 384 in
1999 363 2116 394 genere
2145 354 2423 386 administrationis
2450 365 2628 387 sacramen-

1565 404 1689 435 torum,
1713 408 1781 429 non
1804 409 1842 429 ex
1864 403 1953 438 parte
1976 399 2110 434 obiecti,
2133 399 2197 429 hoc
2221 405 2268 430 est
2289 401 2487 436 sacramenti,
2510 400 2566 431 sed
2589 409 2628 430 ex

1564 448 1653 482 parte
1677 443 1816 483 agentiS,
1840 443 1903 473 hoc
1928 448 1974 473 est
1997 443 2140 473 ministri.
2179 443 2256 473 Non
2283 444 2369 474 enim
2397 445 2460 474 exit
2483 444 2626 484 operatio

1565 491 1642 517 tunc
1665 497 1683 517 a
1705 487 1850 517 ministro
1875 496 1912 517 ex
1929 486 2046 522 officio,
2063 486 2120 517 sed
2135 496 2153 516 a
2167 486 2293 517 nudum
2307 488 2519 518 ministerium
2536 497 2627 528 prae-

1565 530 1670 561 bente.
1696 531 1743 561 Ex
1766 530 1951 561 huiusmodi
1967 536 2075 561 autem
2091 530 2334 570 imperfectione
2357 537 2446 562 actus
2461 537 2628 562 excusatur

1566 584 1584 604 a
1606 575 1749 605 mortali:
1774 575 1930 615 quoniam
1953 574 2181 605 administratio
2201 575 2308 605 exiens
2324 575 2362 605 ab
2378 575 2510 615 indigno
2533 576 2628 606 habet

1566 619 1723 649 rationem
1745 619 1887 649 mortalis
1909 628 1969 659 pro
1986 624 2107 659 quanto
2124 619 2188 649 exit
2203 619 2241 649 ab
2259 624 2382 658 agente,
2399 624 2431 649 et
2444 628 2513 649 non
2528 619 2627 655 aliter,

1565 667 1601 692 ut
1623 663 1656 692 in
1679 663 1781 693 littera
1803 668 1899 703 patet.
1923 663 1972 693 Ex
1994 664 2058 693 hoc
2082 663 2168 693 enim
2192 662 2228 693 fit
2245 668 2291 699 ut,
2309 663 2385 702 quia
2400 662 2627 694 administratio

1565 706 1751 737 huiusmodi
1773 717 1840 737 non
1864 708 1927 737 exit
1950 708 1988 737 ab
2012 712 2125 747 agente
2149 708 2290 747 proprio,
2315 708 2379 737 hoc
2401 712 2458 743 est,
2481 707 2627 737 ministro

1566 760 1604 780 ex
1627 750 1752 787 officio,
1776 761 1844 781 non
1867 757 1958 782 exeat
1981 752 2076 782 etiam
2099 761 2175 782 cum
2198 751 2293 791 culpa
2315 751 2453 781 mortali.
2490 751 2532 781 Et
2553 760 2628 791 pro-

1565 800 1673 835 pterea
1696 794 1869 825 dicendum
1885 801 1932 825 est
1955 795 2045 835 quod
2067 795 2295 826 administratio
2311 796 2499 826 sacramenti
2521 795 2561 825 ab
2580 795 2629 825 in-

1565 839 1666 880 digno
1690 839 1837 870 ministro
1865 848 1906 869 ex
1930 839 2039 880 officio
2071 845 2118 870 est
2139 840 2274 870 mortale
2301 849 2339 870 ex
2362 849 2422 870 suo
2445 848 2579 879 genere,
2602 839 2629 869 si

1566 892 1604 913 ex
1631 883 1770 913 claritate
1793 884 1965 914 verborum
1998 883 2214 914 excludendae
2243 889 2317 914 sunt
2347 884 2556 914 obiecfiones.
2595 882 2630 914 Si

1564 933 1673 957 tamen
1688 927 1833 957 absolute
1853 927 1975 958 dicatur
1991 927 2080 968 quod
2094 927 2217 967 indigni
2233 927 2461 958 administratio
2485 932 2532 958 est
2553 936 2629 968 pec-

1566 976 1673 1001 catum
1695 971 1830 1002 mortale
1861 981 1899 1002 ex
1922 981 1981 1002 suo
2004 981 2137 1012 genere,
2169 982 2282 1003 verum
2310 972 2443 1002 dicitur:
2473 972 2629 1012 quoniam

1565 1015 1819 1055 subintelligitur,
1843 1024 1864 1046 a
1880 1016 2020 1056 proprio
2044 1016 2201 1046 ministro.

1620 1059 1688 1090 Nec
1712 1060 1816 1089 obstat
1839 1059 1978 1090 obiectio
2003 1059 2042 1090 de
2066 1059 2221 1090 adulterio
2252 1065 2284 1090 et
2305 1059 2501 1090 huiusmodi.
2537 1058 2629 1097 Quo-

1565 1104 1652 1133 niam
1676 1103 1818 1134 conditio
1843 1104 1964 1143 agentis
1992 1104 2026 1134 in
2049 1105 2112 1134 hoc
2135 1104 2298 1144 sacrilegio
2323 1104 2484 1134 concurrit
2506 1108 2543 1134 ut
2557 1112 2630 1143 pars

1565 1147 1750 1187 integrativa
1765 1148 1896 1177 rationis
1911 1147 2052 1178 formalis
2067 1148 2192 1188 peccati
2206 1148 2348 1178 mortalis
2365 1157 2403 1178 ex
2419 1157 2479 1178 suo
2495 1157 2628 1188 genere:

1565 1191 1609 1220 ita
1632 1189 1731 1230 quod,
1756 1191 1838 1221 sicut
1860 1190 1900 1221 ad
1922 1192 2079 1221 rationem
2095 1191 2170 1222 furti
2192 1201 2261 1222 non
2276 1191 2393 1222 sufficit
2415 1191 2505 1231 quod
2523 1192 2563 1221 sit
2577 1201 2629 1222 ac-

1567 1235 1673 1274 ceptio
1697 1235 1742 1264 rei
1765 1235 1905 1270 alienae,
1938 1234 1994 1265 sed
2017 1240 2146 1275 oportet
2175 1235 2266 1275 quod
2288 1236 2327 1265 sit
2349 1235 2450 1265 invito
2474 1234 2629 1272 domino;

1566 1278 1609 1307 ita
1632 1277 1672 1308 ad
1694 1277 1755 1308 tale
1779 1278 1979 1318 sacrilegium
2001 1288 2070 1308 non
2090 1278 2206 1309 sufficit
2229 1278 2319 1318 quod
2341 1279 2381 1308 sit
2402 1276 2630 1309 administratio

1566 1321 1605 1351 ab
1628 1321 1762 1352 homine
1786 1321 1889 1358 malo,
1906 1321 1970 1352 ‘sed
1993 1322 2127 1362 exigitur
2150 1321 2240 1362 quod
2262 1323 2303 1352 sit
2325 1322 2422 1352 etiam
2443 1332 2462 1352 a
2483 1322 2630 1352 ministro

1566 1375 1604 1395 ex
1621 1365 1729 1396 officio
1753 1371 1789 1396 ut
1812 1365 1866 1396 sic.
1898 1366 1940 1396 Et
1962 1366 2042 1396 ratio
2067 1371 2113 1396 est
2136 1367 2291 1406 assignata
2313 1366 2347 1396 in
2369 1366 2473 1396 littera
2487 1367 2522 1396 ἰ
2555 1366 2631 1406 quia

1565 1410 1680 1440 sanctis
1703 1410 1884 1440 ministeriis
1900 1419 1968 1440 non
1983 1410 2044 1440 nisi
2068 1415 2194 1441 sanctus
2213 1411 2364 1441 convenit
2379 1411 2538 1447 minister;
2564 1410 2630 1450 qui,

1564 1462 1623 1493 per
1645 1463 1679 1484 se
1702 1453 1879 1494 loquendo,
1903 1463 1971 1485 non
1995 1459 2042 1485 est
2063 1455 2125 1485 nisi
2146 1455 2290 1485 minister
2313 1464 2351 1485 ex
2374 1453 2492 1485 officio.

2657 1364 2869 1393 ''lacot-pandi.

1231 1607 1550 1650 ARTICULUS
1581 1607 1850 1650 SEPTIMUS

957 1701 1114 1733 UTRUM
1137 1700 1300 1732 ANGELr
1323 1700 1518 1732 POSSENT
1541 1700 1839 1731 SACRAMENTA
1862 1700 2126 1732 MINISTRARE

1082 1781 1115 1805 1v
1134 1781 1216 1810 Sent„
1237 1780 1297 1806 dist.
1313 1788 1338 1811 v,
1358 1779 1402 1812 quss
1421 1788 1449 1811 π,
1468 1784 1515 1805 art.
1535 1779 1563 1808 3;
1583 1780 1617 1805 lV
1638 1780 1715 1805 Com.
1736 1781 1823 1810 Gent„
1843 1787 1899 1813 cap.
1918 1788 1999 1805 Lxxrv.

536 1880 543 1894 t
568 1887 611 1909 s
658 1873 680 1897 D
700 1872 880 1898 SEPTIMUM
899 1872 951 1897 sm
972 1871 1209 1897 PROCEDITUR.
1230 1858 1392 1896 Videtur
1405 1859 1512 1908 quod

576 1919 577 1922 ’
600 1907 610 1912 ⁴
659 1913 781 1961 angeli
805 1921 962 1962 possent
983 1918 999 1934 α
1024 1920 1262 1949 sacramenta
1285 1911 1511 1949 ministrare.

645 1965 862 2015 Quidquid
905 1965 1010 2003 enim
1047 1973 1172 2015 potest
1208 1964 1380 2002 minister
1421 1964 1512 2001 infe-

504 2036 519 2049 «
539 2022 595 2048 5'1‘
619 2013 746 2066 Krior,
767 2027 892 2068 potest
919 2026 955 2055 et
985 2018 1171 2068 superior,
1197 2017 1295 2055 sicut
1322 2017 1512 2067 quidquid

448 2079 573 2122 potest
609 2072 814 2118 diaconus,
853 2079 978 2121 potest
1014 2079 1051 2108 et
1087 2071 1286 2108 sacerdos:
1330 2071 1398 2107 sed
1432 2082 1512 2107 non

449 2125 692 2162 convertitur.
724 2125 801 2162 Sed
829 2124 951 2172 angeli
981 2132 1070 2162 sunt
1098 2123 1315 2173 superiores
1352 2123 1514 2160 ministri

450 2178 489 2215 in
522 2178 656 2216 ordine
692 2177 928 2215 hierarchico
964 2189 1085 2227 quam
1122 2177 1238 2214 etiam
1274 2176 1513 2226 quicumque

450 2231 647 2268 homines:
694 2239 737 2268 ut
777 2238 879 2280 patet
918 2243 988 2280 per
1029 2230 1285 2280 Dionysium,
1330 2229 1370 2266 in
1415 2229 1512 2266 libro

453 2284 552 2322 Cael.
583 2285 692 2321 Hier.
713 2284 733 2305 '¹‘
761 2285 874 2332 Ergo,
895 2296 987 2321 curn
1015 2283 1195 2321 homines
1227 2282 1374 2333 possint
1401 2282 1513 2320 mini-

450 2345 566 2374 strare
586 2337 625 2373 in
654 2337 910 2384 sacramentis,
930 2337 1083 2374 videtur
1106 2337 1214 2386 quod
1241 2337 1364 2373 multo
1393 2336 1514 2384 magis

449 2390 581 2438 angeli.

504 2455 538 2480 2.
569 2444 800 2490 PRAETEREA,
822 2442 1001 2480 homines
1029 2442 1148 2480 sancti
1171 2441 1430 2479 assimilantur
1447 2453 1513 2478 an-

449 2496 540 2544 gelis
560 2496 599 2533 in
627 2498 746 2543 caelo,
766 2503 808 2533 ut
836 2495 973 2533 dicitur
991 2496 1126 2533 Matth.
1147 2507 1217 2532 xxn
1235 2494 1266 2532 *.
1298 2495 1375 2532 Sed
1396 2494 1514 2544 aliqui

450 2549 568 2586 sancti
596 2549 635 2586 in
663 2551 768 2586 caelo
795 2549 994 2586 existentes
1018 2556 1180 2598 possunt
1199 2547 1214 2578 β
1242 2547 1454 2584 ministrare
1473 2547 1514 2584 in

450 2602 712 2639 sacramentis:
742 2602 833 2651 quia
852 2603 1047 2639 character
1078 2600 1360 2639 sacramentalis
1380 2608 1435 2637 est
1457 2600 1513 2637 in-

450 2655 631 2701 delebilis,
652 2663 694 2692 ut
721 2655 868 2692 dictum
896 2663 952 2692 est
969 2655 1000 2692 *.
1030 2655 1132 2703 Ergo
1151 2654 1303 2691 videtur
1331 2653 1438 2703 quod
1461 2661 1513 2691 et-

450 2708 528 2746 iam
556 2708 679 2756 angeli
707 2708 746 2745 in
774 2708 888 2746 sacris
915 2708 1062 2758 possint
1090 2707 1315 2745 ministrare.

506 2761 540 2798 3.
570 2762 809 2809 PRAETEREA,
839 2761 935 2798 sicut
972 2773 1089 2811 supra
1107 2760 1127 2782 '¹‘
1153 2760 1300 2798 dictum
1332 2767 1404 2807 est,
1434 2759 1513 2796 dia-

450 2815 562 2851 bolus
591 2822 646 2851 est
673 2822 788 2864 caput
816 2816 1022 2861 malorum,
1043 2822 1079 2851 et
1102 2814 1193 2851 mali
1221 2821 1310 2850 sunt
1336 2813 1514 2850 membra

450 2867 544 2905 eius.
575 2868 652 2905 Sed
680 2880 750 2917 per
776 2869 899 2905 malos
927 2875 1090 2917 possunt
1118 2866 1329 2917 dispensari
1347 2872 1363 2894 Υ
1391 2877 1513 2903 sacra-

451 2928 590 2958 menta.
621 2921 722 2969 Ergo
742 2920 894 2957 videtur
921 2920 1029 2970 quod
1058 2920 1173 2957 etiam
1200 2932 1270 2970 per
1288 2920 1511 2956 daemones.

505 2974 579 3011 SED
599 2986 744 3011 CONTRA
769 2986 835 3011 EST
859 2974 965 3023 quod
989 2973 1127 3010 dicitur
1154 2975 1252 3011 Heb.
1273 2985 1296 3010 v
1314 2972 1351 3009 *z
1386 2973 1514 3010 Omnis

444 3028 628 3075 pontifex,
658 3039 707 3064 ex
733 3028 942 3064 hominibus
969 3033 1186 3076 assumptus,
1202 3038 1276 3076 pro
1304 3027 1514 3063 hominibus

451 3081 679 3116 constituitur
706 3081 744 3116 in
772 3081 828 3116 his
859 3092 954 3130 quae
979 3086 1063 3117 sunt
1090 3080 1141 3117 ad
1163 3081 1298 3117 Deum.
1343 3079 1420 3116 Sed
1447 3090 1512 3115 an-

451 3131 524 3179 geli
550 3131 644 3170 boni
662 3134 725 3168 vel
743 3132 834 3169 mali
862 3145 943 3170 non
962 3140 1050 3170 sunt
1078 3145 1125 3169 ex
1143 3132 1380 3170 hominibus.
1410 3132 1512 3178 Ergo

453 3184 525 3234 ipsi
552 3196 632 3221 non
661 3184 943 3222 constituuntur
970 3185 1131 3222 ministri
1160 3185 1199 3222 in
1227 3185 1286 3221 his
1305 3196 1406 3234 quae
1426 3191 1515 3221 sunt

453 3237 502 3274 ad
530 3237 671 3283 Deum,
701 3237 797 3274 idest
824 3237 863 3274 in
891 3237 1147 3285 sacramentis.
1332 3240 1334 3243 '

506 3291 731 3328 RESPONDEO
764 3302 946 3327 mOENDUM
981 3290 1105 3339 quod,
1137 3289 1233 3327 sicut
1267 3301 1384 3338 supra
1407 3288 1428 3310 ‘¹‘
1460 3288 1514 3326 di-

507 3421 534 3456 α)
549 3425 667 3454 possent.
685 3435 704 3440 —
720 3422 824 3453 possint
842 3422 871 3447 P.

507 3457 532 3493 β)
549 3461 671 3490 possunt.
688 3472 707 3478 -
720 3461 832 3490 possent
850 3457 910 3483 ΡΠ.

1568 1866 1674 1895 ctum
1702 1867 1768 1906 est,
1797 1867 1876 1896 tota
1903 1859 2024 1897 virtus
2052 1868 2379 1898 sacramentorum
2409 1874 2432 1898 a
2453 1861 2633 1912 passione

1570 1911 1709 1948 Christi
1723 1912 1928 1956 derivatur,
1945 1924 2044 1962 quae
2064 1921 2119 1950 est
2135 1913 2274 1950 Christi
2293 1914 2511 1952 secundum
2525 1914 2633 1964 quod

1568 1965 1703 2002 homo.
1725 1964 1798 2002 Cui
1818 1965 1858 2002 in
1877 1973 2014 2003 natura
2032 1965 2323 2004 conformantur
2340 1967 2532 2015 homines,
2551 1979 2633 2006 non

1568 2025 1699 2055 autem
1727 2017 1869 2066 angeli:
1906 2018 1974 2055 sed
2001 2018 2129 2068 potius
2167 2020 2381 2057 secundum
2411 2020 2633 2070 passionem

1568 2070 1706 2108 dicitur
1739 2071 1885 2108 modico
1923 2073 1970 2109 ab
2007 2072 2153 2122 angelis
2187 2074 2414 2120 minoratus,
2451 2081 2496 2110 ut
2530 2082 2634 2123 patet

1567 2125 1666 2161 Heb.
1688 2135 1709 2161 11
1723 2123 1753 2161 ³¹⁸.
1789 2125 1839 2161 Et
1865 2123 1954 2161 ideo
1989 2125 2038 2162 ad
2075 2125 2254 2162 homines
2288 2124 2450 2176 pertinet
2481 2126 2632 2177 dispen-

1568 2189 1651 2213 sare
1671 2184 1908 2215 sacramenta
1935 2185 1972 2214 et
1999 2177 2038 2214 in
2067 2177 2120 2215 eis
2148 2177 2372 2228 ministrare,
2392 2191 2474 2217 non
2501 2187 2632 2220 autem

1568 2230 1617 2267 ad
1645 2231 1811 2278 angelos.

1622 2282 1835 2320 Sciendum
1862 2291 1992 2321 tamen
2028 2284 2157 2333 quod,
2187 2283 2283 2321 sicut
2316 2285 2423 2322 Deus
2450 2285 2632 2324 virtutem

1569 2348 1681 2372 suam
1709 2348 1790 2373 non
1817 2335 1980 2384 alligavit
2008 2337 2254 2374 sacramentis
2286 2337 2381 2387 quin
2403 2338 2524 2388 possit
2550 2338 2632 2376 sine

1568 2388 1815 2426 sacramentis
1852 2389 2034 2426 effectum
2071 2397 2400 2427 sacramentorum
2438 2391 2630 2440 conferre,
2661 2397 2664 2427 ἰ

1568 2441 1619 2478 ita
1646 2441 1762 2478 etiam
1789 2442 1970 2479 virtutem
1998 2454 2110 2479 suam
2138 2454 2218 2480 non
2246 2443 2409 2492 alligavit
2439 2444 2632 2484 Ecclesiae
2661 2450 2665 2455 '

1568 2493 1760 2542 ministris,
1789 2494 1884 2544 quin
1913 2495 2025 2533 etiam
2055 2495 2197 2544 angelis
2223 2496 2343 2546 possit
2361 2496 2543 2535 virtutem
2569 2497 2632 2536 tri-

1568 2547 1687 2584 buere
1715 2547 1955 2585 ministrandi
1982 2548 2022 2586 in
2049 2548 2306 2586 sacramentis.
2345 2550 2394 2586 Et
2421 2549 2513 2599 quia
2539 2550 2632 2589 boni

1568 2600 1691 2649 angeli
1719 2608 1807 2638 sunt
1833 2601 1958 2638 nuntii
1977 2601 2153 2649 veritatis,
2174 2602 2205 2639 si
2232 2601 2390 2652 aliquod
2415 2615 2632 2641 sacramen·

1567 2655 1640 2690 tale
1670 2653 1924 2691 ministerium
1946 2667 1968 2691 a
1986 2654 2099 2692 bonis
2126 2655 2268 2703 angelis
2294 2655 2554 2705 perficeretur,
2574 2669 2632 2694 es·

1569 2714 1624 2743 set
1651 2714 1779 2744 ratum
1797 2707 2043 2755 habendum,
2073 2707 2165 2757 quia
2183 2707 2340 2745 deberet
2359 2715 2532 2746 constare
2554 2709 2632 2748 hoc

1567 2759 1652 2796 fieri
1679 2761 1876 2797 voluntate
1896 2760 2044 2798 divina:
2074 2760 2171 2798 sicut
2198 2761 2392 2811 quaedam
2413 2763 2557 2811 templa
2575 2761 2631 2799 di-

1569 2820 1709 2855 cuntur
1736 2813 1907 2861 angelico
1935 2813 2146 2852 ministerio
2175 2821 2395 2852 consecrata
2412 2814 2442 2851 ⁸⁸.
2472 2814 2514 2852 Si
2535 2826 2630 2852 vero
2657 2821 2752 2870 2233
2765 2821 2872 2870 {⁴1³3}ssss

1569 2866 1791 2913 daemones,
1821 2866 1889 2916 qui
1917 2874 2006 2904 sunt
2036 2869 2184 2917 spiritus
2210 2867 2398 2904 mendacii
2411 2867 2443 2913 *‚
2473 2867 2631 2917 aliquod
2658 2875 2688 2924 {a
2706 2864 2870 2924 {ablum-

1568 2921 1840 2956 sacramentale
1869 2919 2124 2957 ministerium
2152 2919 2391 2967 exhiberent,
2420 2931 2502 2957 non
2534 2927 2632 2958 esset
2658 2917 2807 2976 gfiouymjl
2821 2916 2871 2953 2122

1567 2980 1694 3009 ratum
1722 2972 1959 3010 habendum.
2657 2960 2719 3029 {iiii
2736 2980 2808 3029 ’ἷῖὲί
2818 2986 2869 3029 ‘²2¹3’

1621 3026 1678 3062 AD
1707 3037 1843 3063 PRIMUM
1871 3038 1970 3063 ERGO
1997 3031 2179 3063 DICENDUM
2207 3025 2314 3074 quod
2333 3024 2426 3062 illud
2452 3026 2560 3075 quod
2577 3026 2630 3064 fa·
2657 3039 2695 3081 {3³
2713 3022 2871 3082 {nefravtgssl

1567 3077 1674 3115 ciunt
1700 3078 1879 3116 homines
1904 3077 2071 3116 inferiori
2098 3077 2231 3125 modo,
2251 3077 2391 3115 scilicet
2416 3090 2486 3127 per
2508 3091 2630 3117 sacra—
2657 3066 2870 3140 325323213324-4093

1567 3136 1699 3167 menta
1726 3130 1928 3178 sensibilia,
1957 3136 2174 3180 quaesunt
2200 3130 2490 3180 proportionata
2521 3139 2630 3170 natu-
2703 3130 2709 3140 ’
2777 3129 2783 3135 ’
2830 3128 2837 3135 ’

1568 3195 1632 3220 rae
1661 3182 1847 3232 ipsorum,
1876 3183 2019 3221 faciunt
2046 3183 2180 3231 angeli,
2199 3191 2386 3233 tanquam
2414 3185 2631 3234 superiores

1568 3235 1741 3284 ministri,
1763 3236 1952 3286 superiori
1978 3236 2111 3284 modo,
2132 3235 2271 3274 scilicet
2290 3236 2525 3275 invisibiliter
2540 3251 2631 3288 pur·
2658 3249 2740 3297 ἔξω
2751 3247 2872 3297 335⁶·

1568 3289 1715 3338 gando,
1745 3289 1989 3327 illuminando
2017 3296 2053 3326 et
2074 3289 2304 3339 perficiendo
2323 3289 2353 3326 *.
2707 3291 2713 3297 '
2788 3290 2804 3302 '’
2845 3280 2870 3303 ¹³⁹

2659 2133 2670 2145 ‘
2684 2133 2751 2156 Ver..
2767 2139 2788 2161 9.

2658 3308 2681 3329 v,
2697 3305 2753 3330 pm.
2769 3307 2784 3324 ι.

1621 3420 1649 3454 γ)
1668 3421 1827 3453 dispensari.
1844 3436 1864 3441 -
1882 3422 2033 3449 ministrari
2051 3423 2073 3448 H
2094 3427 2119 3448 et
2136 3423 2270 3449 editiones.
