2878 4088
89 1294 102 1306 ·
123 1291 160 1316 cf.
181 1297 221 1320 qu.
241 1297 303 1318 ιιι,

89 1322 132 1342 ιη.
146 1324 167 1347 2,
181 1317 210 1340 ad
223 1324 244 1347 3.

302 1996 447 2027 ”sensus
470 1996 503 2026 in
527 1994 646 2036 nuptiis
669 1994 825 2035 desuerit,
852 1998 974 2029 cetera,
1001 1993 1096 2023 etiam
1119 2002 1191 2022 cum
1222 1993 1290 2032 ipso
1315 1992 1401 2022 coitu
1416 2002 1442 2022 φ
1456 2003 1567 2024 sensus
1590 2002 1658 2023 non
1680 1993 1781 2032 possit
1804 2001 1872 2022 esse
1895 1998 2025 2022 coactus
2048 1992 2098 2022 vel
2121 1993 2290 2022 violentus.

299 2043 310 2049 ”
336 2040 506 2076 celebrata,
517 2040 740 2081 frustrantur.
1511 2046 1542 2076 4.
1558 2037 1754 2072 PRAETEREA,
1768 2036 1948 2067 dominium
1963 2037 2097 2066 libertati
2113 2037 2298 2076 opponitur.
2319 2036 2381 2067 Sed
2397 2038 2521 2067 coactio

575 197 838 243 QUAESTIO
868 197 1007 243 XLVI,
1028 193 1320 234 ARTICULUS
1348 193 1378 230 II
1397 214 1422 219 -
1443 192 1708 239 QUAESTIO
1738 194 1890 240 XLVII,
1911 195 2203 233 ARTICULUS
2232 197 2246 232 l
2454 196 2502 244 89

320 276 406 307 licite
428 277 633 316 promittitur.
666 276 839 306 Promissio
874 281 981 306 autem
1005 275 1044 306 de
1067 275 1171 306 alieno
1196 280 1243 305 est
1264 274 1382 304 illicita.
1439 272 1583 303 vendum
1606 272 1685 303 illud
1709 272 1748 302 ad
1772 272 1862 312 quod
1884 274 2058 304 tenebatur.
2084 274 2124 304 Et
2147 274 2220 304 ideo
2238 274 2353 305 sufficit
2376 275 2402 305 si
2421 276 2450 305 ei
2467 274 2506 305 de

321 320 415 352 Unde
431 318 613 351 >consensus
636 329 774 360 sequens
797 330 854 360 per
868 321 964 350 verba
980 319 1018 350 de
1037 320 1204 359 praesenti,
1222 328 1288 358 quo
1313 318 1384 358 quis
1439 317 1559 357 nuptiis
1583 316 1748 356 provideat
1763 317 1789 346 ἦ.
1822 317 1862 346 Et
1885 316 1924 347 ad
1947 318 2010 347 hoc
2031 319 2126 347 etiam
2146 328 2213 348 non
2232 324 2367 355 tenetur,
2383 323 2419 349 ut
2435 320 2506 359 qui-
2535 315 2611 336 'SR‘
2629 315 2748 336 m.Summ.

320 363 466 395 transfert
489 364 671 394 dominium
695 365 743 395 sui
761 365 903 404 corporis
926 365 958 394 in
975 364 1078 400 aliam,
1095 363 1170 394 facit
1192 362 1385 403 praecedens
1442 361 1516 391 dam
1532 362 1548 378 ᾖ
1565 361 1684 396 dicunt,
1702 361 1728 390 si
1747 369 1884 400 sponsus
1900 362 1939 390 sit
1954 361 2057 391 multo
2074 362 2213 392 melioris
2233 363 2435 399 conditionis,
2453 368 2507 393 aut
2534 342 2751 393 iiidtlrin'nfus'ii’if.

321 409 536 439 iuramentum
561 418 628 439 esse
650 409 806 445 illicitum,
824 408 912 448 quod
935 409 1022 448 prius
1044 408 1168 438 licitum
1192 413 1266 438 erat.
1442 405 1575 445 aliquod
1591 406 1718 445 signum
1742 404 1872 434 evidens
1888 404 2006 434 fraudis
2030 404 2141 435 fuerit:
2167 407 2241 446 quia
2257 408 2417 446 praesumi
2432 417 2506 447 pro·
2534 385 2748 448 fflgffiss'ffgfgs

376 453 427 483 An
452 463 614 483 snctmmm
630 463 790 483 memnon
813 451 903 492 quod
918 453 1030 482 veritas
1050 452 1156 482 divina
1171 451 1388 482 efficacissima
1409 458 1418 479 ς
1442 450 1586 480 babiliter
1610 454 1716 490 potest
1739 448 1828 488 quod
1851 458 1968 488 sponsa
1991 458 2059 478 non
2083 448 2176 479 fuerit
2200 449 2349 490 decepta,
2374 451 2430 481 sed
2453 451 2507 481 de·
2534 447 2688 495 253·A¹b²¹¹·
2703 447 2750 468 ¹⁰⁰·

323 503 369 527 est
393 497 432 527 ad
455 497 649 528 firmandum
672 496 751 527 illud
766 497 827 571 cfui
851 496 1026 526 adhibetur.
1443 494 1506 534 cipi
1530 503 1564 524 se
1586 493 1720 524 finxerit.

642 542 723 571 lutio
747 551 765 571 a
809 541 947 571 tertium.

378 541 794 616 Hlddztrtiiztsttmsomcnunuu
821 584 910 624 quod
933 585 1148 614 iuramentum
1168 582 1287 622 aliquid
1310 591 1388 621 ope·
1529 558 1781 623 QUAEST{0
1806 557 2421 602 QUADRAGESIMASEPTIMA

323 636 418 665 ratur,
435 640 503 661 non
525 639 644 660 novam
661 629 890 668 obligationem
913 628 1042 664 faciem,
1059 627 1115 657 sed
1132 627 1249 657 factam
1273 625 1389 656 confir·
1599 617 1643 641 DE
1663 616 1840 641 CONsENsU
1860 615 2001 640 COACTO
2020 615 2066 640 ET
2092 615 2354 641 CONDITIONATO

323 684 424 705 mans.
449 675 490 704 Et
512 675 556 705 sic
580 674 704 714 gravius
727 678 839 713 peccat
863 673 919 712 qui
943 682 1013 702 earn
1036 672 1143 702 violat.
1405 677 1430 692 ¹⁰
1507 680 1599 720 iemps
1629 669 1895 700 considerandum
1921 675 1967 699 est
1991 669 2030 700 de
2058 679 2216 700 consensu
2241 675 2353 700 coacto
2378 676 2408 700 et
2431 681 2508 702 con·
2536 717 2545 726 ·

546 747 645 778 ART.
663 747 700 777 ΙΙ.
724 756 829 776 urium
852 755 1000 775 mumius
1029 754 1167 780 corum,
1509 713 1665 744 dmonato
1682 715 1708 743 *.
2535 715 2639 764 “gg-qu.
2650 721 2702 742 xm,
2711 715 2749 737 1n-

1445 757 1539 788 Circa
1563 757 1652 797 quod
1675 762 1872 797 quaeruntur
1895 767 1958 787 sex.

1499 802 1623 831 Primo:
1647 807 1756 832 utrum
1780 802 1893 842 aliquis
1917 811 2092 832 consensus
2114 802 2215 842 possit
2239 812 2306 832 esse
2334 808 2474 833 coactus.

1500 845 1667 876 Secundo:
1700 851 1809 876 utrum
1841 846 1946 886 aliqua
1979 847 2103 876 coactio
2128 845 2218 876 cadat
2244 847 2277 876 in
2311 852 2508 877 constantem

440 801 516 822 POST
535 801 635 822 VERBA
658 801 698 820 DE
714 799 836 820 FUTURO
861 799 1040 819 CONSRNSUM
1062 798 1278 824 EXPRIMENTIA,

679 844 790 865 FACIAT
817 842 1035 863 MATRfflONIUM

684 883 767 911 Quodl.
784 883 814 909 V,
829 889 868 911 qu.
883 889 936 910 vui,
951 886 993 904 art.
1011 890 1030 904 ι.

1406 895 1428 916 ¹⁵
1533 890 1647 920 virum.

391 947 412 967 n
434 945 597 967 snctmnuu
620 944 666 965 src
687 943 892 964 Pnocnmrtm.
916 932 1050 963 Videtur
1066 932 1157 973 quod
1180 932 1311 962 camalis
1335 941 1389 962 co·
1500 933 1628 964 Tertio:
1653 939 1762 964 utrum
1786 944 1960 964 consensus
1985 940 2113 965 coactus
2137 934 2230 964 faciat
2257 936 2507 965 matrimonium.

329 951 476 1021 Apula,
504 985 579 1020 post
609 979 706 1009 verba
736 978 775 1008 de
799 977 908 1008 futuro
939 986 1133 1007 consensum
1164 977 1388 1016 exprimentia,
1500 977 1640 1016 Quarto:
1665 984 1773 1008 utrum
1797 988 1971 1009 consensus
1995 984 2124 1009 coactus
2148 978 2241 1009 faciat
2267 979 2507 1009 matrimonium

326 1025 420 1056 faciat
441 1023 691 1054 matrimonium.
716 1022 801 1060 Quia
815 1022 918 1052 maius
934 1026 981 1052 est
997 1022 1175 1051 consentire
1191 1020 1275 1051 facto
1293 1030 1389 1060 quam
1534 1032 1572 1052 ex
1595 1028 1683 1062 parte
1707 1023 1860 1062 cogentiS.

325 1069 435 1099 verbo.
460 1068 522 1099 Sed
537 1067 590 1098 ille
609 1068 666 1107 qui
682 1066 847 1097 carnaliter
869 1066 1105 1101 commiscetur,
1122 1065 1206 1096 facto
1231 1065 1390 1095 consentit
1500 1066 1639 1105 Quinto:
1663 1072 1772 1096 utrum
1796 1076 1970 1098 consensus
2001 1067 2237 1098 conditionatus
2266 1069 2508 1098 matrimonium

326 1113 532 1154 promissioni
555 1121 654 1152 quarn
676 1112 763 1151 prius
787 1110 870 1141 fecit.
906 1110 991 1150 Ergo
1014 1109 1139 1140 videtur
1168 1109 1258 1150 quod
1286 1109 1389 1139 multo
1405 1121 1431 1136 πο
1533 1111 1636 1141 faciat.

326 1158 427 1198 magis
449 1166 506 1197 per
528 1157 592 1186 hoc
615 1155 670 1186 fiat
692 1155 934 1185 matrimonium
957 1163 1055 1194 quam
1078 1154 1104 1184 si
1127 1154 1202 1184 solis
1225 1154 1327 1184 verbis
1351 1152 1390 1183 de
1501 1155 1613 1186 Sexto:
1639 1161 1747 1185 utrum
1771 1155 1883 1195 aliquis
1907 1157 2007 1196 possit
2031 1157 2103 1196 cogi
2126 1166 2144 1186 a
2166 1162 2254 1196 patre
2278 1156 2318 1187 ad
2344 1157 2508 1187 matrimo-

326 1201 485 1243 praesenti
508 1210 684 1231 consensus
706 1198 806 1230 fieret.
1533 1200 1624 1229 nium
1649 1199 1912 1230 contrahendum.
2350 1212 2353 1216 ⁴

384 1255 414 1276 2.
437 1245 634 1280 Primam,
648 1253 823 1274 consensus
834 1252 903 1273 non
918 1243 1024 1273 solum
1037 1251 1211 1283 expressus,
1224 1241 1279 1271 sed
1296 1242 1390 1272 etiam

328 1289 594 1330 interpretativus,
610 1289 685 1319 facit
700 1287 940 1318 maffimonium
957 1288 983 1317 κ.
1015 1286 1078 1318 Sed
1099 1287 1187 1316 mffla
1202 1291 1307 1326 potest
1323 1295 1392 1316 esse
1489 1274 1588 1305 ART.
1606 1275 1628 1304 I.
1652 1284 1757 1304 UTRUM
1772 1284 1894 1304 Ames
1918 1284 2087 1304 corzsmsus
2108 1283 2211 1304 Possm
2234 1284 2303 1304 esse
2327 1284 2463 1304 COAcrus

329 1334 669 1373 maiorinterpretatio
686 1341 860 1364 consensus
885 1341 982 1371 quam
999 1331 1130 1361 carnalis
1154 1331 1280 1370 copula.
1305 1330 1390 1369 Ergo
1406 1341 1430 1361 25
1609 1325 1632 1345 ¹³²
1646 1324 1699 1350 ¹¹⁸²
1715 1330 1754 1351 ‘¹¹¹‘
1770 1330 1801 1350 v¹’
1817 1328 1859 1345 m
1873 1331 1900 1350 ⁴³
1916 1323 1937 1344 ¹¹
1951 1323 2024 1350 Sent„
2040 1323 2092 1344 ⁰¹³⁵*
2108 1330 2162 1350 ’ω’
2177 1330 2217 1350 qu·
2234 1330 2250 1350 ¹²
2266 1327 2308 1345 θη·
2323 1329 2343 1345 ²·

329 1378 492 1419 perficitur
513 1377 755 1408 matrimonium
777 1385 835 1416 per
857 1376 930 1406 hoc.
1511 1385 1531 1405 Ι)
1555 1385 1672 1405 ramim
1688 1385 1733 1405 sm
1752 1384 1955 1405 PROCEDITUR.
1979 1374 2113 1405 Videtur
2135 1374 2224 1415 quod
2244 1375 2351 1405 nullus
2374 1385 2508 1406 consen-

386 1422 416 1453 3.
440 1422 636 1457 Pmmnm,
653 1422 757 1451 omnis
781 1420 967 1450 coniunctio
989 1419 1119 1449 carnalis
1142 1423 1265 1459 praeter
1287 1418 1393 1448 matri-
1449 1388 1565 1450 Asus
1593 1420 1694 1459 possit
1724 1429 1791 1449 esse
1815 1424 1953 1449 coactus
1986 1419 2120 1449 Coactio
2145 1420 2230 1450 enim
2249 1420 2282 1449 in
2305 1419 2405 1449 libero
2429 1420 2510 1449 arbi-

330 1467 479 1498 monium
501 1465 583 1496 facta
607 1471 653 1496 est
675 1469 854 1506 peccatum.
878 1464 941 1494 Sed
956 1463 1071 1494 mulier
1086 1473 1154 1493 non
1176 1462 1300 1493 videtur
1318 1471 1402 1502 pec-·
1447 1465 1509 1494 trio
1533 1464 1645 1495 cadere
1667 1473 1735 1494 non
1768 1468 1873 1503 potest
1896 1463 2074 1493 secundum
2107 1464 2246 1503 aliquem
2279 1469 2395 1493 statum
2425 1465 2508 1494 eius:

333 1521 404 1543 care
426 1510 595 1541 admittens
617 1518 774 1550 sponsum
797 1507 837 1538 ad
859 1508 1017 1538 carnalem
1041 1507 1201 1547 copulam.
1230 1507 1315 1546 Ergo
1338 1515 1396 1546 per
1449 1513 1485 1538 ut
1507 1509 1540 1538 in
1564 1509 1591 1538 II
1614 1509 1706 1544 libro,
1731 1507 1801 1537 dist.
1828 1517 1888 1537 xxv
1903 1508 1930 1543 ἢ,
1947 1507 2068 1538 dictum
2091 1513 2147 1538 est.
2181 1507 2244 1538 Sed
2267 1517 2442 1538 consensus
2466 1513 2512 1538 est
2539 1511 2756 1539 ·Cap.Es³enam-

332 1557 396 1587 hoc
418 1554 454 1586 fit
476 1555 727 1585 matrimonium.
1237 1591 1241 1596 ⁵
1411 1564 1436 1584 3⁰
1451 1557 1538 1582 actus
1561 1553 1651 1582 liberi
1675 1552 1802 1582 arbitrii.
1827 1552 1912 1591 Ergo
1935 1561 2003 1581 non
2025 1557 2132 1591 potest
2155 1561 2222 1582 esse
2246 1558 2385 1582 coactus.
2539 1544 2590 1566 ‘¹¹⁴²'

386 1608 419 1638 4.
442 1599 639 1634 Pium-renna,
663 1607 728 1627 non
752 1597 926 1627 remittitur
941 1601 1110 1636 peccatum
1127 1595 1189 1625 nisi
1208 1595 1398 1625 restituatur
1507 1606 1536 1627 2.
1561 1597 1756 1631 Pmnrnnm,
1773 1596 1960 1630 violentum,
1978 1595 2067 1635 quod
2084 1601 2130 1626 est
2145 1596 2230 1626 idem
2247 1596 2337 1636 quod
2353 1602 2512 1632 coactum,

299 1662 305 1674 ‚
333 1644 475 1675 ablatum
491 1644 518 1672 ³².
542 1641 605 1673 Sed
628 1641 742 1681 aliquis
764 1650 833 1671 non
860 1645 965 1680 potest
992 1639 1118 1670 mulieri
1142 1648 1240 1679 quam
1263 1637 1398 1668 deflora-
1451 1640 1629 1671 secundum
1653 1640 1887 1679 Philosophum
1903 1641 1929 1675 *‚
1954 1645 2000 1669 est
2015 1639 2107 1669 cuius
2123 1640 2321 1680 principium
2345 1645 2391 1670 est
2409 1645 2513 1676 extra,
2543 1648 2552 1657 ‘
2567 1646 2641 1667 Ειιιῐε.
2657 1646 2696 1667 lib.
2714 1631 2756 1667 111'

295 1684 306 1721 “.
332 1689 378 1719 vit
391 1688 450 1717 sub
466 1687 574 1726 specie
589 1685 794 1721 matrimonii,
810 1685 974 1714 restituere
989 1684 1140 1719 ablatum,
1157 1683 1218 1713 nisi
1234 1692 1304 1712 eam
1321 1691 1398 1712 con·
1453 1685 1533 1714 nihil
1556 1684 1742 1725 conserente
1765 1684 1827 1713 vim
1846 1693 1955 1723 passo.
1991 1683 2053 1713 Sed
2077 1685 2181 1713 omnis
2205 1693 2379 1714 consensus
2399 1685 2516 1724 princi·
2543 1679 2594 1700 ⁰⁸¹³·
2609 1679 2626 1699 ¹*
2641 1678 2663 1693 ¹¹·
2678 1679 2699 1701 3*
2712 1672 2755 1694 ‘S'

242 1749 306 1779 m,
332 1732 421 1771 iugio
445 1730 550 1761 ducat.
575 1730 660 1769 Ergo
690 1728 815 1759 videtur
838 1727 927 1768 quod
951 1728 976 1757 si
1006 1728 1119 1764 etiam,
1143 1732 1217 1767 post
1240 1727 1399 1756 carnalem
1452 1729 1544 1770 pium
1561 1733 1607 1758 est
1623 1729 1713 1758 intra.
1741 1727 1827 1766 Ergo
1851 1727 1957 1757 nullus
1981 1737 2155 1757 consensus
2171 1733 2277 1767 potest
2293 1737 2360 1758 esse
2376 1733 2515 1758 coactus.

2542 1699 2588 1721 Th.
2603 1699 2655 1720 lect.
2670 1705 2687 1720 ι.

334 1775 495 1816 copulam,
513 1783 588 1804 cum
603 1773 664 1804 alia
679 1773 870 1803 contraxerit
884 1781 941 1812 per
956 1772 1053 1801 verba
1068 1771 1108 1802 de
1123 1771 1291 1811 praesenti,
1309 1769 1399 1810 quod
1415 1783 1437 1803 35
1510 1772 1539 1803 3.
1564 1772 1759 1807 PRAnrnnssA,
1777 1780 1874 1801 omne
1890 1776 2060 1811 peccatum
2076 1781 2235 1801 consensu
2258 1771 2430 1812 perficitur.
2455 1772 2518 1803 Sed

319 1824 478 1850 ‘teneatur
500 1818 541 1849 ad
562 1818 699 1858 primam
721 1816 832 1847 redire.
857 1815 956 1854 Quod
974 1825 1042 1846 non
1066 1821 1147 1846 esset
1169 1815 1327 1845 nisiinter
1344 1824 1400 1844 eos
1453 1816 1533 1847 illud
1557 1825 1623 1856 quo
1646 1815 1809 1856 perficitur
1831 1821 2010 1855 peccatum,
2028 1816 2100 1855 cogi
2122 1825 2190 1845 non
2213 1821 2335 1855 potest:
2360 1817 2445 1856 quia,
2471 1826 2518 1846 se-

334 1869 416 1895 esset
437 1863 689 1893 matrimonium.
713 1861 798 1901 Ergo
819 1860 950 1890 carnalis
973 1860 1100 1900 copula,
1117 1865 1190 1900 post
1206 1868 1401 1889 consensum
1455 1860 1599 1891 cundum
1621 1860 1839 1900 Augustinum
1855 1860 1882 1895 ἦ
1909 1860 2018 1890 nullus
2040 1864 2157 1899 peccat
2183 1861 2216 1890 in
2240 1870 2278 1890 eo
2302 1860 2388 1900 quod
2418 1861 2521 1891 vitare
2547 1863 2607 1893 {De
2625 1862 2757 1884 lib-Arbit-

335 1908 376 1939 de
397 1907 517 1943 futuro,
534 1906 610 1937 facit
630 1906 883 1936 matrimonium.
1456 1915 1520 1935 non
1539 1909 1655 1945 potest.
1681 1903 1767 1934 Cum
1791 1913 1866 1943 ergo
1889 1904 1936 1933 vis
1960 1914 1978 1934 a
2000 1904 2116 1934 iuristis
2131 1905 2148 1920 ⁴‘
2171 1903 2340 1934 definiatur
2362 1914 2430 1935 esse
2454 1914 2520 1935 ma·
2547 1889 2760 1943 l'ss'figi'xiffigbiss'd

390 1951 453 1983 ΞΠ)
477 1961 601 1981 CONTRA
623 1960 678 1980 Es'r
702 1949 792 1989 quod
819 1949 896 1979 dicit
925 1949 1078 1979 Nicolaus
1101 1948 1187 1988 Papa
1202 1949 1235 1977 ⁴³:
1260 1949 1296 1978 Si
1325 1957 1401 1977 con·
1456 1949 1537 1980 ioris
1561 1949 1608 1979 rei
1624 1949 1759 1988 impetus
1781 1948 1836 1988 qui
1852 1948 1964 1988 repelli
1987 1958 2051 1978 non
2063 1953 2178 1988 potest,
2195 1948 2319 1978 videtur
2338 1948 2428 1988 quod
2444 1959 2521 1979 con·
2547 1945 2758 1991 ss²'“³⁰a“⁸⁰⁸‘⁰··

393 2094 423 2115 2.
446 2084 647 2119 Pm’rma,
673 2081 763 2122 quod
786 2081 994 2120 consequitur
1017 2080 1058 2111 ad
1080 2080 1214 2120 aliquid,
1237 2089 1305 2118 non
1329 2079 1404 2110 facit
1457 2082 1497 2112 ad
1520 2081 1701 2112 dominium
1724 2081 1869 2120 pertinet,
1894 2086 1930 2110 ut
1952 2086 2039 2120 patet
2062 2081 2095 2110 in
2125 2080 2263 2120 quadarn
2286 2081 2385 2111 Tullii
2409 2080 2520 2111 defini-

336 2130 453 2170 ipsum.
478 2127 541 2159 Sed
564 2127 696 2158 carnalis
720 2125 838 2165 copula
861 2125 1004 2165 sequitur
1025 2125 1133 2164 ipsum
1151 2125 1402 2160 matrimonium,
1456 2127 1546 2156 tione
1561 2126 1596 2155 *t
1622 2124 1697 2155 dicit
1720 2125 1806 2155 enim
1830 2124 1919 2164 quod
1948 2125 1995 2154 vis
2019 2130 2065 2154 est
2088 2125 2221 2165 impetus
2253 2125 2449 2155 dominantis
2473 2135 2522 2155 re·
2549 2131 2758 2161 ·Videb.A1bqrt.

337 2174 420 2211 sicut
435 2171 566 2203 effectus
578 2180 717 2201 causam.
738 2170 823 2209 Ergo
840 2179 908 2199 non
919 2174 1025 2209 potest
1036 2168 1140 2199 facere
1151 2169 1402 2198 matrimonium.
1458 2171 1563 2200 linens
1586 2179 1653 2199 rem
1677 2169 1764 2199 intra
1792 2169 1946 2199 terminos
1969 2169 2102 2199 alienos.
2138 2169 2223 2208 Ergo
2246 2170 2292 2198 vis
2323 2170 2356 2199 in
2386 2170 2522 2200 liberum
2548 2158 2581 2179 1v
2599 2158 2679 2184 δέῃ’
2706 2157 2759 2178 ‘³¹⁵¹'

2548 2191 2602 2206 1¹11
2629 2188 2671 2206 aft-
2687 2191 2707 2206 ¹-

392 2217 582 2247 Rusponmzo
613 2224 773 2245 monimum
805 2213 895 2253 quod
929 2213 968 2243 de
996 2213 1201 2243 matrimonio
1231 2222 1404 2253 possumus
1418 2222 1442 2242 45
1459 2215 1622 2245 arbitrium
1646 2223 1713 2243 non
1737 2213 1829 2243 cadit.
1864 2213 1905 2243 Et
1935 2214 1978 2243 ita
2009 2223 2070 2243 nec
2093 2214 2126 2243 in
2150 2223 2343 2243 consensum
2356 2237 2363 2250 ‚
2391 2214 2447 2254 qui
2476 2219 2522 2244 est
2608 2201 2613 2211 ’

338 2261 430 2301 loqui
453 2260 632 2300 dupliciter.
656 2259 731 2289 Uno
747 2257 858 2294 m0d0‚
876 2263 1033 2297 quantum
1049 2257 1089 2287 ad
1111 2256 1218 2287 forum
1237 2257 1404 2287 conscien-
1459 2264 1547 2289 actus
1571 2258 1649 2288 eius.
2342 2285 2344 2287 ,

338 2306 411 2336 tiae.
435 2305 476 2335 Et
499 2305 543 2334 sic
566 2304 600 2334 in
615 2304 661 2333 rei
683 2302 814 2332 veritate
830 2302 962 2332 carnalis
986 2301 1103 2341 copula
1117 2311 1186 2331 non
1204 2301 1299 2331 habet
1315 2300 1405 2341 quod
1514 2302 1576 2333 San
1601 2311 1734 2338 CONTRA,
1750 2300 1829 2331 illud
1845 2301 1935 2341 quod
1951 2311 2018 2331 esse
2040 2311 2108 2331 non
2124 2306 2238 2341 potest,
2255 2311 2323 2332 non
2345 2307 2452 2342 potest
2467 2302 2522 2332 ali-

339 2348 483 2390 perficiat
505 2347 747 2378 matrimonium
777 2347 867 2376 cuius
897 2346 1056 2386 sponsalia
1086 2351 1325 2386 praecesserunt
1348 2355 1406 2385 per
1460 2346 1538 2387 quid
1560 2345 1726 2386 impedire.
1752 2345 1814 2376 Sed
1839 2346 1962 2375 coactio
1994 2355 2168 2375 consensus
2198 2346 2332 2385 impedit
2359 2347 2522 2376 matrimo-

322 2393 436 2424 'verba
451 2391 490 2423 de
514 2391 633 2427 futuro,
651 2391 677 2421 si
693 2400 868 2420 consensus
890 2391 1022 2420 interior
1038 2390 1133 2420 desit:
1159 2390 1235 2429 quia
1252 2390 1348 2420 verba
1364 2389 1404 2420 de
1459 2391 1560 2426 nium,
1578 2396 1614 2420 ut
1636 2391 1670 2420 in
1692 2390 1795 2420 littera
1809 2390 1826 2406 ⁴*
1849 2389 1973 2420 dicitur.
1998 2389 2084 2429 Ergo
2108 2399 2282 2420 consensus
2311 2391 2384 2430 cogi
2406 2395 2521 2430 potest.
2549 2396 2698 2422 ·Dist.xx1x,
2709 2402 2761 2423 cap.

340 2436 498 2478 praesenti
518 2436 614 2466 etiam
629 2444 823 2465 consensum
839 2435 1056 2474 exprimentia,
1072 2435 1098 2464 si
1118 2443 1292 2464 consensus
1314 2443 1405 2464 men·
1420 2441 1446 2461 5⁰
1519 2444 1547 2465 2.
1571 2435 1774 2470 PRAETEREA,
1798 2434 1832 2464 in
1854 2434 2060 2464 matrimonio
2092 2439 2138 2464 est
2168 2434 2299 2474 quidam
2330 2440 2521 2465 contractus.
2549 2429 2564 2444 ¹·

341 2481 410 2512 talis
433 2480 566 2516 deesset,
582 2489 651 2510 non
673 2479 814 2509 facerent
835 2479 1078 2508 matrimonium
1093 2479 1119 2508 ’ἃ
1460 2479 1523 2510 Sed
1545 2479 1578 2509 in
1598 2479 1812 2508 contractibus
1827 2483 1932 2518 potest
1948 2487 2016 2508 esse
2038 2478 2186 2508 voluntas
2211 2483 2336 2508 coacta:
2360 2478 2446 2509 unde
2461 2479 2523 2508 Le-

396 2525 471 2555 Alio
495 2523 606 2560 modo,
623 2528 781 2563 quantum
804 2523 844 2553 ad
870 2522 1026 2553 iudicium
1055 2522 1227 2552 Ecclesiae.
1262 2522 1303 2552 Et
1330 2523 1407 2562 quia
1459 2524 1588 2563 gislator
1610 2523 1643 2552 in
1665 2523 1825 2562 integrum
1855 2522 2088 2552 restitutionem
2121 2521 2294 2558 adiudicat,
2320 2527 2426 2552 ratum
2457 2532 2522 2552 non

309 2586 314 2592 ·
341 2571 376 2600 in
399 2569 547 2600 exteriori
567 2567 687 2599 iudicio
711 2566 889 2597 secundum
913 2576 950 2597 ea
971 2576 1055 2607 quae
1068 2567 1162 2608 foris
1185 2571 1301 2607 patent
1318 2567 1334 2583 ⁴*
1357 2568 1405 2596 iu-
1459 2568 1578 2598 habens
1599 2566 1686 2607 quod
1708 2567 1739 2596 vi
1761 2571 1901 2596 metusve
1929 2575 2028 2596 causa
2049 2567 2181 2607 sactum
2205 2571 2252 2596 est
2266 2567 2292 2597 *ἢ
2327 2567 2412 2607 Ergo
2437 2572 2468 2597 et
2490 2568 2523 2597 in
2550 2573 2763 2600 ‘Dig.1V‚n,Quod

343 2613 474 2649 dicatur,
492 2622 567 2643 cum
589 2611 669 2642 nihil
691 2612 792 2651 possit
814 2611 990 2651 expressius
1009 2610 1190 2650 significare
1212 2620 1406 2641 consensum
1459 2611 1666 2643 matrimonio
1689 2615 1796 2651 potest
1819 2620 1887 2640 esse
1910 2619 2085 2640 consensus
2109 2615 2248 2640 coactus.
2550 2601 2760 2653 Kegscausaetc.‚

343 2667 441 2698 quam
465 2657 596 2688 carnalis
621 2655 748 2695 copula,
769 2655 948 2685 secundum
970 2655 1125 2685 iudicium
1154 2655 1316 2685 Ecclesiae
1340 2665 1406 2685 car-
1421 2661 1444 2682 55
1514 2656 1703 2686 Ruspoimao
1727 2665 1887 2684 metuntur
1910 2654 2000 2694 quod
2023 2653 2140 2694 duplex
2165 2660 2211 2684 est
2234 2655 2358 2685 coactio
2381 2655 2432 2685 vel
2454 2655 2524 2685 vio-

342 2701 422 2733 nalis
445 2701 564 2741 copula
579 2709 780 2739 consequens
803 2699 963 2739 sponsalia
977 2699 1219 2729 matrimonium
1238 2699 1341 2729 facere
1357 2700 1406 2730 iu-
1460 2700 1566 2730 lentia.
1591 2700 1663 2730 Una
1678 2709 1761 2739 quae
1777 2698 1852 2729 facit
1869 2699 2090 2729 necessitatem
2106 2699 2295 2729 absolutam.
2320 2699 2360 2729 Et
2378 2700 2440 2730 tale
2455 2700 2523 2729 vio—

270 2747 275 2752 '
306 2759 316 2796 j
343 2745 466 2776 dicatur
480 2746 514 2781 θ’,
537 2745 598 2775 nisi
621 2744 727 2784 aliqua
759 2744 848 2783 signa
880 2753 1025 2784 expressa
1048 2743 1114 2774 doli
1136 2743 1187 2773 vel
1209 2743 1328 2774 fraudis
1351 2753 1406 2784 ap-
1459 2745 1584 2775 lentum
1607 2743 1722 2774 dicitur
1745 2753 1763 2773 a
1785 2743 1984 2783 Philosopho
2007 2744 2024 2759 ὓ
2046 2743 2225 2773 violentum
2257 2743 2456 2783 simpliciter:
2488 2748 2524 2773 ut
2551 2749 2706 2771 ·Loc.cit,in
2714 2756 2761 2777 arg.

343 2795 483 2831 pareant.
1461 2798 1537 2819 cum
1561 2789 1632 2828 quis
1655 2787 1796 2827 aliquem
1820 2787 2026 2827 corporaliter
2043 2787 2178 2827 impellit
2201 2787 2240 2817 ad
2255 2793 2392 2817 motum.
2408 2806 2431 2809 —
2452 2788 2524 2817 Alia
2551 2783 2570 2798 ²·

399 2834 450 2864 An
474 2842 591 2863 ramum
606 2842 689 2863 eaeo
706 2841 866 2861 mmmmm
882 2830 972 2871 quod
987 2831 1039 2861 ille
1063 2831 1120 2871 qui
1135 2831 1300 2861 carnaliter
1318 2841 1407 2862 com·
1462 2841 1545 2873 quae
1567 2832 1643 2862 facit
1656 2832 1877 2862 necessitatem
1894 2830 2154 2861 conditionatam.
2179 2831 2219 2861 Et
2241 2831 2324 2861 hanc
2342 2837 2436 2861 vocat
2451 2832 2524 2861 Phi-

344 2879 505 2913 miscetur,
522 2876 606 2907 facto
631 2876 790 2906 consentit
812 2876 846 2905 in
869 2875 1027 2905 carnalem
1055 2875 1206 2915 copulam
1229 2875 1408 2906 secundum
1421 2887 1448 2908 60
1461 2877 1618 2917 Iosophus
1638 2877 1654 2893 ὓ
1677 2876 1856 2906 violentum
1887 2875 2044 2906 mixtum:
2074 2876 2156 2905 sicut
2187 2885 2262 2905 cum
2295 2875 2366 2915 quis
2397 2876 2525 2915 proiicit
2551 2880 2560 2890 “
2575 2878 2643 2905 lbid·‚
2658 2885 2680 2900 n.
2697 2878 2718 2900 6-

345 2923 391 2953 rei
411 2923 593 2952 veritatem:
618 2920 674 2951 sed
696 2921 730 2950 in
752 2920 994 2950 matrimonium
1015 2929 1084 2949 non
1107 2920 1266 2950 consentit
1284 2929 1322 2950 ex
1344 2920 1408 2950 hoc
1461 2930 1584 2951 merces
1606 2921 1640 2950 in
1663 2929 1750 2950 mare
1773 2929 1814 2950 ne
1832 2919 2035 2959 periclitetur.
2059 2919 2101 2949 Et
2115 2920 2149 2949 in
2164 2920 2225 2949 isto
2241 2919 2394 2955 violento,
2412 2929 2524 2959 quam-

345 2967 416 3007 ipso
439 2967 501 2996 nisi
523 2964 702 2996 secundum
725 2964 1020 3004 interpretationem
1041 2963 1128 2993 iuris.
1461 2965 1509 2995 vis
1531 2965 1595 2995 hoc
1615 2964 1704 3004 quod
1722 2963 1758 2994 fit
1773 2973 1842 2994 non
1864 2964 1903 2994 sit
1918 2974 1975 3003 per
1991 2973 2024 2994 se
2042 2963 2268 2999 voluntarium,
2284 2968 2401 2999 tamen,
2419 2964 2523 2993 consi-

400 3010 452 3041 An
476 3019 638 3040 summouit
660 3018 819 3039 mmmmm
835 3007 924 3048 quod
940 3008 1155 3047 interpretatio
1179 3007 1233 3037 illa
1246 3017 1315 3038 non
1336 3017 1409 3038 mu-
1463 3008 1576 3039 deratis
1593 3008 1845 3044 circumstantiis,
1865 3008 1917 3038 hic
1934 3013 1964 3038 et
1979 3018 2066 3038 nunc
2082 3008 2297 3037 voluntarium
2313 3013 2368 3037 est.
2393 3008 2434 3037 Et
2449 3008 2524 3047 quia

346 3059 392 3085 tat
412 3055 459 3084 rei
480 3054 654 3089 veritatem,
670 3052 727 3083 sed
744 3052 901 3083 iudicium
924 3051 1013 3091 quod
1033 3050 1073 3081 de
1094 3052 1188 3081 rebus
1212 3052 1348 3082 exterius
1362 3051 1408 3082 fit.
1463 3058 1555 3083 actus
1570 3053 1603 3082 in
1614 3052 1871 3092 particularibus
1888 3057 1964 3082 sunt
1978 3053 2004 3088 ἡ
2020 3051 2094 3082 ideo
2111 3052 2294 3091 simpliciter
2308 3051 2524 3082 voluntarium
2550 3054 2565 3083 ·,
2577 3053 2673 3075 Aristot.
2683 3052 2760 3074 13¹th-

401 3099 453 3129 An
476 3107 610 3128 run-rimu
633 3106 793 3127 mcmmtm
817 3095 915 3136 quod,
933 3096 959 3126 si
981 3105 1099 3136 sponsa
1117 3104 1273 3135 sponsum
1296 3095 1409 3126 admit-
1423 3107 1447 3133 65
1464 3102 1520 3133 est,
1537 3095 1593 3126 sed
1609 3096 1787 3127 secundum
1811 3095 1890 3136 quid
1904 3096 2164 3126 involuntarium.
2188 3095 2281 3126 Unde
2300 3096 2379 3125 haec
2401 3096 2524 3126 violen-
2550 3079 2762 3131 iibiolffil‘rctffi'egts

347 3147 393 3173 tat
414 3142 545 3173 credens
568 3151 643 3172 eum
659 3141 741 3172 velle
763 3141 1006 3171 matrimonium
1025 3149 1259 3176 consummare,
1280 3149 1409 3170 excusa-
1464 3141 1507 3171 tia
1529 3141 1580 3170 vel
1603 3141 1727 3171 coactio
1751 3145 1858 3180 potest
1880 3150 1948 3170 esse
1971 3139 2011 3171 de
2030 3149 2199 3175 consensu,
2216 3140 2272 3179 qui
2296 3145 2342 3169 est
2357 3145 2444 3169 actus
2466 3149 2524 3169 vo-
2550 3132 2760 3185 flgfflgfcgpgyg:

347 3191 399 3216 tur
421 3196 440 3216 a
453 3190 606 3226 peccato:
630 3186 691 3216 nisi
706 3186 813 3225 aliqua
828 3185 917 3225 signa
932 3193 1078 3224 expressa
1093 3183 1211 3214 fraudis
1227 3189 1408 3224 appareant,
1463 3185 1608 3215 luntatis:
1632 3194 1700 3215 non
1723 3189 1831 3214 autem
1854 3184 1966 3224 prima.
1997 3185 2039 3214 Et
2062 3185 2136 3224 quia
2166 3184 2243 3214 haec
2274 3184 2397 3213 coactio
2427 3183 2464 3213 fit
2487 3193 2524 3213 ex
2552 3185 2625 3208 8·”1Ἰι-
2635 3174 2715 3206 lect-'1-
2755 3174 2761 3184 ’

349 3230 430 3260 sicut
452 3230 478 3260 si
500 3235 574 3260 sunt
588 3230 728 3260 multum
751 3229 893 3259 distantis
917 3228 1108 3258 conditionis
1123 3228 1174 3257 vel
1196 3233 1355 3268 quantum
1370 3228 1411 3258 ad
1464 3229 1528 3259 hoc
1551 3228 1641 3268 quod
1662 3229 1793 3258 timetur
1815 3228 1947 3268 aliquod
1969 3229 2148 3269 periculum
2170 3228 2350 3264 imminens,
2370 3227 2443 3257 ideo
2466 3228 2525 3257 ista

348 3273 547 3304 nobilitatem
568 3274 620 3304 vel
643 3278 800 3314 quantum
823 3272 863 3303 ad
892 3272 1072 3308 fortunam,
1096 3271 1147 3302 vel
1170 3271 1256 3302 aliud
1283 3272 1410 3312 signum
1463 3273 1511 3303 vis
1533 3272 1620 3303 idem
1644 3277 1691 3302 est
1713 3272 1803 3312 quod
1826 3277 1936 3308 metus,
1954 3273 2010 3312 qui
2032 3273 2230 3302 voluntatem
2254 3272 2339 3311 cogit
2367 3271 2524 3311 quodam-

350 3316 478 3348 evidens
494 3322 651 3358 appareat.
674 3316 738 3348 Sed
753 3322 858 3347 tamen
876 3326 1013 3357 sponsus
1028 3321 1140 3357 peccat
1156 3321 1186 3346 et
1201 3315 1408 3353 fornicand03
1424 3331 1451 3352 70
1464 3316 1575 3347 modo.
1599 3315 1663 3347 Sed
1685 3317 1787 3356 prima
1809 3317 1856 3346 vis
1879 3316 1962 3347 cadit
1985 3321 2017 3347 et
2038 3317 2071 3347 in
2095 3316 2312 3356 corporalibus
2335 3315 2465 3346 actibus.

351 3366 391 3397 et,
409 3359 499 3400 quod
520 3361 592 3400 plus
616 3366 672 3397 est,
688 3360 799 3392 fraude
823 3370 921 3401 quam
943 3360 1028 3391 facit.
1519 3361 1562 3391 Et
1577 3361 1653 3400 quia
1668 3360 1844 3400 Legislator
1856 3360 2035 3391 considerat
2049 3370 2116 3391 non
2128 3360 2234 3390 solum
2249 3360 2413 3389 interiores
2426 3364 2524 3396 actus,

404 3404 456 3435 An
479 3414 627 3435 oum-run
648 3415 807 3436 mmmmm
823 3404 913 3445 quod
927 3405 961 3435 in
983 3404 1038 3435 tali
1061 3414 1136 3435 casu
1159 3414 1306 3444 sponsus,
1323 3409 1411 3435 ante—
1465 3404 1521 3435 sed
1543 3405 1643 3444 magis
1673 3405 1860 3441 exteriores,
1883 3404 1958 3435 ideo
1981 3414 2038 3445 per
2060 3405 2126 3435 vim
2149 3404 2293 3443 intelligit
2325 3404 2525 3434 coactionem

352 3457 450 3489 quam
465 3448 559 3478 aliam
581 3448 713 3485 duxerit,
729 3454 855 3479 tenetur
873 3459 945 3480 eam
963 3448 1079 3479 ducere
1094 3449 1128 3479 in
1150 3458 1285 3479 uxorem
1308 3449 1334 3478 si
1349 3449 1412 3478 sint
1466 3449 1664 3489 simpliciter:
1689 3453 1820 3488 propter
1835 3448 1925 3488 quod
1947 3449 2009 3479 vim
2026 3454 2136 3479 contra
2155 3453 2271 3478 metum
2287 3446 2397 3478 dividit
2412 3449 2438 3477 “.
2463 3447 2526 3478 Sed
2552 3445 2761 3474 'Dis-⁷¹⁰0·⁶st·›¹·

352 3492 492 3533 aequalis
525 3491 736 3528 conditionis,
761 3493 813 3523 vel
835 3493 862 3523 si
883 3503 1002 3533 sponsa
1023 3493 1064 3523 sit
1085 3493 1226 3523 melioris
1254 3492 1412 3523 conditio·
1465 3502 1553 3523 nunc
1577 3493 1678 3532 agitur
1697 3491 1736 3522 de
1753 3502 1911 3523 consensu
1933 3493 2085 3529 interiori,
2101 3493 2134 3523 in
2151 3501 2248 3532 quem
2271 3501 2338 3522 non
2355 3491 2437 3521 cadit
2452 3501 2525 3522 coa-

351 3537 411 3570 nis.
436 3535 498 3567 Sed
520 3537 547 3566 si
568 3535 662 3566 aliam
686 3535 818 3573 duxerit,
834 3536 936 3567 factus
959 3542 1006 3567 est
1022 3537 1088 3567 iam
1109 3537 1271 3577 impotens
1293 3536 1334 3567 ad
1349 3537 1412 3567 sol·
1426 3551 1450 3572 ⁷5
1467 3537 1531 3568 ctio
1555 3546 1612 3567 seu
1634 3537 1681 3567 vis
1705 3545 1788 3576 quae
1811 3546 1829 3567 a
1850 3542 1940 3567 metu
1964 3537 2174 3577 distinguitur.
2198 3536 2240 3566 Et
2262 3535 2346 3572 ide0,
2370 3540 2526 3575 quantum

494 3597 604 3621 Summi
623 3595 724 3621 Tnnor..
737 3596 768 3621 D.
787 3596 903 3621 Tnouaa
921 3596 953 3622 T.
973 3597 1015 3622 lx.
2335 3595 2384 3619 12*
