2918 4088
14 2453 52 2495 ’.ὓ

106 1316 120 1327 ·
133 1314 201 1337 vern.
217 1314 252 1337 «8.

107 1688 119 1698 ·
133 1685 172 1708 Pe.
181 1691 204 1713 1.,
214 1691 275 1708 vern.
288 1691 324 1712 ¹⁴.

108 1847 120 1858 ·
134 1845 200 1868 ven.
216 1851 250 1873 ¹7.

106 1953 202 1976 ’ναι
217 1959 250 1982 ¹³·

114 2697 125 2708 ·
131 2695 214 2718 Matth.
224 2700 275 2723 up.
283 2699 330 2722 xvi,

114 2728 174 2745 ven.
190 2727 226 2750 ⁸9-

114 2902 127 2915 *
142 2900 210 2924 Ιοιιι.
223 2906 275 2930 cap.
289 2907 329 2929 xx,

114 2933 178 2951 vm.
192 2933 226 2958 ²3·

984 213 1247 261 QUAESTIO
1276 212 1490 259 LXXXIV,
1519 210 1812 248 ARTICULUS
1840 211 1890 247 IV

2451 225 2520 261 291

346 297 512 337 distinguit
542 306 560 327 a
591 296 738 331 duobus,
771 295 891 326 scilicet
921 305 939 324 a
964 293 1193 335 principaliter
1222 298 1253 323 et
1284 302 1302 322 a
1325 301 1412 332 pure
1466 291 1612 321 ministro
1636 291 1842 326 sacramenti;
1876 299 1913 320 ex
1938 299 2001 330 qua
2024 297 2112 330 parte
2145 298 2269 323 constat
2296 293 2533 323 absolutionem

344 341 582 382 spiritualiter:
612 341 700 370 solus
731 340 818 370 enim
848 339 936 369 Deus
964 344 1010 368 est
1037 339 1094 377 qui
1119 336 1333 377 principaliter
1356 336 1411 365 ab-

346 386 441 416 solvit
463 395 481 415 a
503 385 660 425 peccatis;
692 389 723 414 et
746 383 889 413 similiter
919 383 1006 413 solus
1037 382 1124 412 Deus
1155 390 1235 421 pure
1265 380 1411 419 spiritua-

345 430 416 460 liter
439 429 574 459 absolvit
597 438 614 458 a
637 428 794 468 peccatis;
823 432 1021 456 sacramento
1046 435 1121 455 vero
1145 425 1246 454 homo
1277 423 1411 453 absolvit

346 473 628 503 instrumentaliter
658 477 688 502 et
718 472 810 511 signo
841 470 995 506 sensibili,
1019 475 1055 500 ut
1082 474 1178 508 patet.
1214 467 1255 497 Et
1278 468 1353 497 hinc
1376 465 1412 496 fit

346 523 382 547 ut
406 517 536 547 effectus
560 517 757 551 sacramenti,
779 515 899 545 scilicet
922 513 1080 544 absolutio
1104 512 1236 542 interior
1259 521 1276 540 a
1299 520 1412 550 pecca-

346 562 402 597 tis,
427 562 484 601 qui
508 571 545 591 ex
568 566 657 600 parte
684 559 872 590 sacramenti
895 563 942 588 est
965 557 1177 591 certissimus,
1201 564 1270 585 non
1293 553 1411 594 signifi-

347 611 436 636 cetur
466 607 500 635 in
531 605 700 644 ambiguo,
732 603 827 633 etiam
858 603 884 632 si
915 611 953 631 ex
984 606 1072 641 parte
1102 599 1297 639 poenitentis
1328 598 1411 627 male

347 649 492 690 dispositi
514 648 723 689 impediatur:
756 647 911 687 quoniam
934 654 1003 675 non
1025 643 1221 684 significatur
1251 642 1412 672 absolutio

346 699 383 725 ut
405 693 556 734 recipitur
579 692 710 722 interius
733 691 767 721 in
789 690 986 730 poenitente,
1011 687 1067 718 sed
1089 693 1126 718 ut
1149 687 1212 717 exit
1235 687 1371 716 exterius
1395 695 1413 715 a

1467 343 1535 364 esse
1560 334 1777 364 certissimam.

1522 378 1563 408 Et
1585 379 1612 408 si
1634 378 1775 408 novitius
1799 378 1862 407 hoc
1885 387 1953 408 non
1976 384 2137 417 penetrat,
2162 379 2259 419 fingat
2289 381 2395 411 Deum
2427 381 2531 411 dicere

1466 422 1572 456 Petro,
1596 421 1735 451 Absolvo
1758 426 1797 456 te,
1823 426 1853 451 et
1877 421 2094 452 confessorem
2119 422 2221 453 dicere
2246 424 2367 460 Ioanni,
2392 426 2530 455 Absolvo

1467 471 1507 501 te,
1525 471 1556 495 et
1570 465 1675 495 videat
1691 465 1917 495 differentiam:
1941 465 2030 504 quod
2046 466 2205 496 absolutio
2222 467 2303 497 Petri
2321 474 2366 498 est
2382 470 2532 508 utrinque

1467 515 1561 545 certa,
1587 510 1662 549 quia
1686 509 1773 539 Deus
1796 518 1863 539 non
1884 509 2012 545 diceret,
2037 509 2175 540 Absolve
2193 515 2232 546 te,
2256 512 2316 541 nisi
2341 513 2435 542 etiam
2458 523 2531 543 vere

1466 554 1552 583 intus
1576 553 1809 588 absolveretur;
1845 553 2004 583 absolutio
2028 563 2105 583 vero
2130 554 2256 584 Ioannis
2286 561 2331 585 est
2359 562 2390 585 et
2413 556 2532 596 signifi-

1468 602 1557 627 catur
1581 602 1664 627 certa
1688 606 1726 627 ex
1741 603 1829 636 parte
1846 596 2039 627 confessoris
2054 603 2190 633 tantum,
2208 599 2283 637 quia
2299 607 2532 630 sacramentum

1468 641 1679 671 absolutionis
1691 640 1857 681 impendit,
1871 642 1946 680 quia
1962 642 2229 671 sacramentaliter
2244 643 2392 679 absolvit;
2406 650 2436 674 et
2448 645 2533 674 intus

1467 690 1574 725 potest
1596 685 1865 725 impedimentum
1889 686 2031 715 invenire
2056 695 2093 715 ex
2116 685 2247 716 fictione
2270 688 2474 726 poenitentis.

1127 858 1448 900 ARTICULUS
1479 858 1754 907 QUARTUS

547 966 704 998 UTRUM
728 963 949 995 IMPOSITIO
975 962 1169 994 MANUUM
1193 961 1465 993 SACERDorls
1488 961 1775 999 REQUIRATUR
1798 962 1858 992 AD
1883 961 1976 992 Hoc
2001 961 2337 994 SACRAMENTUM

1164 1055 1264 1088 Opusc.
1285 1054 1327 1079 De
1346 1055 1436 1079 For-m.
1454 1054 1584 1084 Absolut.‚
1604 1062 1660 1087 cap.
1679 1062 1714 1080 iv.

379 1163 438 1197 >qo
460 1166 533 1194 2121

375 1178 533 1262 *i*
1055 1249 1099 1257 ..
1227 1249 1234 1256 .

366 1258 401 1310 Α
483 1298 487 1302 ..
500 1259 526 1296 Υ,
559 1253 607 1290 ad
622 1253 699 1289 hoc
708 1258 1004 1288 sacramentum.
1016 1251 1165 1287 Dicitur
1175 1261 1280 1287 enim
1290 1250 1410 1285 Marc.

501 1194 506 1198 ¹
557 1159 580 1184 D
600 1157 773 1189 QUARTUM
792 1157 844 1182 s1c
864 1156 1102 1181 PROCEDITUR.
1124 1143 1286 1180 Videtur
1305 1142 1412 1191 quod
1465 1155 1535 1192 per
1562 1143 1762 1191 quandam
1791 1142 2081 1179 similitudinem
2110 1142 2302 1190 ministris,
2332 1144 2371 1181 in
2393 1145 2536 1194 quibus

500 1201 536 1243 ἱσ-
558 1198 753 1249 impositio
768 1210 960 1235 manuum
975 1196 1182 1234 sacerdotis
1196 1196 1414 1246 requiratur
1466 1195 1579 1245 copia
1597 1201 1612 1223 Υ
1642 1207 1724 1232 esse
1753 1195 1877 1232 debet.
1907 1196 1956 1232 Et
1982 1195 2071 1232 ideo
2100 1208 2240 1233 manus
2269 1196 2464 1247 impositio
2493 1198 2536 1235 fit

1466 1249 1504 1285 in
1533 1257 1775 1285 sacramento
1804 1248 2126 1295 confirmationis,
2166 1249 2205 1286 in
2233 1262 2313 1299 quo
2342 1251 2537 1288 confertur

406 1324 415 1334 κ
437 1299 492 1340 ῑῖὶς
516 1300 624 1344 Kult.
640 1305 677 1342 *ι
708 1306 828 1354 Super
846 1316 984 1354 aegros
1002 1315 1137 1340 manus
1156 1305 1357 1352 imponent,
1381 1307 1415 1338 et
1464 1302 1665 1351 plenitudo
1696 1301 1860 1350 Spiritus
1889 1301 2039 1348 Sancti;
2076 1310 2112 1339 et
2140 1302 2179 1339 in
2208 1312 2448 1341 sacramento
2478 1317 2536 1341 or-

326 1390 329 1391 .
346 1362 442 1398 bene
453 1358 653 1397 habebunt.
677 1357 791 1406 Aegri
810 1365 940 1394 autem
959 1355 1202 1407 spiritualiter
1220 1363 1309 1392 sunt
1327 1366 1412 1404 pec-

347 1421 514 1459 catores,
551 1411 619 1461 qui
653 1410 842 1460 recipiunt
875 1410 1021 1447 bonam
1050 1408 1316 1446 habitudinem
1344 1419 1414 1457 per

347 1467 424 1504 hoe
452 1471 748 1503 sacramentum.
787 1465 889 1511 Ergo
918 1462 957 1499 in
975 1463 1061 1515 ‘hoc
1089 1469 1329 1499 sacramento
1358 1467 1414 1500 est

348 1531 488 1557 manus
516 1516 712 1568 impositio
741 1516 924 1553 facienda.

403 1584 438 1609 2.
468 1573 707 1616 PRAETEREA,
737 1569 775 1606 in
804 1575 1044 1606 sacramento
1072 1566 1330 1616 poenitentiae
1359 1578 1413 1603 re-

348 1632 506 1675 cuperat
524 1625 646 1660 homo
668 1621 854 1671 Spiritum
874 1622 1060 1658 Sanctum
1079 1620 1286 1657 amissum:
1308 1619 1412 1656 unde

348 1690 395 1716 ex
403 1688 580 1728 persona
597 1674 827 1726 poenitentis
846 1673 984 1710 dicitur
1002 1673 1041 1710 in
1061 1674 1215 1710 Psalmo
1230 1672 1264 1709 *z
1286 1673 1415 1709 Redde

347 1732 441 1768 mihi
465 1731 641 1767 laetitiam
671 1728 845 1765 salutaris
871 1729 941 1772 tui,
978 1732 1011 1763 et
1046 1727 1183 1775 Spiritu
1210 1726 1418 1775 principali

347 1785 534 1832 confirma
567 1794 638 1819 me.
683 1780 760 1818 Sed
798 1779 961 1828 Spiritus
997 1779 1160 1816 Sanctus
1197 1779 1310 1815 datur
1345 1790 1416 1827 per

347 1835 638 1886 impositionem
666 1845 877 1871 manuum:
908 1831 1043 1881 legitur
1071 1831 1175 1869 enim
1202 1832 1284 1868 Act.
1305 1830 1414 1878 V111*,

348 1889 456 1941 q'uod
484 1887 660 1938 Apostoli
688 1888 927 1936 imponebant
954 1897 1089 1922 manus
1115 1897 1227 1934 super
1255 1885 1354 1931 illos,
1383 1890 1417 1921 et

347 1944 578 1992 accipiebant
605 1942 781 1991 Spiritum
801 1941 1000 1983 Sanctum,·
1028 1945 1063 1975 et
1082 1938 1218 1974 Matth.
1238 1950 1297 1974 xix
1315 1937 1336 1959 ‘¹‘
1364 1937 1416 1974 di-

347 1995 446 2034 citur
472 1995 580 2044 quod
609 1994 724 2031 oblati
738 1999 823 2029 sunt
849 1993 1014 2029 Domino
1036 1991 1193 2041 parvuli
1213 1997 1251 2028 ut
1270 1993 1321 2028 eis
1339 2003 1417 2028 ma-

349 2061 418 2087 nus
446 2050 663 2097 imponeret.
693 2047 795 2094 Ergo
824 2045 863 2082 in
887 2046 963 2081 hoc
982 2051 1223 2082 sacramento
1253 2051 1308 2080 est
1336 2056 1417 2082 ma-

349 2114 424 2141 nus
451 2100 647 2150 impositio
675 2098 860 2136 facienda.

405 2155 440 2192 3.
469 2155 710 2198 ptumam,
739 2151 859 2188 verba
887 2150 1094 2188 sacerdotis
1122 2150 1162 2186 in
1191 2150 1267 2187 hoc
1295 2162 1418 2187 sacra-

349 2215 484 2247 mento
512 2219 593 2244 non
621 2213 710 2242 sunt
737 2203 893 2241 maioris
913 2203 1105 2240 efficaciae
1134 2215 1251 2252 quam
1279 2203 1319 2239 in
1338 2203 1419 2240 aliis

351 2259 612 2300 sacramentis.
649 2258 726 2296 Sed
745 2258 785 2294 in
804 2256 885 2294 aliis
905 2256 1152 2294 sacramentis
1171 2268 1252 2293 non
1273 2262 1290 2277 α
1316 2256 1419 2293 suffi-

350 2314 457 2352 ciunt
484 2313 604 2350 verba
631 2310 813 2356 ministri,
850 2310 922 2347 nisi
950 2309 1120 2359 aliquem
1148 2317 1279 2346 actum
1314 2321 1420 2346 exer-

351 2374 472 2406 ceret:
512 2365 610 2403 sicut
636 2363 914 2414 in·baptismo,
945 2363 1060 2400 simul
1088 2375 1179 2399 cum
1208 2363 1284 2399 hoc
1312 2362 1420 2411 quod

350 2419 442 2458 dicit
469 2414 660 2465 sacerdos,
689 2419 775 2467 Ego
803 2422 837 2453 te
864 2418 1019 2465 baptizo,
1049 2415 1256 2465 requiritur
1283 2427 1421 2465 corpo-

353 2472 441 2511 ralis
470 2470 627 2510 ablutio.
657 2471 759 2518 Ergo
788 2469 915 2516 etiam,
945 2468 1061 2506 simul
1089 2481 1181 2506 cum
1210 2469 1286 2506 hoc
1313 2469 1421 2518 quod

353 2525 445 2564 dicit
472 2524 663 2571 sacerdos,
691 2525 777 2573 Ego
804 2529 839 2559 te
865 2522 1029 2568 absolvo,
1059 2530 1210 2571 oportet
1229 2522 1337 2571 quod
1356 2521 1422 2558 ali-

354 2591 475 2630 quem
502 2585 632 2615 actum
660 2583 832 2613 exerceat
859 2575 959 2612 circa
986 2575 1267 2624 poenitentem,
1298 2575 1422 2624 impo-

355 2632 487 2670 nendo
516 2630 550 2668 ei
578 2642 730 2667 manus.

409 2685 484 2722 SED
516 2694 662 2721 CONTRA
689 2694 755 2719 EST
783 2681 891 2731 quod
918 2681 1113 2718 Dominus
1141 2680 1235 2718 dixit
1262 2682 1376 2718 Petro
1391 2681 1421 2728 ²¹³,

361 2738 629 2786 Quodcumque
653 2736 807 2773 solveris
826 2740 1110 2784 superterram,
1139 2736 1208 2771 erit
1226 2741 1309 2779 etc„
1338 2736 1422 2772 nul-

355 2793 433 2829 lam
461 2789 701 2827 mentionem
729 2788 777 2825 de
805 2799 946 2824 manus
965 2786 1210 2836 impositione
1238 2787 1379 2824 faciens
1394 2787 1420 2824 β.

354 2845 495 2893 Neque
525 2842 640 2879 etiam
672 2853 763 2878 cum
791 2840 974 2877 omnibus
1003 2840 1196 2890 Apostolis
1225 2839 1340 2876 simul
1368 2841 1423 2877 di-

354 2897 407 2935 xit
424 2897 462 2933 *;
498 2897 669 2939 Quorum
689 2895 901 2931 remiseritis
913 2899 1082 2943 peccata,
1108 2895 1342 2930 remittuntur
1360 2895 1421 2930 eis.

354 2951 449 2988 Non
477 2961 567 2997 ergo
596 2948 646 2985 ad
665 2949 741 2984 hoc
760 2954 1046 2984 sacramentum
1074 2945 1281 2995 requiritur
1299 2945 1423 2995 impo-

355 3003 442 3040 sitio
471 3013 677 3039 manuum.

409 3057 636 3094 Resposnsso
665 3065 849 3091 DICENDUM
877 3053 986 3102 quod
1012 3051 1208 3101 impositio
1232 3063 1424 3089 manuum

357 3110 397 3148 in
425 3106 672 3147 sacramentis
700 3105 893 3144 Ecclesiae
922 3106 964 3142 fit
992 3106 1041 3143 ad
1060 3105 1342 3154 designandum
1362 3104 1424 3142 ali-

357 3174 477 3212 quem
505 3161 710 3211 copiosum
738 3160 920 3197 effectum
939 3158 1090 3207 gratiae,
1111 3171 1192 3207 quo
1212 3157 1263 3195 illi
1282 3157 1424 3207 quibus
1449 3163 1451 3174 ¹

358 3227 498 3252 manus
539 3213 770 3264 imponitur,
813 3212 1110 3262 quodammodo
1152 3211 1426 3248 continuantur

414 3380 442 3414 α)
462 3381 542 3406 Sed...
561 3388 622 3406 non.
639 3395 658 3400 -
678 3381 743 3411 9th
769 3381 829 3406 Non
849 3385 938 3406 autem
958 3381 998 3405 ed.
1017 3388 1042 3410 a,
1062 3381 1123 3405 Non
1143 3380 1213 3405 enim
1233 3379 1318 3405 ceteri.
1336 3394 1355 3398 -
1374 3380 1423 3404 Pro

360 3419 508 3444 exerceret.
527 3419 655 3441 exerceat
672 3417 700 3442 P.

1465 1354 1576 1401 dinis,
1607 1355 1646 1392 in
1675 1367 1754 1404 quo
1783 1355 1977 1391 confertur
2004 1355 2198 1403 quaedam
2227 1357 2448 1394 excellentia
2466 1370 2536 1407 po-

1463 1408 1606 1445 testatis
1635 1408 1674 1444 in
1693 1407 1833 1444 divinis
1853 1407 2071 1444 ministeriis
2090 1406 2120 1453 δ;
2150 1408 2255 1445 unde
2276 1417 2312 1446 et
2331 1411 2361 1447 11
2384 1412 2420 1447 T
2418 1412 2501 1447 im.1
2517 1410 2536 1432 '¹‘

1465 1461 1620 1498 dicitur:
1650 1463 1857 1498 Resuscites
1883 1463 2049 1510 gratiam
2077 1462 2152 1498 Dei
2178 1474 2274 1510 quae
2291 1469 2342 1499 est
2361 1465 2398 1500 in
2418 1469 2452 1500 te
2465 1477 2538 1513 per
2565 1451 2574 1459 ²

1465 1515 1737 1563 impositionem
1779 1527 1961 1551 manuum
2008 1526 2191 1551 mearum.
2240 1515 2537 1553 Sacramentum

1466 1575 1598 1604 autern
1626 1566 1883 1616 poenitentiae
1912 1579 1992 1603 non
2012 1566 2212 1604 ordinatur
2230 1568 2278 1605 ad
2299 1581 2537 1618 consequen-

1467 1620 1564 1657 dum
1582 1620 1753 1669 aliquam
1774 1620 2037 1656 excellentiam
2056 1620 2208 1668 gratiae,
2239 1622 2306 1658 sed
2334 1622 2383 1658 ad
2407 1623 2537 1659 remis-

1466 1673 1619 1710 sionem
1638 1678 1650 1694 ε
1678 1680 1940 1722 peccatorum.
1971 1673 2018 1709 Et
2046 1672 2134 1710 ideo
2157 1674 2206 1710 ad
2225 1674 2302 1711 hoc
2321 1687 2538 1712 sacramen-

1465 1734 1550 1763 tum
1574 1738 1655 1762 non
1675 1725 1882 1774 requiritur
1901 1725 2116 1774 impositio:
2147 1726 2243 1763 sicut
2263 1727 2379 1764 etiam
2399 1740 2471 1764 nec
2490 1729 2538 1765 ad

1466 1778 1726 1828 baptismum,
1763 1778 1802 1815 in
1831 1790 1910 1827 quo
1945 1786 2076 1815 tamen
2111 1778 2154 1815 fit
2180 1780 2331 1828 plenior
2365 1781 2539 1818 remissio

1467 1839 1731 1882 peccatorum.

1522 1886 1579 1922 AD
1618 1897 1754 1922 PR1MUM
1789 1896 1888 1922 ERGO
1930 1896 2113 1922 met-:nuum
2156 1886 2264 1934 quod
2302 1886 2364 1923 illa
2400 1899 2541 1924 manus

1469 1938 1666 1988 impositio
1704 1950 1785 1974 non
1814 1946 1870 1974 est
1905 1938 2207 1986 sacramentalis,
2243 1939 2309 1976 sed
2343 1940 2543 1977 ordinatur

1470 1992 1519 2029 ad
1547 1992 1734 2028 miracula
1760 1990 1951 2028 facienda:
1986 1998 2028 2027 ut
2056 1990 2195 2029 scilicet
2221 2004 2292 2041 per
2319 2000 2542 2030 contactum

1471 2057 1611 2082 manus
1646 2043 1817 2081 hominis
1850 2043 2073 2080 sanctificati
2109 2044 2223 2082 etiam
2252 2045 2460 2094 corporalis
2488 2046 2542 2083 in-

1471 2098 1632 2136 firmitas
1659 2098 1823 2134 tollatur.
1855 2096 1961 2134 Sicut
1989 2096 2104 2133 etiam
2133 2097 2268 2145 legitur
2286 2099 2334 2135 de
2354 2099 2540 2145 Domino,

1471 2150 1593 2188 Marci
1612 2163 1646 2187 vi
1665 2150 1703 2195 ²⁸,
1733 2150 1841 2199 quod
1870 2151 2039 2198 infirmos
2067 2151 2244 2200 impositis
2270 2153 2443 2188 manibus
2479 2165 2541 2189 cu-

1473 2206 1568 2242 ravit
1575 2218 1588 2248 ;
1616 2211 1652 2240 et
1670 2204 1806 2240 Matth.
1826 2215 1884 2239 vm
1902 2202 1922 2224 ³⁶
1940 2202 2076 2251 legitur
2094 2204 2202 2252 quod
2225 2216 2295 2253 per
2320 2212 2541 2242 contactum

1473 2259 1671 2306 leprosum
1700 2255 1915 2293 mundavit.

1528 2311 1585 2347 Ao
1614 2321 1804 2346 SECUNDUM
1833 2321 2015 2346 mcaNDUM
2043 2310 2150 2358 quod
2170 2322 2250 2346 non
2270 2310 2463 2359 quaelibet
2482 2324 2542 2349 ac-

1474 2362 1599 2412 ceptio
1630 2362 1793 2411 Spiritus
1822 2361 1951 2398 Sancti
1979 2362 2136 2411 requirit
2163 2375 2304 2399 manus
2332 2363 2542 2413 impositio-

1475 2429 1586 2453 nem:
1618 2415 1709 2464 quia
1738 2415 1852 2452 etiam
1872 2414 1911 2451 in
1930 2414 2123 2464 baptismo
2152 2415 2288 2465 accipit
2315 2417 2436 2454 homo
2458 2418 2542 2466 Spi-

1475 2469 1592 2506 ritum
1621 2469 1820 2514 Sanctum,
1850 2479 1922 2504 nec
1949 2475 2079 2504 tamen
2107 2468 2151 2505 fit
2178 2468 2230 2506 ibi
2258 2481 2398 2506 manus
2417 2470 2542 2520 impo-

1474 2522 1572 2561 sitio.
1608 2521 1685 2559 Sed
1713 2520 1883 2570 acceptio
1913 2520 2076 2570 Spiritus
2105 2521 2233 2559 Sancti
2261 2534 2353 2559 cum
2380 2524 2543 2572 plenitu-

1474 2575 1564 2613 dine
1584 2574 1742 2624 requirit
1761 2586 1902 2611 manus
1921 2573 2227 2623 impositionem:
2255 2576 2362 2624 quod
2382 2576 2543 2625 pertinet

1475 2629 1525 2666 ad
1553 2627 1904 2665 confirmationem.

1528 2683 1586 2718 AD
1605 2677 1766 2718 'rERT1UM
1785 2692 1969 2717 DICENDUM
1989 2681 2096 2729 quod
2116 2680 2155 2717 in
2175 2682 2423 2719 sacramentis
2443 2695 2544 2732 quae

1474 2734 1730 2784 perficiuntur
1756 2733 1796 2770 in
1825 2746 1899 2770 usu
1929 2733 2122 2780 materiae,
2151 2734 2324 2771 minister
2344 2735 2459 2772 habet
2478 2736 2543 2773 ali-

1475 2799 1593 2837 quem
1623 2785 1867 2836 corporalem
1890 2794 2020 2823 actum
2039 2798 2216 2824 exercere
2245 2788 2344 2824 circa
2364 2800 2455 2825 eum
2476 2789 2543 2838 qui

1476 2839 1633 2889 suscipit
1661 2847 1963 2876 sacramentum:
1994 2839 2090 2876 sicut
2118 2839 2157 2876 in
2185 2840 2376 2889 baptismo
2397 2849 2433 2877 et
2452 2854 2542 2878 con-

1476 2892 1694 2930 firmatione
1723 2899 1759 2929 et
1787 2899 1957 2929 extrema
1984 2891 2178 2929 unctione.
2211 2893 2287 2930 Sed
2316 2894 2391 2930 hoc
2419 2907 2542 2931 sacra-

1477 2953 1654 2982 mentum
1682 2957 1762 2981 non
1790 2944 1960 2982 consistit
1994 2945 2034 2981 in
2063 2957 2137 2982 usu
2172 2945 2333 2983 alicuius
2360 2947 2542 2985 materiae

1476 2998 1641 3035 exterius
1669 2997 1877 3047 appositae,
1912 2998 1978 3034 sed
2007 2999 2093 3035 loco
2121 2999 2303 3036 materiae
2332 3011 2371 3035 se
2399 3000 2543 3037 habent

1477 3064 1522 3088 ea
1550 3063 1651 3100 quae
1679 3058 1768 3087 sunt
1796 3063 1842 3087 ex
1870 3058 1976 3099 parte
2004 3051 2245 3100 poenitentis.
2288 3052 2416 3097 Unde,
2446 3053 2543 3091 sicut

1477 3104 1516 3141 in
1541 3103 1781 3141 Eucharistia
1800 3104 1978 3140 sacerdos
1997 3105 2078 3141 sola
2096 3104 2310 3153 prolatione
2329 3105 2542 3144 verborum

1477 3169 1594 3206 super
1613 3156 1811 3194 materiam
1834 3156 1845 3180 ἶ
1873 3156 2022 3205 perficit
2040 3165 2336 3204 sacramentum,
2358 3157 2408 3195 ita
2427 3159 2542 3196 etiam

1477 3212 1557 3247 sola
1576 3210 1695 3247 verba
1714 3209 1921 3246 sacerdotis
1940 3210 2174 3247 absolventis
2202 3223 2319 3260 super
2346 3211 2542 3260 poeniten-

1531 3378 1556 3411 ὃ)
1576 3379 1741 3404 ministeriis.
1758 3393 1777 3397 —
1795 3379 1932 3412 mysteriis
1953 3379 2003 3404 PF.

1531 3415 1553 3447 ε)
1573 3415 1764 3440 remissionem.
1782 3429 1801 3433 —
1819 3415 1991 3439 remotionem
2011 3415 2049 3444 ΡΙ.
2067 3429 2086 3433 -
2105 3415 2155 3439 Pro
2175 3414 2317 3446 impositio,
2333 3415 2466 3447 impositio
2487 3423 2541 3440 ma-

415 3450 440 3485 β)
460 3451 531 3483 quod
550 3451 707 3477 Dominus...
720 3451 836 3485 sacieris.
853 3466 872 3470 -
889 3452 962 3484 quod
982 3451 1140 3476 Dominus...
1151 3452 1222 3484 fecit
1242 3451 1259 3482 1,
1274 3451 1346 3483 quod
1364 3458 1423 3476 cum
1462 3457 1528 3486 ¹nus
1547 3451 1576 3481 F,
1597 3457 1692 3474 manus
1711 3450 1845 3481 impositio
1865 3450 1921 3479 1sG,
1942 3457 2068 3474 manuum
2088 3450 2221 3482 impositio
2241 3451 2268 3475 P.

363 3487 520 3512 Dominus...
533 3486 602 3519 fecit
620 3492 706 3511 cetera
724 3487 806 3512 tertia.

414 3520 442 3556 γ)
460 3521 546 3553 copia.
563 3536 583 3541 —-
600 3522 708 3554 gratiae
726 3522 823 3547 addunt
841 3523 860 3547 F
880 3527 905 3547 et
923 3523 1007 3547 tertia.

1531 3485 1556 3519 ζ)
1578 3486 1728 3510 materiam.
1746 3500 1765 3504 —
1784 3486 1897 3510 materia
1918 3486 1958 3510 Pe.

2569 2164 2579 2173 ·
2594 2162 2661 2184 Vers.
2675 2169 2695 2191 5.

2567 2212 2577 2221 ·
2593 2210 2660 2232 Vers.
2673 2217 2695 2239 3.
