2918 4088
180 793 192 803 ·
207 791 274 812 Vers.
293 791 326 813 16.

187 1776 196 1785 ·
206 1775 257 1796 Art.
268 1774 289 1801 8,
300 1766 400 1801 in‘corp.

188 2297 261 2318 'Vide
267 2298 398 2319 comment.

189 2324 261 2346 Caici.
268 2327 321 2351 post
331 2324 398 2346 nrt.8.

187 2401 196 2408 ·
212 2397 279 2421 Vei-s.
294 2397 328 2420 ¹6.

190 2720 198 2727 “
206 2718 401 2744 Ps.xc1x‚vers.2.

192 2929 199 2937 ¹
211 2927 306 2953 Ca.1v‚
316 2933 338 2948 ιι.
349 2934 400 2950 ιο.-

192 2954 216 2975 8.
231 2933 275 2975 Ἱρὴ.
292 2955 343 2975 lect.
359 2961 388 2975 ιν.

291 2991 307 3006 α

293 3082 307 3115 β

190 3135 204 3145 ⁴¹
219 3134 284 3155 Vers.
300 3140 321 3160 7.

420 179 494 227 296

419 257 511 293 dem
538 255 772 305 poenitentia
800 262 856 291 est
891 266 970 303 qua
998 253 1084 302 quis
1112 254 1215 290 dolet
1249 253 1296 289 de
1325 257 1482 300 peccato

420 309 641 346 commisso.
672 309 719 345 Et
746 307 830 345 talis
857 307 1091 356 poenitentia
1118 306 1232 342 debet
1259 306 1397 341 durare
1421 315 1483 339 us-

420 375 496 412 que
526 362 574 399 ad
602 362 724 399 finem
751 361 863 398 vitae.
895 361 1057 409 Semper
1076 359 1181 395 enim
1200 358 1313 394 debet
1334 355 1484 393 homini

421 416 619 465 displicere
660 415 768 464 quod
804 413 995 463 peccavit:
1039 412 1070 448 si
1097 411 1210 450 ,enim
1248 410 1283 446 ei
1319 411 1485 458 placeret

420 481 610 519 peccasse,
640 467 718 505 iam
747 479 792 504 ex
820 469 896 504 hoc
920 466 1003 514 ipso
1032 471 1234 513 peccatum
1263 462 1484 505 incurreret,

421 531 457 560 et
484 523 629 559 fruetus
649 520 664 551 β
691 520 827 557 veniae
855 519 1041 568 perderet.
1080 515 1326 564 Displicentia
1355 522 1485 551 autem

422 576 598 613 dolorem
625 581 756 611 causat
775 573 814 609 in
834 585 880 609 eo
909 571 975 620 qui
995 578 1050 606 est
1069 568 1309 617 susceptivus
1329 567 1484 614 doloris,

422 629 544 678 qualis
573 635 628 665 est
656 628 776 664 homo
805 626 844 662 in
870 626 942 661 hac
965 623 1052 659 vita.
1083 645 1107 648 —
1136 623 1227 658 Post
1247 622 1347 657 hanc
1365 620 1486 657 vitam

422 689 552 719 autem
581 680 698 717 sancti
727 690 806 715 non
835 685 923 714 sunt
951 673 1157 723 susceptivi
1185 673 1339 710 doloris.
1374 673 1485 710 Unde

422 733 676 784 displicebunt
704 732 758 768 eis
785 737 940 780 peccata
967 727 1168 777 praeterita
1196 727 1276 764 sine
1297 726 1406 764 omni
1424 726 1486 763 tri-

423 787 539 824 stitia:
569 786 785 824 secundum
804 783 896 820 illud
917 782 1032 818 Isaiae
1053 793 1125 818 va
1143 781 1180 817 ³¹⁶:
1209 781 1395 818 oblivioni
1411 786 1487 817 tra-

422 842 518 878 ditae
544 846 627 876 sunt
654 839 849 887 angustiae
871 838 1031 885 priores.

475 891 714 930 Poenitentia
727 902 820 927 vero
841 888 1003 926 exterior
1022 894 1077 924 est
1095 899 1174 936 qua
1193 886 1280 936 quis
1300 886 1487 923 exteriora

423 946 529 994 signa
561 945 703 982 doloris
731 942 914 988 ostendit,
953 948 990 978 et
1016 940 1251 977 verbotenus
1283 939 1489 976 confitetur

422 1006 578 1048 peccata
601 1010 671 1034 sua
694 995 885 1034 sacerdoti
904 994 1127 1040 absolventi,
1151 1001 1188 1030 et
1206 994 1311 1030 iuxta
1329 993 1412 1030 eius
1431 1005 1488 1030 ar-

422 1051 579 1088 bitrium
594 1050 767 1087 satisfacit
781 1055 807 1085 Υ.
828 1050 876 1085 Et
894 1047 976 1085 talis
990 1046 1224 1096 poenitentia
1243 1058 1323 1083 non
1339 1053 1489 1095 oportet

423 1104 530 1152 quod
558 1104 669 1140 duret
696 1115 819 1151 usque
847 1102 896 1138 ad
924 1100 1046 1137 finem
1065 1100 1177 1145 vitae,
1208 1100 1275 1136 sed
1294 1111 1419 1148 usque
1439 1100 1489 1136 ad

422 1156 719 1194 determinatum
766 1163 946 1204 tempus,
998 1153 1216 1191 secundum
1262 1164 1488 1189 mensuram

422 1217 578 1258 peccati.

475 1323 500 1358 β)
513 1326 634 1357 fructus.
652 1337 671 1342 —
681 1324 805 1356 fructum
825 1322 908 1347 tertia.

473 1359 501 1393 γ)
521 1364 572 1385 et...
585 1359 727 1393 satisfacit.
738 1373 758 1378 -
770 1359 789 1382 F
804 1363 828 1382 et
842 1357 915 1382 tertia
923 1365 930 1388 ;
945 1360 1000 1382 ut...
1013 1356 1166 1389 satisfaciat
1179 1356 1220 1380 ed.
1233 1363 1257 1385 a,
1271 1359 1323 1381 et...
1338 1354 1489 1388 satisfaciat

422 1396 509 1421 ceteri.

1049 174 1314 222 QUAESTIO
1343 171 1556 217 LXXXIV,
1588 169 1880 207 ARTICULUS
1908 169 1961 206 IX

1592 251 1649 285 Αι)
1665 260 1800 285 patmum
1819 252 1918 284 Eliso
1937 259 2119 284 DICENDUM
2139 247 2246 296 quod
2261 259 2352 284 vera
2371 245 2606 296 poenitentia

1539 314 1619 338 non
1635 303 1762 338 solum
1777 298 1975 337 removet⁶
1995 307 2151 348 peccata
2169 300 2382 349 praeterita,
2402 300 2471 337 sed
2490 299 2606 337 etiam

1539 362 1759 404 praeservat
1777 365 1870 390 eum
1889 365 1911 390 a
1930 352 2095 401 peccatis
2113 352 2260 390 futuris.
2283 353 2475 400 Quamvis
2494 352 2606 401 igitur

1540 409 1661 444 homo
1699 407 1738 443 in
1766 406 1894 456 primo
1923 405 2076 442 instanti
2103 417 2218 442 verae
2255 405 2512 454 poenitentiae
2549 417 2606 442 re-

1539 460 1766 497 missionem
1807 466 2067 508 consequatur
2103 458 2397 507 praeteritorum
2432 466 2607 508 peccato-

1540 526 1639 560 rum,
1670 520 1821 562 oportet
1848 520 1979 549 tamen
2007 512 2047 548 in
2067 511 2226 549 homine
2250 523 2496 560 perseverare
2515 523 2607 561 poe-

1540 566 1752 612 nitentiam,
1782 578 1830 602 ne
1859 565 1999 602 iterum
2027 564 2168 602 incidat
2195 564 2235 601 in
2263 572 2479 614 peccatum.

1593 621 1651 657 AD
1680 631 1870 657 SECUNDUM
1902 630 2085 656 mmmmm
2118 618 2227 667 quod
2264 629 2374 666 agere
2411 616 2609 666 poeniten-

1540 672 1633 710 tiam
1662 672 1884 710 interiorem
1913 671 2028 708 simul
2056 679 2092 708 et
2113 670 2343 708 exteriorem
2370 669 2533 719 pertinet
2559 669 2611 706 ad

1541 734 1683 763 statum
1710 724 1988 774 incipientium,
2009 724 2077 773 qui
2096 723 2236 761 scilicet
2255 724 2302 760 de
2322 735 2428 760 novo
2448 723 2611 760 redeunt

1541 792 1564 816 a
1591 786 1762 828 peccato.
1793 778 1870 816 Sed
1898 777 2133 828 poenitentia
2151 777 2308 814 interior
2335 777 2452 814 habet
2478 777 2612 813 locum

1542 833 1655 870 etiam
1693 832 1733 869 in
1767 831 2057 881 proficientibus
2089 838 2126 868 et
2161 830 2353 880 perfectis:
2393 829 2611 867 secundum

1542 886 1636 923 illud
1664 885 1807 923 Psalmi
1825 885 1864 921 *ε
1900 885 2146 922 Ascensiones
2180 886 2217 921 in
2246 883 2360 921 corde
2386 895 2453 920 suo
2490 882 2611 932 disspo-

1540 941 1611 976 suit
1644 941 1681 975 z'n
1709 939 1807 977 valle
1843 939 2101 975 lacrimarum.
2145 937 2257 974 Unde
2292 944 2329 973 et
2356 935 2437 986 ipse
2459 936 2611 973 Paulus

1542 992 1702 1039 dicebat,
1723 993 1737 1028 I
1756 992 1843 1028 Cor.
1860 1003 1908 1027 xv
1925 991 1965 1027 *t
1994 988 2086 1028 Non
2105 1003 2188 1027 sum
2207 990 2344 1040 dignus
2361 991 2494 1028 vocari
2509 990 2611 1038 Apo-

1540 1046 1664 1091 stolus,
1694 1046 1872 1094 quoniam
1895 1049 2110 1093 persecutus
2136 1056 2219 1080 sum
2246 1043 2455 1081 Ecclesiam
2473 1043 2556 1079 Dei.

1595 1099 1653 1134 Αι)
1680 1109 1842 1134 TERTIUM
1862 1109 2046 1134 mOENDUM
2074 1097 2182 1146 quod
2210 1096 2272 1134 illa
2298 1104 2475 1145 tempora
2502 1107 2612 1144 prae-

1541 1151 1715 1198 figuntur
1741 1149 2029 1199 poenitentibus
2056 1157 2249 1198 quantum
2269 1150 2318 1186 ad
2337 1149 2530 1186 actionem
2549 1161 2612 1185 ex-

1541 1203 1690 1241 terioris
1717 1202 1987 1253 poenitentiae.

1596 1317 1622 1352 δ)
1642 1320 1770 1343 removet.
1786 1332 1806 1336 -
1823 1317 1857 1342 ab
1876 1317 1981 1342 homine
2000 1317 2071 1342 addit
2090 1317 2142 1348 sG;
2161 1323 2210 1350 pro
2228 1323 2296 1346 eum,
2315 1317 2448 1343 hominem
2467 1317 2495 1343 P.

1099 1462 1435 1495 Commentario.
1458 1460 1713 1493 cardinalis
1734 1458 1937 1491 Caietani

453 1559 473 1578 N
497 1547 635 1578 articulis
659 1551 774 1577 octavo
799 1550 830 1576 et
853 1554 943 1575 nono
968 1543 1095 1574 adverte
1125 1542 1215 1583 quod
1238 1542 1407 1582 displicere
1431 1541 1490 1572 du-

427 1560 578 1632 Ipliciter
590 1592 739 1621 sumitur:
757 1590 877 1620 scilicet
889 1589 1055 1624 contrarie,
1068 1588 1119 1618 vel
1131 1588 1287 1627 negative.
1305 1587 1346 1617 Et
1358 1585 1489 1626 quando

424 1637 560 1667 sumitur
579 1635 746 1670 contrarie,
766 1633 922 1674 significat
938 1638 1045 1663 actum
1062 1633 1258 1662 contrarium
1281 1630 1321 1661 ad
1339 1631 1492 1671 placere:

425 1680 555 1721 quando
568 1689 644 1710 vero
657 1679 793 1709 sumitur
804 1679 960 1718 negative,
971 1687 1039 1707 non
1051 1675 1208 1716 significat
1219 1676 1360 1715 aliquem
1373 1680 1491 1710 actum,

424 1724 479 1755 sed
500 1722 711 1755 solummodo
735 1732 800 1753 non
819 1723 962 1762 placere.
988 1721 1074 1752 Cum
1098 1730 1174 1760 ergo
1198 1721 1231 1750 in
1255 1720 1357 1749 littera
1379 1719 1493 1749 dicitur

425 1769 515 1810 quod
537 1777 662 1808 semper
684 1767 774 1797 debet
795 1766 918 1796 homini
940 1765 1110 1806 displicere
1133 1764 1220 1805 quod
1237 1763 1386 1804 peccavit
1400 1764 1426 1799 *‚
1442 1763 1494 1794 vel

425 1812 546 1854 aliquid
568 1812 681 1848 simile,
698 1810 814 1841 sufficit
830 1810 920 1851 quod
934 1810 1128 1849 intelligatur
1147 1809 1304 1849 negative,
1323 1807 1405 1838 idest
1427 1818 1492 1838 non

419 1859 562 1899 placere.

479 1902 521 1932 Et
543 1906 630 1942 patet
652 1901 739 1931 hunc
763 1909 831 1930 esse
847 1908 978 1930 sensum
994 1899 1125 1934 litterae,
1151 1898 1227 1937 quia
1250 1902 1362 1927 contra
1385 1896 1496 1937 displi-

1543 1551 1616 1572 cere
1639 1541 1805 1581 distinguit
1823 1541 1972 1581 placere,
1997 1540 2076 1571 dum
2100 1540 2222 1571 subdit:
2254 1540 2290 1571 Si
2313 1541 2398 1572 enim
2421 1541 2451 1572 ei
2466 1541 2617 1582 placeret

1538 1595 1704 1626 peccasse,
1725 1591 1784 1616 etc.
1820 1585 1890 1615 Nisi
1913 1586 2000 1615 enim
2023 1585 2192 1626 displicere
2220 1587 2264 1616 ita
2288 1586 2504 1616 communiter
2527 1595 2615 1617 sum-

1544 1635 1638 1670 ptum
1662 1629 1783 1666 fuisset,
1808 1629 1927 1660 scilicet
1950 1630 2015 1660 sive
2039 1631 2196 1660 contrarie
2220 1630 2285 1660 sive
2305 1631 2462 1670 negative,
2486 1640 2554 1661 non
2576 1630 2615 1661 li-

1544 1675 1662 1705 cuisset
1694 1683 1754 1714 pro
1785 1674 1908 1704 ratione
1939 1673 2090 1704 reddere:
2127 1674 2163 1704 Si
2192 1675 2277 1705 enim
2305 1675 2454 1715 placeret
2481 1675 2512 1705 ei
2537 1683 2615 1716 pec-

1546 1728 1644 1754 casse,
1662 1724 1722 1749 etc.
1746 1718 1830 1749 Nam
1849 1719 2006 1758 potuisset
2021 1718 2084 1749 dici
2100 1717 2191 1758 quod
2206 1728 2266 1749 nec
2283 1718 2428 1759 displicet
2443 1728 2504 1749 nec
2519 1719 2615 1750 habet

1546 1768 1655 1794 actum
1677 1762 1836 1803 placendi,
1860 1762 1916 1793 sed
1939 1772 2004 1793 non
2022 1763 2135 1805 placet
2155 1772 2316 1803 peccasse.

1602 1807 1643 1838 Et
1666 1807 1742 1837 hinc
1764 1807 1862 1837 habes
1893 1806 1983 1847 quod
2005 1806 2122 1838 sufficit
2149 1807 2189 1838 ad
2211 1808 2422 1838 necessariam
2444 1808 2615 1848 poeniten-

1545 1852 1624 1882 tiam
1646 1857 1721 1891 post
1743 1851 1884 1882 habitam
1908 1852 2153 1888 contritionem,
2188 1851 2278 1892 quod
2300 1861 2369 1882 non
2391 1851 2517 1892 placeat
2538 1861 2615 1892 pec-

1548 1905 1651 1926 casse:
1687 1905 1748 1926 nec
1771 1901 1819 1926 est
1842 1895 1930 1936 opus
1955 1897 2040 1926 exire
2062 1897 2096 1926 in
2119 1901 2228 1927 actum
2257 1896 2477 1936 displicentiae
2499 1905 2614 1927 novae.

1594 1973 1647 1980 Μ

1241 2040 1563 2083 ARTICULUS
1591 2039 1797 2081 NONUS

1005 2137 1161 2169 UTRUM
1183 2135 1483 2166 POENITENTIA
1505 2133 1654 2165 POSSIT
1678 2133 1780 2165 ESSE
1805 2133 2036 2166 CONTINUA

963 2209 997 2233 lV
1017 2209 1101 2237 Sent„
1122 2207 1180 2233 dist.
1199 2214 1250 2238 xiv,
1270 2214 1315 2239 qu.
1334 2214 1352 2237 ι,
1371 2211 1418 2231 art.
1437 2213 1463 2237 4,
1482 2205 1532 2238 qu⁵
1554 2213 1583 2236 2;
1604 2205 1662 2230 dist.
1681 2212 1741 2235 xvn,
1761 2200 1806 2238 ῥυ.
1825 2213 1852 2236 ιι,
1871 2210 1919 2230 art·
1937 2213 1963 2237 4,
1982 2206 2033 2238 qu·
2054 2213 2078 2232 2.

478 2309 488 2315 --
543 2303 586 2326 εν
639 2296 661 2320 D
681 2294 809 2320 NONUM
827 2293 879 2318 Sic
899 2292 1127 2318 PRoOEmTUR
1144 2278 1175 2315 ²¹⁶.
1196 2278 1358 2315 Videtur
1385 2277 1493 2326 quod

455 2318 618 2395 (355⁴
640 2334 874 2386 poenitentia
910 2346 990 2371 non
1022 2332 1143 2382 possit
1177 2343 1259 2368 esse
1297 2330 1490 2368 continua.

447 2372 568 2449 ’Χίης
578 2375 609 2435 '¹6
623 2388 629 2394 ’
641 2389 789 2426 Dicitur
807 2387 911 2424 enim
925 2388 1152 2424 Ierem.xxxt
1166 2385 1200 2421 *ε
1228 2386 1400 2427 Quiescat
1418 2396 1495 2421 vox

487 2420 583 2479 ’ξ”35
598 2436 704 2479 tua
738 2455 762 2479 a
784 2441 958 2491 ploratu,
997 2445 1029 2476 et
1057 2439 1156 2476 oculi
1181 2440 1234 2475 tui
1264 2450 1288 2475 a
1316 2438 1492 2475 lacrimis.

427 2496 505 2534 Sed
533 2497 609 2532 hoc
637 2507 719 2532 esse
743 2506 824 2531 non
843 2501 973 2543 posset
991 2492 1022 2529 si
1041 2490 1276 2541 poenitentia
1294 2490 1493 2528 continua-

427 2557 542 2595 retur,
572 2560 672 2597 quae
701 2547 871 2584 consistit
898 2546 938 2583 in
957 2547 1109 2595 ploratu
1129 2552 1165 2582 et
1184 2543 1361 2582 lacrimis.
1391 2544 1493 2592 Ergo

426 2601 661 2652 poenitentia
689 2612 770 2637 non
797 2607 921 2649 potest
949 2598 1176 2636 continuari.

482 2667 516 2692 2.
547 2656 790 2700 PRAETEREA,
819 2653 867 2690 de
896 2651 1068 2702 quolibet
1095 2651 1200 2688 bono
1230 2662 1347 2700 opere
1381 2650 1495 2687 debet

427 2710 550 2746 homo
569 2707 755 2756 gaudere:
785 2706 1004 2743 secundum
1023 2704 1118 2741 illud
1137 2704 1280 2741 Psalmi
1294 2703 1333 2740 *ε
1355 2705 1496 2741 Servite

427 2763 592 2799 Domino
620 2762 657 2797 in
687 2760 834 2797 laetitia.
878 2758 955 2796 Sed
990 2769 1100 2806 agere
1128 2756 1404 2807 poenitentiam
1440 2765 1496 2794 est

427 2815 579 2852 bonum
613 2825 724 2863 opus,
767 2812 869 2860 Ergo
906 2811 955 2848 de
990 2811 1066 2848 hoc
1098 2810 1182 2860 ipso
1221 2810 1334 2848 debet
1371 2811 1493 2847 homo

427 2867 606 2916 gaudere.
651 2866 728 2904 Sed
766 2878 841 2902 non
864 2870 984 2915 potest
1011 2866 1123 2902 homo
1160 2864 1271 2901 simul
1297 2865 1438 2901 tristari
1464 2869 1497 2900 et

427 2921 615 2971 gaudere:
640 2927 684 2957 ut
710 2926 812 2968 patet
839 2930 910 2968 per
936 2917 1234 2967 Philosophum,
1263 2918 1315 2954 lX
1342 2917 1460 2954 Ethic.
1476 2917 1496 2939 '¹‘

430 2975 531 3023 Ergo
566 2985 647 3010 non
681 2979 807 3022 potest
841 2983 923 3008 esse
958 2971 1065 3020 quod
1099 2970 1301 3021 poenitens
1338 2969 1454 3007 simul
1477 2976 1495 2992 ‘²

428 3027 595 3064 tristetur
621 3026 669 3063 de
688 3025 852 3075 peccatis
871 3024 1091 3074 praeteritis,
1121 3021 1228 3074 quod
1256 3023 1419 3074 pertinet
1446 3024 1495 3060 ad

431 3079 620 3116 rationem
646 3077 906 3128 poenitentiae
925 3077 951 3115 β.
1117 3100 1120 3103 -

488 3132 521 3168 3.
551 3133 782 3175 PRAETEREA,
812 3132 842 3168 II
868 3131 919 3168 ad
939 3133 1026 3168 Cor.
1047 3143 1068 3167 11
1085 3131 1118 3177 *,
1148 3132 1356 3180 Apostolus
1384 3130 1492 3167 dicit:

437 3185 698 3230 Consolemini,
728 3183 866 3221 scilicet
893 3184 1168 3232 poenitentem,
1199 3197 1246 3220 ne
1253 3185 1360 3232 forte
1378 3186 1495 3220 abun-

433 3237 595 3274 dantiori
611 3238 752 3273 tristitia
769 3238 1010 3273 absorbeatur
1028 3239 1090 3285 qui
1108 3243 1158 3273 est
1177 3237 1396 3274 huiusmodi.
1418 3236 1495 3273 Sed

434 3288 644 3326 consolatio
672 3289 825 3337 depellit
851 3288 1048 3335 tristitiam,
1070 3301 1169 3338 quae
1188 3289 1351 3338 pertinet
1370 3289 1418 3325 ad
1438 3301 1495 3325 ra-

434 3341 579 3379 tionem
607 3340 873 3390 poenitentiae.
903 3342 1005 3389 Ergo
1031 3341 1263 3390 poenitentia
1282 3353 1363 3378 non
1383 3341 1495 3379 debet

435 3406 517 3431 esse
546 3394 738 3431 continua.

461 2300 521 2338 'cs'

1600 2277 1674 2314 SED
1695 2289 1841 2314 CONTRA
1859 2289 1926 2315 EST
1949 2277 2059 2326 quod
2077 2278 2316 2327 Augustinus
2335 2278 2436 2324 dicit,
2458 2279 2499 2317 in
2518 2279 2616 2318 libro

1546 2329 1591 2366 de
1608 2332 1840 2367 Poenitentia
1858 2330 1893 2367 *ε
1915 2331 2038 2368 Dolor
2056 2333 2093 2368 in
2108 2333 2337 2381 poenitentia
2361 2334 2536 2370 continue
2553 2345 2616 2370 cu-

1545 2383 1738 2420 stodiatur.

1600 2437 1826 2474 Responnzo
1845 2449 2028 2474 DICENDUM
2047 2438 2156 2487 quod
2174 2438 2372 2488 poenitere
2392 2438 2531 2476 dicitur
2549 2440 2618 2477 du-

1545 2489 1711 2538 pliciter:
1748 2489 1888 2527 scilicet
1916 2491 2134 2528 secundum
2163 2499 2306 2538 actum,
2336 2500 2372 2529 et
2400 2493 2618 2531 secundum

1546 2543 1735 2580 habitum.
1757 2544 1855 2580 Actu
1871 2543 2031 2592 quidem
2045 2543 2283 2594 impossibile
2298 2553 2354 2582 est
2368 2546 2476 2595 quod
2495 2546 2618 2584 homo

1546 2596 1729 2634 continue
1757 2596 1968 2645 poeniteat:
1999 2597 2091 2646 quia
2119 2610 2276 2635 necesse
2305 2606 2360 2635 est
2383 2599 2491 2648 quod
2511 2606 2619 2637 actus

1546 2649 1789 2699 poenitentis,
1818 2650 1898 2687 sive
1927 2649 2084 2692 interior
2111 2650 2191 2688 sive
2211 2651 2386 2699 exterior,
2415 2651 2618 2702 interpole-

1546 2711 1625 2750 tur,
1656 2703 1704 2740 ad
1733 2703 1864 2740 minus
1892 2715 2034 2741 somno
2063 2711 2100 2740 et
2127 2703 2209 2741 aliis
2247 2716 2348 2754 quae
2376 2705 2425 2742 ad
2454 2705 2618 2744 necessi-

1545 2764 1663 2794 tatem
1691 2756 1865 2806 corporis
1893 2756 2095 2806 pertinent.
2604 2795 2606 2797 ,

1600 2809 1687 2846 Α1ἰο
1716 2810 1837 2847 modo
1872 2810 2009 2847 dicitur
2035 2810 2234 2860 poenitere
2262 2811 2481 2849 secundum
2508 2811 2618 2849 habi-

1546 2871 1642 2900 tum.
1670 2863 1719 2900 Et
1747 2863 1800 2900 sic
1820 2871 1972 2913 oportet
1999 2864 2107 2913 quod
2133 2865 2256 2902 homo
2284 2864 2467 2902 continue
2485 2863 2618 2914 poeni-

1546 2924 1641 2954 teat:
1673 2924 1709 2953 et
1728 2924 1921 2966 quantum
1943 2917 1992 2954 ad
2021 2917 2098 2954 hoc
2125 2917 2233 2966 quod
2261 2917 2383 2954 homo
2411 2929 2617 2966 nunquam

1546 2970 1691 3019 aliquid
1720 2969 1958 3007 contrarium
1986 2969 2096 3007 faciat
2123 2969 2395 3019 poenitentiae,
2420 2981 2490 3019 per
2509 2970 2616 3019 quod

1547 3023 1751 3060 habitualis
1770 3022 1971 3072 dispositio
1990 3022 2220 3072 poenitentis
2238 3023 2412 3069 tollatur3
2441 3029 2479 3060 et
2497 3035 2618 3072 quan-

1547 3084 1632 3113 tum
1656 3076 1705 3113 ad
1720 3077 1796 3113 hoc
1817 3076 1925 3125 quod
1948 3075 2063 3112 debet
2081 3075 2121 3112 in
2139 3075 2339 3125 proposito
2358 3087 2489 3124 gerere
2508 3077 2619 3126 quod·

1548 3141 1703 3179 semper
1730 3129 1801 3166 sibi
1828 3135 1985 3178 peccata
2011 3127 2214 3177 praeterita
2241 3127 2476 3178 displiceant.

1601 3184 1658 3219 Αι)
1696 3194 1832 3219 pannum
1874 3193 1972 3218 ERGO
2009 3193 2191 3218 niet-:unum
2229 3182 2336 3230 quod
2373 3183 2546 3231 ploratus
2581 3190 2618 3220 et

1548 3234 1727 3272 lacrimae
1760 3235 1810 3271 ad
1838 3241 1967 3271 actum
1995 3233 2191 3270 exterioris
2219 3234 2476 3283 poenitentiae
2504 3234 2617 3285 perti-

1549 3296 1654 3324 nent:
1686 3287 1752 3336 qui
1781 3298 1862 3323 non
1890 3287 2019 3323 solum
2046 3298 2127 3323 non
2156 3286 2270 3323 debet
2294 3299 2376 3324 esse
2396 3288 2616 3337 continuus,

1549 3341 1615 3377 sed
1644 3352 1716 3377 nec
1745 3339 1859 3376 etiam
1888 3346 2039 3388 oportet
2066 3339 2173 3388 quod
2203 3340 2315 3377 duret
2342 3353 2467 3390 usque
2495 3341 2545 3378 ad
2572 3341 2617 3379 fi-

1549 3405 1639 3430 nem
1668 3393 1785 3439 vitae,
1824 3399 1867 3428 ut
1894 3391 2040 3428 dictum
2069 3399 2123 3429 est
2141 3392 2172 3429 ¹².
2215 3394 2328 3430 Unde
2361 3402 2397 3430 et
2426 3394 2618 3442 signanter

489 3509 516 3544 α)
535 3510 623 3535 simul.
640 3524 659 3528 -
676 3516 779 3541 semper
798 3508 897 3539 FlsEG,
917 3508 1042 3533 continuo
1062 3508 1084 3537 b,
1103 3509 1226 3533 continue
1245 3509 1287 3533 Pc.

1604 3507 1630 3541 β)
1645 3507 1836 3539 poenitentiae.
1861 3522 1881 3526 —
1910 3507 1983 3540 Ergo
2008 3508 2175 3539 poenitentia
2204 3516 2256 3534 non
2285 3510 2361 3534 debet
2389 3508 2494 3543 (potest
2511 3510 2543 3545 Ρ)
2561 3517 2618 3536 esse

1550 3544 1677 3568 continua
1696 3543 1792 3567 addunt
1811 3543 1830 3566 F
1850 3548 1875 3567 et
1894 3543 1967 3567 tertia
1986 3548 2087 3575 praeter
2105 3544 2123 3569 l.

2639 893 2648 904 ·
2655 892 2852 920 Ρι.ι.ιικιιι,νει·ο.

2639 1000 2648 1009 ·
2665 998 2731 1020 vers.
2746 1003 2769 1026 9.

2643 2341 2757 2365 ·DeVem
2761 2342 2860 2370 etsalsa

2643 2369 2862 2424 ἶᾶῗὸῧῗίῧὲῖ

2645 3402 2655 3412 ”
2669 3401 2720 3424 An.
2735 3401 2758 3424 8.
