2878 4088
62 267 276 319 {iffitttaflat

62 323 163 346 iremus.

51 1107 77 1121 ὓ*
91 1106 114 1131 u
129 1106 203 1135 Seni„
222 1106 275 1128 dist.

100 1139 143 1188 ,ἵ
156 1139 182 1183 35
201 1139 240 1162 ‘³¹¹'
260 1139 276 1160 ¹⁹

62 1996 76 2008 ·
82 1995 161 2027 ,Μ’-ι
173 2002 215 2030 ,ψ

64 2972 113 2995 ‘De
121 2971 180 2995 Vera
186 2974 211 2995 et
208 2972 275 3002 sals.

64 2999 163 3026 menta.
169 3005 221 3027 cup.
227 3006 278 3022 xx.-

64 3026 126 3048 lnter
137 3025 199 3054 Opp.
214 3027 276 3054 Aug.

63 3053 87 3065 ··
96 3051 128 3075 lv
137 3051 212 3080 Seut„
221 3053 276 3075 dist.

63 3084 170 3130 mi>-
178 3079 277 3108 Qualem

998 187 1262 233 QUAESTIO
1292 187 1375 233 XX,
1397 186 1690 225 ARTICULUS
1719 189 1759 234 II,
1793 190 1838 230 111

359 262 422 294 San
447 273 571 294 comm
593 274 647 294 asr
664 263 753 304 quod
769 263 883 295 dicitur
899 265 982 301 XVI,
1000 274 1054 305 qu.
1071 275 1082 295 1
1097 267 1133 296 *z
1151 265 1245 296 Nulli
1267 274 1375 296 sacer-

303 307 414 338 dotum
439 307 536 338 liceat
555 309 796 348 parochianum
826 309 962 340 alterius
988 310 1154 340 absolvere
1176 314 1235 340 aut
1257 310 1373 351 ligare.

304 352 391 392 Ergo
414 361 482 382 non
506 352 640 392 quilibet
663 358 770 392 potest
794 353 971 393 quemlibet
994 354 1168 384 absolvere.

361 406 390 427 2.
415 396 612 433 Palmam,
629 397 785 427 iudicium
808 398 970 438 spirituale
991 398 1085 428 debet
1108 408 1176 428 esse
1200 397 1374 429 ordinatius

305 450 403 480 quam
426 441 615 480 temporale.
640 441 703 472 Sed
718 442 752 471 in
767 441 888 472 iudicio
912 443 1082 482 temporali
1098 452 1165 473 non
1181 447 1288 482 potest
1303 443 1374 482 qui-

304 485 382 515 libet
404 484 500 515 iudex
525 485 701 525 quemlibet
727 485 877 516 iudicare.
909 486 1012 527 Ergo,
1037 496 1112 517 cum
1135 496 1212 517 usus
1237 486 1375 517 clavium

305 530 344 559 sit
366 529 523 560 iudicium
546 529 729 570 quoddam,
754 539 822 560 non
844 536 951 570 potest
974 531 1121 561 sacerdos
1145 540 1202 561 sua
1225 531 1304 561 clavi
1327 531 1374 561 uti

304 574 339 604 in
363 574 549 614 quemlibet.

360 618 550 648 Rnsroxnsso
574 628 735 648 memnon
754 618 844 658 quod
861 628 898 648 ea
914 628 996 659 quae
1012 619 1095 650 circa
1109 618 1280 658 singularia
1296 628 1375 659 ope-

305 663 365 692 rari
389 668 527 702 oportet,
544 672 612 693 non
629 662 744 694 eodem
763 661 864 693 modo
881 663 1033 693 omnibus
1052 668 1252 703 competunt.
1281 663 1374 694 Unde
1391 674 1416 688 ιο

306 707 398 744 sicut,
413 712 488 747 post
502 707 661 747 generalia
683 706 860 738 medicinae
886 712 1065 747 praecepta,
1083 712 1211 746 oportet
1234 706 1375 737 adhiberi

305 751 467 787 medicos,
492 751 609 791 quibus
631 756 801 791 praecepta
830 751 1019 781 universalia
1041 750 1220 781 medicinae
1243 751 1375 791 singulis

305 794 440 826 infirmis
463 795 642 826 secundum
665 795 755 835 quod
778 794 896 825 debent
918 800 1082 834 aptentur;
1107 795 1150 825 ita
1172 795 1205 824 in
1230 795 1375 834 quolibet

306 840 496 880 principatu,
520 845 643 879 praeter
665 837 758 869 illum
781 839 837 878 qui
861 839 1079 869 universaliter
1104 845 1274 879 praecepta
1296 839 1374 879 legis

305 883 408 920 tradit,
425 888 554 923 oportet
576 893 644 914 esse
668 883 793 923 aliquos
809 883 866 923 qui
882 892 919 913 ea
934 883 1066 922 singulis
1089 883 1268 914 secundum
1285 883 1374 924 quod
1390 895 1398 908 1

306 927 423 958 debent
445 926 605 967 adaptent.
629 927 671 958 Et
689 932 820 967 propter
842 927 905 957 hoc
921 927 955 964 in
971 927 1098 957 caelesti
1121 928 1295 958 hierarchia
1315 928 1374 958 sub

298 971 521 1012 potestatibus,
535 972 591 1011 qui
606 971 788 1005 indistincte
803 977 964 1011 praesunt,
981 977 1148 1011 ponuntur
1158 972 1374 1013 principatus,

305 1017 361 1056 qui
384 1015 515 1056 singulis
531 1015 704 1056 provinciis
727 1015 968 1052 distribuuntur,
986 1021 1017 1046 et
1040 1016 1098 1046 sub
1115 1016 1164 1047 his
1180 1017 1300 1058 angeli,
1319 1017 1375 1057 qui

295 1060 436 1100 'singulis
458 1060 644 1090 hominibus
666 1061 700 1090 in
724 1059 904 1090 custodiam
928 1059 1140 1100 deputantur:
1169 1067 1204 1091 ut
1227 1066 1314 1101 patet
1337 1071 1374 1092 ex

302 1104 352 1135 his
376 1113 460 1144 quae
483 1103 567 1135 dicta
589 1109 664 1135 sunt
687 1104 721 1134 in
744 1104 895 1135 Secundo
919 1105 1017 1135 Libro
1034 1106 1060 1135 ὓ.
1085 1105 1178 1136 Unde
1195 1111 1227 1136 et
1242 1106 1284 1136 ita
1307 1115 1375 1136 esse
1390 1116 1416 1130 ²0

304 1147 399 1180 debet
413 1149 447 1179 in
462 1149 659 1189 praelatione
682 1149 844 1179 Ecclesiae
866 1149 1048 1179 militantis:
1074 1155 1109 1180 ut
1125 1149 1211 1190 apud
1234 1150 1375 1190 aliquem

304 1198 386 1224 esset
409 1193 562 1233 praelatio
586 1193 817 1224 indistinctein
834 1203 965 1230 omnes;
989 1199 1020 1224 et
1036 1194 1094 1224 sub
1114 1194 1178 1224 hoc
1202 1201 1307 1225 essent
1322 1195 1375 1225 alii

304 1238 361 1278 qui
390 1247 486 1278 super
516 1237 657 1268 diversos
687 1237 867 1268 distinctam
897 1243 1090 1278 potestatem
1118 1239 1309 1279 acciperent.
1334 1239 1376 1269 Et

305 1282 381 1323 quia
395 1291 473 1312 usus
489 1282 627 1318 clavium
645 1282 779 1322 requirit
793 1282 934 1322 aliquam
957 1283 1160 1322 praelationis
1183 1289 1375 1323 potestatem

302 1334 483 1367 pstquam
506 1326 560 1357 ille
582 1327 616 1357 in
640 1336 739 1366 quem
754 1336 839 1362 ,usus
861 1327 999 1357 clavium
1023 1328 1290 1364 communicatur,
1308 1327 1374 1358 effi-

305 1371 386 1402 citur
409 1371 541 1402 materia
562 1371 692 1411 propria
714 1371 798 1401 illius
821 1376 930 1407 actus3
955 1370 1028 1402 ideo
1053 1371 1106 1402 ille
1129 1373 1186 1412 qui
1209 1373 1304 1402 habet
1326 1373 1374 1403 in-

305 1415 485 1446 distinctam
508 1421 700 1455 potestatem
723 1425 819 1455 super
842 1425 965 1451 omnes,
989 1421 1095 1456 potest
1118 1417 1166 1446 uti
1185 1416 1325 1447 clavibus
1340 1418 1374 1447 in

1398 454 1406 474 5

1390 1341 1412 1361 ²5

305 1469 435 1496 omnes;
466 1459 512 1490 illi
535 1465 643 1490 autem
670 1460 727 1499 qui
750 1460 809 1490 sub
834 1469 873 1490 eo
898 1459 1059 1490 distinctas
1088 1466 1260 1500 potestates
1284 1470 1395 1491 acce->

304 1509 431 1545 petunt,
450 1513 518 1534 non
542 1504 575 1534 in
598 1504 760 1544 quoslibet
782 1504 829 1534 uti
852 1510 988 1544 possunt
1011 1504 1162 1541 clavibus,
1181 1504 1237 1535 sed
1260 1505 1293 1535 in
1318 1515 1374 1535 eos

303 1553 430 1579 tantum
459 1548 516 1588 qui
544 1549 589 1578 eis
611 1549 646 1578 in
668 1553 787 1578 sortem
817 1553 974 1578 venerunt
985 1558 998 1584 ;-
1024 1549 1084 1578 nisi
1115 1550 1148 1579 in
1178 1550 1374 1580 necessitatis
1390 1562 1414 1582 ³0

304 1592 450 1628 articulo,
474 1592 530 1622 ubi
552 1593 675 1622 nemini
698 1598 894 1622 sacramenta
917 1597 991 1622 sunt
1014 1591 1210 1632 deneganda.

358 1637 410 1666 An
426 1646 544 1666 rantum
566 1646 650 1666 eaeo
667 1646 834 1676 'DICENDUM
849 1636 940 1676 quod
955 1636 995 1666 ad
1011 1637 1248 1668 absolutionem
1264 1648 1282 1668 a
1298 1647 1374 1678 pec-

304 1685 376 1711 cato
399 1680 571 1720 requiritur
593 1680 712 1720 duplex
735 1686 894 1720 potestas:
924 1680 1044 1711 scilicet
1071 1686 1212 1721 potestas
1242 1682 1373 1718 ordinis,

303 1729 336 1756 et
357 1730 498 1765 potestas
528 1723 765 1755 iurisdictionis.
799 1724 904 1755 Prima
932 1724 1064 1764 quidem
1092 1731 1232 1765 potestas
1256 1736 1374 1766 aequa-

303 1769 374 1800 liter
397 1774 444 1799 est
466 1769 500 1799 in
523 1769 675 1799 omnibus
698 1768 926 1805 sacerdotibus,
942 1778 1011 1799 non
1027 1774 1135 1799 autem
1158 1770 1308 1801 secunda.
1333 1771 1375 1801 Et

302 1812 378 1844 ideo
413 1814 469 1844 ubi
497 1813 674 1849 Dominus,
699 1813 786 1843 Ioan.
817 1823 874 1850 xx,
906 1812 993 1843 dedit
1027 1814 1178 1845 omnibus
1207 1815 1374 1855 Apostolis

304 1858 519 1890 communiter
540 1863 733 1897 potestatem
756 1857 938 1889 remittendi
961 1863 1101 1897 peccata,
1125 1859 1312 1899 intelligitur
1334 1859 1373 1890 de

303 1907 460 1944 potestate
476 1911 559 1942 quae
575 1903 784 1942 consequitur
805 1901 962 1932 ordinem.
987 1902 1081 1933 Unde
1098 1908 1129 1933 et
1144 1903 1372 1941 sacerdotibus,

304 1946 435 1988 quando
459 1946 656 1982 ordinantur,
679 1946 733 1976 illa
755 1947 851 1977 verba
874 1946 1033 1977 dicuntur.
1061 1947 1124 1978 Sed
1147 1948 1241 1978 Petro
1265 1949 1373 1988 singu-

303 1991 408 2022 lariter
431 1990 517 2022 dedit
540 1996 732 2031 potestatem
759 1991 939 2021 dimittendi
963 1997 1110 2031 peccata,
1136 1992 1247 2023 Matth.
1270 2003 1323 2023 xv1
1339 1994 1371 2024 ⁴⁶:

303 2041 340 2067 ut
353 2035 547 2076 intelligatur
570 2035 660 2076 quod
682 2036 751 2076 ipse
774 2045 850 2076 prae
866 2036 933 2066 aliis
956 2036 1051 2066 habet
1074 2042 1267 2076 potestatem
1282 2038 1373 2069 iuris-

303 2079 463 2113 dictionis.
487 2080 631 2110 Potestas
660 2085 769 2110 autem
797 2079 931 2115 ordinis,
956 2085 1114 2119 quantum
1138 2086 1185 2111 est
1208 2081 1248 2112 de
1269 2091 1315 2120 se,
1339 2092 1373 2112 se

303 2124 447 2156 extendit
459 2124 500 2155 ad
515 2134 629 2155 omnes
652 2123 885 2154 absolvendos:
911 2129 942 2154 et
956 2123 1031 2154 ideo
1047 2124 1289 2156 indeterminate
1305 2126 1374 2156 Do-

302 2170 411 2201 minus
434 2168 528 2204 dixit,
556 2168 705 2205 Quorum
729 2168 916 2199 remiseritis
937 2173 1096 2208 peccata;
1125 2170 1304 2210 intelligens
1327 2176 1373 2201 ta-

303 2223 380 2245 men
395 2213 486 2254 quod
501 2223 579 2244 usus
594 2213 679 2243 illius
700 2213 865 2253 potestatis
888 2222 957 2243 esse
980 2212 1109 2244 deberet
1131 2215 1374 2255 praesupposita

303 2263 461 2299 potestate
485 2258 579 2288 Petro
604 2257 719 2287 collata
742 2256 920 2288 secundum
944 2258 1044 2297 ipsius
1067 2258 1313 2290 ordinationem.

359 2303 410 2332 An
430 2311 593 2332 sncuxmun
615 2311 776 2332 meatuum
791 2301 882 2342 quod
897 2301 992 2332 etiam
1009 2302 1105 2333 clavis
1121 2303 1289 2334 materialis
1305 2313 1373 2334 non

303 2351 411 2387 potest
426 2346 548 2386 aperire
563 2346 624 2376 nisi
639 2355 742 2376 seram
757 2347 920 2386 propriam
933 2356 939 2376 ε
959 2356 1019 2376 nec
1036 2347 1142 2387 aliqua
1158 2348 1256 2378 virtus
1272 2349 1373 2378 activa

304 2396 411 2432 potest
440 2400 532 2430 agere
558 2391 620 2421 nisi
642 2390 676 2420 in
699 2391 863 2431 propriam
892 2391 1067 2421 materiam.
1102 2392 1234 2422 Materia
1265 2398 1372 2423 autem

303 2435 434 2476 propria
459 2435 624 2475 potestatis
651 2434 770 2465 ordinis
798 2434 932 2466 efficitur
958 2435 1072 2476 aliquis
1099 2446 1156 2476 per
1182 2437 1372 2468 iurisdictio·
1388 2450 1413 2470 50

304 2489 390 2510 nem.
414 2479 456 2510 Et
470 2478 544 2510 ideo
560 2489 628 2509 non
644 2485 751 2519 potest
773 2479 886 2520 aliquis
910 2479 998 2510 clave
1021 2480 1067 2510 uti
1083 2482 1116 2512 in
1133 2491 1208 2512 eum
1224 2482 1258 2512 in
1274 2491 1372 2522 quem

303 2523 480 2554 iurisdictio
502 2533 571 2554 non
595 2523 696 2554 datur.

358 2568 410 2599 AD
427 2578 561 2598 marum
579 2578 739 2598 DicENDUM
755 2568 845 2608 quod
863 2569 1005 2609 populus
1021 2569 1115 2600 lsrael
1130 2580 1214 2600 unus
1230 2571 1372 2611 populus

304 2618 379 2649 erat,
404 2618 436 2643 et
459 2622 562 2642 unum
585 2612 812 2643 tantummodo
835 2613 993 2654 templum
1016 2614 1162 2645 habebat.
1187 2614 1281 2646 Unde
1304 2625 1372 2646 non

304 2657 474 2697 oportebat
496 2656 699 2687 sacerdotum
721 2657 955 2688 iurisdictiones
979 2658 1131 2699 distingui
1154 2660 1235 2690 sicut
1257 2660 1291 2690 in
1310 2660 1372 2690 Ec-

303 2701 408 2738 clesia,
432 2702 465 2731 in
490 2711 554 2741 qua
577 2707 812 2741 congregantur
835 2702 948 2733 diversi
972 2703 1086 2743 populi
1109 2709 1141 2734 et
1163 2704 1319 2734 nationes.

413 2767 513 2797 ART.
539 2767 576 2797 11.
607 2777 712 2797 urium
736 2777 892 2798 sacnanos
915 2778 1019 2799 rossrr
1043 2779 1158 2800 smirna
1182 2780 1262 2800 smnr

658 2822 811 2842 strumum
838 2822 1015 2843 ansotvmuz

305 2887 388 2952 An
405 2887 567 2914 SECUNDUM
589 2888 635 2908 src
658 2888 862 2909 PROCEDITUR.
882 2879 1015 2910 Videtur
1035 2880 1125 2920 quod
1141 2880 1288 2912 sacerdos
1303 2891 1370 2912 non
1385 2891 1412 2911 6ο

367 2922 468 2962 possit
495 2932 621 2962 semper
650 2932 746 2953 suum
776 2922 939 2954 subditum
967 2925 1140 2955 absolvere.
1172 2925 1261 2956 Sicut
1285 2927 1371 2956 enim

302 2966 500 3006 Augustinus
516 2967 533 2983 ³*
548 2968 582 2997 in
598 2967 699 2997 littera
715 2968 749 2983 Ἡ*
765 2966 852 3003 dicit,
870 2968 979 2998 nullus
1002 2969 1112 3010 officio
1128 2969 1307 3000 sacerdotis
1324 2971 1372 3000 uti

303 3010 393 3042 debet
414 3011 477 3042 nisi
500 3011 650 3041 immunis
673 3011 712 3042 ab
737 3011 801 3042 illis
823 3012 866 3042 sit
887 3022 970 3053 quae
993 3013 1025 3043 in
1050 3013 1124 3044 aliis
1147 3014 1277 3045 iudicat.
1309 3014 1372 3045 Sed

304 3055 500 3096 quandoque
524 3056 680 3096 contingit
703 3055 793 3096 quod
816 3056 963 3087 sacerdos
987 3063 1033 3088 est
1051 3058 1208 3098 particeps
1231 3059 1371 3089 criminis

1390 1782 1411 1802 35

1388 2225 1411 2245 45

1387 2672 1409 2692 55

304 3099 394 3140 quod
416 3099 561 3130 subditus
584 3110 661 3131 suus
685 3101 862 3131 commisit:
887 3102 969 3132 sicut
989 3111 1064 3132 cum
1079 3102 1247 3133 mulierem
1263 3103 1371 3134 subdi·
1385 3111 1409 3137 ες

303 3150 370 3174 tam
392 3145 554 3184 cognovit.
585 3145 670 3185 Ergo
694 3144 819 3176 videtur
847 3145 936 3185 quod
963 3156 1030 3177 non
1059 3156 1185 3187 semper
1214 3148 1315 3187 possit
1337 3148 1371 3178 in

304 3197 380 3219 suos
403 3188 547 3219 subditos
570 3195 727 3229 potestate
751 3189 889 3220 clavium
913 3191 970 3220 uti.

361 3241 390 3262 2.
414 3232 610 3270 Paemani,
634 3243 691 3274 per
713 3239 905 3274 potestatem
929 3235 1066 3266 clavium
1090 3236 1190 3266 homo
1210 3236 1249 3266 ab
1265 3237 1370 3267 omni-

304 3277 364 3307 bus
387 3275 563 3308 defectibus
585 3284 723 3308 curatur.
747 3278 810 3309 Sed
827 3279 1024 3320 quandoque
1047 3280 1142 3310 alicui
1164 3286 1298 3320 peccato
1315 3291 1370 3311 an-

304 3330 405 3351 nexus
428 3326 475 3351 est
501 3322 734 3362 irregularitatis
764 3322 924 3359 defectus,
948 3324 999 3355 vel
1028 3325 1370 3356 excommunicationis
1385 3337 1411 3358 7⁰

304 3365 470 3402 sententia,
486 3375 505 3395 a
520 3375 590 3406 qua
599 3367 734 3407 simplex
750 3367 897 3399 sacerdos
912 3368 1043 3399 liberare
1059 3379 1126 3399 non
1143 3374 1259 3409 potest.
1283 3370 1370 3410 Ergo

304 3408 428 3440 videtur
451 3409 542 3449 quod
563 3419 632 3441 non
654 3412 756 3451 possit
774 3412 821 3442 uti
842 3412 982 3444 clavium
1003 3419 1164 3453 potestate
1177 3413 1210 3443 in
1225 3414 1298 3444 illos
1313 3415 1371 3454 qui

304 3453 418 3484 talibus
441 3454 551 3484 irretiti
574 3460 658 3485 sunt.

361 3498 390 3528 3.
413 3498 610 3535 Paternum,
626 3499 793 3531 sacerdotii
815 3502 916 3532 nostri
938 3501 1095 3533 iudicium
1111 3509 1142 3533 et
1158 3508 1298 3543 potestas
1314 3513 1370 3543 per

2445 205 2490 240 41

1430 266 1520 296 cibus
1544 265 1723 296 secundum
1745 266 1850 306 legem
1873 277 1939 297 non
1965 270 2073 299 omnia
2097 271 2300 310 competebat
2323 272 2495 309 discutere,

1431 309 1486 340 sed
1510 309 1549 340 ad
1572 311 1753 350 superiores
1776 312 1995 342 recurrebant:
2020 319 2055 343 ut
2072 313 2186 344 dicitur
2200 315 2307 346 Exod.
2324 327 2396 346 xxrv
2412 319 2428 334 ³*
2438 328 2444 347 ε
2462 317 2498 347 Si

1430 354 1508 394 quid
1530 359 1641 384 natum
1651 355 1763 396 fuerit
1785 356 1982 395 quaestionis
2006 357 2090 387 inter
2105 368 2170 394 vos,
2189 365 2248 389 etc.
2272 360 2357 400 Ergo
2374 361 2497 392 videtur

1431 398 1521 438 quod
1543 408 1604 429 nec
1627 398 1774 430 sacerdos
1798 399 1838 429 de
1861 400 2009 439 gravibus
2039 403 2177 440 peccatis
2207 405 2307 442 possit
2334 406 2496 436 subditum

1430 452 1526 474 suum
1549 443 1724 479 absolvere,
1742 443 1797 473 sed
1817 443 1930 474 debeat
1953 444 1992 474 ad
2016 446 2212 484 superiorem
2240 449 2407 479 remittere.

1487 487 1549 518 San
1566 497 1699 523 CONTRA,
1717 487 1904 528 cuicumque
1927 489 2136 519 committitur
2150 491 2341 532 principale,
2354 495 2496 524 commit-

1431 531 1510 562 titur
1525 536 1556 562 et
1570 532 1786 573 accessorium
1802 533 1828 562 *.
1856 532 1919 563 Sed
1939 532 2155 563 sacerdotibus
2179 537 2387 567 committitur
2408 538 2497 577 quod

1430 575 1562 606 subditis
1586 577 1650 606 suis
1674 576 1906 607 Eucharistiam
1933 575 2127 616 dispensent,
2152 578 2191 608 ad
2215 588 2312 618 quam
2336 581 2498 612 ordinatur

1430 620 1590 650 absolutio
1607 630 1624 650 a
1639 621 1778 660 peccatis
1795 621 2066 661 quibuscumque.
2079 622 2164 661 Ergo
2181 623 2327 654 sacerdos
2343 626 2381 654 ab
2394 627 2498 656 omni-

1429 664 1489 694 bus
1516 665 1655 703 peccatis
1685 670 1792 704 potest
1822 665 2003 701 absolvere,
2033 672 2189 705 quantum
2220 673 2266 697 est
2294 668 2332 698 de
2361 669 2497 700 clavium

1428 713 1597 747 potestate.

1486 762 1515 782 2.
1540 752 1744 789 Praemium,
1768 753 1866 793 gratia
1895 763 1992 784 omne
2015 760 2184 794 peccatum
2207 755 2303 792 tollit,
2328 763 2499 797 quantum-

1430 805 1571 836 cumque
1594 797 1634 826 sit
1649 806 1754 837 parva.
1779 797 1842 828 Sed
1858 798 2004 828 sacerdos
2028 805 2223 829 sacramenta
2242 800 2411 840 dispensat,
2429 804 2499 843 qui-

1429 841 1488 870 bus
1503 841 1602 880 gratia
1626 841 1726 872 datur.
1751 841 1847 882 Ergo,
1864 848 2021 882 quantum
2046 848 2092 873 est
2115 842 2154 873 de
2177 850 2333 883 potestate
2351 846 2497 883 clavium,

1430 883 1469 915 de
1493 885 1644 915 omnibus
1667 886 1806 926 peccatis
1829 887 1992 917 absolvere
2015 892 2130 927 potest.

1484 929 1675 960 Rsspoxnno
1703 940 1864 961 memnon
1892 931 1982 972 quod
2010 937 2149 971 potestas
2177 933 2313 970 ordinis,
2342 941 2498 975 quantum

1431 978 1478 1003 est
1501 973 1541 1004 de
1565 984 1609 1010 se,
1635 974 1775 1005 extendit
1798 985 1831 1005 se
1854 975 1894 1006 ad
1917 976 2027 1006 omnia
2055 982 2185 1016 peccata
2212 979 2418 1010 remittenda:
2443 980 2498 1010 sed

1430 1018 1506 1058 quia
1529 1018 1568 1048 ad
1591 1028 1687 1049 usum
1710 1019 1806 1050 huius
1829 1021 1994 1060 potestatis
2017 1021 2188 1060 requiritur
2209 1022 2395 1060 iurisdictio,
2415 1034 2498 1064 quae

1430 1072 1448 1092 a
1470 1063 1644 1093 maioribus
1667 1064 1700 1093 in
1724 1063 1890 1095 inferiores
1918 1064 2094 1100 descendit,
2118 1065 2192 1096 ideo
2221 1073 2327 1107 potest
2353 1070 2499 1109 superior

1430 1107 1536 1147 aliqua
1552 1107 1611 1137 sibi
1626 1117 1794 1144 reservare,
1811 1109 1843 1138 in
1861 1110 1977 1148 quibus
1996 1109 2151 1139 iudicium
2167 1110 2309 1142 inferiori
2324 1122 2391 1143 non
2409 1123 2498 1144 com-

1429 1152 1542 1182 mittat.
1566 1151 1663 1187 Alias,
1688 1151 1727 1182 de
1752 1152 1896 1193 quolibet
1918 1159 2024 1194 potest
2047 1154 2181 1194 simplex
2204 1156 2351 1187 sacerdos
2373 1158 2497 1188 iurisdi-

1430 1196 1572 1226 ctionem
1595 1196 1714 1226 habens
1738 1197 1912 1228 absolvere.

1485 1240 1567 1271 Sunt
1590 1246 1698 1271 autem
1722 1242 1867 1282 quinque
1884 1251 1974 1273 casus
1989 1243 2023 1275 in
2039 1245 2156 1283 quibus
2173 1250 2301 1284 oportet
2317 1246 2406 1285 quod
2422 1247 2497 1276 sim-

1429 1284 1502 1324 plex
1526 1285 1673 1315 sacerdos
1696 1287 1916 1325 poenitentem
1932 1287 1972 1317 ad
1987 1289 2186 1328 superiorem
2201 1290 2347 1320 remittat.
2372 1290 2496 1321 Primus

1430 1334 1477 1359 est
1492 1329 1622 1369 quando
1647 1335 1694 1360 est
1717 1330 1857 1360 solennis
1880 1332 2078 1371 poenitentia
2100 1333 2312 1373 imponenda:
2338 1335 2413 1374 quia
2429 1336 2496 1365 eius

1429 1374 1573 1404 minister
1583 1375 1732 1414 proprius
1749 1380 1795 1404 est
1811 1375 1983 1415 episcopus
1993 1377 2019 1406 ’ἦ
2031 1394 2054 1398 -
2065 1376 2232 1408 Secundus
2249 1383 2295 1408 est
2311 1378 2350 1409 de
2367 1389 2496 1410 excom-

1428 1418 1607 1454 municatis,
1626 1418 1756 1458 quando
1772 1418 1903 1449 inferior
1919 1420 2064 1451 sacerdos
2080 1431 2147 1452 non
2163 1428 2269 1463 potest
2284 1423 2458 1454 absolvere.
2474 1442 2496 1446 —

1429 1462 1573 1498 Tertius,
1599 1462 1729 1502 quando
1760 1463 1881 1494 invenit
1910 1465 2170 1504 irregularitatem
2201 1472 2412 1504 contractam,
2435 1478 2494 1508 pro

1429 1507 1520 1536 cuius
1537 1506 1773 1547 dispensatione
1790 1507 1883 1538 debet
1899 1508 1939 1538 ad
1955 1510 2151 1549 superiorem
2169 1511 2338 1541 remittere.
2354 1530 2377 1534 —-
2392 1512 2496 1550 Quar-

1428 1556 1479 1581 tus
1503 1550 1542 1581 de
1566 1551 1766 1582 incendiariis
1782 1553 1808 1582 *.
1833 1571 1855 1574 —
1878 1552 2035 1590 Quintus,
2060 1554 2190 1594 quando
2220 1561 2267 1585 est
2294 1557 2495 1587 consuetudo

1428 1595 1461 1625 in
1485 1595 1594 1635 aliquo
1619 1596 1807 1636 episcopatu
1831 1597 1920 1636 quod
1944 1599 2087 1628 enormia
2110 1600 2252 1635 crimina,
2269 1600 2309 1629 ad
2332 1606 2494 1637 terrorem,

1428 1645 1627 1669 reservantur
1658 1641 1823 1680 episcopo.
1855 1640 1940 1678 Quia
1963 1643 2165 1673 consuetudo
2190 1643 2242 1673 dat
2265 1645 2315 1674 vel
2339 1644 2441 1675 aufert
2463 1647 2495 1675 in

1428 1683 1542 1713 talibus
1566 1690 1768 1723 potestatem.

1483 1728 1534 1757 An
1551 1738 1668 1758 ramum
1684 1738 1766 1758 aneo
1783 1739 1943 1759 mcENDUM
1960 1730 2049 1770 quod
2065 1731 2098 1760 in
2114 1731 2167 1761 tali
2184 1741 2259 1762 casu
2275 1742 2334 1762 nec
2351 1733 2496 1763 sacerdos

1429 1770 1558 1806 deberet
1584 1772 1693 1802 audire
1725 1772 1962 1804 confessionem
1993 1774 2134 1805 mulieris
2161 1785 2236 1806 cum
2264 1786 2327 1816 qua
2353 1778 2498 1817 peccavit

1429 1815 1468 1846 de
1492 1816 1548 1846 illo
1571 1822 1724 1856 peccato,
1749 1816 1805 1848 sed
1836 1817 1964 1848 deberet
1990 1818 2030 1848 ad
2053 1819 2150 1849 alium
2182 1821 2316 1851 mittere.
2346 1821 2415 1852 Nec
2445 1822 2497 1852 illa

1429 1859 1558 1891 deberet
1581 1861 1610 1892 ei
1634 1860 1790 1898 confiteri,
1807 1861 1863 1892 sed
1884 1861 2013 1893 deberet
2035 1869 2143 1903 petere
2166 1864 2327 1895 licentiam
2343 1865 2383 1896 ad
2399 1866 2497 1896 alium

1429 1904 1545 1941 eundi;
1569 1905 1621 1936 vel
1644 1905 1683 1936 ad
1707 1907 1906 1946 superiorem
1932 1916 2110 1944 recurrere,
2134 1908 2160 1938 si
2183 1909 2235 1939 ille
2258 1909 2419 1940 licentiam
2443 1910 2497 1941 de-

1428 1955 1567 1990 negaret.
1599 1950 1686 1981 Tum
1716 1956 1847 1991 propter
1876 1951 2066 1991 periculum.
2099 1952 2186 1983 Tum
2217 1954 2291 1994 quia
2319 1960 2365 1984 est
2391 1955 2497 1985 minor

1401 2004 1414 2017 ο
1428 1993 1629 2024 verecundia.
1652 2013 1675 2017 -
1699 1994 1732 2025 Si
1755 2000 1863 2025 tamen
1886 1996 2077 2032 absolveret,
2102 1997 2247 2028 absoluta
2274 2004 2364 2029 esset.
2397 1999 2496 2037 Quod

1429 2039 1515 2068 enim
1542 2039 1741 2078 Augustinus
1772 2039 1858 2075 dicit,
1887 2039 1976 2080 quod
2006 2050 2073 2070 non
2100 2041 2195 2072 debet
2226 2052 2293 2073 esse
2320 2043 2352 2073 in
2380 2043 2495 2074 eodem

1429 2083 1571 2118 crimine,
1595 2083 1838 2123 intelligendum
1869 2090 1916 2114 est
1945 2084 2124 2115 secundum
2155 2087 2403 2126 congruitatem,
2428 2098 2495 2118 non

1428 2127 1607 2157 secundum
1629 2128 1851 2159 necessitatem
1874 2130 2072 2159 sacramenti.

1483 2171 1533 2201 An
1557 2181 1719 2201 sacrmnxm
1746 2182 1906 2202 memnon
1937 2173 2026 2213 quod
2053 2174 2250 2214 poenitentia
2277 2176 2316 2205 ab
2344 2177 2494 2206 omnibus

1428 2214 1603 2246 defectibus
1620 2216 1734 2256 culpae
1749 2216 1869 2253 liberat,
1886 2226 1954 2247 non
1970 2223 2078 2248 autem
2094 2219 2132 2248 ab
2150 2220 2300 2250 omnibus
2320 2219 2494 2251 defectibus

1427 2269 1571 2300 poenae:
1597 2261 1672 2300 quia
1695 2260 1800 2291 adhuc
1815 2267 1889 2301 post
1904 2267 2064 2301 peractam
2087 2264 2318 2302 poenitentiam
2334 2264 2374 2294 de
2390 2265 2494 2295 homi—

1428 2304 1512 2335 cidio
1536 2305 1650 2345 aliquis
1673 2311 1816 2336 remanet
1839 2306 2025 2346 irregularis.
2050 2306 2144 2337 Unde
2167 2308 2314 2338 sacerdos
2333 2315 2440 2348 potest
2455 2309 2494 2340 de

1428 2350 1559 2379 crimine
1583 2349 1764 2386 absolvere,
1789 2356 1820 2380 et
1842 2359 1902 2390 pro
1926 2359 2032 2390 poena
2062 2351 2240 2382 amovenda
2264 2352 2358 2383 debet
2380 2353 2420 2383 ad
2442 2363 2495 2384 su—

1427 2394 1587 2434 periorem
1610 2395 1786 2424 remittere:
1811 2395 1872 2424 nisi
1888 2395 1921 2424 in
1938 2396 2281 2432 excommunicatione,
2304 2398 2379 2437 quia
2402 2399 2494 2428 abso-

1427 2438 1507 2468 lutio
1535 2439 1573 2468 ab
1600 2439 1668 2478 ipsa
1699 2438 1794 2469 debet
1820 2439 2010 2479 praecedere
2037 2440 2273 2471 absolutionem
2302 2452 2319 2472 a
2342 2447 2492 2481 peccato,

1428 2483 1513 2522 quia,
1538 2482 1681 2523 quandiu
1705 2483 1818 2523 aliquis
1842 2489 1888 2513 est
1912 2485 2218 2521 excommunicatus,
2234 2495 2302 2516 non
2325 2492 2431 2526 potest
2446 2496 2494 2516 re-

1428 2527 1532 2567 cipere
1557 2527 1689 2567 aliquod
1713 2528 1874 2558 Ecclesiae
1898 2534 2142 2559 sacramentum.

1482 2572 1533 2602 An
1557 2582 1691 2602 rexi-mm
1715 2582 1874 2602 mensuum
1898 2572 1987 2612 quod
2005 2574 2085 2603 ratio
2102 2573 2155 2603 illa
2170 2574 2314 2614 procedit
2338 2581 2494 2615 quantum

1427 2615 1467 2646 ad
1481 2617 1560 2647 haec
1576 2617 1610 2647 in
1627 2617 1743 2656 quibus
1762 2617 1820 2647 sibi
1844 2617 2024 2657 superiores
2048 2623 2220 2657 potestates
2243 2618 2493 2650 iurisdictionem

1426 2667 1595 2691 reservant.

1547 2749 1647 2779 ART.
1672 2742 1723 2779 111.
1748 2759 1852 2779 UTRUM
1876 2759 1997 2779 amotus
2022 2759 2124 2780 Possrr
2148 2761 2198 2780 un
2223 2761 2367 2781 cmvmus

1786 2804 1818 2824 IN
1842 2804 1922 2824 sumt
1945 2804 2135 2824 summorum

1636 2857 1668 2879 lV
1683 2857 1756 2884 sent„
1773 2857 1826 2880 dist.
1842 2864 1906 2885 xvm,
1921 2864 1959 2886 qu.
1976 2864 1999 2884 ιι,
2014 2862 2056 2880 art.
2071 2865 2091 2886 3,
2108 2859 2152 2886 ⁴:1u2¹
2169 2866 2187 2884 ι,
2206 2859 2234 2880 ad
2248 2865 2268 2887 3.

1491 2938 1511 2957 D
1535 2937 1670 2957 TERTIUM
1700 2937 1745 2958 sxc
1775 2937 1980 2958 PROCEDiTUR.
2012 2927 2144 2958 Videtur
2172 2928 2261 2968 quod
2289 2929 2402 2969 aliquis
2426 2939 2492 2959 non

1427 2938 1591 3012 Apossit
1622 2973 1670 3002 uti
1699 2972 1840 3002 clavibus
1862 2973 1896 3002 in
1919 2982 2014 3002 suum
2044 2974 2252 3012 superiorem.
2282 2973 2381 3003 Actus
2406 2974 2491 3003 enim

1426 3017 1658 3046 sacramentalis
1691 3016 1825 3056 quilibet
1859 3017 1990 3057 requirit
2023 3018 2184 3057 propriam
2220 3018 2393 3047 materiam.
2429 3017 2492 3048 Sed

1426 3061 1555 3100 propria
1587 3061 1718 3091 materia
1751 3070 1827 3091 usus
1860 3061 1997 3092 clavium
2031 3067 2076 3091 est
2106 3071 2242 3101 persona
2274 3062 2432 3098 subiecta,
2457 3068 2491 3092 ut

1427 3105 1548 3135 dictum
1572 3110 1619 3135 est
1634 3106 1660 3135 ἦ
1685 3105 1771 3145 Ergo
1787 3106 1820 3135 in
1838 3115 1877 3136 eo
1902 3106 1958 3146 qui
1981 3115 2047 3136 non
2065 3112 2111 3136 est
2127 3105 2281 3142 subditus,
2298 3116 2366 3136 non
2386 3112 2491 3146 potest

1428 3149 1568 3180 clavibus
1591 3149 1738 3180 sacerdos
1762 3150 1819 3180 uti.

1483 3203 1512 3223 2.
1536 3193 1733 3229 Prummu,
1757 3194 1900 3224 Ecclesia
1923 3195 2060 3225 militans
2077 3195 2215 3224 imitatur
2231 3195 2489 3235 triumphantem.

1426 3237 1488 3268 Sed
1503 3238 1538 3268 in
1554 3238 1681 3268 caelesti
1703 3238 1847 3268 Ecclesia
1870 3238 2001 3269 inferior
2024 3239 2154 3278 angelus
2177 3248 2343 3279 nunquam
2365 3245 2492 3280 purgat

1425 3287 1480 3312 aut
1503 3282 1667 3312 illuminat
1688 3288 1743 3312 aut
1761 3283 1890 3324 perficit
1912 3284 2110 3323 superiorem
2126 3285 2151 3313 ἦ
2184 3284 2268 3323 Ergo
2293 3293 2352 3313 nec
2376 3283 2490 3323 aliquis

1425 3325 1556 3357 inferior
1579 3326 1726 3357 sacerdos
1749 3333 1855 3367 potest
1878 3328 1924 3357 uti
1948 3330 2073 3358 actione
2103 3328 2312 3363 hierarchica,
2337 3337 2419 3367 quae
2444 3334 2491 3359 est

1426 3380 1483 3411 per
1505 3371 1753 3407 absolutionem,
1778 3372 1809 3401 in
1834 3373 2043 3412 superiorem.
2295 3401 2300 3405 .

1482 3415 1738 3451 3..P1u13·rxnua,
1762 3415 1919 3446 iudicium
1948 3417 2162 3447 conscientiae
2191 3416 2285 3447 debet
2315 3426 2382 3446 esse
2406 3416 2490 3446 ordi-

1425 3460 1529 3489 natius
1553 3469 1651 3500 quam
1674 3459 1830 3490 iudicium
1854 3461 2016 3490 exterioris
2037 3460 2107 3491 fori.
2128 3461 2190 3491 Sed
2206 3462 2239 3490 in
2256 3461 2401 3491 exteriori
2418 3460 2488 3491 foro

1424 3503 1555 3534 inferior
1577 3513 1645 3534 non
1668 3510 1774 3544 potest
1797 3506 2074 3535 excommunicare
2091 3511 2144 3535 aut
2160 3506 2322 3535 absolvere
2346 3506 2489 3545 superio-

303 3542 459 3573 iudicium
482 3543 595 3573 veteris
619 3543 785 3574 sacerdotii
809 3545 970 3585 figuratur.
1001 3546 1063 3577 Sed
1086 3548 1264 3579 minoribus
1286 3547 1369 3578 iudi·
1384 3559 1407 3580 75
1424 3558 1502 3578 rem.
1528 3549 1613 3588 Ergo
1637 3548 1762 3579 videtur
1785 3548 1875 3588 quod
1897 3558 1957 3579 nec
1981 3550 2013 3579 in
2039 3549 2109 3580 foro
2134 3549 2362 3589 poenitentiali.

445 3605 556 3630 Sumne
570 3605 672 3631 Timor..
692 3606 722 3631 D.
741 3606 858 3632 Tuomst
876 3607 908 3633 T.
927 3608 969 3633 IX.

2314 3610 2346 3635 ὁ*

2525 324 2535 334 ·
2551 322 2616 344 Vers.
2635 330 2670 350 ¹4.

2524 547 2533 555 ·
2551 544 2586 565 Cf.
2606 550 2656 571 cap.
2676 545 2736 566 Pm-

2524 570 2625 592 dentiam
2632 573 2702 597 tuam,
2709 572 2739 593 de

2528 597 2591 624 Offic.
2607 599 2630 618 et
2648 597 2735 620 Potest.

2524 625 2574 645 lud.
2590 623 2667 652 deleg.

2524 1387 2674 1410 ·Can.1²res1›
2691 1390 2734 1410 ter.

2523 1420 2585 1462 eius.
2599 1414 2664 1436 XXV
2677 1431 2683 1442 ‚
2696 1421 2734 1442 qu.

2523 1564 2604 1612 bCap.
2618 1564 2668 1585 Tua
2683 1570 2734 1591 nos,

2539 1591 2733 1614 eSentExcomm.

2524 3111 2532 3120 ·
2540 3109 2587 3136 Qu.
2598 3115 2644 3136 xix,
2657 3113 2697 3131 art.
2708 3110 2729 3131 6.

2520 3288 2528 3296 ¹
2539 3285 2573 3307 cf.
2590 3285 2648 3307 Part.
2662 3285 2680 3311 1,
2691 3291 2727 3312 qu.

2519 3318 2563 3338 ενι,
2579 3315 2620 3333 art.
2634 3319 2652 3338 ι,
2665 3317 2685 3338 2,
2695 3318 2714 3340 3.
