2678 4126
227 307 266 329 ae
286 299 312 328 si
334 307 395 338 pro
425 297 633 327 ordinatione
662 298 749 337 prius
771 296 1004 327 inconsiderate
1026 297 1178 336 scriptum
1207 300 1287 325 esset

227 342 479 373 consecratione.
504 340 568 371 Sed
582 342 658 371 huic
681 342 755 371 loco
779 350 845 371 non
869 341 1062 371 insistimus:
1086 345 1225 379 quatuor
1243 339 1287 369 le-

228 387 350 416 ctiones
379 395 467 416 nunc
495 384 638 415 citandae
665 385 832 415 indubium
856 390 903 415 est
926 385 1004 424 quin
1027 393 1148 414 errores
1173 384 1234 413 sint
1258 389 1289 413 et

226 433 386 466 maneant,
403 430 497 459 etiam
521 429 547 459 si
569 434 696 459 nostrae
718 428 951 469 speculationes
973 428 1055 458 circa
1078 437 1187 457 earum
1208 428 1289 457 nati-

226 473 357 505 vitatem
379 482 447 503 non
470 473 653 512 probabiles
673 473 768 503 alicui
789 472 965 502 videantur.

282 526 384 547 uxrv.
412 527 443 556 7.
466 527 504 560 γι
540 530 554 543 «
581 516 634 547 Ad
664 517 792 547 tertium
817 515 990 546 dicendum
1016 515 1103 555 quod
1137 515 1288 544 admixtio

228 570 331 601 aquae
354 560 394 591 ad
416 561 528 591 vinum
550 570 618 591 non
642 565 688 591 est
710 559 750 590 de
772 560 959 590 necessitate
989 559 1191 594 sacramenti3
1221 567 1289 588 non

228 605 312 635 enim
335 604 431 635 refert
445 610 602 645 quantum
617 603 658 634 ad
671 603 893 634 necessitatem
912 603 1098 633 sacramenti
1115 612 1289 642 quaecum-

229 657 294 689 que
309 658 394 689 aqua
416 648 626 679 admisceatur
638 648 726 683 vino,
743 647 808 677 sive
828 647 978 677 naturalis
995 647 1059 677 sive
1075 646 1243 677 artificialis
1262 659 1289 677 ».

229 693 386 724 Particula
400 693 484 723 enim
508 691 549 722 ad
568 700 638 722 rem
652 700 720 722 non
744 696 807 721 est:
831 691 1044 730 requireretur
1063 691 1172 730 potius
1190 699 1289 731 ergo;

228 737 317 767 nulla
338 745 415 767 vero
438 737 502 766 hoc
523 735 599 766 loco
618 744 702 775 opus
725 739 782 770 est,
798 735 824 764 si
846 735 969 774 legatur
982 734 1069 775 quod
1090 735 1199 775 quia...
1225 744 1289 764 non

229 781 341 823 refert.
365 780 495 820 Copula
509 779 593 809 enim
615 779 735 809 intrusa
751 784 808 814 est,
824 778 880 809 sed
903 779 959 819 qui
979 778 1111 809 intrudit
1125 787 1192 809 non
1209 787 1291 808 erra-

228 825 274 855 vit
288 825 322 855 in
336 824 401 855 hoc
423 822 514 863 quod
528 821 661 853 credidit
678 822 710 853 S.
727 822 889 853 Thomam
909 823 1086 853 orationem
1102 832 1193 853 suam
1209 831 1291 852 sem—

228 877 286 909 per
307 867 469 908 particulis
491 866 587 906 ligare
611 871 644 896 et
665 866 840 897 continere.

283 921 385 942 Lxxxx.
401 920 433 949 4.
450 920 538 950 corp.
555 921 594 954 γε
623 923 636 936 ‹
655 910 895 940 Nutrimentum
927 915 1033 940 autern
1057 911 1118 940 cibi
1148 920 1291 941 necessa-

228 955 314 986 rium
336 960 383 985 est
398 955 527 994 corpori
550 953 591 984 ad
604 954 845 986 restaurandum
860 954 893 985 id
909 954 998 995 quod
1014 954 1158 995 quotidie
1182 954 1293 995 deper—

230 999 314 1030 ditur
336 1008 377 1029 ex
400 998 521 1029 caloris
540 998 701 1029 naturalis
721 995 988 1040 concupiscentia.
1014 998 1222 1039 Spiritualiter
1237 1009 1292 1029 au-

229 1049 295 1074 tem
318 1042 464 1083 quotidie
493 1042 527 1072 in
548 1042 644 1072 nobis
667 1042 787 1082 aliquid
816 1042 998 1083 deperditur
1021 1052 1059 1073 ex
1085 1043 1191 1073 calore
1214 1051 1292 1073 con-

230 1087 445 1128 cupiscentiae
460 1095 518 1127 per
540 1091 671 1126 peccata
685 1086 820 1118 venialia
839 1100 866 1117 ι.
890 1087 1003 1118 Lectio
1026 1096 1094 1117 non
1116 1087 1201 1117 bona
1227 1093 1288 1118 est:

229 1139 390 1172 nusquam
413 1130 445 1162 S.
463 1130 607 1161 Thomas
630 1130 728 1161 calori
749 1131 884 1172 physico
904 1131 1041 1171 imponit
1064 1132 1294 1172 concupiscen-

229 1174 317 1211 tiam,
333 1183 417 1215 quae
440 1183 566 1214 semper
593 1173 633 1204 ad
661 1184 729 1205 rem
757 1175 913 1205 moralem
942 1175 1088 1215 pertinet.
1124 1169 1293 1206 Credimus

230 1220 418 1259 scriptorem
438 1219 534 1258 primi
557 1219 732 1259 apographi
755 1220 899 1249 omisisse
922 1218 1167 1249 homoteleuton
1192 1219 1293 1260 Spiri-

231 1263 405 1295 tualiter...
429 1271 471 1294 ex
493 1263 604 1293 calore
627 1268 659 1293 et
682 1272 715 1293 se
739 1264 910 1294 correxisse
933 1269 1106 1304 postquam
1130 1264 1294 1304 scripserat

230 1306 516 1348 cancupiscentiae,
533 1307 575 1338 ita
597 1312 634 1336 ut
656 1307 820 1339 resultaret
842 1307 937 1338 lectio
965 1321 978 1334 «
1049 1306 1231 1347 deperditur
1253 1317 1294 1338 ex

231 1350 342 1382 calore
367 1350 648 1391 *concupiscentiae
680 1351 890 1391 Spiritualiter
919 1356 1025 1381 autem
1050 1364 1064 1378 »
1096 1357 1172 1387 etc.;
1206 1351 1294 1391 quod

228 1395 382 1435 aehceps
405 1394 484 1425 falsa
511 1396 710 1431 correctione
741 1401 899 1427 mutatum
930 1395 1023 1425 fuerit
1045 1396 1078 1426 in
1109 1405 1150 1426 ex
1173 1396 1295 1426 caloris

231 1439 394 1470 naturalis
416 1439 684 1479 concupiscentia.

285 1493 407 1513 uxx1v.
419 1491 450 1521 4.
464 1492 527 1522 arg.
541 1482 571 1512 3.
586 1492 618 1512 α.
642 1482 804 1513 Obiiciens
824 1482 928 1512 studet
948 1483 1082 1523 probare
1098 1482 1295 1513 sacerdotem

230 1527 264 1556 in
298 1525 499 1557 confessione
533 1527 711 1565 poenitenti
746 1526 940 1556 absolvendo
978 1535 1092 1555 manus
1126 1527 1294 1566 imponere

231 1569 364 1606 debere;
397 1573 621 1608 argumentum
647 1570 744 1600 huius
773 1570 806 1600 in
837 1574 925 1600 textu
947 1570 1081 1608 antiquo
1112 1570 1156 1600 sic
1186 1569 1291 1600 audit:

234 1626 248 1639 ι
267 1613 372 1643 Verba
394 1613 566 1642 sacerdotis
588 1614 622 1643 in
645 1613 708 1643 hoc
739 1618 936 1643 sacramento
967 1622 1033 1643 non
1064 1618 1138 1643 sunt
1167 1614 1296 1643 maioris

233 1656 391 1688 efficaciae
415 1665 513 1696 quam
536 1657 569 1686 in
593 1657 661 1687 aliis
684 1657 896 1687 sacramentis.
929 1657 1004 1687 Non
1029 1657 1112 1686 enim
1136 1657 1297 1688 sufficiunt

229 1700 326 1731 verba
347 1700 482 1731 ministri
504 1700 565 1730 nisi
594 1700 734 1740 aliquem
757 1706 864 1731 actum
883 1706 1057 1736 exerceret;
1082 1701 1163 1731 sicut
1185 1702 1218 1732 in
1242 1702 1296 1731 ba-

230 1745 350 1785 ptismo
365 1744 461 1775 simul
484 1741 560 1774 cum
574 1745 637 1775 hoc
656 1745 747 1784 quod
761 1744 837 1775 dicit
855 1744 1002 1775 sacerdos
1017 1745 1087 1784 Ego
1104 1751 1135 1775 te
1154 1746 1292 1786 baptizo,

230 1789 400 1829 requiritur
422 1789 596 1828 corporalis
620 1789 751 1819 ablutio.
776 1789 862 1828 Ergo
882 1802 895 1815 »
923 1794 982 1819 etc.
1008 1788 1183 1829 Supposito
1207 1789 1295 1829 quod

229 1833 312 1864 inter
333 1832 544 1863 sacramentis
573 1838 605 1863 et
627 1833 702 1863 Non
734 1833 868 1873 scriptor
891 1834 984 1872 primi
1009 1834 1183 1873 apographi
1212 1835 1293 1864 omi-

231 1877 305 1907 serit
333 1876 580 1907 homoteleuton
610 1876 673 1907 Sed
698 1877 730 1906 in
759 1877 834 1907 aliis
862 1877 1072 1907 sacramentis
1103 1878 1151 1907 vel
1183 1878 1295 1913 simile,

231 1920 404 1955 absurdum
426 1920 511 1950 istud
541 1921 625 1951 enim
653 1921 756 1951 malae
786 1922 976 1952 correctioni
1000 1921 1195 1952 attribuatur.
1232 1922 1294 1952 Hic

229 1965 294 1997 iam
309 1970 440 2005 quartus
463 1964 555 1995 locus
579 1970 625 1995 est
641 1965 697 1995 ubi
720 1965 838 2005 copula
860 1965 944 1995 enim
969 1966 1175 1996 correctionis
1198 1967 1295 2006 gratia

229 2009 313 2039 male
329 2008 512 2039 adhibetur:
530 2008 570 2039 cf.
587 2009 696 2039 locum
713 2009 929 2049 penultimum
945 2014 977 2039 et
992 2019 1023 2039 11.
1043 2018 1071 2039 2.
1088 2020 1120 2045 η,
1138 2020 1199 2040 xvr.
1221 2018 1247 2040 1.
1266 2008 1294 2040 θ.

286 2053 364 2084 lbid.
381 2061 429 2083 ιο.
443 2062 532 2093 corp.
543 2063 582 2088 ηε
612 2066 626 2080 ‹
647 2053 767 2084 Caritas
783 2053 882 2084 semel
897 2053 1003 2083 habita
1025 2059 1156 2094 propter
1171 2053 1296 2084 liberta-

229 2100 296 2128 tem
319 2097 436 2128 arbitrii
451 2102 558 2137 potest
573 2097 673 2128 amitti
689 2102 720 2128 et
728 2107 791 2137 per
806 2107 1002 2138 consequens
1010 2103 1180 2138 peccatum
1196 2104 1226 2128 et
1235 2109 1298 2139 per

231 2151 427 2182 consequens
436 2147 515 2182 post
534 2151 642 2172 veram
658 2142 888 2181 poenitentiam
904 2147 1011 2182 potest
1026 2142 1139 2182 aliquis
1163 2151 1296 2182 peccare

230 2185 405 2216 mortaliter
423 2199 451 2216 ι.
474 2185 590 2216 Videas
614 2195 711 2226 quam
735 2191 912 2225 spontanee
935 2185 974 2216 ad
997 2187 1093 2216 verba
1123 2186 1295 2217 Caritas

226 2233 335 2271 potest
360 2229 464 2260 amitti
493 2229 579 2270 apud
609 2230 797 2270 scriptorem
824 2231 911 2260 nasci
939 2231 1080 2270 potuerit
1109 2229 1180 2260 idea
1207 2244 1220 2257 ‹
1240 2240 1297 2271 per

231 2278 400 2314 peccatum
419 2287 447 2310 ›‚
471 2283 569 2314 quam
599 2283 720 2313 pronus
749 2283 824 2314 ergo
849 2273 943 2304 fuerit
972 2284 1031 2314 pro
1057 2280 1134 2314 post
1160 2275 1295 2305 scribere

225 2323 406 2359 peccatum.
429 2318 506 2356 Quo
523 2318 608 2351 dato.
630 2327 762 2348 erronea
784 2318 880 2348 lectio
901 2319 1052 2348 constitui
1074 2318 1198 2349 videtur
1221 2319 1297 2349 falsa

230 2362 473 2402 transcriptione
490 2363 623 2402 eiusque
646 2362 819 2392 abundanti
840 2362 935 2392 simul
956 2372 991 2392 ac
1007 2362 1210 2393 insufficienti
1227 2373 1296 2394 cor-

230 2407 389 2437 rectione:
414 2407 531 2446 scripto
549 2412 580 2436 et
602 2415 669 2436 non
693 2412 854 2446 expuncto
879 2412 910 2436 et
926 2416 989 2446 per
1004 2416 1202 2447 consequens
1220 2417 1295 2448 pec-

232 2451 544 2486 catuchescribitur
567 2455 598 2481 et
613 2460 678 2490 per
699 2460 896 2495 consequens
913 2456 998 2491 post.

246 2568 251 2569 ⁷
288 2537 341 2568 Ad
357 2541 404 2569 nm
429 2538 481 2569 35.
498 2556 540 2560 —
557 2537 727 2568 Character
742 2539 859 2569 horum
875 2545 1014 2579 quatuor
1030 2548 1173 2570 errorum
1189 2540 1296 2570 minus

235 2582 317 2612 clare
340 2591 504 2622 expressus
529 2587 590 2618 est,
614 2592 712 2622 quarn
734 2589 771 2613 ut
798 2584 851 2614 cui
873 2584 991 2623 speciei
1009 2585 1136 2623 proprie
1160 2585 1297 2623 apperti-

234 2631 331 2656 neant
351 2625 556 2656 manifestum
573 2632 663 2657 esset.
684 2626 811 2657 Adsunt
834 2633 864 2657 et
880 2627 958 2657 aliae
982 2627 1135 2658 lectiones
1158 2629 1190 2658 in
1209 2633 1298 2658 textu

235 2670 369 2710 antiquo
393 2676 476 2700 certe
500 2679 662 2706 erroneae,
679 2680 762 2711 quae
785 2681 847 2711 qua
870 2672 921 2701 via
940 2681 1090 2701 erroneae
1113 2671 1213 2702 factae
1237 2673 1298 2702 sint

235 2723 296 2744 nec
319 2724 337 2744 a
359 2723 393 2744 se
419 2723 480 2744 nec
509 2720 661 2745 contextu
691 2715 831 2745 adhibito
863 2715 1044 2746 ostendunt.
1083 2715 1160 2746 Inde
1189 2725 1297 2746 earum

236 2757 391 2788 correctio
416 2756 512 2788 dubia
534 2757 570 2788 fit
593 2764 624 2788 et
646 2759 800 2795 insecura,
818 2759 912 2790 etiam
936 2765 1059 2799 praeter
1082 2766 1113 2790 et
1133 2769 1228 2800 super
1250 2760 1298 2790 in-

237 2801 459 2832 certitudinem
483 2811 580 2841 quam
603 2803 709 2833 omnis
730 2803 913 2833 coniectura
935 2813 1046 2834 secum
1069 2803 1137 2834 fert.
1163 2804 1195 2835 Si
1218 2805 1299 2834 inter

237 2845 365 2876 codices
389 2847 571 2886 superstites
590 2846 688 2886 aliqui
710 2847 831 2877 inventi
855 2853 959 2878 essent
979 2849 1035 2887 qui
1059 2857 1076 2877 a
1098 2854 1187 2888 patre
1210 2848 1299 2878 codi-

238 2899 313 2921 cum
336 2890 459 2929 antiqui
482 2895 586 2920 textus
609 2900 676 2920 non
700 2890 926 2930 dependerent,
942 2891 998 2921 sed
1017 2901 1054 2921 ex
1073 2892 1132 2922 alia
1155 2893 1299 2922 transcri-

237 2934 349 2975 ptione
373 2934 561 2974 autographi
584 2936 795 2974 pervenirent,
812 2935 917 2965 statim
941 2940 972 2965 et
994 2934 1081 2966 illico
1104 2945 1164 2975 pro
1189 2937 1300 2966 errori-

237 2978 297 3008 bus
320 2978 443 3018 antiqui
466 2983 569 3008 textus
594 2979 793 3009 authenticae
823 2978 977 3009 lectiones
1000 2985 1124 3018 praesto
1149 2979 1299 3016 fuissent,

238 3022 412 3052 sicutvice
434 3032 524 3052 versa
547 3031 667 3053 errores
689 3023 774 3053 illius
797 3023 929 3053 secundi
951 3024 1182 3063 transcriptoris
1206 3024 1300 3063 (nam

238 3066 344 3097 omnis
367 3066 501 3107 scriptor
525 3071 614 3103 errat,
631 3072 663 3097 et
684 3066 737 3097 ille
757 3065 915 3097 secundus
936 3067 1124 3107 autographi
1147 3068 1299 3108 interpre-

237 3114 320 3141 tator
342 3111 434 3150 peius
457 3110 539 3141 forte
555 3116 685 3141 errasset
702 3120 799 3150 quam
815 3109 935 3151 noster)
959 3120 1016 3151 per
1031 3111 1131 3142 bonas
1147 3111 1300 3142 lectiones

237 3159 342 3186 textus
365 3155 489 3194 antiqui
503 3154 630 3185 facilem
653 3155 886 3185 correctionem
904 3155 1098 3186 habuissent.
1122 3155 1185 3186 Sed
1207 3156 1301 3186 tradi-

237 3199 283 3229 tio
299 3207 367 3228 non
383 3198 564 3239 suppeditat
580 3199 678 3230 alium
694 3204 806 3229 testem
823 3199 985 3229 ocularem
1007 3200 1195 3240 autographi
1211 3209 1300 3240 prae-

237 3248 285 3273 ter
300 3243 488 3283 scriptorem
503 3244 598 3283 primi
613 3243 800 3283 exemplaris
816 3249 919 3273 textus
935 3244 1067 3283 antiqui.
1092 3244 1168 3274 Non
1183 3245 1301 3274 mirum

238 3287 264 3317 si
279 3287 512 3317 correctionem
528 3288 661 3318 tentanti
679 3287 838 3318 interdurn
858 3297 940 3327 aqua
951 3287 1086 3318 haereat.
1107 3288 1182 3318 Duo
1196 3298 1302 3319 exem-

238 3330 291 3371 pla
314 3329 436 3361 diversa
458 3331 608 3362 citamus:

281 3384 343 3406 ιι.
366 3385 396 3414 7.
414 3374 453 3404 ad
471 3375 500 3405 3.
517 3384 547 3406 κ.
575 3388 589 3402 ‹
608 3374 707 3412 Quod
730 3381 837 3405 autem
858 3374 979 3405 dictum
1003 3380 1049 3405 est
1071 3375 1110 3405 de
1127 3374 1302 3406 differentia

239 3419 454 3459 corruptionis
470 3420 552 3450 circa
571 3419 765 3460 principium
781 3419 830 3449 vel
854 3418 952 3449 finem
969 3419 1116 3450 dictionis
1132 3419 1247 3459 (agitur
1263 3420 1301 3450 de

239 3463 445 3503 corruptione
468 3462 590 3494 formae
607 3461 891 3505 sacramentorum)
915 3463 1071 3494 rationem
1091 3463 1202 3494 habet:
1228 3465 1303 3504 quia

240 3506 326 3546 apud
354 3505 415 3537 nos
444 3507 575 3538 variatio
603 3506 750 3538 dictionis
781 3517 819 3538 ex
841 3513 929 3547 parte
959 3507 1107 3548 principii
1130 3514 1232 3538 mutat
1262 3509 1302 3538 si-

239 3549 497 3590 gnificationem,
521 3552 652 3582 variatio
675 3557 783 3582 autem
807 3561 845 3582 ex
869 3550 934 3582 fine
960 3551 1108 3582 dictionis
1139 3557 1175 3582 ut
1204 3552 1302 3592 pluri—

2353 231 2397 255 VII

1340 305 1432 327 mum
1462 301 1565 326 mutat
1593 296 1880 337 significationem,
1909 306 1990 336 quae
2020 302 2126 327 tamen
2153 297 2238 336 apud
2268 306 2399 337 graecos

1342 341 1478 370 variatur
1500 341 1594 370 etiam
1617 340 1795 370 secundum
1817 340 2010 380 principium
2033 340 2179 370 dictionis
2202 341 2235 370 in
2262 341 2399 371 declina-

1341 385 1429 414 tione
1452 385 1623 414 verborum
1642 397 1670 414 ».
1703 384 1792 414 Haec
1823 383 1899 414 falsa
1930 384 2025 414 lectio
2049 390 2151 414 textus
2174 385 2296 424 antiqui
2321 384 2398 425 (qui

1342 428 1405 458 hoc
1428 428 1503 458 loco
1527 429 1621 458 etiam
1637 429 1822 458 testimonio
1842 428 1991 458 codicum
2015 428 2039 457 F
2057 434 2088 458 et
2109 428 2139 457 H
2163 428 2294 467 gaudet;
2318 429 2345 458 E
2370 434 2400 458 et

1341 477 1433 502 vetus
1457 471 1675 503 Cordubensis
1703 472 1850 502 lacunam
1874 471 2010 510 habent)
2034 472 2133 501 tribus
2162 472 2266 502 modis
2296 482 2399 502 corre-

1343 521 1392 546 cta
1414 516 1583 546 invenitur.
1607 516 1725 551 Primo,
1747 525 1811 546 non
1836 521 1938 546 mutat
1960 515 2226 556 significationem
2251 516 2312 555 (ita
2335 516 2400 546 edi-

1343 560 1389 590 tio
1413 570 1433 590 a
1457 565 1488 590 et
1503 569 1617 590 omnes
1640 559 1794 590 editiones
1810 566 1883 600 post
1902 569 1982 590 saec.
1999 559 2096 598 XVI),
2112 560 2193 589 bene
2216 560 2399 599 hucusque;

1343 604 1399 634 sed
1414 605 1519 634 statim
1538 605 1682 644 quaestio
1703 605 1812 639 oritur,
1830 613 1895 643 quo
1919 612 2014 634 sensu
2039 603 2207 633 declinatio
2231 604 2401 634 verborum

1343 648 1428 688 apud
1459 657 1588 688 graecos
1617 647 1880 688 significationem
1911 653 2032 678 mutare
2063 647 2199 677 dicatur:
2227 657 2284 687 per
2306 647 2401 678 decli-

1343 693 1509 722 nationem
1524 693 1574 723 vel
1598 693 1858 732 coniugationem
1877 688 1999 722 τύπτω
2017 689 2160 731 τέτυφα,
2178 691 2275 721 caedo
2292 692 2400 726 cecidi,

1343 736 1634 776 significatiosapud
1658 736 1772 766 latinos
1802 735 1916 766 eodem
1945 736 2044 766 modo
2069 745 2134 775 quo
2165 735 2250 775 apud
2272 745 2402 775 graecos

1344 785 1464 810 mutata
1488 785 1520 810 et
1542 789 1609 810 non
1628 785 1749 810 mutata
1772 789 1839 810 esse
1862 779 1995 810 videtur.
2019 779 2090 809 Alia
2106 780 2277 809 correctio:
2301 784 2404 809 mutat

1344 825 1675 866 consignificationem
1691 824 1746 864 (ita
1763 823 1817 859 G1‚
1835 824 2026 854 Oxoniensis
2045 823 2212 853 Patavinus
2235 823 2402 853 Brixiensis

1345 869 1574 899 Ambrosianus
1591 874 1623 898 et
1638 868 1793 898 editiones
1813 877 1893 898 saec.
1911 867 2008 907 XVI),
2023 868 2172 907 inspirata
2189 867 2248 896 fuit
2271 872 2301 897 et
2316 867 2402 897 valo-

1345 922 1412 942 rem
1433 913 1527 943 habet
1543 923 1561 942 a
1576 912 1650 943 loco
1667 912 1898 943 Commentarii
1914 913 1945 942 in
1963 912 2014 942 IV.
2032 911 2129 947 Sent.,
2147 920 2243 951 quem
2262 912 2402 951 margine

1346 957 1490 993 citamus,
1506 957 1562 988 ubi
1585 956 1716 987 dicitur:
1750 969 1764 983 α
1784 965 1821 987 ex
1844 961 1932 997 parte
1955 955 2026 986 finis
2050 956 2184 986 mutatio
2207 956 2303 984 variat
2327 965 2403 984 con-

1346 1000 1620 1041 significationem,
1644 1010 1711 1031 non
1735 1006 1840 1030 autem
1865 999 2138 1040 significationem,
2155 1005 2190 1029 ut
2210 1000 2403 1038 grammatici

1347 1044 1474 1081 dicunt,
1499 1044 1554 1075 sed
1576 1045 1711 1075 mutatio
1736 1054 1773 1075 ex
1796 1049 1884 1084 parte
1907 1043 2054 1084 principii
2077 1044 2174 1073 variat
2201 1042 2402 1082 significatio-

1346 1098 1422 1119 nem
1441 1102 1469 1119 ».
1493 1089 1603 1120 Manet
1617 1094 1725 1120 tamen
1739 1089 1832 1119 nobis
1855 1087 1987 1118 dubium
2005 1097 2102 1127 quare
2125 1087 2156 1118 S.
2174 1086 2316 1117 Thomas
2331 1087 2404 1117 scri-

1346 1134 1459 1174 psisset
1478 1146 1491 1160 ‹
1508 1138 1543 1164 ut
1551 1133 1731 1173 plurimum
1746 1138 1847 1163 mutat
1863 1131 2189 1172 consignificationem
2206 1144 2233 1167 »,
2251 1136 2281 1161 et
2297 1140 2403 1171 quare,

1348 1176 1425 1208 dum
1449 1177 1488 1208 de
1515 1178 1692 1208 mutatione
1716 1175 2016 1216 consignificationis
2040 1176 2073 1205 in
2097 1175 2307 1206 declinatione
2337 1184 2405 1204 ver—

1347 1221 1464 1252 borum
1494 1231 1638 1261 expresse
1668 1230 1848 1251 sermonem
1883 1220 2032 1256 instituit,
2062 1228 2249 1259 graecorum
2280 1223 2404 1249 tantum

1346 1265 1632 1306 reduplicationem
1663 1266 1822 1305 respiciat,
1854 1269 1883 1295 et
1914 1274 1984 1294 eam
2014 1264 2148 1294 omnino
2178 1268 2279 1294 taceat
2308 1272 2404 1302 quam

1346 1310 1434 1340 latini
1465 1315 1583 1340 norunt
1611 1311 1644 1339 in
1675 1310 1776 1340 verbis
1804 1318 1879 1339 usus
1903 1308 2157 1348 frequentissimi.
2187 1307 2275 1337 Haec
2298 1313 2405 1336 tamen

1347 1354 1442 1384 lectio
1457 1363 1491 1384 re
1508 1353 1615 1384 denuo
1639 1353 1836 1383 considerata
1853 1352 2048 1393 probabilior
2065 1352 2158 1381 nobis
2174 1356 2312 1391 apparet.
2338 1350 2405 1380 Me-

1347 1398 1408 1428 lius
1430 1404 1538 1428 tamen
1557 1397 1668 1428 fuisset
1681 1397 1786 1432 nobis,
1802 1397 1986 1427 testimonio
2010 1396 2136 1426 alterius
2151 1396 2237 1425 testis
2260 1400 2405 1434 autogra-

1347 1443 1403 1482 phi
1426 1442 1488 1472 frui
1510 1443 1663 1482 potuisse.
1679 1460 1701 1463 —
1716 1441 1880 1471 Editiones
1904 1450 1984 1471 saec.
2000 1440 2059 1470 XV
2074 1440 2199 1479 legunt:
2224 1449 2288 1469 non
2305 1444 2407 1468 mutat

1348 1486 1700 1527 consignificationem;
1723 1485 1845 1524 antiqui
1866 1484 2005 1514 vulneris
2028 1484 2153 1513 cicatrix
2177 1488 2233 1513 est.

1403 1529 1501 1559 Aliud
1525 1530 1707 1568 exemplum
1723 1529 1852 1569 praebet
1875 1527 2020 1558 differens
2044 1528 2138 1557 lectio
2162 1526 2282 1557 formae
2306 1526 2406 1565 bapti-

1349 1573 1410 1604 smi
1432 1572 1518 1613 apud
1541 1582 1682 1612 graecos,
1699 1573 1789 1603 cuius
1806 1573 1944 1612 primum
1961 1571 2093 1601 verbum
2110 1576 2156 1601 est
2173 1569 2218 1611 (et
2233 1576 2269 1600 ut
2284 1569 2407 1599 videtur

1349 1626 1475 1656 semper
1505 1615 1583 1655 fuit)
1610 1615 1842 1657 Βοιπτίζεται,
1865 1616 2066 1655 Baptizatur,
2095 1614 2194 1644 modo
2225 1614 2405 1644 indicativo.

1350 1661 1466 1691 Tribus
1488 1661 1567 1691 locis
1591 1661 1718 1690 citatur:
1743 1670 1791 1690 Lx.
1806 1659 1835 1689 8.
1849 1659 1880 1690 S.
1894 1659 1932 1690 C.
1949 1652 1979 1695 δ,
1993 1669 2072 1689 var.
2089 1659 2116 1688 5.
2130 1658 2167 1688 ad
2189 1667 2215 1688 ι.
2233 1668 2254 1693 ι,
2267 1668 2358 1687 van.
2377 1658 2406 1686 6.

1350 1714 1437 1744 corp.
1464 1698 1494 1734 δ.
1525 1704 1709 1735 Secundum
1732 1709 1854 1734 textum
1884 1704 2051 1743 antiquum
2081 1702 2112 1733 S.
2133 1702 2276 1732 Thomas
2302 1702 2406 1741 primo

1350 1754 1381 1779 et
1396 1749 1489 1779 tertio
1505 1748 1579 1779 loco
1595 1749 1768 1788 scripsisset
1782 1748 1981 1788 Baptizatur,
1998 1746 2106 1777 medio
2119 1756 2194 1776 vero
2211 1746 2406 1786 Baptizetur.

1350 1792 1528 1823 Contextus
1551 1802 1660 1823 ansam
1682 1802 1750 1822 non
1773 1791 1826 1822 dat
1849 1801 1912 1831 qua
1934 1801 2045 1822 verum
2066 1791 2253 1830 autographi
2275 1790 2407 1819 verbum

1349 1842 1547 1871 teneremus;
1572 1837 1605 1867 in
1620 1836 1788 1866 traditione
1812 1842 1894 1866 extra
1911 1835 2038 1866 codices
2061 1835 2183 1874 antiqui
2197 1839 2300 1865 textus
2320 1834 2408 1863 inve-

1349 1881 1456 1911 nimus
1479 1881 1578 1910 tribus
1601 1881 1679 1911 locis
1701 1880 1892 1920 Baptizatur
1914 1880 1947 1909 in
1971 1879 2026 1915 Gl,
2041 1879 2229 1919 Baptizetur
2251 1883 2356 1908 autem
2375 1878 2407 1907 in

1350 1924 1542 1955 editionibus
1567 1934 1584 1954 a
1607 1924 1735 1954 saeculo
1765 1924 1854 1960 XVI,
1878 1924 2065 1963 ceteroquin
2093 1932 2206 1952 omnes
2230 1931 2311 1961 quae
2341 1921 2407 1951 fieri

1349 1974 1480 2008 possent
1503 1969 1765 1998 combinationes.
1791 1966 1954 2009 (Secundo
1979 1967 2052 1997 loco
2076 1967 2267 2007 Baptizatur
2292 1966 2409 1995 habent

1349 2012 1506 2052 EFHIpG
1521 2019 1552 2042 et
1567 2013 1612 2047 bc,
1630 2011 1685 2042 sed
1700 2013 1804 2052 primo
1820 2013 1893 2043 loco
1909 2012 2096 2052 Baptizetur
2110 2011 2219 2046 FHbc;
2244 2011 2285 2040 ita
2302 2015 2333 2039 et
2348 2010 2374 2039 E
2391 2020 2408 2039 a

1351 2062 1530 2087 correctore
1553 2064 1691 2092 coaev0;
1715 2057 1817 2096 prima
1840 2066 1937 2087 manu
1953 2055 2124 2095 lacunam).
2148 2055 2253 2085 Latini
2276 2055 2407 2093 scripto-

1349 2111 1398 2131 res
1422 2106 1494 2131 ante
1518 2106 1549 2131 et
1571 2106 1645 2140 post
1668 2100 1699 2130 S.
1717 2100 1878 2130 Thomam
1903 2099 2079 2141 (Halensis,
2103 2099 2268 2134 Albertus,
2292 2098 2407 2133 Estius.

1351 2143 1499 2186 Toletus)
1523 2145 1620 2184 vulgo
1645 2144 1755 2174 dicunt
1777 2150 1884 2175 actum
1910 2144 2058 2184 baptismi
2081 2142 2167 2183 apud
2188 2152 2318 2183 graecos
2340 2151 2407 2172 non

1349 2188 1518 2229 significari
1541 2188 1640 2219 modo
1663 2187 1846 2223 indicativo,
1873 2187 1928 2218 sed
1955 2201 1968 2214 ‹
1988 2188 2047 2218 sub
2071 2188 2132 2217 alio
2156 2187 2266 2223 modo,
2291 2186 2409 2216 scilicet

1350 2233 1553 2263 subiunctivo
1576 2232 1627 2262 vel
1650 2233 1803 2272 optativo,
1821 2231 1860 2262 ad
1879 2231 2123 2272 significandum
2139 2231 2227 2271 quod
2250 2236 2337 2262 actus
2360 2231 2408 2260 in-

1350 2278 1446 2307 terior
1459 2282 1641 2316 expectatur
1653 2277 1691 2306 ab
1705 2282 1789 2306 extra
1805 2290 1832 2312 a»,
1850 2282 1884 2306 ut
1896 2277 1964 2316 ipse
1976 2275 2051 2306 dicit
2068 2275 2197 2306 Comm.
2210 2276 2243 2305 in
2255 2275 2307 2305 IV.
2321 2275 2407 2305 Sent.

1352 2321 1421 2351 dist.
1447 2321 1498 2351 III.
1521 2326 1576 2351 art.
1601 2330 1629 2350 2.
1654 2318 1720 2360 qu¹⁸
1738 2330 1767 2350 2.
1791 2320 1830 2350 ad
1859 2328 1885 2350 1.
1909 2319 2057 2350 Fidentes
2080 2325 2186 2349 tamen
2209 2319 2408 2349 crederemus

1351 2365 1382 2396 S.
1400 2365 1562 2395 Thomam
1584 2370 1695 2404 postea
1718 2374 1786 2394 rem
1809 2364 1922 2394 melius
1946 2363 2077 2394 doctum
2102 2363 2207 2399 fuisse,
2229 2364 2254 2392 si
2277 2363 2409 2402 scriptor

1350 2410 1444 2449 primi
1479 2409 1654 2449 apographi
1680 2409 1779 2438 tribus
1809 2408 1888 2438 locis
1916 2408 2088 2447 scripsisset
2118 2407 2323 2447 Baptizatum
2355 2406 2409 2436 sed

1351 2453 1427 2493 quia
1453 2452 1602 2489 fluctuat,
1627 2453 1847 2483 testimonium
1877 2453 1944 2482 eius
1973 2461 2032 2491 pro
2056 2458 2168 2482 neutra
2195 2452 2331 2481 lectione
2364 2456 2410 2480 sat

1350 2497 1452 2527 fidum
1477 2496 1589 2532 evadit,
1607 2502 1638 2527 et
1653 2497 1728 2536 quia
1742 2497 1882 2536 insuper,
1898 2502 1934 2526 ut
1957 2496 2019 2526 iam
2036 2495 2182 2532 diximus,
2199 2495 2315 2525 auxilio
2333 2504 2409 2525 con-

1350 2547 1454 2571 textus
1478 2541 1687 2575 destituimur,
1704 2540 1794 2571 nullo
1811 2541 1935 2571 criterio
1959 2541 2077 2570 scimus
2097 2546 2166 2570 utra
2184 2540 2279 2570 lectio
2302 2539 2342 2569 sit
2356 2549 2409 2578 ge-

1350 2586 1460 2619 nuina,
1476 2585 1615 2625 ideoque
1638 2594 1698 2615 nos
1721 2589 1843 2614 textum
1867 2585 2034 2624 anfiquum
2050 2583 2270 2624 adoptavimus
2293 2584 2409 2613 immu-

1350 2635 1461 2660 tatum.

1406 2717 1458 2747 Ad
1479 2720 1526 2747 nru
1550 2717 1601 2747 36.
1619 2734 1661 2738 —
1677 2716 1738 2747 Pro
1768 2722 1871 2747 textus
1901 2717 2023 2756 antiqui
2053 2716 2209 2746 erroribus
2238 2715 2409 2746 lectionem

1351 2771 1459 2791 veram
1488 2761 1538 2790 vel
1568 2760 1759 2790 sufficienter
1790 2761 1909 2791 bonam
1937 2760 2001 2790 fere
2032 2761 2152 2799 ubique
2177 2769 2214 2789 ex
2242 2760 2327 2790 libris
2351 2769 2409 2789 no-

1350 2806 1405 2835 tris
1434 2805 1574 2835 mutuari
1602 2806 1777 2844 potuimus.
1819 2804 1905 2835 Cum
1931 2805 2021 2835 nullo
2053 2804 2164 2834 codice
2195 2810 2249 2833 aut
2272 2803 2410 2833 editione

1351 2850 1487 2889 legimus
1503 2849 1550 2879 his
1566 2849 1660 2879 locis:
1686 2859 1734 2879 Lx.
1756 2857 1782 2879 1.
1799 2859 1838 2885 ης
1862 2859 1942 2879 Lxrv.
1961 2849 1990 2878 6.
2008 2842 2046 2884 ὃς
2070 2858 2150 2878 mm.
2170 2849 2198 2877 5.
2215 2841 2246 2883 ὃ,
2263 2858 2296 2883 v;
2324 2855 2373 2877 ιι.
2392 2840 2410 2876 ὃ

1353 2893 1459 2934 (quod
1491 2902 1532 2923 ex
1554 2893 1708 2932 baptismo
1740 2892 1874 2932 legimus
1903 2902 1962 2932 pro
1991 2891 2078 2932 quod
2103 2891 2260 2931 baptizato
2289 2892 2410 2930 antiqui

1352 2943 1472 2973 textus;
1496 2937 1691 2977 praepositio
1719 2946 1760 2966 ex
1783 2937 1900 2966 omissa
1929 2936 2023 2966 fuerit
2044 2945 2101 2975 per
2130 2935 2408 2975 haplographiam:

1353 2981 1468 3012 ductus
1499 2981 1579 3020 signi
1609 2980 1696 3021 quod
1718 2985 1748 3010 et
1770 2981 1858 3011 verbi
1885 2990 1926 3010 ex
1955 2980 2071 3010 similes
2095 2979 2204 3018 sunt);
2228 2989 2309 3009 Lxrx.
2338 2986 2364 3009 ι,
2389 2990 2409 3022 γ

1354 3025 1541 3066 (originalis
1570 3034 1630 3064 pro
1661 3022 1904 3065 originalium);
1937 3033 2040 3053 Lxxm.
2069 3032 2099 3062 4.
2123 3016 2159 3058 ὃς
2184 3032 2284 3053 Lxxrv.
2314 3031 2342 3052 1.
2369 3033 2409 3058 ας

1353 3079 1442 3099 Lxxv.
1464 3077 1490 3098 1.
1509 3078 1535 3104 ι;
1560 3078 1661 3099 Lxxvr.
1681 3077 1709 3098 2.
1726 3077 1763 3104 κς
1788 3068 1817 3098 6.
1836 3067 1853 3108 ζ
1877 3066 2132 3109 (sacrosanctum
2148 3076 2411 3106 pro-sacramen·

1355 3111 1453 3153 tum);
1478 3122 1589 3142 Lxxvn.
1609 3113 1637 3142 5.
1661 3105 1679 3140 δ
1705 3110 1750 3153 (et
1772 3121 1831 3151 pro
1855 3112 1934 3150 ve1);
1964 3122 2053 3141 Lxxx.
2079 3111 2108 3141 3.
2130 3121 2161 3146 ε;
2186 3121 2309 3140 Lxxxm.
2333 3120 2363 3149 4.
2388 3121 2410 3152 μ

1355 3157 1459 3196 (locus
1482 3162 1702 3186 reconstructu
1725 3155 1869 3191 difficilis,
1887 3156 2031 3196 quamvis
2051 3165 2162 3186 sensus
2185 3155 2313 3185 evidens
2336 3155 2410 3194 est);

1356 3201 1386 3230 6.
1404 3197 1439 3236 θ;
1464 3210 1585 3230 Lxxxrv.
1603 3200 1633 3230 6.
1652 3199 1688 3237 β;
1713 3209 1833 3230 Lxxxvr.
1862 3207 1888 3229 1.
1912 3194 1948 3235 83
1972 3209 2116 3229 Lxxxvm.
2138 3207 2164 3229 ι.
2188 3210 2220 3243 γ,
2244 3209 2263 3228 κ
2288 3199 2413 3238 (induit

1355 3254 1414 3285 pro
1439 3244 1562 3274 inducit
1582 3249 1669 3274 totus
1692 3243 1783 3274 locus
1806 3242 1984 3284 notabilis);
2009 3253 2129 3273 Lxxx1x.
2149 3252 2177 3272 2.
2194 3253 2227 3285 μ.

1410 3331 1462 3362 Ad
1483 3335 1530 3362 n¹¹¹
1554 3331 1606 3372 39.
1623 3350 1665 3354 -—
1682 3331 1775 3362 Circa
1797 3332 1892 3362 verba
1915 3341 1952 3362 ex
1975 3331 2007 3362 S.
2033 3331 2193 3370 Scriptura
2223 3329 2356 3360 adducta
2379 3331 2412 3360 in

1355 3377 1404 3406 his
1419 3376 1539 3406 ultimis
1553 3376 1802 3413 Quaestionibus
1818 3375 1943 3406 Tertiae
1963 3376 2061 3405 Partis
2077 3375 2161 3405 idem
2178 3375 2412 3405 observavimus

1356 3420 1445 3460 quod
1467 3421 1501 3450 in
1523 3421 1698 3460 prioribus,
1721 3419 1801 3450 idest
1829 3420 2063 3450 observavimus
2087 3419 2125 3450 ad
2148 3419 2330 3450 citationem
2358 3418 2413 3447 ali-

1357 3465 1447 3494 cuius
1470 3465 1534 3494 loci
1557 3463 1588 3495 S.
1606 3464 1784 3504 Scripturae
1808 3463 1966 3494 interdurn
1986 3464 2112 3494 alterius
2134 3463 2198 3494 loci
2222 3463 2314 3492 verba
2336 3461 2411 3492 dari.

1356 3508 1504 3548 Exempli
1519 3509 1634 3548 gratia:
1659 3518 1728 3538 Lxx.
1743 3518 1772 3538 2.
1789 3517 1852 3548 arg.
1864 3518 1886 3546 4
1903 3514 1933 3538 et
1948 3518 2039 3538 Lxxn.
2058 3516 2104 3537 10.
2121 3507 2160 3537 ad
2174 3507 2208 3537 3:
2237 3520 2249 3532 α
2270 3507 2304 3536 In
2321 3505 2412 3536 Chri-

1357 3558 1406 3583 sto
1419 3553 1490 3583 Iesu
1502 3562 1569 3582 non
1582 3558 1627 3582 est
1639 3552 1798 3582 masculus
1810 3561 1916 3592 neque
1928 3551 2056 3587 femina,
2069 3557 2104 3581 ut
2116 3551 2229 3581 dicitur
2241 3550 2312 3580 Col.
2326 3549 2366 3579 111
2381 3560 2411 3586 »;
