2918 4088
211 251 222 262 ·
237 249 304 271 Vers.
320 254 339 270 2.

212 607 223 617 ·
236 605 307 628 Num.
318 605 423 633 praeced.

213 1453 266 1484 fo.
288 1453 423 1479 uaesituml,

212 1484 272 1501 intro
292 1496 297 1501 .

213 1678 222 1688 ·
241 1677 299 1698 Pan.
318 1676 364 1702 111,
385 1682 422 1703 qu.

212 1709 273 1728 inv,
288 1707 330 1724 art.
345 1709 364 1730 3,
379 1710 402 1728 4·
413 1713 423 1717 -

213 1730 249 1752 Cf.
263 1735 327 1751 num.
342 1735 382 1750 vn.

211 2119 221 2129 '¹
236 2118 272 2140 Cf.
287 2124 351 2140 num.
365 2125 387 2140 v.

210 2205 221 2214 '
229 2203 307 2225 Matth.
317 2208 367 2230 cap.
377 2208 423 2229 xvi,

210 2236 270 2251 vers.
287 2236 319 2257 ¹9-

212 2258 233 2268 ⁰¹
248 2257 310 2278 Ioan.
321 2262 372 2283 cap.
383 2261 421 2282 xx,

211 2289 271 2305 vers.
287 2289 320 2311 23·

215 2469 225 2477 “
239 2467 274 2489 Cf.
291 2473 354 2490 num.
370 2474 399 2489 vi.

456 173 528 210 362

449 252 460 281 Ι
478 252 563 282 Ioan.
582 262 602 281 11
618 252 650 281 *z
676 251 748 292 Ipse
764 256 810 282 est
819 251 1011 291 propitiatio
1030 261 1094 292 pro
1113 253 1256 292 peccatis
1280 253 1421 283 nostris:
1445 261 1509 282 non

442 306 508 336 pro
533 296 652 326 nostris
675 301 782 326 autem
806 301 939 331 tantum,
963 296 1019 327 sed
1042 297 1140 327 totius
1163 296 1284 327 mundi.
1309 297 1357 327 Ex
1374 306 1437 336 qua
1456 306 1512 326 au-

450 341 593 370 ctoritate
616 345 703 380 patet
718 341 901 379 passionem
917 340 1034 371 Christi
1050 340 1243 371 sufficienter
1258 340 1435 371 satisfacere
1451 350 1510 381 pro

449 390 518 414 toto
543 384 683 414 mundo:
709 394 745 414 ac
768 394 825 424 per
843 385 916 422 hoc,
942 394 1016 415 cum
1041 386 1204 415 executive
1227 395 1285 425 pro
1309 386 1419 425 paucis
1442 390 1511 415 tan-

448 434 518 459 turn
541 428 719 464 satisfaciat,
743 428 905 459 infinitum
923 429 1107 459 thesaurum
1126 428 1378 459 satisfactionum
1395 428 1512 459 Christi

449 482 613 513 superesse
636 474 669 503 in
693 474 904 509 sacramentis,
931 473 1047 513 quibus
1071 473 1182 504 eadem
1207 473 1323 503 Christi
1339 473 1444 512 passio
1464 483 1511 503 sa-

448 517 573 548 tisfacit.
609 517 659 554 De
685 522 870 548 sanctorum
896 523 1004 548 autem
1034 517 1364 557 superabundantibus
1391 518 1512 547 meritis

450 561 558 602 quoad
573 561 718 592 officium
733 561 943 592 satisfaciendi
959 571 1018 602 pro
1034 562 1137 598 nobis,
1155 561 1400 592 fundamentum
1417 566 1463 591 est
1479 562 1512 591 in

450 606 610 646 Scriptura
626 607 660 636 in
675 606 755 636 locis
771 605 911 646 allegatis
923 607 940 623 ⁴*
956 616 994 636 ex
1007 606 1062 636 Iob
1080 612 1110 636 et
1122 605 1292 646 Apostolo.
1306 605 1399 636 Unde
1415 614 1512 645 appa-

450 656 496 681 ret
520 660 619 690 quam
645 650 872 680 rationabiliter
901 650 1044 680 Ecclesia
1071 651 1217 680 Romana
1248 649 1511 680 determinaverit.

504 694 572 725 VII.
590 695 631 725 Et
646 695 672 725 si
688 699 874 734 quaeratur:
891 694 943 724 Ad
956 693 1034 734 quid
1049 694 1134 724 utilis
1146 695 1203 724 erit
1219 699 1304 724 tanta
1316 693 1513 734 superabun-

450 739 556 769 dantia
579 738 831 769 satisfactionum
854 738 972 769 Christi
994 743 1025 768 et
1047 743 1231 768 sanctorum
1258 743 1376 778 quanta
1399 748 1513 769 secun-

451 783 530 814 dum
544 782 705 823 praedicta
727 783 882 822 supererit
904 788 978 822 post
1000 782 1176 812 universale
1200 782 1365 818 iudicium,
1383 782 1512 822 quando

450 828 531 858 nulli
556 827 693 867 amplius
719 826 870 867 proderit,
903 826 981 856 dum
1011 836 1070 866 pro
1101 826 1191 857 nullo
1223 827 1360 866 amplius
1391 827 1513 857 solvere

450 872 568 911 poterit
598 880 738 911 poenam
768 881 828 911 pro
856 876 988 910 peccato
1020 868 1178 901 debitam?
1210 888 1234 892 —
1267 870 1440 901 dicendum
1468 875 1515 901 est

451 915 540 955 quod
563 916 627 946 hoc
645 916 751 955 ipsum
771 915 860 954 quod
883 921 930 945 est
944 915 1057 945 merita
1080 914 1198 944 Christi
1221 920 1252 944 et
1267 920 1461 951 sanctorum,
1478 919 1515 944 ut

450 960 665 995 satisfactoria,
682 965 747 989 tarn
764 959 953 989 excellenter
975 968 1123 998 superare
1147 968 1260 988 omnes
1283 968 1366 998 quae
1387 959 1514 989 solven-

451 1003 509 1034 dae
525 1003 649 1034 fuerant
665 1013 796 1043 poenas,
813 1012 881 1033 non
905 1008 951 1033 est
973 1012 1102 1038 vanum,
1120 1002 1175 1032 sed
1192 1002 1230 1032 ad
1245 1002 1380 1041 gloriam
1396 1002 1514 1032 Christi

451 1053 481 1078 et
497 1053 696 1082 sanctorum,
722 1052 753 1077 et
772 1046 811 1076 ad
827 1046 1117 1076 commendandam
1136 1047 1314 1076 libertatem
1333 1046 1514 1076 salvationis

1247 174 1557 211 CARDINALIS
1588 173 1833 210 CAIETANI

1567 253 1752 283 electorum.
1778 252 1867 282 Haec
1891 252 1977 282 enim
1993 251 2282 291 superabundantia
2301 254 2490 284 meritorum
2506 259 2630 285 attesta-

1566 302 1617 327 tur
1641 295 1730 336 quod
1760 305 1827 326 non
1859 306 1896 326 ex
1919 295 2144 326 insufficientia
2174 296 2426 328 satisfactionum
2454 297 2572 328 Christi
2600 304 2631 328 et

1567 346 1749 371 sanctorum
1779 339 1919 370 damnati
1949 345 2023 369 sunt
2052 340 2189 380 reprobi,
2215 341 2305 380 quasi
2335 341 2411 371 solis
2443 342 2550 372 electis
2578 342 2640 378 illav

1567 384 1777 415 suffecissent:
1796 383 1851 414 sed
1867 393 1905 414 ex
1920 384 2049 423 propria
2064 384 2230 424 iniquitate
2247 384 2387 415 damnati
2403 390 2477 416 sunt
2492 386 2630 426 reprobi,

1566 438 1625 469 pro
1651 428 1767 468 quibus
1790 427 1950 458 sufficiens
1969 433 2112 458 remanet
2134 426 2315 464 satisfactio,
2332 429 2358 458 si
2382 428 2488 460 divina
2510 431 2631 460 miseri-

1567 472 1675 503 cordia
1699 472 1738 503 ad
1762 472 1833 502 illos
1857 481 1928 502 eam
1951 471 2110 512 applicare
2134 471 2238 502 vellet.

1620 517 1702 547 VIII.
1728 516 1761 547 Si
1777 521 1885 546 autem
1902 516 2079 556 quaeritur:
2104 515 2156 546 Ad
2172 515 2251 556 quid
2266 515 2528 556 superabundans
2544 518 2633 548 satis-

1567 560 1662 591 factio
1687 565 1871 591 sanctorum
1893 560 2035 600 ponitur,
2060 569 2135 590 cum
2152 559 2270 590 Christi
2286 559 2456 591 satisfactio
2473 560 2632 592 sufficien-

1565 606 1686 635 tissima
1704 605 1744 634 sit
1766 613 1825 645 pro
1842 609 1912 634 toto
1929 601 2071 634 mundo?
2092 621 2116 626 —
2138 603 2400 644 respondendum
2416 610 2464 635 est
2478 605 2542 635 hoc
2557 615 2632 646 pro-

1565 655 1674 689 pterea
1697 658 1766 679 esse
1788 654 1824 679 ut
1849 648 1952 679 Chisti
1967 648 2111 678 membra
2134 648 2295 678 simillima
2319 653 2424 678 essent
2447 649 2553 690 capiti.
2577 649 2633 680 Vi-

1567 693 1680 724 demus
1696 694 1783 723 enim
1799 692 1939 723 divinam
1954 691 2190 732 providentiam
2203 691 2398 732 disposuisse
2413 692 2503 732 quod
2515 691 2635 724 Christi

1566 738 1726 774 membra,
1750 737 1935 777 praesertim
1958 737 2148 777 praecipua,
2172 736 2231 766 sibi
2255 737 2502 767 assimilarentur
2532 745 2634 777 quan-

1566 787 1636 812 tum
1659 781 1705 811 fas
1730 786 1785 812 est.
1810 780 1914 817 Unde,
1939 781 2021 811 sicut
2044 786 2118 811 sunt
2141 781 2246 815 sancti,
2261 780 2396 821 quidam
2417 781 2554 811 aliorum
2578 791 2634 812 cu-

1566 831 1702 861 ratores,
1735 825 1866 866 quidam
1895 825 2031 855 aliorum
2061 824 2223 860 doctores,
2249 825 2379 865 quidam
2403 826 2460 866 qui
2482 835 2541 866 pro
2566 825 2634 856 aliis

1567 875 1730 900 merentur
1754 869 1807 910 (de
1830 879 1974 910 congruo
1999 869 2135 909 tamen),
2161 869 2292 910 quidam
2320 870 2376 910 qui
2398 879 2458 910 pro
2483 869 2551 900 aliis
2574 869 2634 900 im-

1567 919 1710 954 petrant;
1742 914 1785 944 ita
1809 913 1940 954 quidam
1963 919 2037 944 sunt
2060 914 2234 944 alienarum
2257 923 2436 954 poenarum
2459 913 2634 944 satisfacto-

1567 960 1634 994 res,
1666 959 1709 988 ita
1732 963 1768 988 ut
1798 958 2010 988 assimilentur
2033 957 2161 988 Christo
2193 958 2289 988 etiam
2311 959 2345 988 in
2368 959 2432 988 hoc
2461 957 2551 998 quod
2573 967 2633 998 pro

1567 1002 1635 1032 aliis
1658 1011 1769 1042 passus
1794 1007 1856 1038 est,
1890 1001 1968 1031 dum
1993 1007 2023 1032 et
2046 1002 2123 1041 ipsi,
2156 1003 2212 1043 qui
2239 1003 2404 1042 patiuntur
2435 1003 2508 1043 plus
2536 1011 2634 1043 quam

1568 1045 1782 1082 demerentur,
1806 1055 1865 1085 pro
1889 1045 1957 1076 aliis
1980 1045 2185 1076 satisfaciunt.

1212 1199 1547 1249 QUAESITUM
1578 1199 1869 1248 QUARTUM

803 1304 863 1334 AN
887 1302 1147 1334 THESAURUS
1171 1301 1247 1331 HIC
1272 1300 1484 1332 SUBDITUS
1513 1300 1580 1331 SIT
1603 1300 1933 1331 DISPENSATIONI
1956 1301 2096 1332 PAPAE
2119 1302 2281 1333 ALITER

1040 1346 1169 1384 QUAM
1193 1346 1275 1376 PER
1300 1343 1698 1376 SACRAMENTORUM
1723 1344 2046 1375 COLLATIONEM

516 1457 587 1477 1RCA
603 1450 753 1486 quartum
769 1444 809 1474 de
825 1445 973 1474 thesauro
998 1444 1178 1483 quaesitum
1195 1444 1221 1478 ⁴¹⁵,
1246 1452 1286 1472 an
1309 1442 1429 1472 scilicet
1446 1442 1515 1471 the-

454 1459 625 1521 Csaurus
648 1490 700 1519 hic
715 1488 860 1519 subditus
877 1489 916 1518 sit
938 1487 1168 1527 dispensationi
1183 1487 1288 1527 Papae
1305 1486 1393 1516 aliter
1417 1495 1516 1526 quam

450 1546 506 1576 per
536 1539 807 1565 sacramentorum
839 1532 1062 1567 collationem,
1093 1531 1282 1571 ambiguitas
1311 1540 1428 1570 magna
1458 1535 1514 1560 est.

450 1580 614 1618 Quoniam
645 1577 788 1608 conferre
821 1576 970 1607 effectum
999 1576 1187 1606 sacramenti
1220 1575 1288 1605 sine
1316 1580 1515 1605 sacramento

449 1629 570 1665 spectat
593 1622 632 1653 ad
656 1622 758 1652 claves
777 1621 996 1656 excellentiae,
1021 1629 1099 1660 quas
1117 1625 1242 1650 constat
1257 1629 1326 1650 non
1342 1628 1410 1649 esse
1427 1628 1516 1649 com-

450 1669 626 1699 municatas
649 1667 768 1706 Papae,
793 1664 849 1695 sed
872 1670 1042 1695 reservatas
1066 1664 1126 1694 soli
1150 1663 1278 1694 Christo
1294 1664 1322 1694 *.
1357 1664 1516 1694 Remissio

451 1719 558 1743 autem
592 1720 717 1751 poenae
750 1709 935 1750 temporalis
974 1718 1033 1748 pro
1068 1709 1184 1739 actuali
1218 1713 1352 1748 peccato
1391 1707 1517 1738 debitae

451 1763 497 1788 est
521 1756 651 1787 effectus
675 1755 880 1785 sacramenti:
906 1754 1062 1794 quoniam
1085 1753 1149 1783 hoc
1172 1752 1208 1783 fit
1230 1762 1288 1793 per
1310 1753 1515 1792 baptismum,

451 1808 482 1832 et
505 1811 561 1841 per
583 1800 707 1830 tertiam
730 1804 854 1839 partem
881 1798 1069 1828 sacramenti
1097 1797 1332 1837 poenitentiae,
1365 1806 1447 1837 quae
1471 1802 1518 1827 est

451 1844 632 1876 satisfactio.

505 1890 541 1920 II.
567 1889 602 1919 In
625 1889 684 1918 hac
708 1886 896 1927 quaestione
920 1885 1086 1916 sciendum
1111 1890 1157 1916 est
1179 1890 1281 1916 totam
1297 1885 1517 1916 difficultatem
1541 1881 1546 1935 Ι

449 1935 631 1969 consistere,
655 1941 723 1962 non
745 1932 779 1961 in
802 1931 876 1967 hoc,
901 1940 941 1961 an
964 1931 1131 1961 thesaurus
1152 1931 1211 1960 iste
1233 1930 1273 1960 sit
1296 1929 1517 1970 dispensabilis

449 1988 505 2019 per
520 1979 648 2017 Papam,
665 1975 721 2006 sed
736 1976 769 2005 in
784 1976 864 2005 hoc:
885 1975 937 2005 An
953 1975 1042 2005 aliter
1058 1983 1156 2014 quam
1171 1983 1228 2014 per
1244 1979 1517 2004 sacramentorum

450 2023 655 2053 collationem
678 2021 779 2061 possit
801 2020 887 2059 Papa
906 2019 1091 2050 thesaurum
1113 2019 1211 2049 istum
1228 2019 1478 2049 communicare.

504 2067 668 2104 Quoniam
691 2065 779 2095 nulla
801 2064 989 2094 auctoritate
1021 2063 1218 2103 Scripturae‚
1242 2063 1370 2093 nullave
1393 2063 1516 2093 ratione

448 2111 556 2141 haberi
579 2109 703 2140 videtur
725 2108 815 2149 quod
838 2108 1032 2148 dispensatio
1065 2107 1134 2138 talis
1158 2108 1197 2137 sit
1220 2107 1338 2138 credita
1369 2107 1463 2138 Petro
1488 2108 1514 2138 ὓ.

448 2156 662 2186 Auctoritates
686 2152 845 2193 siquidem
873 2152 964 2189 illae,
992 2151 1224 2192 Quodcumque
1254 2152 1390 2182 solveris
1419 2161 1518 2192 super

449 2205 570 2230 terram
585 2200 619 2235 ἦ,
644 2205 688 2234 et,
715 2197 863 2234 Quorum
895 2197 1082 2227 remiseritis
1105 2201 1243 2236 peccata
1258 2196 1309 2232 “⁹
1333 2196 1516 2236 intelligun-

448 2250 499 2275 tur
521 2244 635 2284 procul
659 2242 757 2273 dubio
782 2241 962 2272 secundum
986 2241 1161 2271 subiectam
1188 2241 1371 2271 materiam:
1397 2245 1434 2271 ut
1456 2241 1516 2271 sci-

448 2290 522 2319 licet
545 2298 581 2318 ea
606 2297 689 2328 quae
713 2291 858 2327 spectant
880 2285 920 2316 ad
942 2286 1165 2316 remissionem
1189 2290 1408 2325 peccatorum,
1425 2294 1516 2316 com-

448 2334 543 2363 missa
558 2333 620 2363 sint
643 2330 795 2362 solvenda
811 2335 842 2361 et
857 2329 1046 2361 remittenda
1065 2329 1279 2360 mediantibus
1300 2330 1514 2360 sacramentis.

503 2378 596 2407 Ratio
621 2385 754 2416 quoque
781 2375 997 2405 communiter
1020 2374 1129 2410 allata,
1161 2373 1281 2404 scilicet
1308 2373 1399 2414 quod
1426 2383 1515 2404 com-

449 2423 558 2452 munia
581 2422 666 2451 bona
686 2419 848 2450 Ecclesiae
872 2424 946 2450 sunt
961 2418 1185 2459 dispensabilia
1208 2428 1266 2459 per
1280 2417 1515 2458 praesidentem

450 2466 621 2502 Ecclesiae,
639 2464 775 2496 eandem
798 2464 917 2503 patitur
939 2462 1159 2494 difficultatem
1175 2464 1201 2492 *.
1226 2463 1412 2494 Declaratur
1428 2463 1516 2493 enim

451 2510 540 2550 quod
563 2510 748 2540 communia
766 2508 929 2538 Ecclesiae
946 2508 1032 2538 bona
1047 2507 1222 2548 spectantia
1238 2506 1278 2537 ad
1292 2507 1515 2537 remissionem

450 2560 676 2596 peccatorum,
701 2558 775 2584 sunt
798 2551 931 2593 quidem
955 2551 1179 2592 dispensabilia
1201 2561 1259 2592 per
1281 2550 1516 2591 praesidentem

451 2599 621 2635 Ecclesiae,
638 2598 694 2629 sed
709 2608 777 2628 non
793 2596 1050 2637 quomodolibet,
1068 2595 1123 2626 sed
1147 2601 1234 2626 certo
1253 2594 1365 2632 modo,
1389 2596 1454 2626 hoc
1469 2601 1517 2626 est

451 2654 508 2684 per
532 2644 737 2674 collationem
759 2647 1041 2673 sacramentorum.
1376 2679 1378 2681 Ι
1479 2665 1485 2669 .

506 2689 599 2718 Ratio
623 2687 754 2718 demum
778 2686 898 2717 ducens
922 2685 961 2716 ad
983 2685 1224 2720 inconveniens,
1249 2689 1327 2723 puta
1350 2683 1440 2724 quod
1463 2694 1516 2715 su-

452 2731 591 2772 perfluae
614 2731 842 2762 satisfactiones
869 2736 1054 2761 sanctorum
1086 2729 1199 2759 frustra
1227 2729 1385 2768 repositae
1412 2735 1518 2760 essent

452 2777 485 2807 in
504 2777 662 2812 thesauro,
680 2776 755 2815 quia
769 2776 841 2806 illae
856 2785 924 2806 non
941 2774 1222 2805 communicantur
1238 2782 1295 2813 per
1310 2779 1516 2810 sacramenta,

453 2821 534 2851 sicut
557 2820 784 2850 satisfactiones
808 2819 936 2855 Christi,
960 2828 1020 2849 nec
1036 2823 1173 2859 possunt
1188 2817 1362 2857 dispensari
1385 2818 1453 2848 sine
1469 2828 1517 2848 sa-

454 2865 631 2900 cramentis,
645 2874 719 2904 ergo
736 2873 816 2894 vane
832 2869 906 2894 sunt
921 2865 956 2894 in
971 2864 1120 2893 thesauro
1137 2862 1317 2892 Ecclesiae:
1331 2879 1355 2884 —-
1365 2862 1455 2898 haec,
1468 2863 1517 2893 in—

455 2918 562 2948 quam,
585 2909 664 2938 ratio
688 2908 780 2938 facile
803 2908 945 2944 solvitur,
970 2907 1107 2938 dicendo
1123 2906 1214 2947 quod
1229 2911 1303 2937 sunt
1318 2907 1352 2936 in
1367 2906 1516 2938 thesauro

455 2953 615 2983 Ecclesiae
638 2958 674 2982 ut
697 2962 714 2982 a
730 2952 857 2982 Christo
874 2952 1097 2992 dispensentur
1112 2951 1263 2982 membris
1280 2950 1442 2981 Ecclesiae
1457 2952 1517 2982 mi-

455 2997 588 3033 litantis;
614 3002 644 3027 et
667 2996 756 3036 quod
778 2997 842 3027 hoc
857 2996 893 3026 fit
909 2996 1063 3036 quotidie,
1088 2995 1167 3026 dum
1189 2995 1309 3026 meritis
1333 3001 1518 3026 sanctorum

456 3041 594 3081 petimus
616 3041 837 3070 remissionem
859 3046 1077 3080 peccatorum,
1102 3045 1134 3071 et
1157 3039 1354 3071 exaudimur.

512 3085 557 3114 Ita
580 3084 678 3124 quod,
698 3084 877 3115 secundum
892 3085 947 3114 has
963 3083 1173 3120 difficultates,
1189 3084 1285 3114 huius
1300 3084 1440 3114 thesauri
1455 3083 1518 3114 dis-

457 3129 601 3168 pensatio
626 3129 713 3158 aliter
737 3138 833 3168 quam
856 3138 913 3168 per
936 3134 1185 3164 sacramentum,
1215 3133 1371 3158 reservata
1393 3127 1519 3158 videtur

459 3172 593 3202 Summo
613 3172 775 3202 Sacerdoti
792 3172 929 3208 Christo,
943 3173 1000 3212 qui
1013 3172 1100 3203 solus
1116 3173 1206 3203 novit
1221 3173 1334 3203 merita
1349 3181 1518 3203 causarum

460 3216 540 3245 circa
564 3217 783 3246 remissionem
806 3221 1022 3256 peccatorum.

514 3259 565 3289 111.
589 3260 679 3289 Licet
702 3265 808 3289 autem
831 3259 965 3289 difficilis
989 3261 1027 3290 sit
1050 3261 1162 3290 notitia
1189 3260 1384 3300 quaestionis
1407 3261 1518 3296 huius,

460 3304 535 3342 quia
557 3309 664 3333 tamen
686 3304 869 3333 universalis
894 3304 1035 3333 Ecclesia
1058 3303 1142 3334 facto
1167 3304 1335 3334 declaravit
1357 3305 1518 3335 Ecclesiae

459 3346 616 3386 praelatos
638 3356 732 3386 posse
748 3346 932 3376 huiusmodi
948 3347 1131 3377 thesaurum
1155 3348 1222 3378 sine
1238 3349 1441 3378 sacramentis
1457 3348 1519 3378 dis—

459 3400 602 3430 pensare,
627 3390 704 3420 dum
727 3391 880 3429 Episcopi
900 3400 1012 3420 omnes
1035 3391 1246 3430 indulgentias
1262 3391 1347 3427 dant,
1363 3401 1431 3421 non
1448 3401 1518 3422 cru-

461 3433 571 3464 deliter
601 3434 674 3464 loco
703 3434 801 3464 solius
828 3435 947 3464 vinculi
977 3435 1183 3464 iniunctionis
1213 3435 1456 3465 transmittendo
1480 3435 1517 3466 ad

459 3487 580 3518 poenas
611 3478 803 3518 purgatorii,
828 3477 883 3507 sed
906 3479 1041 3517 gratiose
1064 3479 1138 3508 loco
1163 3479 1302 3518 ipsarum
1333 3478 1520 3509 satisfactio—

1568 1451 1649 1472 num
1671 1442 1905 1473 iniunctarum:
1931 1452 1969 1473 ex
1992 1443 2055 1473 hoc
2075 1444 2171 1480 enim,
2195 1444 2281 1474 utin
2297 1445 2514 1485 superioribus
2530 1447 2547 1463 ¹*
2570 1455 2638 1478 ma-

1567 1485 1753 1516 nifestatum
1777 1492 1833 1523 est,
1858 1492 1987 1527 oportet
2006 1487 2083 1518 dicti
2097 1488 2238 1518 thesauri
2254 1487 2526 1529 dispensationem
2541 1491 2638 1523 inter-

1569 1530 1687 1566 venire,
1712 1540 1788 1561 cum
1811 1540 1879 1561 non
1893 1532 2018 1571 possint
2041 1531 2129 1562 aliter
2151 1531 2316 1563 fructuose
2331 1533 2517 1565 huiusmodi
2532 1534 2639 1567 indul-

1569 1575 1695 1615 gentiae
1725 1574 1897 1606 succedere
1927 1575 2134 1616 poenitentiis
2165 1577 2332 1608 iniunctis:
2355 1595 2379 1600 —
2401 1577 2492 1614 ideo,
2517 1578 2638 1620 absque

1568 1619 1779 1650 haesitatione
1802 1619 1918 1660 aliqua,
1943 1620 2040 1650 etiam
2063 1620 2090 1651 si
2111 1620 2202 1651 nulla
2217 1620 2340 1652 adesset
2354 1622 2446 1658 ratio,
2471 1622 2639 1655 fatendum

1570 1668 1617 1694 est
1633 1663 1707 1694 dicti
1723 1664 1863 1694 thesauri
1879 1663 2151 1704 dispensationem
2166 1674 2234 1696 non
2246 1665 2353 1699 solum
2368 1675 2427 1706 per
2442 1672 2639 1698 sacramenta

1570 1707 1680 1748 quoad
1691 1708 1804 1738 merita
1817 1707 1945 1744 Christi,
1957 1707 2014 1739 sed
2029 1709 2120 1740 aliter
2134 1718 2233 1750 quam
2247 1719 2306 1751 per
2317 1716 2514 1742 sacramenta
2529 1711 2639 1752 quoad

1569 1753 1682 1783 merita
1706 1752 1824 1783 Christi
1847 1758 1878 1783 et
1894 1758 2090 1790 sanctorum,
2107 1754 2313 1784 commissam
2329 1763 2398 1785 esse
2411 1755 2560 1796 praelatis
2575 1754 2638 1787 Ec-

1570 1797 1695 1831 clesiae.
1720 1802 1751 1827 et
1766 1797 1939 1837 praecipue
1954 1797 2070 1838 Papae.
2093 1797 2136 1828 Et
2157 1798 2222 1829 hoc
2244 1803 2334 1829 tanto
2348 1799 2449 1839 magis
2471 1798 2638 1832 fatendum

1570 1846 1627 1878 est,
1652 1846 1774 1882 quanto
1797 1850 1855 1882 per
1877 1841 2024 1872 Leonem
2047 1841 2078 1872 X
2101 1841 2347 1873 determinatum
2370 1847 2418 1874 est
2431 1844 2459 1874 ⁹.

1626 1885 1679 1916 IV.
1704 1884 1899 1926 Suffragatur
1922 1891 2030 1916 autem
2052 1886 2128 1917 huic
2143 1887 2267 1917 veritati
2281 1887 2362 1918 ratio
2385 1892 2474 1918 tanto
2491 1893 2638 1929 accepta-

1570 1930 1664 1960 bilior
1691 1935 1813 1970 quanto
1837 1930 1939 1970 magis
1965 1930 2060 1961 solvit
2090 1940 2204 1961 omnes
2227 1930 2428 1962 difficultates
2458 1930 2639 1964 accidentes

1570 1975 1604 2005 in
1626 1975 1686 2005 hac
1708 1984 1752 2005 re.
1790 1974 1848 2005 Est
1870 1979 1979 2005 autem
2006 1975 2087 2005 ratio
2110 1975 2200 2005 haec.
2236 1974 2436 2006 Communia
2462 1977 2639 2016 praesentis

1570 2019 1732 2049 Ecclesiae
1746 2019 1834 2049 bona
1849 2019 2132 2050 communicabilia
2147 2019 2235 2050 aliter
2251 2029 2351 2060 quam
2361 2029 2420 2060 per
2431 2025 2638 2058 sacramenta,

1570 2068 1645 2094 sunt
1660 2073 1678 2093 a
1693 2062 1893 2103 praesidente
1915 2063 2078 2094 Ecclesiae
2102 2063 2326 2104 dispensabilia
2348 2063 2437 2095 aliter
2461 2073 2559 2105 quam
2581 2074 2640 2107 pet

1570 2112 1776 2138 sacramenta.
1805 2106 1869 2138 Sed
1892 2108 2005 2138 merita
2027 2107 2146 2138 Christi
2173 2113 2204 2138 et
2231 2113 2426 2145 sanctorum,
2450 2113 2488 2139 ut
2509 2118 2639 2150 supera-

1570 2151 1751 2182 bundanter
1776 2151 1996 2188 satisfactoria,
2027 2157 2102 2182 sunt
2131 2153 2319 2184 communia
2348 2153 2435 2183 bona
2463 2153 2639 2194 praesentis

1570 2196 1732 2227 Ecclesiae
1748 2196 2028 2227 communicabilia
2044 2196 2133 2227 aliter
2149 2206 2247 2238 quam
2261 2206 2320 2238 per
2333 2202 2539 2229 sacramenta.
2551 2196 2638 2239 Ergo

1569 2246 1644 2271 sunt
1662 2251 1680 2271 a
1694 2240 1895 2281 praesidente
1917 2240 2080 2271 Ecclesiae
2107 2239 2330 2282 dispensabilia
2352 2241 2442 2272 aliter
2464 2250 2563 2282 quam
2580 2247 2640 2282 per

1569 2290 1776 2316 sacramenta.

1625 2329 1730 2360 Maior
1751 2329 1931 2370 propositio
1961 2329 2083 2360 nullam
2113 2328 2239 2360 videtur
2260 2329 2377 2360 habere
2399 2329 2592 2361 instantiam.
2616 2347 2640 2353 -—

1570 2374 1678 2404 Minor
1700 2379 1809 2404 autem
1833 2382 1871 2403 ex
1894 2382 1990 2413 supra
2012 2374 2028 2390 ⁸*
2055 2372 2146 2404 dictis
2178 2373 2261 2404 clara
2284 2378 2340 2410 est,
2365 2378 2498 2414 excepta
2525 2373 2640 2405 ultima

1569 2418 1734 2458 particula,
1750 2417 1872 2448 scilicet
1890 2416 1980 2457 quod
2002 2417 2081 2448 haec
2103 2418 2190 2448 bona
2206 2418 2269 2448 sint
2285 2417 2567 2448 communicabilia
2582 2416 2639 2449 ali-

2664 1452 2675 1463 ·
2689 1451 2828 1479 Quaesitum
2844 1457 2862 1479 ι,

2665 1482 2731 1500 num.
2745 1484 2768 1506 v,
2781 1484 2813 1501 vi.

2665 1847 2677 1859 '
2699 1846 2771 1870 Locis
2793 1847 2834 1869 cit.
2855 1847 2879 1869 in

2665 1873 2879 1924 gffinm⁰d”

2665 2379 2801 2428 :agua-ut.
2811 2386 2880 2408 pne-

1569 2467 1617 2493 ter
1646 2471 1745 2503 quam
1767 2471 1824 2502 per
1840 2467 2045 2492 sacramenta.
2081 2461 2174 2500 Quae
2194 2461 2350 2502 particula
2363 2461 2584 2493 manifestatur
2599 2467 2639 2494 ex
2670 2468 2673 2471 ·

1570 2516 1609 2537 eo
1634 2506 1724 2547 quod
1746 2506 1826 2537 haec
1850 2505 1962 2537 eadem
1984 2506 2071 2536 bona
2093 2506 2283 2546 potuissent,
2307 2506 2334 2536 si
2355 2502 2541 2543 voluissent,
2566 2515 2639 2538 san-

1570 2551 1613 2581 cti
1636 2551 1886 2586 communicare,
1902 2560 1970 2581 non
1993 2559 2051 2591 per
2068 2551 2154 2581 viam
2177 2550 2375 2586 sacramenti,
2397 2550 2465 2580 aliis
2487 2550 2639 2583 membris

1569 2595 1732 2626 Ecclesiae
1747 2595 1781 2625 in
1799 2594 1999 2635 particulari:
2025 2604 2063 2625 ex
2078 2595 2142 2625 hoc
2167 2595 2255 2625 enim
2278 2594 2368 2635 quod
2382 2594 2444 2635 ipsi
2458 2594 2640 2635 potuissent

1569 2640 1633 2670 hoc
1661 2639 1786 2670 efficere
1816 2639 1905 2669 aliter
1937 2648 2035 2679 quam
2064 2648 2122 2679 per
2145 2643 2357 2675 sacramenta,
2381 2638 2526 2679 sequitur
2549 2638 2639 2680 quod

1570 2683 1800 2714 satisfactiones
1815 2684 1892 2714 istae
1915 2688 2028 2724 suapte
2042 2688 2156 2714 natura
2171 2688 2246 2714 sunt
2261 2682 2547 2720 communicabiles
2570 2680 2638 2715 aliis

1571 2728 1660 2759 aliter
1683 2737 1782 2768 quam
1804 2737 1862 2768 per
1885 2732 2090 2758 sacramenta.
2353 2735 2363 2743 ·

1625 2773 1664 2803 V.
1689 2773 1775 2803 Hinc
1798 2781 1932 2812 quoque
1955 2776 2150 2802 monstratur
2171 2770 2308 2802 validam
2332 2780 2400 2802 esse
2427 2770 2468 2801 ad
2489 2771 2638 2812 proposi-

1570 2822 1641 2847 tum
1657 2817 1879 2847 auctoritatem
1893 2816 1991 2852 illam,
2011 2815 2244 2857 Quodcumque
2257 2815 2394 2846 solveris
2405 2816 2432 2845 ἦ
2448 2814 2533 2846 Nam
2543 2824 2638 2847 verus

1570 2861 1655 2892 illius
1677 2861 1858 2891 intellectus
1881 2865 1944 2897 est,
1972 2859 2204 2901 Quodcumque
2225 2860 2362 2891 solveris
2385 2868 2422 2890 eo
2446 2859 2542 2890 modo
2573 2868 2637 2901 quo

1572 2905 1654 2936 illud
1677 2909 1724 2936 est
1745 2905 1891 2936 solubile.
1927 2904 1969 2935 Et
1991 2905 2035 2935 sic
2067 2904 2101 2935 in
2125 2905 2215 2935 omni
2244 2904 2375 2935 materia
2406 2904 2519 2940 currit,
2543 2907 2576 2937 et
2598 2903 2638 2934 ad

1571 2950 1776 2990 propositum
1807 2947 1918 2979 efficax
1947 2949 2117 2979 invenitur.
2152 2947 2211 2979 Est
2233 2947 2320 2979 enim
2350 2947 2395 2978 sic
2417 2945 2636 2988 practicanda:

1574 2993 1806 3034 Quodcumque
1817 3002 1878 3033 per
1891 2997 2130 3024 sacramentum
2145 2992 2282 3024 solubile
2302 2991 2440 3023 solveris
2447 3001 2512 3032 per
2525 3000 2638 3023 sacra·

1572 3043 1732 3075 mentum;
1755 3043 1787 3068 et
1804 3037 1958 3074 similiter,
1985 3036 2216 3078 Quodcumque
2231 3035 2332 3067 aliter'
2342 3044 2438 3079 quam
2450 3045 2513 3077 per
2526 3045 2638 3068 sacra-

1572 3087 1712 3113 mentum
1727 3081 1864 3112 solubile
1878 3081 2015 3112 solveris
2038 3081 2134 3112 etiam
2149 3077 2253 3123 aliter·
2268 3089 2364 3122 quam
2374 3089 2439 3121 per
2452 3079 2640 3111 sacramen-

1573 3132 1649 3163 tum,
1667 3132 1727 3157 etc.
1751 3126 1793 3156 Et
1815 3126 1870 3162 sic,
1894 3124 2113 3156 subsumendo
2137 3124 2227 3166 quod
2248 3133 2356 3164 poena
2369 3123 2554 3164 temporalis
2576 3133 2637 3165 pro

1572 3171 1688 3202 actuali
1711 3175 1846 3211 peccato
1870 3169 1976 3200 debita
2000 3174 2047 3200 est
2069 3168 2213 3200 solubilis
2237 3172 2269 3198 et
2283 3177 2341 3210 per
2356 3173 2591 3200 sacramentum
2606 3173 2639 3199 et

1571 3224 1629 3255 per
1651 3215 1787 3245 alienam
1805 3213 2054 3244 satisfactionem
2072 3213 2140 3243 sine
2156 3217 2353 3243 sacramento
2371 3212 2572 3253 applicatam,
2587 3212 2638 3243 in-

1572 3259 1670 3290 fertur
1701 3258 1791 3299 quod
1816 3257 2003 3288 huiusmodi
2029 3266 2136 3298 poena
2162 3262 2269 3298 potest
2298 3266 2316 3286 a
2338 3256 2433 3286 Petro
2458 3256 2539 3287 solvi
2569 3262 2638 3287 non

1572 3304 1679 3334 solum
1702 3311 1759 3343 per
1778 3306 2022 3338 sacramentum,
2046 3300 2102 3332 sed
2118 3302 2212 3332 etiam
2228 3310 2285 3341 per
2300 3300 2436 3331 alienam
2452 3300 2638 3331 satisfactio—

1572 3357 1647 3378 nem
1671 3347 1740 3377 sine
1762 3351 1961 3377 sacramento
1985 3345 2186 3386 applicatam.

1628 3391 1682 3421 VI.
1698 3391 1758 3421 Per
1774 3391 1837 3421 hoc
1861 3391 1957 3420 etiam
1971 3389 2110 3420 salvatur
2125 3390 2205 3419 ratio
2223 3388 2407 3420 communis
2423 3388 2463 3419 de
2479 3393 2639 3430 potestate

1574 3435 1780 3475 praesidentis
1795 3434 1957 3464 Ecclesiae
1972 3434 1999 3464 ’ἦ
2019 3433 2184 3472 Quoniam
2203 3443 2277 3464 vera
2293 3438 2340 3464 est
2355 3433 2530 3474 respective
2545 3431 2637 3464 intel-

1573 3479 1670 3509 lecta:
1694 3479 1758 3509 hoc
1782 3483 1838 3514 est,
1856 3477 1945 3518 quod
1961 3477 2046 3508 bona
2069 3477 2349 3508 communicabilia
2369 3487 2427 3518 per
2442 3482 2638 3508 sacramenta

2664 2823 2675 2834 ·
2689 2821 2726 2845 Cf.
2746 2828 2811 2845 num.
2825 2827 2854 2845 u.

2664 3439 2675 3450 ·
2682 3438 2752 3461 Num.
2769 3444 2796 3465 u,
2807 3437 2878 3461 Ratio

2663 3471 2764 3494 W-
