2918 4088
236 1454 246 1463 ·
260 1453 329 1473 Num.
346 1457 379 1478 111,
396 1457 425 1472 ιν.

473 177 547 214 350

470 266 527 297 per
551 266 626 287 suos
649 256 770 287 iudices
794 256 1016 287 exercendum.
1052 256 1140 286 Idem
1164 261 1210 285 est
1237 260 1343 284 autem
1377 251 1531 283 iudicium

471 302 615 337 salutare,
640 307 670 332 et
686 301 842 331 iudicium
857 300 1054 332 medicinale.
1080 301 1120 331 Et
1135 298 1361 340 poenitentiale
1377 296 1530 327 iudicium

471 346 511 377 ad
534 347 674 387 primum
697 346 830 376 Domini
861 345 1033 376 adventum
1057 350 1177 384 spectat
1207 342 1321 383 procul
1345 341 1461 375 dubio,
1493 339 1531 369 ad

472 400 570 431 quem
593 396 714 431 spectat
729 395 961 420 sacramentum
977 389 1202 430 poenitentiae.
1227 406 1249 409 —
1273 387 1328 416 Est
1343 386 1438 425 igitur
1454 393 1531 424 poe-

471 436 634 466 nitentiale
657 434 812 465 iudicium
838 444 904 464 non
928 434 1084 464 iudicium
1108 432 1268 466 absolute,
1298 430 1352 460 sed
1376 428 1531 460 iudicium

471 480 606 511 salutare
629 489 686 510 seu
709 478 908 509 medicinale.
933 478 980 508 Ac
997 487 1053 518 per
1068 478 1141 512 hoc,
1165 486 1232 506 non
1255 474 1356 505 tendit
1380 473 1419 503 ad
1438 473 1531 513 puni-

471 525 594 555 tionem
617 523 795 554 secuudum
818 533 862 558 se,
886 522 941 553 sed
965 523 997 552 in
1022 521 1132 552 ordine
1156 520 1196 550 ad
1211 520 1355 554 salutem,
1372 527 1439 548 non
1455 517 1532 546 alio-

472 578 555 604 rum,
579 567 635 599 sed
657 568 757 608 ipsius
779 568 824 597 rei
848 567 956 597 solius.

528 613 566 643 V.
591 612 631 642 Et
655 613 729 652 quia
752 612 814 642 hoc
838 611 966 651 proprie
993 615 1039 640 est
1063 609 1206 640 officium
1234 607 1434 642 confessoris,
1457 604 1531 635 ideo

473 657 547 687 hinc
570 657 749 696 perspicere
774 661 900 695 oportet
924 660 1042 694 quanta
1063 654 1156 684 debet
1172 662 1239 683 esse
1256 651 1397 691 cognitio
1421 658 1533 690 pecca-

472 707 590 731 torum.
616 700 751 740 Oportet
767 700 854 730 enim
870 705 993 729 tantum
1009 698 1202 728 manifestari
1218 701 1357 736 peccata,
1376 699 1532 734 quantum

475 745 570 785 exigit
592 743 777 775 huiusmodi
800 744 934 774 salutare
953 743 1118 773 iudicium.
1142 741 1175 772 Si
1192 741 1278 771 enim
1301 739 1340 770 ad
1364 740 1426 769 hoc
1450 738 1533 768 salu-

473 795 538 820 tare
561 788 716 819 iudicium
741 789 874 827 exigitur
897 787 1108 817 manifestatio
1129 786 1275 816 omnium
1293 790 1323 814 et
1338 782 1533 823 singularum

475 834 671 873 specierum,
704 838 735 863 et
758 833 835 862 certi
857 832 983 862 numeri
1006 830 1230 870 singularium,
1262 837 1464 867 consequens
1488 832 1534 856 est

475 877 564 918 quod
588 882 715 916 oportet
738 877 957 916 poenitentem
981 876 1058 905 haec
1075 874 1241 914 explicare,
1266 874 1352 902 iuxta
1375 871 1533 911 possibili-

474 928 571 952 tatem
595 930 695 951 suam.
731 920 764 950 Si
787 929 862 949 vero
891 918 1076 949 huiusmodi
1104 918 1257 948 discussio
1287 926 1354 946 non
1383 915 1533 954 exigitur,

475 974 676 1004 consequens
700 970 746 994 est
770 963 859 1002 quod
881 973 948 993 non
973 967 1119 1002 oporteat
1142 962 1361 1001 poenitentem
1384 960 1462 989 baec
1482 968 1534 988 ex-

474 1010 600 1049 plicare.
626 1009 665 1038 Et
689 1009 713 1037 si
737 1008 815 1037 haec
831 1007 975 1046 negativa
994 1006 1178 1040 admittitur,
1204 1013 1406 1043 consequens
1430 1008 1477 1032 est
1499 1008 1535 1032 ut

475 1053 649 1083 declaretur
672 1061 754 1091 quae
778 1057 808 1081 et
832 1056 950 1090 quanta
967 1050 1121 1080 discussio
1146 1049 1279 1088 exigitur
1302 1047 1342 1077 ad
1364 1048 1427 1076 hoc
1451 1046 1534 1076 salu-

474 1103 539 1126 tare
562 1096 727 1126 iudicium.

529 1140 680 1170 Dicamus
703 1139 798 1178 igitur
821 1137 909 1177 quod
931 1137 1087 1167 iudicium
1110 1135 1295 1166 huiusmodi
1319 1133 1437 1165 claudit
1451 1134 1485 1163 in
1502 1142 1535 1162 se

474 1185 558 1215 duo:
584 1184 702 1214 scilicet
726 1191 793 1212 esse
816 1181 981 1216 iudicium,
1007 1186 1037 1211 et
1053 1190 1120 1211 esse
1137 1180 1287 1214 salutare;
1312 1179 1355 1208 ita
1379 1177 1468 1217 quod
1487 1186 1534 1207 se-

474 1227 616 1259 cundum
640 1233 686 1258 est
709 1226 781 1256 finis
804 1226 908 1265 primi.
944 1225 985 1255 Et
1006 1229 1175 1264 propterea
1203 1233 1240 1253 ex
1264 1221 1406 1252 secundo
1433 1221 1535 1251 mani-

473 1271 653 1302 festandum
676 1276 723 1301 est
745 1270 902 1310 primum:
927 1274 1052 1299 tantum
1068 1269 1154 1298 enim
1178 1267 1272 1298 debet
1289 1274 1478 1296 concurrere
1495 1264 1534 1294 de

474 1326 512 1346 eo
537 1315 626 1355 quod
650 1321 696 1345 est
718 1314 836 1349 iudicii,
854 1318 1010 1353 quantum
1027 1312 1164 1352 expedit,
1180 1311 1230 1342 vel
1251 1311 1361 1341 saltem
1378 1319 1461 1349 opus
1477 1314 1534 1344 est,

473 1360 511 1390 ad
535 1361 597 1390 hoc
622 1365 657 1389 ut
679 1358 834 1389 iudicium
857 1359 896 1388 sit
919 1357 1053 1387 salutare
1077 1356 1264 1396 poenitenti.
1289 1355 1330 1384 Et
1353 1354 1429 1393 quia
1451 1353 1534 1383 salu-

472 1411 537 1434 tare
560 1403 738 1444 poenitenti
760 1402 914 1432 iudicium
939 1411 956 1431 a
979 1401 1098 1431 iudicio
1123 1400 1268 1430 absolute
1291 1398 1404 1433 differt,
1428 1403 1464 1427 ut
1487 1396 1534 1427 di-

474 1454 560 1479 ctum
585 1453 630 1478 est
645 1447 671 1482 *,
697 1452 853 1486 quantum
877 1445 916 1476 ad
939 1446 1152 1485 punitionem,
1177 1445 1210 1474 in
1234 1444 1296 1473 hoc
1321 1441 1410 1482 quod
1433 1442 1466 1471 in
1485 1442 1533 1471 iu-

473 1493 556 1523 dicio
580 1492 725 1522 absolute
748 1490 922 1520 intenditur
944 1489 982 1519 ad
1006 1489 1209 1529 punitionem
1233 1486 1416 1517 secundum·
1433 1495 1477 1521 se,
1500 1486 1534 1515 in

473 1536 592 1567 iudicio
607 1545 683 1566 vero
703 1535 828 1565 salutari
845 1533 1018 1564 intenditur
1036 1534 1163 1573 punitio
1179 1532 1322 1562 salutaris
1338 1530 1516 1571 poenitenti
1525 1540 1533 1566 ;

474 1590 674 1620 consequens
698 1585 743 1610 est
767 1584 802 1609 ut
825 1578 1000 1609 differentia
1023 1586 1156 1618 quoque
1179 1577 1218 1606 sit
1245 1574 1353 1616 quoad
1377 1575 1534 1614 cognitio-

473 1635 558 1655 nem.
593 1625 675 1655 Nam
699 1625 774 1663 quia
797 1623 923 1663 punitio
948 1622 1125 1652 secundum
1149 1631 1182 1651 se
1213 1620 1357 1651 consistit
1384 1620 1417 1649 in
1441 1618 1533 1649 adae-

475 1670 627 1710 quatione
649 1678 774 1708 poenae
798 1667 837 1697 ad
861 1667 1006 1707 culpam,
1035 1670 1163 1706 oportet
1187 1666 1221 1695 in
1243 1663 1364 1694 iudicio
1388 1663 1534 1694 absolute

475 1723 669 1753 cognoscere
700 1717 807 1742 exacte
834 1712 943 1751 culpas
967 1720 1079 1741 omnes
1107 1715 1138 1740 et
1161 1709 1318 1749 singulas,
1348 1713 1383 1738 ut
1406 1708 1535 1748 aequari

474 1759 533 1788 illis
557 1758 656 1797 possit
679 1766 793 1797 poena.
818 1757 859 1786 Et
882 1757 956 1796 quia
972 1756 1097 1795 punitio
1114 1753 1311 1785 medicinalis
1335 1753 1479 1782 consistit
1501 1753 1535 1782 in

475 1802 786 1833 commensuratione
802 1810 925 1840 poenae
949 1799 988 1830 ad
1003 1800 1224 1840 poenitentem
1240 1803 1272 1828 et
1286 1796 1371 1828 illius
1387 1797 1533 1832 salutem,

475 1848 556 1877 sicut
578 1846 736 1876 medicina
760 1845 903 1875 consistit
932 1845 965 1874 in
989 1843 1303 1874 commensuratione
1335 1847 1400 1872 tarn
1424 1840 1464 1871 ad
1486 1842 1534 1871 in-

475 1891 603 1921 firmum
627 1899 724 1930 quam
747 1889 786 1920 ad
809 1890 974 1919 sanitatem
998 1887 1242 1928 acquirendam,
1275 1892 1306 1917 et
1329 1895 1535 1917 commensu-

474 1941 539 1965 rata
562 1944 667 1975 poena
690 1940 755 1964 tam
778 1934 954 1973 poenitenti
979 1943 1076 1973 quarn
1099 1933 1198 1972 ipsius
1221 1931 1314 1962 saluti
1338 1931 1458 1971 absque
1482 1939 1534 1960 ex-

475 1986 543 2010 acta
567 1979 749 2019 cognitione
782 1979 928 2008 omnium
959 1983 990 2008 et
1017 1977 1225 2017 singularium
1252 1976 1420 2016 culparum
1450 1979 1534 2005 recte

474 2024 630 2054 iudicatur
653 2029 747 2063 atque
771 2023 966 2062 imponitur;
991 2027 1027 2052 ut
1049 2027 1151 2062 patet,
1177 2026 1333 2060 quantum
1358 2019 1398 2050 ad
1420 2028 1535 2059 pecca-

474 2075 581 2098 torum
604 2069 741 2107 species,
770 2067 808 2097 de
832 2067 1064 2107 superstitionis
1087 2076 1144 2097 seu
1168 2065 1370 2095 divinationis
1394 2069 1425 2094 et
1447 2064 1535 2094 simi-

473 2113 552 2143 lium
571 2113 755 2152 speciebus:
780 2112 900 2151 absque
924 2111 1121 2142 discussione
1144 2111 1258 2140 harum
1278 2114 1535 2140 commensurata

474 2163 538 2187 tam
561 2157 739 2196 poenitenti
769 2165 866 2196 quam
893 2156 961 2186 eius
985 2155 1078 2185 saluti
1107 2155 1234 2195 punitio
1265 2158 1361 2194 atque
1391 2153 1534 2193 provisio

474 2201 519 2231 fit.
543 2201 709 2238 Quantum
731 2210 807 2231 vero
831 2200 871 2230 ad
894 2205 1101 2240 peccatorum
1123 2207 1306 2234 numerum,
1332 2207 1370 2228 ex
1386 2207 1426 2228 eo
1446 2196 1535 2238 quod

474 2245 669 2276 medicinalis
691 2251 757 2275 tam
779 2245 905 2285 punitio
933 2253 1031 2284 quam
1054 2244 1195 2284 provisio
1225 2242 1311 2273 idem
1334 2242 1430 2272 habet
1452 2241 1535 2272 iudi-

475 2291 561 2320 cium
584 2290 609 2319 si
629 2289 817 2320 certificatus
837 2288 930 2319 fuerit
945 2298 1099 2319 numerus
1117 2288 1304 2322 vicenarius,
1330 2292 1361 2317 et
1383 2287 1409 2316 si
1432 2287 1535 2316 incer-

474 2341 524 2365 tus
547 2334 674 2364 relictus
697 2335 736 2364 sit
758 2344 798 2364 an
823 2333 949 2363 duobus
973 2332 1110 2372 demptis
1125 2332 1175 2363 vel
1195 2331 1370 2367 adiunctis;
1395 2336 1427 2361 et
1449 2331 1535 2361 simi-

474 2379 543 2409 liter
566 2379 591 2408 si
615 2377 803 2409 certificatus
826 2377 921 2408 fuerit
941 2377 1150 2413 centenarius,
1174 2386 1214 2407 an
1231 2376 1366 2406 dubium
1380 2376 1463 2406 inter
1477 2385 1536 2406 no-

474 2423 679 2462 nagenarium
703 2428 734 2453 et
757 2422 868 2453 decem
892 2431 987 2462 supra
1010 2427 1155 2457 centum:
1180 2426 1211 2451 et
1226 2421 1271 2451 sic
1287 2419 1327 2451 de
1343 2420 1420 2450 aliis.
1445 2420 1535 2450 Haec

475 2468 571 2503 enim,
596 2473 626 2497 et
649 2467 771 2503 similia,
795 2465 998 2497 manifestant
1021 2465 1109 2506 quod
1132 2465 1267 2496 salutare
1289 2464 1445 2495 iudicium
1467 2474 1536 2495 non

476 2512 570 2551 exigit
593 2517 734 2542 exactam
759 2511 906 2541 omnium
930 2516 960 2541 et
976 2510 1172 2550 singularum
1189 2509 1356 2550 culparum
1377 2509 1535 2549 cognitio-

475 2565 565 2586 nem:
590 2555 645 2586 sed
668 2565 706 2586 ex
728 2565 785 2586 sua
808 2555 934 2586 formali
956 2555 1079 2594 ratione
1102 2554 1197 2594 exigit
1220 2563 1333 2584 omnes
1350 2558 1381 2584 et
1395 2553 1536 2594 singulas

475 2600 623 2630 mortales
647 2601 755 2640 culpas
779 2600 931 2640 cognosci
954 2609 1058 2640 usque
1081 2598 1121 2629 ad
1143 2599 1206 2629 hoc
1230 2597 1320 2638 quod
1342 2603 1458 2628 notum
1481 2597 1536 2629 fiat

476 2644 650 2675 confessori
673 2654 765 2684 quae,
783 2644 894 2684 qualis,
911 2649 1039 2684 quanta,
1059 2649 1130 2679 etc.,
1154 2652 1261 2683 poena
1284 2643 1535 2673 commensurari

476 2689 587 2727 debeat
609 2689 683 2719 huic
707 2689 883 2728 poenitenti
906 2693 990 2718 recte
1015 2687 1169 2728 disposito
1194 2692 1226 2717 et
1248 2687 1332 2717 illius
1355 2687 1457 2717 saluti.

531 2733 612 2763 Dico
629 2738 745 2768 autem,
759 2738 842 2763 recte
858 2733 1031 2773 disposito:
1047 2733 1133 2772 quia,
1146 2732 1220 2762 licet
1236 2731 1350 2772 aliquis
1366 2732 1535 2771 poenitens

476 2778 514 2807 sit
536 2778 641 2807 minus
665 2777 779 2807 devote
803 2777 983 2817 dispositus,
1008 2786 1044 2807 ac
1060 2786 1117 2816 per
1131 2777 1195 2806 hoc
1216 2781 1471 2806 commensurata
1490 2776 1535 2806 sic

475 2821 663 2861 indisposito
690 2822 886 2861 poenitentia
910 2822 967 2851 erit
990 2820 1071 2851 forte
1096 2821 1197 2850 oratio
1225 2820 1395 2850 Dominica
1419 2820 1534 2856 semel;

475 2865 686 2895 manifestatio
716 2871 823 2896 tamen
851 2871 1057 2905 peccatorum
1087 2865 1120 2894 in
1143 2864 1264 2895 iudicio
1287 2864 1414 2895 salutari
1441 2863 1535 2894 debet

475 2909 647 2949 perducere
659 2910 874 2940 confessorem
886 2909 925 2939 ad
935 2908 1197 2949 cognoscendum
1206 2914 1334 2948 quanta,
1343 2909 1455 2948 qualis,
1463 2914 1534 2945 etc.,

476 2963 581 2993 poena
605 2954 732 2984 deberet
755 2955 813 2984 sibi
829 2954 1079 2984 commensurari
1095 2954 1120 2983 si
1137 2958 1218 2983 esset
1240 2958 1324 2984 recte
1345 2953 1533 2993 dispositus;

476 2998 659 3028 huiusmodi
683 2999 769 3028 enim
791 2998 992 3038 indispositio
1015 2998 1218 3038 poenitentis,
1244 2998 1319 3037 quia
1342 3003 1389 3027 est
1411 3007 1468 3038 per
1484 3007 1534 3028 ac-

477 3041 602 3077 cidens,
626 3052 693 3072 non
715 3043 813 3072 variat
835 3042 867 3072 id
891 3042 980 3082 quod
1006 3051 1063 3082 per
1086 3051 1119 3072 se
1143 3042 1238 3082 exigit
1261 3041 1403 3072 salutaris
1426 3041 1535 3072 iudicii

477 3086 565 3116 ratio.
582 3104 603 3108 -
614 3086 772 3116 Notanter
795 3096 928 3126 quoque
944 3086 1007 3116 dixi
1023 3086 1178 3116 iudicium
1197 3086 1330 3116 salutare
1347 3095 1412 3116 non
1430 3086 1535 3126 requi—

478 3139 549 3159 rere
572 3131 788 3169 cognitionem
811 3136 952 3161 exactam
976 3131 1123 3161 omnium
1147 3135 1179 3161 et
1202 3130 1402 3171 singulorum
1423 3140 1537 3171 pecca2

477 3178 583 3203 torum
607 3175 799 3210 mortalium,
824 3180 854 3204 et
877 3184 944 3204 non
963 3174 1026 3205 dixi
1050 3174 1139 3214 quod
1163 3174 1300 3215 requirit
1315 3174 1535 3216 imperfectam

477 3226 589 3246 eorum
605 3218 837 3258 cognitionem:
860 3219 1013 3258 quoniam
1037 3228 1097 3249 nec
1113 3219 1208 3258 exigit
1230 3228 1290 3249 nec
1307 3218 1446 3249 excludit
1468 3219 1535 3259 ple—

479 3270 553 3290 nam
576 3270 687 3291 eorum
712 3263 944 3301 cognitionem;
969 3263 1027 3293 sub
1052 3262 1176 3293 formali
1191 3272 1332 3303 namque
1348 3263 1470 3293 ratione
1486 3263 1535 3293 iu-

480 3304 553 3334 dicii
575 3305 769 3335 medicinalis
799 3312 904 3345 potest
927 3307 1127 3337 materialiter
1154 3306 1350 3347 quandoque
1379 3307 1535 3337 contineri

481 3354 587 3378 exacta
609 3349 721 3378 notitia
744 3355 959 3388 peccatorum.

534 3392 586 3421 VI.
611 3392 652 3421 Et
675 3394 827 3431 quoniam
851 3395 987 3433 practica
1010 3395 1104 3424 nimis
1128 3401 1174 3425 est
1197 3401 1228 3425 et
1243 3394 1335 3425 valde
1354 3395 1536 3425 communis

479 3435 592 3465 notitia
608 3435 646 3465 de
663 3436 873 3472 confessione,
890 3437 1017 3473 idcircm
1032 3438 1069 3468 ad
1085 3439 1284 3478 particularia
1300 3438 1535 3474 descendendo,

481 3478 615 3508 dicimus
639 3480 727 3519 quod
750 3482 869 3519 species
893 3487 1097 3520 peccatorum
1120 3483 1303 3513 mortalium
1327 3488 1402 3513 sunt
1423 3484 1456 3512 in
1478 3482 1536 3513 du—

480 3523 555 3562 plici
585 3523 767 3553 differentia.
806 3525 888 3554 Nam
920 3526 1075 3564 quaedam
1106 3532 1178 3557 sunt
1209 3535 1344 3567 quarum
1375 3526 1536 3557 diversitas

1268 171 1576 212 CARDINALIS
1607 170 1851 207 CAIETANI

1586 249 1798 280 diversitatem
1813 248 1922 279 iudicii
1938 249 2080 279 salutaris
2095 247 2234 278 inducit:
2255 248 2343 278 aliter
2359 249 2446 278 enim
2461 247 2649 279 iudicandus

1587 299 1632 324 est
1644 303 1702 333 pro
1716 293 1815 324 salute
1827 293 2042 333 blasphemus,
2059 293 2148 323 aliter
2160 292 2291 328 adulter,
2304 292 2392 323 aliter
2403 292 2575 328 homicida,
2589 298 2648 323 etc.

1586 338 1627 368 Et
1650 338 1727 368 tales
1757 343 1831 368 sunt
1854 338 1976 377 species
2000 342 2207 377 peccatorum
2236 345 2319 376 quae
2345 337 2379 367 in
2401 337 2569 367 communi
2594 337 2650 367 ha-

1587 383 1701 412 bentur
1725 382 1854 412 notitia:
1881 387 1915 412 ut
1939 381 2140 416 adulterium,
2165 380 2344 417 fornicatio,
2368 380 2506 417 furtum,
2529 381 2649 421 rapina,

1587 427 1790 461 contumelia,
1804 426 1967 459 detractio.
1981 431 2040 456 etc.
2065 425 2233 463 Quaedam
2248 434 2324 455 vero
2341 425 2462 465 species
2478 430 2552 455 sunt
2567 434 2651 465 quae

1587 471 1708 502 nullam
1731 470 1878 501 videntur
1901 470 2004 500 facere
2027 470 2061 500 in
2084 469 2211 499 salutari
2226 468 2347 499 iudicio
2371 468 2591 505 differentiam,
2615 474 2652 499 ut

1587 521 1661 545 sunt
1684 516 1806 555 species
1829 514 2045 545 divinationis:
2070 513 2157 544 idem
2180 518 2227 543 est
2250 514 2336 543 enim
2358 512 2515 543 iudicium
2537 513 2651 553 poeni-

1587 560 1715 590 tentiale
1746 560 1771 589 si
1795 560 1866 599 quis
1896 569 1979 599 aqua
2003 558 2054 589 vel
2076 564 2158 588 terra
2189 558 2306 588 abusus
2332 556 2443 592 fuerit,
2475 563 2507 587 et
2535 558 2581 587 sic
2611 556 2651 587 de

1587 604 1664 634 aliis.
1690 605 1730 634 Et
1753 603 1939 634 huiusmodi
1960 602 2107 634 videntur
2123 612 2190 633 esse
2206 602 2328 642 species
2343 601 2447 641 gulae,
2471 607 2503 631 et
2525 602 2652 631 univer-

1588 649 1691 678 saliter
1715 658 1827 678 omnes
1851 648 1997 678 latentes:
2023 657 2101 687 quas
2121 646 2202 677 forte
2219 647 2269 676 vix
2286 645 2434 676 doctores
2458 644 2650 676 discernunt.

1588 693 1628 723 Et
1651 698 1820 732 propterea
1845 692 2000 732 explicare
2024 692 2141 732 primas
2164 696 2371 731 peccatorum
2387 690 2508 730 species
2524 690 2558 720 in
2574 699 2652 720 con-

1589 737 1726 767 fessione
1751 742 1894 777 oportet:
1927 736 2081 767 secundas
2105 745 2180 766 vero
2213 734 2328 765 sufficit
2359 734 2515 774 explicare
2541 734 2575 764 in
2598 743 2652 774 ge-

1587 782 1716 812 neribus
1739 781 1936 817 subalternis,
1961 786 2055 821 puta,
2078 780 2213 811 Peccavi
2237 780 2269 809 in
2295 778 2528 820 nigromantia,
2554 783 2585 808 et
2607 778 2652 808 sic

1588 825 1628 856 de
1652 826 1728 856 aliis.

1642 870 1710 900 VII.
1735 869 1829 900 Circa
1851 879 2022 899 numerum
2050 878 2126 899 vero
2153 874 2380 909 peccatorum,
2412 866 2579 898 sciendum
2606 871 2654 897 est

1588 914 1678 953 quod
1693 914 1862 954 dupliciter
1877 913 2075 944 accusandus
2091 914 2245 944 occurrit:
2271 913 2386 953 primo,
2406 911 2586 942 secundum
2601 920 2652 947 se;

1587 957 1741 994 secundo,
1766 963 1802 988 ut
1825 958 2060 988 circumstantia
2082 958 2269 997 peccatoris.
2297 957 2338 987 Et
2360 956 2540 987 secundum
2563 954 2653 996 quod

1588 1007 1635 1032 est
1658 1002 1893 1032 circumstantia
1919 1002 2112 1041 peccatoris,
2145 1001 2354 1032 differentiam
2385 1000 2529 1040 quodam
2551 999 2652 1030 modo

1587 1045 1711 1076 inducit
1733 1046 1766 1075 in
1789 1045 1909 1076 iudicio
1933 1046 2070 1081 salutari,
2095 1051 2126 1076 et
2145 1045 2288 1085 quodam
2310 1044 2411 1075 modo
2435 1055 2504 1075 non
2518 1044 2652 1075 inducit.

1587 1090 1670 1119 Nam
1694 1089 1783 1119 aliter
1805 1089 1994 1119 iudicandus
2018 1095 2074 1125 est,
2091 1095 2122 1119 et
2137 1089 2325 1125 medendus,
2342 1089 2398 1129 qui
2414 1089 2514 1119 semel
2528 1093 2654 1119 tantum

1588 1139 1643 1164 aut
1666 1134 1713 1162 bis
1737 1132 1887 1163 offendit:
1919 1138 1951 1163 et
1977 1134 2066 1163 aliter
2098 1134 2155 1173 qui
2186 1134 2304 1163 centies
2332 1132 2474 1163 offendit.
2505 1132 2574 1163 Sed
2597 1134 2654 1172 qui

1588 1178 1682 1207 toties
1706 1177 1833 1216 quoties
1862 1177 1970 1216 potuit
1993 1176 2144 1212 offendit,
2173 1176 2289 1206 eodem
2311 1176 2412 1206 modo
2435 1176 2594 1207 iudicatur
2617 1186 2654 1207 ac

1587 1220 1734 1251 medetur
1757 1221 1783 1251 si
1805 1221 1929 1257 millies,
1955 1225 1986 1250 et
2009 1221 2034 1250 si
2058 1221 2178 1250 centies
2193 1220 2308 1250 millies
2332 1219 2475 1250 offendit.
2498 1220 2568 1250 Nec
2590 1221 2654 1251 hoc

1588 1270 1660 1304 eget
1683 1265 1892 1304 probatione:
1915 1265 2070 1304 quoniam
2093 1264 2287 1304 experientia
2309 1269 2450 1295 testatur.

1643 1308 1829 1339 Secundum
1853 1318 1886 1339 se
1909 1314 2018 1339 autem
2043 1317 2197 1339 numerus
2223 1313 2431 1348 peccatorum
2457 1307 2655 1339 accusandus

1590 1353 1684 1388 venit,
1701 1362 1768 1383 non
1786 1358 1821 1383 ut
1844 1352 1919 1383 facit
1941 1352 2151 1383 differentiam
2174 1353 2207 1382 in
2231 1351 2351 1383 iudicio
2374 1352 2531 1388 absolute,
2547 1352 2604 1383 sed
2618 1358 2656 1383 ut

1588 1396 1662 1427 facit
1679 1396 1891 1427 differentiam
1907 1398 1940 1427 in
1959 1396 2080 1427 iudicio
2097 1397 2234 1427 salutari.
2258 1397 2300 1427 Et
2314 1402 2494 1437 propterea,
2511 1397 2538 1426 si
2551 1397 2655 1428 nesci-

1587 1447 1648 1477 tur,
1677 1440 1795 1471 sufficit
1825 1441 1982 1482 explicare
2009 1441 2100 1471 illum
2127 1451 2230 1471 crassa
2253 1441 2392 1481 quadam
2415 1441 2653 1472 aestimatione:

1587 1495 1663 1516 nam
1686 1485 1828 1516 salutaris
1851 1485 1960 1516 iudicii
1983 1486 2063 1516 ratio
2079 1495 2146 1516 non
2162 1486 2299 1516 variatur
2315 1494 2353 1515 ex
2369 1485 2442 1516 hoc.
2467 1485 2564 1516 Verbi
2586 1494 2655 1526 gra-

1587 1531 1639 1566 tia,
1657 1531 1819 1560 commisit
1842 1531 1913 1570 quis
1938 1529 2058 1560 furtum
2081 1530 2255 1565 multoties,
2271 1529 2396 1560 videtur
2419 1530 2478 1560 sibi
2494 1529 2584 1570 quod
2598 1539 2655 1570 pa-

1587 1584 1659 1604 rum
1683 1573 1755 1614 plus
1778 1579 1833 1605 aut
1855 1574 1962 1605 minus
1986 1573 2081 1605 fuerit
2104 1584 2202 1614 quam
2225 1574 2378 1614 vigesies:
2410 1583 2479 1604 non
2502 1580 2549 1604 est
2571 1583 2655 1615 opus

1588 1619 1766 1655 sollicitari,
1798 1619 1898 1649 Forte
1917 1619 2064 1660 fuerunt
2089 1618 2289 1660 vigintiduo,
2307 1619 2404 1660 sorte
2432 1618 2657 1660 undeviginti,·

1588 1663 1644 1694 sed
1671 1669 1717 1693 sat
1744 1668 1791 1694 est
1816 1663 1859 1694 ita
1890 1662 2024 1694 confuse
2055 1673 2229 1694 numerum
2259 1663 2416 1703 explicare
2443 1667 2479 1693 ut
2505 1663 2655 1694 occurrit.

1589 1708 1750 1746 Quocirca
1772 1717 1926 1738 numerus
1949 1712 2167 1747 peccatorum,
2183 1713 2249 1738 tam
2269 1712 2305 1737 ut
2321 1707 2556 1738 circumstantia
2578 1717 2655 1748 pec-

1590 1753 1704 1783 catoris
1733 1762 1831 1792 quam
1862 1751 2041 1783 secundum
2069 1761 2119 1788 se,
2149 1752 2175 1782 si
2198 1757 2302 1782 certus
2329 1761 2397 1782 non
2425 1756 2472 1782 est
2503 1751 2592 1791 (nam
2615 1752 2656 1782 ad

1590 1801 1713 1828 certum
1735 1806 1908 1827 numerum
1932 1796 2162 1827 occultandum
2184 1795 2272 1826 nulla
2296 1795 2449 1826 conducit
2475 1795 2580 1836 ratio),
2603 1796 2656 1828 vel

1589 1841 1795 1881 explicandus
1819 1847 1866 1872 est
1889 1841 1947 1871 sub
1972 1840 2115 1881 quodam
2138 1840 2301 1871 verisimili
2315 1849 2469 1876 numero:
2493 1840 2555 1876 vel,
2579 1848 2656 1871 cum

1590 1885 1793 1916 consuetudo
1822 1885 1976 1926 peccandi
1999 1885 2185 1926 praecessit,
2210 1884 2368 1925 explicato
2391 1889 2554 1924 ternpore,
2577 1889 2656 1926 puta

1590 1930 1680 1970 quod
1709 1939 1766 1970 per
1789 1929 1982 1960 decennium
2015 1929 2076 1960 fuit
2097 1930 2131 1960 in
2154 1929 2214 1960 hac
2237 1928 2322 1959 mala
2344 1928 2596 1966 consuetudine,
2625 1934 2657 1960 et

1590 1975 1769 2015 frequentia
1793 1974 2014 2014 delinquendi,
2039 1979 2117 2014 puta
2141 1973 2231 2014 quod
2254 1972 2399 2013 quotidie
2421 1978 2477 2003 aut
2499 1972 2576 2010 fere,
2598 1983 2656 2004 seu

1590 2020 1706 2060 quovis
1729 2019 1792 2049 alio
1815 2018 1916 2049 modo
1939 2018 2146 2049 multitudine
2161 2018 2299 2048 maxima
2321 2026 2379 2048 seu
2395 2016 2575 2058 frequentia
2588 2027 2656 2049 ma-

1589 2063 1745 2099 nifestata,
1769 2062 1959 2103 aperiendus
1982 2068 2038 2094 est.
2133 2090 2137 2094 ,

1645 2108 1713 2139 Nec
1744 2113 1873 2148 oportet
1902 2108 1935 2138 in
1966 2106 2153 2138 huiusmodi
2182 2107 2324 2138 numeris
2355 2106 2576 2147 poenitentem
2601 2111 2658 2138 aut

1591 2152 1809 2183 confessorem
1838 2152 1979 2182 multum
2008 2151 2188 2182 sollicitari:
2223 2151 2380 2191 quoniam
2409 2160 2466 2191 par
2496 2156 2544 2182 est
2573 2151 2656 2183 salu-

1589 2198 1663 2228 taris
1693 2196 1803 2228 iudicii
1833 2197 1931 2232 ratio:
1965 2201 1996 2227 et
2019 2195 2216 2236 quandoque
2249 2195 2377 2236 utrique
2409 2201 2508 2226 nocet
2539 2195 2656 2227 sollici-

1589 2241 1670 2272 tudo
1694 2242 1776 2272 circa
1799 2241 1873 2272 hoc.
1898 2241 1999 2281 Magis
2023 2241 2108 2271 enim
2138 2239 2233 2271 debet
2258 2239 2452 2271 manifestari
2477 2239 2656 2280 frequentia

1591 2296 1667 2317 cum
1696 2286 1871 2326 pronitate,
1904 2294 2002 2325 quam
2031 2284 2172 2325 indagari
2202 2283 2379 2314 verisimilis
2408 2289 2513 2314 certus
2541 2293 2657 2315 nume—

1590 2340 1658 2366 rus,
1683 2336 1761 2371 puta
1789 2335 1836 2360 ter
1864 2335 2010 2366 centurn,
2034 2339 2091 2359 seu
2114 2329 2216 2364 mille,
2242 2333 2301 2359 etc.
2326 2327 2434 2364 Unde,
2459 2329 2485 2359 si
2507 2329 2656 2360 meretrix

1590 2374 1749 2406 audienda
1779 2380 1826 2405 est
1851 2373 1891 2404 ad
1914 2373 2145 2414 poenitentiam
2177 2381 2347 2408 conversa,
2370 2371 2521 2403 facillime
2549 2377 2658 2414 potest

1591 2419 1700 2460 quoad
1726 2420 1805 2449 haec
1833 2418 1988 2459 expediri,
2015 2417 2173 2448 narrando
2205 2416 2384 2448 discursum
2409 2417 2494 2447 vitae
2520 2426 2598 2448 suae
2621 2418 2657 2451 in

1591 2465 1681 2495 annis
1703 2463 1904 2494 meretriciis:
1930 2472 1991 2493 nec
2011 2467 2140 2502 oportet
2160 2461 2320 2492 sollicitari
2344 2461 2471 2501 quoties
2486 2470 2562 2492 cum
2577 2471 2657 2494 con-

1590 2509 1719 2549 iugatis,
1747 2508 1875 2548 quoties
1904 2517 1979 2538 cum
2007 2506 2128 2537 clericis
2151 2506 2258 2546 potuit
2280 2514 2429 2546 peccare,
2453 2505 2509 2537 sed
2533 2515 2571 2536 ex
2594 2505 2657 2539 di·-

1591 2563 1686 2584 cursu
1720 2553 1803 2583 vitae
1830 2561 1906 2582 suae
1937 2551 2070 2582 discrete
2100 2549 2302 2581 manifestato
2334 2549 2501 2580 arbitretur
2535 2556 2566 2581 et
2587 2558 2658 2587 m-

1591 2597 1702 2628 deatur
1725 2596 1865 2637 prudens
1889 2595 2063 2626 confessor.

1643 2641 1725 2672 VIII.
1742 2642 1831 2672 Haec
1847 2646 1921 2672 sunt
1937 2649 2019 2680 quae
2036 2649 2074 2670 ex
2089 2644 2178 2680 parte
2193 2639 2335 2670 salutaris
2350 2638 2460 2669 iudicii
2476 2638 2656 2679 exprimen-

1590 2685 1630 2717 da
1645 2686 1792 2717 videntur
1815 2686 1846 2716 in
1871 2684 2085 2716 confessione.
2109 2684 2236 2722 Quibus
2256 2684 2282 2714 si
2297 2682 2477 2713 adiunxeris
2500 2682 2600 2723 quod,
2616 2691 2655 2714 ex

1589 2736 1677 2771 parte
1693 2730 1896 2771 poenitentis,
1909 2734 2035 2760 tenetur
2050 2738 2122 2759 reus
2138 2729 2206 2768 ipse
2223 2737 2370 2758 accusare
2387 2736 2420 2757 se
2437 2726 2476 2757 de
2492 2727 2654 2764 omnibus,

1590 2781 1626 2806 ut
1648 2775 1866 2806 reconciliatio
1889 2773 2046 2804 amicitiae
2068 2771 2138 2808 fiat,
2162 2771 2336 2803 dicendum
2360 2777 2407 2802 est
2429 2770 2519 2811 quod
2540 2771 2654 2812 poeni-

1589 2826 1659 2850 tens
1682 2819 1776 2850 debet
1799 2819 1915 2849 habere
1937 2818 2149 2848 intentionem
2168 2815 2347 2857 explicandi
2368 2816 2478 2846 omnia
2490 2815 2652 2852 mortalia

1589 2874 1626 2894 ac
1649 2873 1706 2904 per
1721 2864 1795 2899 hoc,
1819 2863 1878 2893 sub
1895 2871 2106 2902 quocumque
2121 2860 2221 2891 modo
2238 2859 2364 2892 dicendi
2380 2859 2475 2902 debet
2487 2858 2653 2892 intendere

1589 2907 1862 2948 comprehendere
1886 2907 2005 2937 omnia.
2031 2906 2076 2936 Ita
2098 2905 2188 2946 quod
2211 2905 2369 2946 explicare
2391 2903 2514 2944 speeies
2535 2903 2586 2934 vel
2603 2904 2654 2934 in-

1590 2953 1718 2984 dividua
1741 2953 1796 2983 tali
1818 2952 1869 2982 vel
1891 2951 1946 2981 tali
1969 2950 2080 2986 modo,
2104 2959 2172 2980 non
2196 2949 2322 2989 eligitur
2349 2957 2366 2978 a
2389 2947 2575 2988 poenitente
2598 2953 2654 2979 aut

1590 2997 1773 3028 confessore
1797 2995 1837 3026 ad
1861 2994 2090 3026 occultandum
2110 2993 2240 3034 aliquid,
2264 2992 2320 3023 sed
2335 2991 2375 3023 ad
2389 2991 2566 3024 faciliorem
2581 3001 2654 3023 mo-

1590 3042 1668 3072 dum
1693 3039 1871 3081 explicandi
1895 3040 2013 3070 omnia.

1646 3086 1687 3116 Et
1709 3086 1754 3116 sic
1778 3083 1915 3115 dicendo
1946 3083 2079 3114 evitatur
2105 3091 2192 3112 error
2214 3081 2395 3121 putantium
2423 3079 2513 3120 quod
2539 3079 2655 3112 sufficit

1590 3131 1747 3171 explicare
1762 3137 1936 3160 numerum
1946 3128 1981 3158 in
1993 3125 2170 3161 communi,
2182 3131 2260 3165 puta
2275 3124 2412 3158 dicendo
2429 3124 2518 3165 quod
2527 3125 2655 3165 pluries

1580 3175 1722 3217 furatus
1736 3183 1817 3204 sum.
1841 3173 1916 3203 Hoc
1931 3172 2018 3202 enim
2033 3179 2101 3201 non
2115 3169 2260 3200 sufficere
2275 3168 2441 3201 manifeste
2457 3174 2544 3209 patet
2559 3178 2598 3200 ex
2612 3178 2654 3200 eo

1590 3218 1681 3259 quod
1703 3218 1793 3248 aliter
1814 3215 2004 3247 iudicandus
2019 3219 2066 3245 est
2081 3219 2114 3244 et
2126 3212 2304 3246 medendus
2328 3214 2385 3253 qui
2407 3214 2455 3243 bis
2470 3218 2606 3249 tantum,
2623 3219 2655 3244 et

1591 3264 1646 3303 qui
1663 3263 1782 3292 centies
1798 3260 1918 3291 furatus
1934 3265 1990 3290 est.
2007 3259 2048 3289 Et
2063 3258 2179 3288 vitatur
2192 3257 2337 3291 molestia
2354 3267 2391 3288 ac
2407 3257 2590 3288 sollicitudo
2605 3267 2654 3288 re-

1591 3306 1730 3338 ducendi
1745 3306 1903 3336 incertum
1918 3311 2090 3334 numerum
2106 3301 2145 3332 ad
2161 3307 2293 3333 certum.
2307 3302 2413 3332 Media
2428 3301 2588 3342 siquidem
2602 3302 2654 3332 via

1590 3350 1805 3383 incedendum
1829 3354 1894 3379 est:
1919 3353 1955 3378 ut
1977 3347 2119 3377 salutaris
2141 3345 2251 3378 iudicii
2273 3346 2353 3376 ratio
2377 3347 2540 3382 habeatur,
2564 3345 2655 3386 quod

1590 3394 1734 3425 medium
1750 3399 1796 3424 est
1813 3393 1896 3423 inter
1911 3401 2029 3432 purum
2053 3390 2207 3422 iudicium
2232 3396 2263 3421 et
2286 3400 2419 3421 caecum
2442 3389 2608 3421 iudicium.

1645 3439 1686 3468 Et
1708 3444 1844 3478 utraque
1867 3445 1938 3477 pars
1961 3435 2096 3476 quaesiti
2119 3434 2297 3475 aliqualiter
2313 3441 2360 3465 est
2374 3444 2464 3471 vera;
2488 3439 2520 3465 et
2543 3439 2655 3465 aucto-

1589 3483 1671 3512 ritati
1688 3482 1858 3512 doctorum
1875 3486 1905 3511 et
1921 3480 1993 3510 usui
2009 3479 2232 3511 confessorum
2255 3489 2292 3510 ac
2307 3479 2543 3520 poenitentium
2559 3477 2654 3509 simul

1590 3526 1729 3557 defertur
1744 3527 1770 3556 *ἦ

2682 3522 2692 3533 ·
2707 3521 2744 3544 Cf.
2761 3527 2825 3544 aum.
2841 3527 2871 3544 n.
