2878 4088
175 646 185 656 ·
200 645 292 666 comm.
303 644 325 664 in
341 643 386 670 Ep.

175 670 209 692 ad
215 670 386 699 Ephes.eap.v,

175 703 234 719 vers.
242 703 286 724 ²5·-
293 696 328 718 ef.
336 702 386 718 can.

175 723 318 749 Liberorum,
323 728 386 744 caus.

175 749 270 773 xxxn,
281 755 359 776 qu.1v.

175 777 197 788 “·
203 776 330 801 Dist.xxx1,
337 781 387 803 cap.

177 803 232 825 Cum
247 808 315 830 ergo.

176 905 303 927 'Disnxxiv
330 909 388 930 u.m,

176 936 218 954 an.
233 939 255 959 4.
270 942 281 947 -
296 911 331 953 ei,
343 931 386 952 ιω

177 959 283 1007 ξΙτῗὊιᾎυ.
305 964 371 979 ωαιν
381 973 387 984 ,

176 1259 185 1267 ·
195 1255 249 1277 Can.
258 1254 330 1275 Nemo
338 1254 387 1281 epi-

176 1287 310 1309 scoporum,
324 1286 386 1302 caus.

176 1308 345 1360 ἕῑιῗίεξῗῖυκῗοε
364 1339 386 1360 p.

176 1360 224 1382 Sed
223 1360 295 1389 sorte
305 1363 326 1381 et
360 1364 388 1380 oc

177 1386 307 1408 autem-Cf
307 1402 312 1407 .
317 1385 386 1432 61·εῆ.

177 1414 206 1435 M.
225 1413 267 1440 Ep.
282 1418 340 1438 inv,
358 1418 370 1433 a
381 1427 386 1433 .

176 1446 224 1467 xxi,
232 1439 265 1460 ad
275 1439 344 1466 Aug„
359 1438 387 1459 ad

176 1467 387 1514 ἰηῐῗῑῗοὲὶειῖοηο

178 1507 287 1546 Coniug„
296 1523 387 1565 cagiy':

178 1546 238 1572 Hug.
259 1552 271 1566 a
291 1544 316 1566 S.
349 1547 387 1565 1ct.

177 1571 341 1628 &ilii-{³353
358 1574 388 1591 t‘·

179 1626 189 1636 ⁶
197 1625 253 1646 Loc.
264 1628 302 1645 cn.
311 1629 358 1651 arg.
369 1630 388 1645 ι.

179 1697 189 1707 ·
203 1695 292 1716 Autiss.
303 1694 388 1715 Summ.

178 1721 245 1747 Aur„
258 1721 298 1742 lib.
311 1720 351 1744 lv.
362 1724 390 1742 tr.

179 1748 209 1769 de
224 1747 337 1772 Matrim„
351 1752 390 1774 qu.

182 1774 260 1795 Utrum
271 1773 330 1795 bona
341 1779 392 1794 ma-

180 1801 274 1822 trimon.
283 1802 393 1821 excusent

181 1831 224 1849 etc-

179 2090 190 2101 “
199 2089 230 2110 Ca
251 2095 298 2115 an,
309 2095 330 2111 n.
342 2095 390 2110 ιο.-

180 2115 204 2138 S.
213 2096 257 2137 Τξι.
269 2116 319 2137 ieet.
334 2121 363 2137 ιν.

181 2490 191 2499 ·
197 2488 254 2515 Cap.
261 2487 315 2509 Cum
323 2494 391 2516 ergo,

181 2514 221 2536 ubi
252 2520 321 2546 supra
330 2521 347 2545 ς,
364 2521 393 2535 ex

181 2540 392 2598 airizam:

182 2594 276 2651 iiiiii·
281 2593 394 2641 1έὲἝέἕῖ

184 2646 263 2674 Orngo
303 2646 392 2672 uidem,

181 2678 244 2720 ¹eva-us.
252 2672 271 2694 X
317 2672 391 2700 11‚qu.

152 3310 167 3316 ’
186 3320 197 3330 ·
210 3319 248 3340 Au
282 3322 310 3341 st.
322 3319 395 3341 Serm.

187 3345 247 3367 CLX
271 3361 277 3372 ,
291 3345 321 3366 nl.
335 3345 396 3372 frag-

186 3375 258 3393 ment.
273 3377 297 3400 3,
312 3377 336 3393 n.
350 3377 370 3393 2.

623 198 897 245 QUAESTIO.
915 199 1048 245 XLIX,
1069 196 1360 235 ARTICULUS
1388 195 1438 231 VI
1457 216 1482 220 -
1502 194 1766 240 QUAESTIO
1796 195 1840 240 L,
1867 194 2160 232 ARTICULUS
2189 194 2378 232 UNICUS

1712 270 1965 313 QUAEsno
1991 270 2407 314 QmNQUAGEsum

1670 328 1715 352 DE
1735 327 1978 352 lMPEDIMENTIS
2000 327 2207 352 MATRIMONH
2225 328 2259 353 IN
2279 327 2453 353 GENERALI

1592 391 1684 411 amna
1701 381 1969 411 considerandum
1983 386 2029 411 est
2048 380 2087 411 de
2104 380 2343 420 impedimentis
2361 381 2558 411 matrimonii
2568 381 2594 411 *.

1496 453 1505 473 ς
1533 393 1632 455 DEt
1654 426 1776 465 primo,
1800 426 1834 455 in
1856 425 2013 465 generali;
2039 424 2194 460 secundo,
2211 425 2245 455 in
2269 424 2399 464 speciali
2414 425 2441 455 *ἢ

410 199 460 246 96

410 277 510 307 ART.
526 276 579 306 VI.
604 286 709 307 UTRUM
733 286 989 307 QUAunocumoua
1013 286 1135 307 ALroms
1154 284 1280 306 uxorum
1300 281 1473 304 coonoscn·

564 330 629 351 NON
652 330 823 351 mraumms
846 330 986 351 Anauon
1010 330 1116 351 nouum
1139 328 1324 349 MArmmoun

531 374 587 395 SED
611 374 712 395 SOLAM
735 374 1003 401 Demea-anonam,
1021 373 1218 394 Monum‘rnn
1241 371 1356 392 Pacem·

590 415 673 443 Supra,
688 422 727 443 qu.
743 421 788 442 xm,
804 419 845 437 art.
859 422 887 442 43
901 415 934 436 lv
950 415 1015 437 Cont.
1033 414 1112 441 Gent„
1128 420 1178 440 cap.
1193 418 1294 437 Lxxxul:

411 442 448 463 De
461 441 534 468 Mal⁰1
549 448 587 470 qu·
602 448 640 469 xv,
655 445 695 464 art.
711 448 736 466 2:
751 442 761 464 1
775 442 809 463 ad
823 442 887 469 Cor„
899 448 947 469 cap.
964 442 1065 468 v11‚lect.
1082 447 1100 466 ις
1116 440 1125 461 1
1139 439 1173 461 ad
1188 439 1281 465 Thess„
1292 444 1341 464 cap.
1354 436 1446 463 1v‚1ect.
1458 441 1473 455 1.

1528 491 1627 521 ART.
1638 490 1808 521 UNICUS.
1819 500 1924 520 urium
1934 499 2130 520 mrnmomo
2143 499 2379 520 convertunt-mn
2389 500 2599 521 mEDnOENTA

414 513 497 576 At>
522 511 641 532 saxum
668 512 713 533 sxc
736 512 940 532 PROCEDITUR.
972 500 1106 531 Videtur
1125 498 1227 538 quod,
1252 495 1474 536 quandocum-
1963 543 2171 564 AsstemzN'rUR

478 556 542 587 que
572 547 685 586 aliquis
707 556 841 577 uxorem
866 546 1030 585 cognoscit
1053 553 1119 574 non
1146 540 1314 572 intendens
1344 537 1475 578 aliquod

413 592 538 622 bonum
565 591 760 620 matrimonii
790 589 845 620 sed
874 590 976 619 solam
1007 587 1268 620 delectationem,
1299 583 1475 613 mortaliter
1593 598 1614 618 Ι)
1634 598 1752 618 pmmm
1770 598 1816 618 εις
1835 597 2040 617 PRermTUR,
2061 586 2196 618 Videtur
2217 587 2306 627 quod
2328 588 2535 619 matrimonio
2551 589 2600 619 in-

413 641 535 676 peccet.
561 635 645 672 Quia
668 635 886 674 Hieronymus
910 633 985 662 dicit
1001 633 1027 666 ⁴2
1045 637 1075 661 et
1097 630 1231 660 habetur
1249 629 1282 658 in
1306 628 1408 657 littera
1422 627 1473 656 “z
1531 601 1823 663 Aconvenienter
1852 631 2083 672 impedimenta
2117 632 2325 672 assignentur,
2358 632 2601 663 Matrimonium

419 679 602 720 Voluptates
625 688 707 719 quae
730 678 769 708 de
791 677 993 708 meretricum
1012 674 1211 714 amplexibus
1234 672 1416 712 capiuntur,
1442 671 1474 700 in
1491 676 1516 692 ¹⁰
1530 677 1617 707 enim
1642 675 1807 717 quoddam
1830 681 2064 706 sacramentum
2084 681 2131 706 est
2155 681 2265 712 contra
2281 676 2341 706 alia
2364 676 2511 707 divisum,
2537 676 2601 708 Sed

415 733 519 754 uxore
542 722 746 753 damnandae
768 726 852 752 sunt.
877 720 939 751 Sed
962 729 1029 749 non
1059 718 1174 748 dicitur
1197 726 1265 747 esse
1296 715 1476 746 damnabile
1531 721 1599 751 aliis
1621 731 1690 751 non
1713 721 1912 760 assignantur
1934 720 2174 760 impedimenta,
2199 721 2286 761 Ergo
2309 730 2370 751 nec
2393 721 2600 751 matrimonio

414 768 475 798 nisi
499 772 667 807 peccatum
690 766 834 796 mortale.
858 765 942 804 Ergo
966 771 1161 802 cognoscere
1183 769 1318 791 uxorem
1346 764 1477 800 propter
1532 766 1681 805 assignari
1705 764 1832 795 debent,

414 812 613 851 voluptatem
637 810 738 840 solam
763 815 808 839 est
831 817 956 848 semper
978 811 1147 847 peccatum
1170 805 1315 836 mortale·
1587 819 1617 840 2.
1634 810 1831 845 PRAETERRA,
1848 814 1970 849 quanto
1987 808 2108 849 aliquid
2125 814 2171 839 est
2186 809 2294 839 minus
2309 808 2499 849 perfectum,
2511 814 2601 840 tanto

472 865 500 885 2.
525 855 720 889 Pura-nusi,
737 862 911 883 consensus
926 853 960 881 in
976 851 1220 881 delectationem
1245 854 1292 879 est
1307 854 1477 889 peccatum
1531 854 1738 894 paucioribus
1760 853 1866 883 m0dis
1889 853 2037 894 impediri
2059 859 2176 893 potest,
2201 853 2264 884 sed
2287 854 2530 884 matrimonium
2552 854 2601 884 in-

414 899 559 934 mortale,
576 903 612 928 ut
633 899 667 928 in
691 897 717 927 ΙΙ
740 897 820 926 libro
837 897 854 913 ⁴*
877 896 997 926 dictum
1023 900 1079 925 est.
1113 894 1175 925 Sed
1199 894 1398 934 quicumque
1422 901 1477 923 co·
1493 904 1515 925 ις
1531 903 1579 928 ter
1602 898 1663 928 alia
1685 903 1882 928 sacramenta
1905 903 1951 928 est
1973 898 2081 928 minus
2104 897 2294 938 perfectum.
2318 898 2404 938 Ergo
2428 898 2479 929 vel
2501 898 2600 934 nulla,

415 943 540 983 gnoscit
561 951 695 972 uxorem
719 950 809 970 suam
833 949 927 970 causa
943 939 1171 974 delectationis,
1189 938 1348 968 consentit
1366 938 1399 967 in
1424 936 1478 966 de·
1531 942 1583 973 vel
1605 943 1797 983 paucissima
1819 941 2050 982 impedimenta
2074 943 2101 972 ei
2127 943 2277 982 assignari
2300 942 2428 973 debent.

415 986 629 1016 lectationem.
654 985 739 1024 Ergo
762 984 937 1014 mortaliter
960 988 1081 1023 peccat.
1590 987 1619 1017 3.
1643 987 1840 1022 PRAETEREA,
1857 987 2056 1026 ubicumque
2079 991 2126 1017 est
2148 987 2292 1022 morbus,
2317 991 2364 1017 est
2386 987 2603 1017 necessarium

471 1030 500 1060 3.
524 1030 719 1063 Pana-rann,
737 1029 934 1067 quicumque
950 1037 1045 1057 usum
1062 1031 1223 1057 creaturae
1246 1035 1315 1056 non
1335 1024 1429 1055 refert
1444 1026 1477 1055 in
1532 1030 1711 1061 remedium
1734 1031 1848 1061 morbi.
1873 1030 1936 1061 Sed
1960 1031 2230 1071 concupiscentia,
2252 1032 2285 1061 in
2309 1032 2401 1062 cuius
2423 1030 2602 1062 remedium

415 1074 530 1109 Deum,
549 1077 689 1103 creatura
713 1071 841 1102 fsUiffls!
868 1071 957 1111 quod
976 1077 1023 1102 est
1045 1075 1214 1111 peccatum
1238 1070 1383 1100 mortale.
1416 1069 1480 1100 Sed
1532 1075 1777 1105 matrimonium
1794 1080 1840 1105 est
1862 1074 2033 1111 indultum,
2051 1080 2098 1105 est
2119 1075 2153 1105 in
2170 1076 2330 1105 omnibus.
2354 1075 2441 1116 Ergo
2459 1085 2528 1106 non
2548 1075 2603 1106 de-

415 1118 613 1157 quicumque
629 1125 728 1146 uxore
743 1121 875 1156 propter
891 1116 991 1146 solam
1008 1115 1254 1146 delectationem
1270 1115 1379 1149 utitur,
1391 1114 1479 1144 hunc
1494 1124 1519 1138 ιο
1533 1119 1587 1149 bet
1611 1128 1679 1149 esse
1703 1118 1836 1158 aliquod
1858 1118 2126 1159 impedimentum
2150 1119 2240 1159 quod
2263 1119 2404 1159 aliquam
2430 1129 2603 1160 personam

414 1171 508 1191 usum
531 1170 599 1190 non
621 1159 716 1190 refert
738 1161 772 1190 in
795 1160 912 1190 Deum.
937 1160 1023 1200 Ergo
1047 1159 1222 1190 mortaliter
1244 1163 1365 1199 peccat.
1533 1163 1661 1203 penitus
1684 1163 1882 1203 illegitimam
1906 1162 1999 1193 faeiat
2022 1163 2062 1193 ad
2085 1163 2351 1194 contrahendum,

468 1214 499 1243 4.
523 1205 718 1240 Pinari-mm,
731 1204 839 1234 nullus
855 1204 949 1235 debet
965 1204 1238 1235 excommunicari
1252 1203 1312 1233 nisi
1328 1211 1387 1242 pro
1404 1211 1480 1242 pec·
1589 1216 1620 1246 4.
1637 1207 1834 1243 Pium-nnn,
1847 1206 2050 1247 illegitimum
2062 1206 2177 1237 dicitur
2193 1207 2283 1247 quod
2299 1213 2346 1238 est
2362 1213 2473 1238 contra
2487 1209 2603 1249 legem.

414 1254 485 1279 cato
502 1248 628 1278 mortali
643 1249 670 1278 *.
695 1248 758 1278 Sed
773 1249 886 1288 aliquis
905 1258 1039 1279 uxorem
1055 1249 1123 1279 sola
1138 1247 1269 1278 libidine
1281 1255 1480 1287 cognoscens
1535 1251 1598 1282 Sed
1620 1250 1808 1282 huiusmodi
1822 1251 2053 1291 impedimenta
2069 1259 2152 1291 quae
2167 1252 2201 1281 in
2219 1252 2426 1282 matrimonio
2443 1253 2604 1292 assignan-

414 1294 452 1323 ab
476 1293 609 1323 introitu
633 1292 784 1323 ecclesiae
808 1298 941 1329 arcetur,
958 1298 995 1323 ut
1017 1294 1050 1323 in
1074 1293 1176 1323 littera
1191 1293 1207 1309 ⁴*
1231 1291 1363 1326 dicitur,
1388 1291 1479 1331 quasi
1534 1301 1596 1332 tur,
1612 1305 1681 1326 non
1704 1300 1779 1326 sunt
1802 1300 1913 1325 eontra
1942 1295 2047 1335 legem
2077 1301 2222 1326 naturae:
2255 1296 2331 1336 quia
2362 1305 2431 1326 non
2461 1297 2605 1327 similiter

414 1338 453 1368 sit
477 1337 783 1367 excommunicatus.
807 1337 893 1377 Ergo
918 1338 1023 1368 omnis
1052 1337 1122 1368 talis
1153 1341 1265 1377 peccat
1294 1335 1479 1366 mortaliter.
1495 1349 1518 1369 ις
1534 1340 1742 1371 inveniuntur
1756 1340 1791 1370 in
1815 1339 1960 1379 quolibet
1976 1345 2058 1370 statu
2081 1340 2214 1370 humani
2229 1340 2369 1380 generis;
2394 1340 2502 1380 plures
2517 1341 2605 1371 enim

470 1380 531 1411 SED
549 1390 671 1411 CONTRA
687 1391 741 1411 EST
757 1382 842 1421 quia>
854 1381 1032 1412 secundum
1049 1382 1267 1422 Augustissum
1279 1381 1305 1416 ’ἵ
1316 1380 1386 1410 talis
1402 1388 1480 1410 con·
1534 1384 1649 1425 gradus
1666 1384 1949 1424 consanguinitatis
1965 1384 2172 1414 inveniuntur
2188 1393 2256 1414 esse
2271 1385 2424 1424 prohibiti
2439 1394 2507 1415 uno
2523 1389 2605 1415 tem-

415 1425 541 1455 cubitus
564 1425 696 1465 ponitur
714 1426 795 1456 inter
817 1431 949 1466 peccata
965 1425 1161 1467 quotidiana,
1177 1435 1237 1466 pro
1261 1425 1379 1465 quibus
1402 1423 1480 1454 dici·
1535 1438 1614 1470 pore
1638 1438 1736 1469 quam
1760 1429 1832 1458 alio.
1858 1428 1925 1458 Lex
1948 1433 2057 1459 autem
2079 1428 2220 1459 humana
2242 1437 2310 1459 non
2326 1434 2442 1469 potest,
2459 1434 2496 1460 ut
2517 1429 2606 1460 vide·

414 1475 475 1506 tur,
492 1470 589 1500 Pater
604 1474 715 1500 noster
729 1475 800 1506 etc„
817 1475 854 1501 ut
868 1471 1003 1501 habetur
1025 1471 1058 1501 in
1078 1470 1181 1501 littera
1192 1471 1219 1500 ⁹.
1239 1469 1303 1501 Sed
1325 1469 1399 1499 talia
1413 1478 1480 1499 non
1535 1479 1596 1509 tur,
1614 1473 1820 1503 matrimonio
1836 1472 2068 1512 impedimenta
2079 1478 2254 1513 praestare:
2275 1474 2350 1513 quia
2361 1474 2604 1504 matrimonium

415 1518 490 1545 sunt
512 1519 644 1554 peccata
666 1514 822 1545 mortalia.
847 1515 944 1554 Ergo,
961 1520 1020 1545 etc.
1534 1527 1603 1548 non
1627 1523 1674 1548 est
1696 1527 1734 1548 ex
1757 1517 1958 1547 institutione
1981 1517 2132 1553 humana,
2158 1517 2213 1548 sed
2237 1517 2359 1554 divina,
2385 1518 2467 1548 sicut
2490 1522 2522 1548 et
2544 1517 2605 1548 alia

473 1567 501 1588 2·
525 1558 721 1594 Proxumum,
739 1559 795 1598 qui
819 1559 891 1589 cibo
911 1559 1010 1590 utitur
1029 1558 1068 1589 ad
1084 1558 1330 1589 delectationem
1345 1563 1480 1593 tantum,
1497 1569 1522 1590 ³0
1535 1567 1741 1592 sacramenta.
1761 1561 1847 1601 Ergo
1864 1561 2070 1591 matrimonio
2086 1571 2154 1592 non
2171 1561 2288 1592 debent
2299 1562 2359 1592 alia
2374 1561 2605 1603 impedimenta

415 1611 484 1632 non
505 1607 618 1642 peccat
639 1603 823 1633 mortaliter.
848 1603 945 1643 Ergo,
962 1604 1029 1644 pari
1045 1603 1178 1639 ratione,
1196 1603 1252 1643 qui
1267 1603 1367 1633 utitur
1381 1611 1482 1632 uxore
1535 1607 1696 1647 assignari,
1708 1615 1791 1646 quae
1803 1605 1920 1636 faciant
1931 1615 2083 1646 personas
2094 1605 2274 1646 illegitimas
2286 1606 2326 1636 ad
2337 1606 2604 1637 contrahendum.

416 1651 541 1676 tantum
565 1656 659 1677 causa
682 1647 821 1678 libidinis
843 1647 1013 1678 satiandae.

470 1691 660 1721 Rnspouono
676 1700 835 1721 DICENDUM
851 1692 940 1732 quod
956 1691 1088 1732 quidam
1099 1692 1116 1708 ⁴*
1133 1691 1243 1722 dicunt
1264 1690 1363 1731 quod,
1381 1699 1482 1731 quan-

1534 1695 1599 1725 hoc
1622 1694 1711 1735 quod
1735 1700 1782 1725 est
1805 1700 1915 1724 contra
1938 1694 2052 1734 legem,
2077 1694 2127 1725 vel
2150 1704 2218 1725 non
2242 1700 2351 1725 contra
2375 1695 2490 1735 legem.
2521 1695 2606 1726 Inter

419 1734 603 1775 documque
627 1735 667 1765 ad
690 1741 797 1766 actum
822 1736 1024 1776 coniugalem
1049 1735 1149 1766 libido
1173 1735 1388 1776 principaliter
1411 1743 1481 1764 mo-

1536 1749 1619 1779 quae
1642 1749 1710 1769 non
1726 1738 1809 1769 cadit
1832 1738 1994 1768 medium:
2019 1748 2094 1769 cum
2110 1739 2172 1769 sint
2195 1739 2345 1779 opposita
2364 1739 2544 1770 secundum
2559 1738 2606 1770 af-

418 1783 480 1815 vet,
498 1784 544 1809 est
567 1784 736 1819 peccatum
759 1780 910 1816 mortaIe3
934 1779 989 1810 sed
1013 1779 1143 1820 quando
1176 1785 1286 1810 movet
1315 1789 1352 1810 ex
1375 1779 1481 1815 latere,
1498 1794 1520 1814 ις
1535 1783 1751 1814 firmationem
1767 1788 1798 1813 et
1813 1783 2018 1822 negationem
2030 1783 2057 1813 ⁴.
2077 1783 2163 1823 Ergo
2179 1792 2247 1814 non
2262 1789 2399 1824 possunt
2414 1793 2483 1814 esse
2499 1784 2606 1825 aliqua

418 1829 496 1853 tunc
519 1828 567 1853 est
589 1829 758 1863 peccatum
781 1824 922 1860 venia1e;
952 1823 1083 1864 quando
1107 1829 1214 1854 autern
1238 1825 1372 1854 omnino
1397 1822 1482 1853 dele·
1535 1828 1730 1858 matrimonii
1746 1827 1976 1867 impedimenta
1993 1827 2109 1867 quibus
2122 1836 2279 1867 personae
2293 1828 2419 1858 mediae
2434 1828 2606 1869 interlegi-

420 1868 593 1898 ctationem
622 1869 743 1908 respuit
769 1873 800 1898 et
823 1868 969 1908 displicet
993 1869 1040 1904 ei,
1065 1874 1142 1899 tunc
1172 1874 1219 1898 est
1248 1868 1383 1898 omnino
1415 1868 1482 1898 sine
1536 1873 1628 1902 timas
1652 1877 1682 1902 et
1706 1871 1884 1912 illegitimas
1908 1872 2151 1902 constituantur.

418 1911 534 1942 veniali
557 1917 709 1952 peccato:
734 1917 770 1942 ut
785 1913 829 1943 sic
845 1912 1091 1943 delectationem
1113 1913 1146 1943 in
1165 1912 1220 1942 illo
1241 1918 1313 1943 actu
1330 1921 1482 1952 quaerere
1592 1917 1622 1946 6.
1646 1916 1843 1952 Pana-ranas,
1861 1916 2048 1946 enniunctio
2067 1916 2125 1946 viri
2148 1921 2179 1946 et
2201 1915 2344 1946 mulieris
2359 1925 2427 1946 non
2451 1922 2498 1947 est
2520 1917 2607 1948 licita

419 1956 458 1986 sit
481 1961 650 1995 peccatum
665 1956 816 1993 mortale3
842 1956 1086 1987 delectationem
1106 1957 1244 1987 oblatam
1264 1961 1428 1996 acceptare
1444 1957 1482 1986 sit
1536 1961 1597 1990 nisi
1619 1961 1653 1990 in
1676 1961 1893 1990 matrimonio.
1929 1959 1991 1990 Sed
2015 1960 2120 1990 omnis
2152 1961 2339 1991 coniunctio
2362 1960 2472 1991 illicita
2501 1960 2607 1992 dirimi

419 2005 587 2040 peccatum
610 2000 751 2036 veniale;
776 2000 831 2030 sed
855 2010 926 2031 eam
950 2001 1038 2031 odire
1062 2001 1101 2030 sit
1124 2000 1338 2041 perfectionis.
1497 2014 1523 2034 4⁰
1537 2004 1640 2035 debet.
1665 2005 1762 2044 Ergo,
1779 2005 1805 2034 si
1821 2003 1941 2044 aliquid
1964 2005 2207 2034 matrimonium
2226 2004 2481 2035 contrahendum
2503 2005 2608 2045 impe-

474 2043 536 2074 Sed
551 2044 615 2074 hoc
630 2054 697 2074 non
713 2049 820 2083 potest
835 2054 912 2074 esse.
937 2045 1023 2082 Quia
1038 2044 1217 2075 secundum
1236 2045 1481 2084 Philosophum,
1537 2048 1610 2085 diat,
1627 2049 1690 2078 hoc
1715 2047 1841 2078 di1imet
1865 2053 2065 2078 contractum
2090 2047 2129 2078 de
2153 2047 2248 2078 facto.
2273 2047 2314 2079 Et
2329 2049 2374 2079 sic
2396 2057 2464 2079 non
2489 2048 2608 2080 debent

418 2088 451 2118 in
473 2087 503 2118 X
518 2087 621 2118 Ethic.
639 2089 665 2124 ἢ
682 2087 768 2118 idem
791 2087 947 2119 iudicium
975 2094 1021 2119 est
1045 2088 1084 2119 de
1108 2088 1318 2119 delectatione
1344 2094 1375 2119 et
1404 2098 1483 2129 ope·
1537 2093 1643 2132 aliqua
1666 2092 1897 2132 impedimenta
1919 2092 2126 2122 matrimonio
2151 2092 2407 2133 assignariquae
2430 2092 2608 2134 impediant

418 2133 556 2162 ratione:
592 2133 667 2172 quia
699 2133 893 2172 operationis
925 2133 1030 2163 bonae
1054 2138 1102 2163 est
1129 2132 1297 2163 delectatio
1322 2133 1426 2169 bona,
1451 2138 1483 2163 et
1537 2136 1792 2167 contrahendum
1817 2142 1848 2166 et
1870 2146 1938 2166 non
1962 2135 2110 2166 dirimant
2134 2141 2345 2168 contractum.
2456 2174 2458 2177 Ι

417 2176 519 2206 malae
542 2176 634 2207 mala.
659 2175 769 2212 Unde,
794 2186 868 2206 cum
892 2182 980 2207 actus
1012 2177 1252 2207 matrimonialis
1272 2186 1339 2207 non
1363 2177 1402 2207 sit
1425 2186 1483 2217 per
1593 2191 1623 2221 7.
1647 2181 1844 2216 Pan-mnu,
1860 2180 1952 2211 nullo
1968 2180 2201 2221 impedimento
2218 2186 2325 2221 potest
2343 2191 2360 2211 a
2383 2190 2417 2212 re
2437 2181 2544 2222 aliqua
2556 2189 2608 2213 re-

417 2230 450 2251 se
473 2221 586 2256 malus,
602 2230 662 2251 nec
687 2230 839 2261 quaerere
862 2220 1106 2251 delectationem
1130 2221 1188 2251 erit
1203 2226 1372 2262 peccatum
1395 2230 1482 2252 mor·
1496 2233 1520 2254 45
1536 2226 1659 2256 moveri
1683 2225 1772 2265 quod
1794 2226 1828 2255 in
1851 2224 2038 2255 definitione
2053 2225 2153 2265 ipsius
2170 2225 2262 2256 cadit.
2287 2225 2350 2256 Sed
2371 2225 2610 2258 indivisibilitas·

417 2265 478 2295 tale
502 2275 636 2305 semper.
1537 2270 1620 2301 cadit
1635 2270 1668 2300 in
1685 2269 1872 2300 definitione
1887 2269 2082 2300 matrimonii
2093 2270 2118 2300 “.
2136 2269 2222 2310 Ergo
2238 2279 2306 2300 non
2317 2276 2454 2311 possunt
2469 2279 2537 2302 esse
2553 2270 2609 2302 ali-

472 2308 513 2339 Et
535 2309 609 2340 ideo
634 2308 805 2339 dicendum
830 2308 937 2350 quod,
962 2309 987 2339 si
1011 2308 1179 2340 delectatio
1208 2315 1378 2350 quaeratur
1400 2310 1483 2340 ultra
1537 2323 1600 2355 qua
1616 2313 1845 2355 impedimenta
1869 2322 1951 2354 quae
1966 2314 2208 2344 matrimonium
2225 2319 2426 2345 contractum
2449 2315 2607 2347 dirimant.

417 2353 617 2384 honestatem
640 2354 845 2389 matrimonii,
863 2358 898 2383 ut
921 2353 1040 2384 scilicet
1058 2353 1172 2394 aliquis
1195 2354 1228 2384 in
1252 2354 1391 2395 coniuge
1414 2364 1482 2385 non
1592 2358 1655 2390 San
1680 2368 1813 2394 conum,
1839 2357 1964 2388 videtur
1987 2358 2077 2398 quod
2101 2358 2238 2389 debeant
2261 2367 2329 2390 esse
2352 2358 2477 2390 infinita
2499 2360 2608 2391 matri-

418 2397 558 2428 attendat
581 2397 670 2438 quod
693 2398 811 2428 coniux
828 2402 883 2433 est,
901 2397 955 2427 sed
979 2397 1085 2428 solum
1109 2397 1198 2438 quod
1213 2399 1338 2435 mulier,
1354 2404 1482 2439 paratus
1536 2403 1638 2434 monii
1661 2402 1901 2443 impedimenta.
1926 2401 2011 2440 Quia
2034 2403 2276 2433 matrimonium
2293 2403 2458 2443 quoddam
2481 2404 2607 2436 bonum

418 2441 503 2472 idem
533 2442 637 2472 facere
667 2451 743 2472 cum
766 2451 803 2472 ea
826 2442 852 2472 si
874 2451 942 2472 non
965 2447 1046 2472 esset
1076 2443 1214 2480 coniux,
1239 2448 1286 2473 est
1313 2449 1482 2484 peccatum
1498 2454 1524 2475 5⁰
1538 2453 1594 2478 est.
1618 2447 1681 2478 Sed
1696 2446 1828 2477 infinitis
1851 2446 1956 2477 modis
1972 2452 2019 2477 est
2042 2446 2186 2478 defectus
2202 2447 2298 2478 boni:
2323 2453 2360 2478 ut
2382 2447 2459 2478 dicit
2482 2448 2607 2490 Diony—

418 2487 561 2516 mortale.
585 2486 626 2516 Et
648 2486 717 2516 talis
741 2485 855 2516 dicitur
878 2486 1047 2517 ardentior
1065 2492 1195 2517 amator
1218 2488 1334 2518 uxoris
1349 2489 1381 2518 ’z
1407 2489 1483 2528 quia
1537 2492 1611 2528 sius,
1629 2501 1660 2521 tv
1684 2500 1753 2531 cap.
1770 2491 1810 2521 de
1824 2491 1899 2521 Div.
1916 2490 2013 2521 Nom.
2030 2492 2047 2508 ⁴*
2069 2491 2155 2532 Ergo
2179 2490 2304 2522 infinita
2319 2497 2394 2524 sunt
2409 2493 2607 2524 matrimonii

419 2529 512 2560 ardor
533 2530 586 2560 ille
610 2535 694 2560 extra
717 2531 803 2560 bona
823 2531 1018 2561 matrimonii
1042 2530 1178 2562 effertur.
1204 2531 1236 2562 Si
1253 2537 1361 2562 autem
1385 2541 1483 2573 quae·
1536 2535 1775 2576 impedimenta.

419 2580 504 2605 ratur
527 2573 694 2604 delectatio
717 2574 799 2604 infra
827 2575 943 2605 limites
972 2576 1187 2612 matrimonii,
1211 2581 1247 2606 ut
1269 2577 1390 2607 scilicet
1412 2577 1483 2607 talis
1594 2590 1623 2610 2.
1647 2579 1844 2615 Pinarum,
1860 2578 2090 2619 impedimenta
2112 2580 2307 2610 matrimonii
2332 2581 2534 2621 accipiuntur
2556 2589 2605 2612 se-

420 2617 587 2649 delectatio
610 2619 644 2648 in
668 2618 727 2648 alia
750 2628 817 2648 non
848 2625 1051 2659 quaereretur
1081 2629 1179 2660 quam
1202 2621 1235 2651 in
1259 2621 1413 2661 coniuge,
1437 2622 1482 2652 sie

420 2668 467 2693 est
488 2662 611 2692 veniale
635 2668 813 2703 peccatum.

474 2706 525 2736 AD
548 2717 664 2736 pamma
692 2717 775 2737 ERGO
805 2717 963 2737 memnon
993 2708 1083 2748 quod
1109 2714 1187 2739 tunc
1210 2709 1391 2750 voluptates
1414 2718 1482 2740 me-

419 2751 557 2781 retricias
579 2751 627 2780 vir
649 2752 682 2781 in
706 2760 806 2781 uxore
822 2752 945 2791 quaerit
968 2752 1098 2792 quando
1114 2753 1193 2783 nihil
1217 2753 1304 2784 aliud
1327 2755 1360 2784 in
1385 2763 1421 2785 ea
1437 2759 1482 2784 at-

419 2794 520 2825 tendit
543 2804 641 2835 quam
664 2795 753 2835 quod
776 2796 809 2826 in
832 2796 997 2827 meretrice
1021 2797 1204 2828 attenderet.

474 2838 524 2869 Ao
549 2849 710 2870 saeui-mum
733 2849 892 2870 memnon
923 2841 1012 2881 quod
1036 2851 1210 2873 consensus
1234 2843 1267 2873 in
1298 2842 1482 2874 delectatio·-

1537 2623 1680 2656 cundum
1704 2623 1905 2654 conditiones
1928 2623 2166 2663 particularium
2192 2633 2413 2664 personarum.
2441 2624 2504 2656 Sed
2527 2634 2606 2656 con·

1497 2679 1520 2700 55
1537 2669 1674 2699 ditiones
1697 2667 1884 2698 huiusmodi
1900 2673 1973 2698 sunt
1996 2667 2148 2699 infinitae.
2172 2668 2258 2709 Ergo
2279 2674 2311 2699 et
2333 2669 2530 2700 matrimonii
2544 2670 2605 2701 im-

1560 2712 1729 2744 edimenta.

1535 2723 1557 2754 p
1591 2757 1781 2787 Rnsponnno
1806 2765 1966 2787 monimum
1997 2756 2087 2796 quod
2110 2757 2143 2787 in
2171 2758 2378 2788 matrimonio
2408 2763 2484 2788 sunt
2505 2767 2604 2799 quae—

1537 2800 1610 2832 dam
1635 2810 1717 2841 quae
1741 2806 1815 2831 sunt
1838 2800 1877 2831 de
1901 2801 2036 2831 essentia
2059 2801 2169 2841 ipsius,
2186 2807 2218 2833 et
2241 2802 2399 2842 quaedam
2423 2811 2506 2843 quae
2528 2808 2605 2834 sunt

1537 2845 1577 2876 de
1599 2845 1801 2876 solemnitate
1824 2845 1902 2881 eius,
1919 2845 2001 2876 sicut
2025 2850 2056 2876 et
2078 2846 2111 2876 in
2135 2846 2203 2877 aliis
2219 2847 2432 2877 sacramentis.
2456 2846 2498 2878 Et
2516 2847 2602 2888 quia,

419 2891 494 2913 nem
518 2884 707 2914 concubitus
731 2885 787 2924 qui
810 2890 857 2915 est
879 2891 1047 2925 peccatum
1070 2887 1218 2923 mortale,
1243 2892 1290 2917 est
1312 2892 1482 2927 peccatum
1495 2894 1523 2915 6ο
1535 2890 1666 2921 remotis
1689 2890 1737 2920 his
1761 2898 1844 2930 quae
1866 2899 1935 2920 non
1957 2894 2032 2920 sunt
2055 2889 2094 2920 de
2117 2891 2303 2922 necessitate
2326 2892 2525 2928 sacramenti,
2547 2890 2603 2922 ad-

420 2927 562 2958 mortale.
582 2928 658 2958 Non
674 2933 781 2959 autem
796 2929 866 2959 talis
883 2934 929 2959 est
945 2929 1112 2961 delectatio
1129 2931 1370 2962 matrimonialis
1382 2937 1481 2963 actus.

475 2971 525 3001 Ar>
541 2982 675 3002 Tannum
693 2983 853 3003 monimum
869 2973 968 3014 quod,
986 2975 1130 3014 quamvis
1147 2974 1392 3007 delectationem
1414 2986 1482 3007 non

420 3014 533 3046 referat
556 3021 628 3047 actu
650 3018 684 3047 in
707 3016 832 3053 Deum,
858 3027 925 3048 non
959 3023 1066 3049 tamen
1100 3020 1192 3059 ponit
1215 3021 1248 3050 in
1272 3030 1309 3050 ea
1331 3020 1483 3051 ultimum

1536 2935 1600 2965 huc
1623 2939 1732 2964 manet
1754 2943 1866 2964 verum
1889 2939 2143 2971 sacramentum;
2167 2934 2242 2965 ideo
2265 2935 2496 2975 impedimenta
2519 2945 2603 2976 quae

1537 2978 1767 3010 contrariantur
1782 2978 1830 3008 his
1850 2987 1933 3018 quae
1949 2983 2023 3008 sunt
2039 2977 2078 3009 de
2102 2978 2304 3010 solemnitate
2322 2979 2519 3016 sacramenti,
2534 2989 2604 3011 non

1537 3022 1683 3053 officiunt
1706 3022 1786 3062 quin
1809 3022 1848 3052 sit
1871 3028 1982 3052 verum
2006 3023 2257 3054 matrimonium.
2289 3023 2330 3054 Et
2357 3023 2431 3054 talia
2454 3023 2604 3055 dicuntur

420 3059 591 3091 voluntatis
614 3060 728 3091 finem:
754 3061 827 3091 alias
844 3071 914 3092 eam
938 3063 1135 3103 ubicumque
1151 3063 1366 3095 indifferenter
1385 3074 1483 3105 quae·
1537 3066 1691 3108 impedire
1709 3066 1973 3103 contrahendum,
1987 3066 2042 3098 sed
2058 3076 2124 3097 non
2140 3066 2298 3098 dirimunt
2307 3071 2530 3099 contractum:
2544 3069 2604 3100 sic-

420 3109 511 3134 reret.
535 3104 576 3134 Et
590 3104 664 3135 ideo
688 3115 756 3135 non
772 3111 899 3146 oportet
923 3106 1012 3146 quod
1029 3112 1170 3138 creatura
1188 3108 1325 3139 fruatur:
1351 3109 1406 3140 sed
1421 3110 1483 3140 uti-
1496 3114 1521 3141 ⁶5
1536 3117 1573 3142 ut
1583 3110 1761 3151 prohibitio
1776 3110 1951 3147 Ecclesiae,
1969 3116 2000 3141 et
2023 3116 2145 3152 tempus
2162 3111 2336 3154 feriatum.
2360 3111 2455 3142 Unde
2477 3121 2604 3144 versus:

421 3152 472 3178 tur
486 3153 626 3178 creatura
637 3155 768 3189 propter
783 3159 826 3185 se,
839 3159 872 3180 se
889 3156 995 3181 autem
1011 3151 1211 3183 habitualiter
1222 3158 1354 3194 propter
1364 3153 1482 3191 Deum,
1536 3155 1703 3186 Ecclesiae
1726 3154 1869 3191 vetitum,
1897 3164 1955 3186 nec
1983 3163 2048 3186 non
2076 3160 2199 3197 tempus
2216 3155 2401 3197 feriatum:
2422 3155 2607 3197 Impediunt

423 3192 566 3231 quamvis
589 3202 656 3223 non
680 3198 761 3224 actu.
1527 3199 1619 3242 fieri,
1630 3199 1823 3240 permittunt
1846 3199 1955 3230 iuncta
1979 3199 2090 3230 teneri.

476 3236 526 3266 An
551 3246 697 3267 ama-rum
720 3247 879 3268 mensuum
913 3238 1002 3278 quod
1024 3239 1087 3270 hoc
1110 3238 1178 3270 non
1206 3240 1321 3272 dicitur
1351 3247 1484 3283 propter
1593 3243 1825 3284 Impedimenta
1849 3249 1957 3274 autem
1980 3252 2063 3284 quae
2091 3243 2324 3274 contrariantur
2352 3243 2401 3274 his
2425 3253 2508 3285 quae
2531 3250 2606 3277 sunt

422 3279 485 3309 hoc
508 3280 597 3319 quod
612 3290 651 3310 ex
673 3281 735 3311 hoc
751 3288 884 3322 peccato
908 3283 1009 3313 homo
1026 3286 1393 3317 excommunicationem
1415 3296 1483 3318 me—
1539 3287 1579 3318 de
1602 3288 1737 3318 essentia
1752 3287 1958 3324 matrimonii,
1975 3286 2097 3318 faciunt
2111 3292 2148 3318 ut
2169 3297 2238 3318 non
2257 3288 2296 3318 sit
2311 3297 2424 3319 verum
2439 3289 2606 3320 matrimo-

423 3328 542 3353 reatur:
568 3324 623 3354 sed
647 3325 721 3364 quia
744 3326 957 3366 spiritualibus
973 3337 1006 3357 se
1029 3327 1131 3358 reddit
1153 3329 1336 3366 inhabilem,
1353 3336 1484 3371 propter
1497 3340 1525 3361 7⁰
1537 3332 1639 3362 nium.
1663 3331 1705 3362 Et
1727 3331 1802 3362 ideo
1830 3331 1980 3362 dicuntur
2001 3340 2069 3362 non
2101 3331 2208 3362 solum
2232 3332 2386 3373 impedire
2413 3333 2606 3364 contrahen-

423 3366 485 3396 hoc
509 3367 598 3407 quod
620 3369 654 3398 in
677 3374 750 3399 actu
771 3370 827 3400 illo
851 3371 951 3401 homo
975 3370 1109 3402 efficitur
1132 3377 1217 3404 totus
1240 3382 1318 3404 caro
1334 3375 1361 3404 ⁵.
1537 3376 1624 3412 dum,
1641 3375 1696 3406 sed
1711 3376 1864 3406 dirimere
1879 3375 1944 3406 iam
1960 3380 2172 3406 contractum.
2196 3375 2289 3414 Quae
2304 3377 2353 3407 his
2368 3377 2511 3408 versibus
2527 3387 2606 3409 con-

1537 3420 1694 3450 tinentur:
1710 3419 1829 3456 Error,
1846 3419 1998 3455 conditio,
2015 3424 2134 3456 votum,
2147 3421 2311 3462 cognatio,
2329 3421 2471 3452 crimen:
2490 3421 2607 3453 Cultus

1537 3464 1720 3504 disparitas,
1745 3464 1802 3500 vis,
1827 3463 1919 3501 ordo,
1944 3463 2096 3505 ligamen,
2120 3463 2290 3496 honestas.-
2312 3465 2349 3496 Si
2369 3465 2412 3496 sit
2434 3465 2554 3507 affinis,
2577 3466 2607 3497 si

1528 3507 1625 3549 forte
1640 3508 1730 3539 coire
1745 3507 1908 3549 nequibis:
1925 3507 2020 3539 Haec
2033 3508 2189 3539 socianda
2205 3514 2314 3540 vetant
2329 3509 2499 3546 connubia,
2505 3510 2606 3552 facta

1498 3560 1522 3581 π
1540 3557 1727 3582 retractant.

2624 382 2746 430 inggdqu.
2764 388 2836 410 ‘un’

2625 437 2635 447 ·
2651 435 2698 462 Qu.
2714 441 2745 457 ιι.

1593 1651 1621 1681 5.
1645 1650 1848 1686 Pina-raam,
1873 1650 2078 1690 illegitimum
2106 1655 2137 1680 et
2159 1650 2339 1690 legitimum
2367 1650 2518 1682 differunt
2546 1659 2605 1691 per
2645 1665 2648 1670 ·
2690 1656 2693 1659 “

2632 1785 2791 1809 ‘mm-anot.
2799 1785 2847 1808 Ca-

2631 1815 2680 1863 Ιιῖ.
2695 1819 2746 1842 etp.
2760 1818 2811 1840 vm,
2821 1819 2848 1834 n.

2634 2276 2645 2286 ²
2658 2273 2776 2302 lvsent„
2791 2274 2847 2296 din.

2633 2306 2707 2329 nvn,
2721 2306 2748 2323 en
2766 2316 2773 2323 .
2786 2300 2847 2323 Suae

2633 2333 2702 2382 m.
2710 2338 2752 2376 ὧι
2766 2360 2787 2384 3·
2806 2333 2848 2356 qu.

2633 2489 2782 2514 ·s.·ri=.10‹a.
2789 2497 2847 2513 xxu.
