2918 4088
4 938 13 967 ἒ

4 970 17 1019 '4

8 1140 19 1168 'a

3 1173 6 1184 ⁴
10 1177 18 1190 ι

109 738 120 749 ·
133 736 205 760 Num.
219 736 255 759 28.

114 3098 126 3110 ·
134 3096 194 3126 cup.
200 3101 252 3124 xm,
261 3102 327 3120 unm.

983 178 1246 227 QUAESTIO
1274 177 1467 224 LXXXII,
1506 175 1798 214 ARTICULUS
1827 177 1908 213 VIII

351 265 448 296 recte
475 259 566 295 dare
582 264 606 295 ⁵.
636 258 689 294 Illi
717 257 827 306 igitur
855 257 933 306 qui,
962 257 1059 294 intra
1086 255 1297 293 Ecclesiam
1325 267 1415 292 con-

351 311 487 358 stituti,
526 319 752 360 receperunt
787 318 1014 360 potestatem
1051 308 1300 346 consecrandi
1328 307 1340 332 t
1377 307 1416 344 in

351 363 590 402 ordinatione
619 363 829 411 sacerdotii,
858 371 958 400 recte
986 360 1145 412 quidem
1178 361 1320 398 habent
1347 373 1415 409 po-

350 424 535 463 testatem,
565 417 632 453 sed
665 429 745 453 non
778 424 877 453 recte
910 428 955 452 ea
986 422 1157 460 utuntur,
1186 414 1217 450 si
1245 421 1416 463 postmo-

351 470 447 507 dum
470 482 540 518 per
558 469 748 506 haeresim
776 477 841 506 aut
869 468 1034 505 schisma
1061 469 1123 504 vel
1151 466 1416 503 excommuni-

351 522 542 560 cationem
570 522 618 559 ab
638 522 807 559 Ecclesia
834 528 1067 570 separentur.
1098 519 1176 566 Qui
1205 527 1336 556 autem
1364 519 1417 556 sic

351 576 513 625 separati
542 575 778 622 ordinantur,
799 586 871 611 nec
890 581 989 610 recte
1009 572 1152 610 habent
1176 580 1416 621 potestatem,

350 641 423 666 nec
451 636 550 665 recte
579 636 750 665 utuntur.
777 626 896 674 Quod
924 634 1054 663 tamen
1082 625 1234 674 utrique
1253 633 1417 674 potesta-

350 689 429 718 tem
449 682 626 728 habeant,
646 693 716 730 per
735 681 810 717 hoc
836 686 939 728 patet
966 678 1085 727 quod,
1115 677 1212 715 sicut
1239 678 1417 725 Augusti-

351 746 425 771 nus
453 734 598 771 ibidem
620 733 640 755 *
673 732 782 780 dicit,
817 743 908 769 cum
945 730 1107 768 redeunt
1143 731 1193 767 ad
1230 730 1417 768 unitatem

351 787 558 832 Ecclesiae,
588 798 669 823 non
703 784 988 831 reordinantur,
1018 784 1086 820 sed
1114 782 1351 832 recipiuntur
1378 784 1417 820 in

351 840 429 877 suis
457 839 668 876 ordin-ibus.
698 839 746 875 Et
771 837 862 886 quia
890 835 1125 873 consecratio
1155 836 1417 874 Eucharistiae

350 900 406 929 est
433 900 538 929 actus
566 902 808 940 consequens
837 889 981 927 ordinis
1009 897 1247 938 potestatem,
1271 889 1322 926 illi
1350 890 1417 938 qui

350 952 440 982 sunt
458 945 506 981 ab
526 943 696 981 Ecclesia
723 942 885 992 separati
913 955 983 992 per
1014 942 1204 979 haeresim
1233 950 1298 979 aut
1319 943 1417 980 schi-

350 1009 434 1035 sma
465 998 527 1034 vel
565 995 1028 1042 excommunicationem,
1056 1003 1220 1044 possunt
1257 995 1414 1044 quidem

349 1062 573 1088 consecrare
595 1048 887 1096 Eucharistiam,
909 1061 1009 1098 quae
1038 1046 1086 1085 ab
1115 1048 1169 1085 eis
1198 1057 1418 1086 consecrata

349 1115 490 1141 verum
526 1114 667 1152 corpus
705 1101 845 1140 Christi
881 1109 918 1139 et
954 1101 1182 1150 sanguinem
1223 1102 1414 1139 continet:

350 1168 431 1194 non
467 1163 598 1193 tamen
635 1163 735 1193 recte
772 1155 848 1192 hoc
884 1154 1038 1200 faciunt,
1073 1155 1140 1192 sed
1172 1163 1333 1204 peccant
1364 1156 1416 1193 fa-

350 1209 503 1247 cientes.
533 1210 582 1246 Et
601 1209 688 1246 ideo
707 1209 874 1245 fructum
896 1207 1071 1245 sacrificii
1090 1219 1170 1245 non
1189 1207 1416 1258 percipiunt,

350 1262 460 1314 quod
487 1270 543 1299 est
570 1261 802 1300 sacrificium
830 1261 1039 1311 spirituale.

404 1317 622 1364 AnrmMUM
645 1327 743 1352 ERGO
770 1327 951 1352 DICENDUM
971 1314 1077 1363 quod
1098 1314 1301 1351 auctoritas
1321 1314 1383 1352 illa
1398 1320 1416 1342 η

352 1371 388 1406 et
424 1364 566 1406 similes
601 1368 866 1416 intelligendae
903 1375 992 1404 sunt
1028 1375 1219 1416 quantum
1258 1367 1307 1404 ad
1342 1369 1418 1404 hoc

403 1483 426 1519 ε)
445 1491 496 1509 non
517 1487 588 1509 recte
606 1484 681 1508 dare.
698 1497 718 1502 -
735 1483 883 1513 Editiones;
906 1480 970 1516 (non
990 1481 1123 1516 expungit)
1142 1485 1213 1506 recte
1231 1489 1284 1506 non
1303 1482 1370 1506 dare
1389 1482 1418 1513 C,

351 1520 419 1545 dare
437 1527 489 1544 non
510 1523 581 1544 recte
599 1520 640 1544 ed.
657 1526 683 1547 a,
703 1522 773 1543 recte
792 1526 844 1543 non
863 1518 931 1542 dare
948 1518 1034 1542 ceteri.

403 1554 429 1589 ζ)
448 1554 633 1580 consecrandi.
649 1568 668 1572 -
688 1554 886 1579 Eucharistiam
905 1553 1002 1577 addunt
1019 1552 1040 1576 F
1059 1557 1084 1577 et
1101 1552 1184 1576 tertia.

2455 180 2529 226 267

1470 256 1577 303 quod
1606 267 1686 292 non
1715 262 1813 291 recte
1843 262 1946 291 extra
1975 256 2182 292 Ecclesiam
2218 257 2448 293 sacrificium
2481 256 2531 293 os-

1469 308 1586 344 fertur
1605 306 1629 344 ⁰.
1666 308 1777 345 Unde
1806 315 1910 344 extra
1938 308 2149 344 Ecclesiam
2184 321 2263 345 non
2300 318 2423 358 potest
2451 322 2532 347 esse

1470 361 1662 410 spirituale
1700 360 1949 407 sacrificium,
1979 361 2086 409 quod
2122 369 2176 397 est
2207 373 2345 398 verum
2378 362 2532 399 veritate

1469 414 1625 460 fructus,
1647 413 1731 450 licet
1758 413 1804 449 sit
1827 425 1965 449 verum
1989 413 2145 450 veritate
2165 414 2408 451 sacramenti:
2439 415 2534 452 sicut

1471 466 1586 503 etiam
1614 478 1730 515 supra
1753 466 1772 487 '¹‘
1807 465 1953 502 dictum
1982 474 2037 502 est
2065 467 2171 514 quod
2208 475 2386 515 peccator
2419 468 2535 504 sumit

1470 531 1612 568 corpus
1651 518 1789 556 Christi
1827 519 2168 565 sacramentaliter,
2207 520 2274 556 sed
2312 532 2391 556 non
2429 520 2535 569 spiri-

1471 572 1630 609 tualiter.

1524 626 1581 661 An
1610 637 1799 661 SECUNDUM
1827 637 2008 662 DICENDUM
2038 625 2144 674 quod
2182 626 2286 661 solus
2324 625 2536 673 baptismus

1470 677 1701 726 permittitur
1728 690 1810 714 esse
1839 685 1942 714 ratus
1976 677 2174 715 haereticis
2212 686 2248 714 et
2276 677 2535 724 schismaticis,

1471 730 1563 779 quia
1589 738 1753 779 possunt
1780 730 1877 767 licite
1905 730 2096 779 baptizare
2125 731 2164 767 in
2192 731 2350 768 articulo
2375 731 2536 768 necessi-

1470 783 1566 820 tatis.
1596 785 1637 820 In
1666 784 1772 820 nullo
1801 790 1931 820 autem
1950 795 2041 820 casu
2070 783 2166 820 licite
2195 792 2356 833 possunt
2384 785 2536 820 Eucha-

1471 836 1616 873 ristiam
1643 848 1881 882 consecrare,
1905 838 1967 872 vel
1995 836 2067 873 alia
2095 845 2333 874 sacramenta
2351 837 2534 873 conferre.

1524 890 1581 926 AD
1609 901 1768 926 TERT1UM
1796 901 1978 926 DlCENnUM
2006 890 2113 938 quod
2148 890 2326 927 sacerdos
2354 890 2393 926 in
2421 889 2537 926 missa

1471 943 1510 979 in
1539 941 1776 979 orationibus
1809 942 1969 991 quidem
2002 942 2171 991 loquitur
2198 942 2237 979 in
2264 955 2430 992 persona
2466 944 2537 979 Ec-

1471 995 1619 1042 clesiae,
1649 995 1688 1032 in
1716 995 1826 1032 cuius
1854 995 1997 1032 unitate
2025 995 2204 1033 consistit.
2236 996 2312 1033 Sed
2340 996 2379 1033 in
2406 1008 2536 1033 conse-

1471 1048 1639 1086 cratione
1668 1048 1895 1086 sacramenti
1923 1048 2094 1097 loquitur
2120 1049 2159 1086 in
2187 1061 2353 1098 persona
2386 1048 2535 1096 Christi,

1472 1101 1582 1138 cuius
1605 1101 1731 1138 vicem
1759 1101 1799 1138 in
1827 1102 1902 1138 hoc
1926 1101 2019 1150 gerit
2046 1114 2116 1151 per
2135 1102 2278 1139 ordinis
2297 1109 2535 1151 potestatem.

1472 1156 1520 1191 Et
1548 1155 1648 1202 ideo,
1669 1154 1700 1191 si
1728 1155 1905 1191 sacerdos
1934 1155 1982 1192 ab
2011 1154 2154 1192 unitate
2183 1155 2374 1192 Ecclesiae
2392 1155 2537 1204 praeci-

1471 1220 1536 1245 sus
1555 1207 1714 1244 missam
1733 1208 1907 1254 celebret,
1929 1208 2020 1257 quia
2039 1215 2265 1258 potestatem
2285 1208 2428 1245 ordinis
2456 1220 2536 1245 non

1470 1260 1621 1305 amittit,
1651 1269 1848 1298 consecrat
1882 1273 2020 1298 verum
2057 1273 2198 1310 corpus
2235 1269 2272 1297 et
2309 1261 2536 1309 sanguinem

1472 1314 1631 1351 Christi:
1662 1314 1729 1350 sed
1757 1314 1849 1363 quia
1877 1322 1932 1350 est
1959 1314 2008 1351 ab
2037 1314 2229 1351 Ecclesiae
2257 1314 2400 1351 unitate
2428 1326 2536 1363 sepa-

1471 1374 1585 1414 ratus,
1615 1367 1807 1404 orationes
1835 1366 1917 1404 eius
1946 1367 2157 1404 efficaciam
2185 1379 2265 1404 non
2294 1367 2437 1404 habent
2454 1367 2485 1404 ²¹⁶.

1523 1480 1551 1514 η)
1571 1481 1721 1506 auctoritas
1740 1480 1796 1504 illa.
1809 1494 1828 1498 -
1841 1480 2017 1505 auctoritates
2036 1481 2098 1506 illae
2110 1482 2130 1505 Β
2143 1487 2169 1505 et
2187 1482 2269 1510 tertia.
2284 1482 2330 1506 sed
2346 1483 2365 1506 Β
2379 1490 2407 1507 se
2426 1482 2538 1514 corrigit.

1524 1515 1549 1550 Θ)
1569 1515 1691 1549 offertur.
1707 1529 1727 1534 —
1744 1515 1764 1539 F
1784 1520 1810 1539 et
1827 1516 1900 1540 tertia
1907 1522 1914 1545 ;
1933 1515 2083 1548 offeruntur
2095 1516 2215 1549 ACEpD,
2230 1517 2346 1550 offerunt
2363 1518 2422 1542 BsD
2438 1523 2463 1542 et
2477 1526 2502 1543 a.

1309 1630 1575 1638 mma-v-

1129 1698 1449 1741 ARTICULUS
1480 1699 1755 1741 OCTAVUS

612 1803 770 1835 UTRUM
795 1802 1022 1834 SACERDos
1045 1801 1343 1833 DEGRADATUS
1365 1801 1514 1833 Possrr
1538 1802 1633 1833 Hoc
1657 1802 1994 1834 SACRAMENTUM
2019 1802 2269 1834 CONFICERE

925 1882 959 1907 1v
979 1882 1063 1912 Sent„
1083 1882 1143 1907 dist.
1161 1889 1215 1913 xm,
1235 1890 1280 1915 qu.
1298 1889 1316 1912 x,
1335 1887 1381 1907 art.
1403 1889 1427 1913 ι,
1446 1882 1496 1915 qu⁵
1515 1890 1547 1913 43
1569 1882 1666 1913 Quodl.
1685 1883 1738 1912 XII,
1758 1891 1801 1915 qu.
1821 1891 1854 1912 ιι,
1874 1889 1921 1908 art.
1942 1890 1965 1909 1.

383 1995 445 2018 ι,
467 2016 469 2021 ‚
498 2004 504 2009 ,,
528 1997 533 2008 s
559 1986 582 2011 D
602 1985 775 2010 ocTAVUM
794 1985 846 2010 sm
865 1984 1103 2010 mociani-rua.
1128 1972 1290 2009 Videtur
1309 1971 1417 2021 quod

386 2012 476 2086 '²⁵3⁵
561 2026 741 2063 sacerdos
761 2026 989 2074 degradatus
1016 2038 1098 2063 non
1115 2025 1235 2074 possit
1262 2026 1338 2062 hoc
1362 2038 1417 2062 sa-

367 2066 486 2129 „j'swxz
507 2086 528 2129 ἦ
542 2078 548 2084 “
561 2087 804 2117 eramentum
824 2078 1027 2116 conficere.
1049 2079 1190 2116 Nullus
1205 2078 1310 2116 enim
1324 2090 1416 2115 con-

372 2129 380 2136 *
406 2110 502 2169 ξ’·’ῑὶύ
517 2126 640 2170 &ficit
667 2133 744 2170 hoc
771 2139 1056 2169 sacramentum
1075 2131 1146 2169 nisi
1165 2143 1235 2181 per
1252 2139 1417 2181 potesta-

347 2196 428 2226 tem
447 2185 698 2224 consecrandi
716 2197 837 2235 quam
855 2186 981 2223 habet.
1003 2185 1080 2223 Sed
1098 2185 1323 2235 degradatus
1342 2198 1417 2223 non

348 2243 458 2280 habet
477 2246 695 2290 potestatem
722 2239 976 2285 consecrandi,
997 2239 1079 2275 licet
1105 2240 1239 2276 habeat
1258 2244 1418 2288 potesta-

349 2302 422 2333 tem
449 2294 660 2344 baptizandi
668 2308 680 2330 .-
706 2300 749 2329 ut
776 2293 865 2330 dicit
892 2304 1030 2330 canon.
1053 2297 1070 2313 ‘²
1088 2291 1108 2314 ’¹‘
1136 2292 1238 2339 Ergo
1266 2291 1420 2328 videtur

349 2348 458 2400 quod
485 2348 684 2397 presbyter
710 2346 939 2394 degradatus
967 2358 1048 2383 non
1074 2345 1195 2395 possit
1233 2345 1417 2382 Euchari-

349 2401 463 2440 stiam
490 2408 726 2439 consecrare.
1183 2415 1186 2417 -

406 2466 441 2492 2.
462 2455 695 2500 Pius-ream,
715 2451 775 2489 ille
799 2452 867 2501 qui
892 2452 1038 2502 aliquid
1061 2452 1136 2498 dat,
1156 2458 1281 2501 potest
1302 2450 1417 2487 etiam

351 2508 510 2546 auferre.
541 2508 618 2545 Sed
637 2507 842 2556 episcopus
859 2506 925 2542 dat
941 2506 1166 2556 presbytero
1189 2511 1418 2553 potestatem

350 2560 603 2599 consecrandi
622 2559 838 2598 ordinando
866 2559 1007 2608 ipsum.
1038 2559 1139 2606 Ergo
1159 2557 1275 2594 etiam
1293 2564 1418 2606 potest

351 2614 388 2651 ei
415 2615 562 2652 auferre
591 2612 838 2662 degradando
865 2612 1007 2661 ipsum.

407 2667 441 2704 3.
470 2669 704 2713 PRAETEREA,
724 2666 902 2703 sacerdos
924 2676 994 2713 per
1011 2663 1324 2711 degradationem
1353 2671 1419 2700 aut

352 2720 487 2758 amittit
513 2727 741 2770 potestatem
761 2717 1022 2764 consecrandi,
1042 2724 1108 2754 aut
1131 2718 1254 2754 solam
1282 2728 1418 2753 execu-

351 2773 510 2812 tionem.
549 2774 626 2811 Sed
654 2785 735 2810 non
763 2772 886 2809 solam
914 2769 1199 2808 executionem:
1239 2770 1331 2818 quia
1365 2769 1419 2806 sic

352 2839 434 2865 non
460 2828 547 2876 plus
575 2827 763 2864 amitteret
790 2825 1018 2873 degradatus
1045 2835 1163 2872 quam
1193 2834 1418 2860 excommu-

353 2879 513 2927 meatus,
529 2878 626 2929 quil3
645 2879 870 2916 executione
889 2885 1001 2915 caret.
1023 2877 1124 2924 Ergo
1141 2875 1293 2912 videtur
1311 2875 1419 2924 quod

353 2932 488 2971 amittit
527 2940 756 2982 potestatem
793 2929 1054 2968 consecrandi.
1097 2929 1145 2965 Et
1181 2928 1232 2965 ita
1267 2927 1420 2965 videtur

353 2986 462 3035 quod
489 2998 571 3023 non
598 2985 718 3035 possit
745 2984 935 3022 conficere
964 2985 1041 3020 hoc
1068 2989 1364 3019 sacramentum.

409 3039 483 3077 SED
505 3051 650 3076 CONTRA
670 3051 736 3076 usi·
763 3038 871 3088 quod
891 3036 1139 3085 Augustinus,
1163 3034 1203 3071 in
1230 3036 1261 3072 II
1288 3041 1419 3071 contra

353 3093 530 3130 Par-men.
549 3091 587 3138 *‚
615 3091 754 3141 probat
786 3091 893 3141 quod
931 3095 1119 3140 apostatae
1137 3094 1152 3116 Υ
1179 3100 1203 3125 a
1229 3087 1307 3125 fide
1343 3101 1418 3126 non

354 3151 482 3182 carent
509 3146 735 3194 baptismate,
755 3156 825 3194 per
843 3144 920 3180 hoc
938 3143 1046 3192 quod
1063 3155 1136 3192 per
1155 3143 1420 3191 poenitentiam

355 3197 588 3235 redeuntibus
606 3211 681 3236 non
701 3199 909 3241 restituitur,
931 3202 964 3233 et
983 3196 1063 3233 ideo
1083 3208 1157 3232 non
1173 3206 1283 3244 posse
1305 3196 1424 3231 amitti

356 3251 549 3288 iudicatur.
579 3251 656 3288 Sed
684 3250 854 3288 similiter
881 3249 1120 3298 degradatus,
1146 3247 1176 3284 si
1204 3246 1420 3284 reconcilie-

356 3311 428 3351 tur,
449 3315 529 3340 non
548 3311 604 3340 est
631 3303 769 3341 iterum
789 3303 1038 3340 ordinandus.
1068 3303 1170 3350 Ergo
1197 3312 1277 3338 non
1296 3300 1422 3337 amisit

410 3418 438 3451 α)
456 3425 551 3443 canon.
568 3432 587 3436 -
606 3419 626 3443 Ι.
639 3426 664 3451 q.
678 3419 699 3443 1.
711 3426 735 3444 e.
747 3419 856 3451 quidam
871 3419 968 3443 addunt
982 3419 1016 3443 Pc
1028 3423 1053 3443 et
1067 3426 1157 3450 margo
1171 3418 1179 3442 l
1192 3416 1275 3450 (quod
1287 3424 1335 3449 pro
1347 3416 1381 3451 c.)
1395 3422 1421 3441 et

356 3454 459 3479 codices
478 3454 615 3478 Brixiensis
633 3458 658 3478 et
676 3454 864 3479 Ambrosianus
871 3462 878 3485 3
899 3453 930 3479 cf.
950 3454 1009 3480 Vol.
1027 3454 1070 3479 Xl.
1090 3454 1171 3478 Pracf.
1190 3462 1214 3478 n.
1236 3460 1278 3484 24.

410 3488 436 3523 β)
455 3489 509 3522 qui.
526 3503 545 3508 ·-
563 3489 644 3514 etiam
662 3489 760 3515 addunt
778 3489 799 3514 F
818 3495 843 3514 et
861 3489 944 3515 tertia.

1471 1979 1699 2021 potestatem
1735 1972 1996 2010 consecrandi.
2036 1973 2084 2010 Et
2118 1973 2169 2010 ita
2203 1974 2381 2011 sacerdos
2409 1975 2540 2022 degra-

1472 2026 1584 2063 datus
1611 2033 1736 2074 potest
1763 2025 1955 2062 conficere
1983 2026 2060 2063 hoc
2088 2035 2384 2064 sacramentum.

1525 2080 1750 2116 RESPONDEO
1774 2091 1956 2117 DICENDUM
1976 2079 2084 2128 quod
2102 2087 2269 2128 potestas
2290 2081 2540 2118 consecrandi

1472 2131 1755 2168 Eucharistiam
1773 2118 1937 2181 pertinet
1955 2132 2004 2168 ad
2023 2132 2283 2170 characterem
2298 2134 2540 2171 sacerdotalis

1473 2184 1629 2221 ordinis.
1659 2185 1867 2222 Character
1885 2193 2015 2222 autem
2034 2184 2203 2234 quilibet,
2225 2186 2316 2235 quia
2335 2199 2427 2223 cum
2446 2199 2539 2236 qua-

1472 2238 1564 2274 dam
1583 2237 1871 2275 consecratione
1890 2238 2013 2285 datur,
2029 2237 2240 2276 indelebilis
2259 2247 2325 2286 est,
2340 2247 2382 2276 ut
2396 2240 2540 2289 supra*

1472 2290 1620 2327 dictum
1648 2298 1720 2327 est:
1755 2291 1851 2328 sicut
1874 2298 1911 2327 et
1929 2303 2268 2341 quarumcumque
2296 2305 2427 2330 rerum
2448 2305 2539 2330 con-

1472 2343 1703 2381 secrationes
1730 2351 1939 2393 perpetuae
1968 2353 2068 2391 sunt,
2088 2356 2160 2381 nec
2186 2345 2306 2382 amitti
2332 2358 2404 2383 nec
2432 2346 2539 2383 reite-

1472 2397 1546 2434 rari
1565 2405 1739 2446 possunt.
1769 2397 1880 2434 Unde
1900 2397 2146 2435 manifestum
2167 2406 2222 2435 est
2241 2399 2348 2447 quod
2373 2407 2540 2448 potestas

1472 2450 1724 2487 consecrandi
1765 2462 1846 2487 non
1887 2450 2071 2488 amittitur
2105 2463 2175 2500 per
2213 2451 2538 2499 degradationem.

1472 2503 1573 2540 Dicit
1600 2503 1704 2540 enim
1733 2503 1987 2552 Augustinus,
2017 2504 2056 2541 in
2084 2505 2114 2540 II
2142 2510 2274 2542 contra
2299 2507 2476 2542 Parmen.
2497 2506 2537 2542 *ε

1476 2558 1692 2606 Utrumque,
1722 2556 1860 2593 scilicet
1888 2557 2101 2606 baptismus
2129 2565 2165 2593 et
2193 2558 2302 2604 ordo,
2325 2571 2539 2596 sacramen-

1471 2616 1548 2647 tum
1577 2616 1647 2655 est,
1677 2616 1711 2646 et
1738 2610 1899 2659 quadam
1935 2612 2213 2648 consecratione
2249 2617 2445 2661 utrumque
2474 2614 2540 2650 ho-

1472 2665 1566 2700 mini
1592 2662 1723 2700 datur.-
1750 2669 1783 2700 et
1810 2663 1902 2700 illud
1927 2675 2012 2700 cum
2040 2665 2255 2713 baptizatur,
2278 2670 2311 2701 et
2337 2666 2429 2702 illud
2454 2678 2539 2702 cum

1472 2717 1678 2753 ordinatur.
1716 2717 1808 2753 Ideo
1837 2729 1911 2753 non
1947 2716 2028 2753 licet
2063 2730 2087 2754 a
2116 2718 2314 2754 Catholicis
2346 2724 2542 2768 utrumque

1473 2771 1611 2806 iterari.
1650 2770 1699 2805 Et
1733 2768 1785 2805 sic
1818 2776 1921 2818 patet
1955 2770 2063 2818 quod
2100 2770 2278 2807 sacerdos
2313 2770 2540 2819 degradatus

1473 2829 1598 2871 potest
1625 2821 1817 2858 conficere
1846 2822 1922 2859 hoc
1950 2830 2246 2859 sacramentum.

1526 2876 1584 2911 An
1613 2886 1748 2912 PRxMUM
1777 2887 1875 2912 ERGO
1901 2886 2083 2912 DICENDUM
2104 2876 2212 2924 quod
2231 2888 2357 2913 canon
2378 2876 2438 2913 ille
2459 2889 2540 2913 non

1474 2927 1644 2977 loquitur
1680 2927 1872 2974 assertive,
1901 2927 1969 2964 sed
1997 2927 2235 2977 inquisitive:
2273 2928 2368 2966 sicut
2396 2941 2442 2966 ex
2471 2929 2540 2966 cir-

1474 2979 1703 3018 cumstantia
1731 2980 1872 3017 litterae
1900 2980 2034 3017 haberi
2061 2988 2196 3029 potest.

1526 3035 1584 3070 AD
1603 3045 1793 3071 SECUNDUM
1819 3045 2002 3071 DICENDUM
2020 3034 2128 3082 quod
2148 3033 2352 3083 episcopus
2371 3047 2452 3072 non
2475 3035 2540 3076 dat

1473 3094 1701 3136 potestatem
1737 3086 1980 3123 sacerdotalis
2018 3086 2162 3123 ordinis
2197 3087 2354 3137 propria
2386 3088 2538 3134 virtute,

1473 3140 1542 3177 sed
1560 3139 1907 3186 instrumentaliter,
1928 3139 2024 3176 sicut
2051 3139 2224 3176 minister
2241 3139 2329 3177 Dei:
2359 3140 2469 3177 cuius
2488 3141 2539 3178 ef-

1472 3194 1592 3230 fectus
1619 3205 1690 3242 per
1717 3192 1916 3229 hominem
1946 3191 2025 3229 tolli
2053 3205 2134 3230 non
2161 3201 2296 3242 potest,
2322 3194 2539 3231 secundum

1474 3246 1567 3283 illud
1581 3246 1716 3282 Matth.
1733 3258 1792 3282 xlx
1806 3245 1840 3282 *z
1868 3246 1969 3288 Quos
1987 3247 2089 3283 Deus
2107 3248 2311 3293 coniunxit,
2331 3248 2442 3284 homo
2463 3260 2537 3284 non

1472 3305 1627 3348 separet.
1658 3299 1705 3335 Et
1733 3298 1820 3353 ideo
1849 3298 2054 3348 episcopus
2083 3311 2163 3336 non
2190 3307 2315 3349 potest
2342 3301 2443 3337 hanc
2469 3312 2538 3350 po-

1527 3415 1554 3449 γ)
1573 3419 1721 3448 apostatae.
1739 3429 1759 3434 -
1777 3416 1815 3440 Fa
1834 3420 1859 3440 et
1876 3415 1964 3446 tertia;
1983 3422 2001 3439 a
2016 3418 2159 3447 potestate.
2170 3429 2190 3434 —-
2203 3416 2372 3441 redeuntibus
2392 3423 2443 3440 non
2462 3416 2540 3441 resti-

1475 3452 1561 3477 tuitur
1586 3451 1669 3482 PIsG;
1699 3452 1840 3476 redeuntes
1859 3450 2041 3485 (redeuntibus
2060 3451 2137 3485 HpG)
2157 3458 2208 3476 non
2228 3452 2415 3476 restituuntur.
2442 3466 2460 3470 —
2488 3452 2539 3476 Pro

1475 3487 1619 3517 iudicatur,
1642 3487 1798 3512 iudicantur
1816 3487 1853 3512 bc.

2562 470 2572 479 ·
2579 468 2774 497 Qu.1.xxx‚art.3.

2564 1371 2575 1382 ·
2588 1371 2615 1392 D.
2630 1376 2681 1399 959.

2567 2248 2577 2258 ·
2587 2247 2756 2274 Qua-xnmm.
2763 2254 2783 2275 5.

2567 2515 2644 2563 ἑὸίὲερ.
2654 2521 2705 2543 xm,
2716 2522 2780 2538 num.

2567 3258 2576 3268 ·
2591 3256 2658 3278 Vers.
2673 3256 2695 3278 6.
