2878 4088
170 318 182 328 ·
201 316 237 338 cf.
248 316 331 364 Tgloss.
360 316 383 337 in

171 349 222 371 cap.
268 344 326 363 anta
349 344 386 364 est

417 198 487 234 142

466 267 655 298 Rasponnno
679 277 839 298 nrcannuu
863 268 952 308 quod
980 268 1178 309 quadruplex
1201 274 1248 299 est
1274 273 1372 299 status
1396 267 1478 298 filio-

411 321 484 342 rum
500 312 526 342 *.
552 311 693 350 Quidam
717 312 803 343 enim
826 318 901 343 sunt
922 313 1080 343 naturales
1105 318 1136 344 et
1158 313 1306 353 legitimi:
1332 312 1413 342 sicut
1433 311 1478 341 illi

811 189 1075 236 QUAESTIO
1103 190 1268 238 LXVIII,
1289 188 1581 226 ARTICULUS
1609 189 1650 237 ΙΙ,
1672 191 1717 227 III
1739 212 1763 216 -
1783 191 2047 238 QUAESTIO
2076 192 2200 229 LXIX

1532 277 1605 298 mus
1622 269 1660 299 ab
1676 269 1854 309 illegitimo,
1867 275 1992 300 tantum
2008 279 2026 300 e
2042 279 2198 301 converso
2211 270 2395 311 illegitimus
2411 282 2429 303 a
2445 273 2600 313 legitimo.

1533 311 1596 343 Sed
1625 312 1786 353 legitimus
1815 323 1983 354 nunquam
2006 313 2043 344 fit
2072 314 2265 354 illegitimus.
2301 315 2387 356 Ergo
2417 317 2601 357 illegitimus

171 370 216 396 m,
228 369 275 396 Qui
276 368 329 396 fila
337 369 385 390 „m
413 356 469 396 qui
492 361 666 387 nascuntur
690 366 727 386 ex
750 356 894 397 legitimo
917 357 1133 388 matrimonio.
1158 356 1299 395 Quidam
1321 355 1478 386 naturales
1533 366 1713 397 numquam
1736 357 1772 388 fit
1794 358 1964 398 legitimus

172 395 254 424 1egit.;
269 401 287 417 s.
302 395 382 423 Raym.

171 422 216 445 loc.
232 422 271 444 cit.
286 428 362 449 supra.

171 890 181 900 '
203 889 239 911 cf.
281 895 303 911 u.
325 895 385 916 μιν,

171 918 213 937 art.
229 921 253 944 3:
282 915 315 929 ¹¹¹¹
329 916 385 943 11⁸⁸,

173 947 212 969 qu.
227 948 288 969 xcw,
303 946 345 964 art.
360 949 384 971 5,

170 974 217 996 arg.
233 975 253 991 π.

170 1112 180 1122 ·
187 1111 242 1138 Cap.
250 1110 287 1132 Ex
294 1112 381 1136 tenore,

173 1137 219 1184 ρξε’
225 1137 278 1164 filii
290 1137 337 1158 sint
349 1136 382 1157 le-

168 1170 246 1227 fle-‘p'
257 1199 311 1220 Cum
321 1197 381 1219 inhi-

169 1225 217 1251 bit„
225 1225 254 1246 de
262 1225 381 1246 Clandest.

169 1252 284 1279 Despons.

169 1288 179 1298 ·
193 1286 253 1309 Ibid.

167 1600 176 1609 ·
191 1597 258 1619 Vers.
273 1603 309 1618 20.

167 1957 176 1966 ·
191 1954 256 1976 Vers.
271 1961 290 1982 5,
306 1955 328 1977 6.

166 2087 176 2097 ·
200 2086 235 2108 Cf.
259 2092 297 2114 qu.
320 2092 376 2113 uv,

165 2116 208 2134 art.
223 2119 242 2134 2.

167 2617 377 2649 'Cqmssfferentq

164 2644 215 2698 3¹1⁴?
221 2644 271 2671 fila
285 2645 334 2666 sine
344 2645 376 2666 le-

168 2706 177 2716 ·
185 2705 275 2728 Noven.
284 2712 376 2733 mxxix,

169 2731 377 2759 Quiburmodisna-

167 2759 257 2780 rurales
266 2763 318 2785 etc.‚
327 2765 375 2787 cap.

166 2785 324 2811 mmm-retis
331 2786 378 2814 igi-

167 2813 213 2859 ἳᾳν,
224 2812 233 2837 5
243 2811 271 2833 δι’
283 2818 339 2834 vero
347 2812 379 2839 fi-

177 2844 220 2859 ros.

167 2865 189 2876 ··
203 2864 292 2886 Novell.
308 2865 363 2886 ibid.
372 2882 377 2891 ,

167 2896 225 2938 5⁸83
234 2891 376 2939 ’‘Velm‘-

168 2943 222 2964 bere
231 2961 239 2970 ,
250 2944 287 2965 De
299 2950 327 2965 eo
339 2945 379 2975 qui

168 2970 235 2991 duxit
245 2974 288 2992 etc.
297 2981 307 2986 -
319 2970 378 2992 Vide

169 3003 188 3018 s.
203 2996 234 3018 Ra
276 3012 282 3019 .
292 2997 377 3019 Summ.

167 3023 207 3044 lib.
273 3023 305 3045 tit.
318 3030 377 3051 xxiv,

167 3049 197 3070 ae
212 3039 293 3076 Fidis,
308 3051 317 3076 ς
331 3056 350 3078 ³·

413 405 444 430 et
466 410 535 430 non
558 400 707 441 legitimi:
732 406 768 431 ut
791 400 849 432 filii
873 402 929 442 qui
955 407 1130 432 nascuntur
1153 411 1191 431 ex
1214 401 1351 441 simplici
1380 399 1478 430 forni-

413 445 548 475 catione.
573 444 715 483 Quidam
731 445 865 485 legitimi
889 451 920 476 et
942 456 1011 476 non
1026 445 1200 476 naturales:
1225 445 1306 475 sicut
1329 443 1386 474 filii
1402 443 1478 474 ado-

412 489 500 529 ptivi.
526 488 667 526 Quidam
690 499 750 520 nec
765 490 898 530 legitimi
921 500 981 521 nec
997 490 1170 520 naturales:
1195 490 1277 519 sicut
1292 489 1391 529 spurii
1413 489 1479 518 nati

412 532 452 563 de
468 532 623 564 adulterio
647 534 698 564 vel
714 533 753 564 de
769 539 900 575 stupr0;
924 534 1001 565 tales
1025 535 1111 564 enim
1131 539 1306 564 nascuntur
1322 538 1353 563 et
1369 538 1479 563 contra

412 577 516 617 legem
539 578 719 618 positivam,
737 583 768 609 et
792 588 937 619 expresse
953 584 1064 609 contra
1086 578 1190 618 legem
1213 583 1353 608 naturae.
1378 577 1419 607 Et
1434 577 1479 607 sic

413 621 658 653 concedendum
682 628 729 653 est
752 622 910 663 quosdam
932 622 1016 653 filios
1039 632 1107 653 esse
1130 622 1323 662 illegitimos.

466 666 517 696 Ar>
534 676 651 697 ramum
667 676 749 697 aneo
766 677 926 698 nrcnnmm
937 666 1036 707 quod,
1049 667 1194 706 quamvis
1210 665 1255 696 illi
1272 666 1327 706 qui
1343 674 1479 695 nascun-

412 715 464 740 tur
487 720 525 740 ex
547 710 659 742 illicito
684 711 789 747 coitu,
815 717 988 742 nascuntur
1012 710 1188 741 secundum
1219 715 1366 741 naturam
1397 718 1479 749 quae

413 755 595 785 communis
607 761 654 786 est
669 755 794 786 homini
806 761 837 786 et
849 756 999 786 omnibus
1012 755 1210 791 animalibus,
1222 760 1331 785 tamen
1342 763 1479 784 nascun-

412 804 464 829 tur
480 805 591 830 contra
606 799 710 839 legem
726 805 857 830 naturae
873 809 955 840 quae
972 805 1018 830 est
1033 800 1163 840 propria
1177 799 1378 830 hominibus:
1404 798 1479 838 quia

412 841 579 873 fornicatio
597 849 628 874 et
644 843 834 874 adulterium
847 849 878 874 et
889 843 1075 874 huiusmodi
1091 849 1165 874 sunt
1181 848 1291 874 contra
1307 843 1411 883 legem
1423 852 1479 873 na-

413 892 501 917 turae
512 888 537 917 *.
555 887 595 917 Et
611 887 684 918 ideo
698 888 774 918 tales
791 887 970 918 secundum
986 887 1107 918 nullam
1124 888 1229 928 legem
1245 893 1319 918 sunt
1335 887 1477 927 legitimi.

466 931 517 961 Ar>
546 941 707 961 SECUNDUM
738 941 896 962 nrcnnnum
927 931 1017 971 quod
1043 932 1222 971 ignorantia
1238 937 1366 962 excusat
1388 931 1478 961 illici—

412 980 481 1005 tum
506 976 627 1005 coitum
644 985 661 1005 a
676 981 810 1015 peccato
831 976 891 1005 nisi
907 976 946 1006 sit
967 974 1119 1005 affectata.
1144 975 1238 1006 Unde
1259 975 1304 1005 illi
1328 975 1384 1015 qui
1400 984 1478 1005 con-

412 1019 544 1049 veniunt
567 1019 653 1049 bona
676 1018 739 1049 fide
762 1019 794 1049 in
819 1019 899 1049 facie
922 1019 1094 1055 Ecclesiae,
1112 1019 1258 1059 quamvis
1282 1020 1320 1049 sit
1343 1018 1478 1058 impedi-

410 1068 567 1098 mentum,
585 1063 662 1093 dum
686 1068 794 1092 tamen
816 1063 975 1102 ignorent,
992 1072 1060 1093 non
1078 1068 1223 1103 peccant,
1240 1072 1300 1093 nec
1324 1061 1381 1092 filii
1403 1068 1478 1092 sunt

410 1106 565 1146 illegitimi
581 1107 607 1136 *.
643 1106 676 1137 Si
700 1112 807 1136 autem
838 1107 953 1142 sciant,
979 1108 1125 1146 quamvis
1148 1106 1291 1137 Ecclesia
1314 1107 1476 1142 sustineat,

411 1159 493 1190 quae
516 1151 641 1190 ignorat
670 1149 955 1190 impedimentum,
979 1159 1046 1180 non
1071 1156 1261 1181 excusantur
1284 1160 1302 1180 a
1324 1155 1476 1190 peccato,

409 1204 469 1225 nec
485 1194 541 1225 filii
557 1194 595 1224 ab
612 1194 831 1234 illegitimitate
847 1195 874 1224 ἦ
899 1194 932 1225 Si
948 1200 1056 1225 autem
1072 1195 1215 1225 nesciant
1238 1199 1269 1224 et
1291 1194 1324 1224 in
1347 1194 1476 1224 occulto

410 1239 607 1275 contrahant,
624 1248 691 1269 non
720 1244 927 1269 excusantur:
960 1239 1035 1279 quia
1058 1239 1128 1269 talis
1151 1239 1330 1279 ignorantia
1353 1237 1477 1269 videtur

409 1282 551 1313 affectata
567 1284 593 1313 *.

573 1353 672 1384 ART.
690 1353 726 1383 11.
751 1363 855 1383 U'rmm
879 1363 1049 1384 ruizorum
1073 1364 1145 1384 1*an
1170 1363 1311 1384 mmmm

617 1408 655 1428 ax
678 1407 742 1428 noc
765 1407 905 1428 amatior>
930 1408 1061 1428 omma
1084 1408 1265 1428 aaron-mnu

472 1472 492 1492 n
520 1470 681 1492 SECUNDUM
715 1470 761 1491 src
795 1469 1000 1490 raonem-run.
1033 1459 1168 1490 Videtur
1198 1459 1287 1500 quod
1319 1460 1476 1500 illegitimi

408 1475 527 1536 Afiffi
555 1515 622 1536 non
651 1504 787 1536 debeant
810 1514 848 1535 ex
871 1504 935 1535 hoc
958 1503 1091 1544 aliquod
1122 1503 1277 1534 damnum
1303 1510 1474 1545 reportare.

407 1551 491 1588 Quia
514 1549 598 1580 filius
621 1559 688 1580 non
705 1548 799 1579 debet
822 1549 929 1589 puniri
951 1558 1011 1589 pro
1032 1554 1166 1589 peccato
1190 1549 1305 1588 patris:
1331 1554 1367 1579 ut
1389 1555 1477 1590 patet

406 1605 463 1635 per
478 1594 666 1624 sententiam
682 1593 826 1629 Domini,
839 1593 956 1623 Ezech.
970 1594 1083 1623 xv111*.
1101 1592 1164 1624 Sed
1180 1592 1270 1633 quod
1293 1593 1351 1624 iste
1367 1603 1475 1624 nasca-

406 1645 457 1669 tur
481 1649 518 1669 ex
542 1638 652 1669 illicito
670 1638 768 1674 coitu,
785 1647 853 1668 non
877 1643 923 1667 est
942 1643 1112 1678 peccatum
1135 1637 1313 1678 proprium,
1330 1637 1386 1668 sed
1401 1648 1476 1678 pec-

407 1689 512 1714 catum
535 1682 640 1723 patris.
676 1682 762 1722 Ergo
787 1691 824 1712 ex
848 1682 911 1712 hoc
942 1691 1010 1712 non
1035 1681 1129 1712 debet
1161 1681 1293 1722 aliquod
1321 1682 1476 1714 damnum

405 1729 574 1758 incurrere.

462 1781 492 1802 2.
516 1772 712 1807 Puni-anm,
734 1771 852 1801 iustitia
882 1771 1023 1801 humana
1046 1775 1093 1800 est
1116 1770 1295 1810 exemplata
1317 1781 1335 1801 a
1358 1771 1474 1803 divina.

406 1816 469 1847 Sed
484 1816 572 1846 Deus
589 1815 762 1855 aequaliter
777 1815 907 1855 largitur
925 1815 1012 1845 bona
1027 1814 1182 1845 naturalia
1196 1814 1344 1855 legitimis
1361 1821 1392 1846 et
1407 1816 1475 1847 ille-

404 1861 522 1901 gitimis
544 1859 627 1890 filiis.
661 1859 747 1899 Ergo
772 1865 803 1890 et
825 1859 1006 1890 secundum
1036 1860 1104 1890 iura
1127 1859 1268 1890 humana
1296 1858 1352 1890 filii
1375 1860 1475 1901 illegi-

404 1905 473 1935 timi
497 1904 614 1935 debent
637 1904 785 1944 legitimis
808 1904 1015 1944 aequiparari.

460 1949 522 1980 San
547 1958 670 1979 CONTRA
694 1958 748 1978 as'r
768 1948 859 1988 quod
882 1947 997 1979 dicitur
1015 1948 1128 1979 Genes.
1145 1958 1206 1979 xxv
1222 1949 1249 1984 ξ
1267 1948 1356 1988 quod
1371 1949 1474 1980 Abra-

403 1994 476 2023 ham
500 1993 586 2023 dedit
609 1993 718 2023 omnia
741 1992 826 2023 bona
849 2002 909 2023 sua
933 1992 1037 2027 Isaac,
1063 1998 1095 2022 et
1111 1993 1198 2034 filiis
1220 1993 1473 2024 concubinarum

405 2038 545 2079 largitus
568 2042 615 2068 est
645 2046 791 2068 munera.
827 2037 868 2067 Et
891 2042 999 2067 tamen
1022 2037 1067 2067 illi
1090 2047 1158 2067 non
1189 2043 1278 2068 erant
1301 2046 1339 2067 ex
1362 2037 1472 2069 illicito

404 2083 492 2113 coitu
515 2082 580 2112 nati
596 2083 622 2111 ’ἢ
647 2082 733 2122 Ergo
757 2081 861 2112 multo
885 2082 985 2121 magis
1013 2081 1131 2112 debent
1154 2082 1198 2112 illi
1220 2082 1276 2122 qui
1301 2091 1338 2112 ex
1361 2082 1472 2113 illicito

404 2127 491 2157 coitu
514 2132 698 2162 nascuntur,
716 2126 779 2156 hoc
799 2125 954 2156 damnum
977 2131 1140 2166 reportare
1159 2126 1249 2166 quod
1272 2135 1340 2156 non
1363 2136 1472 2158 succe-

403 2171 478 2201 dant
500 2171 533 2201 in
557 2171 650 2201 bonis
673 2171 821 2211 paternis.

458 2215 646 2245 Rusponnao
671 2224 831 2245 mmmmm
861 2214 951 2255 quod
974 2215 1087 2255 aliquis
1112 2214 1226 2246 dicitur
1256 2214 1411 2246 damnum
1435 2226 1473 2246 ex

404 2259 511 2299 aliquo
535 2260 694 2290 incurrere
719 2258 896 2299 dupliciter.
921 2259 997 2290 Uno
1021 2258 1138 2295 modo,
1163 2269 1220 2300 per
1243 2259 1306 2290 hoc
1330 2259 1420 2299 quod
1444 2261 1472 2291 ei

403 2304 596 2334 subtrahitur
620 2303 709 2344 quod
733 2304 762 2333 ei
787 2308 852 2333 erat
874 2302 1028 2334 debitum.
1053 2303 1094 2334 Et
1117 2304 1161 2334 sic
1181 2303 1265 2334 filius
1288 2304 1472 2344 illegitimus

403 2348 529 2378 nullum
552 2347 706 2379 damnum
730 2348 870 2378 incurrit.
887 2366 909 2370 -
932 2347 1006 2378 Alio
1030 2347 1142 2384 modo,
1162 2358 1219 2388 per
1241 2349 1305 2379 hoc
1329 2348 1419 2388 quod
1443 2350 1472 2380 ei

404 2392 522 2432 aliquid
545 2402 612 2423 non
637 2398 683 2423 est
707 2391 850 2422 debitum
875 2391 965 2432 quod
988 2392 1062 2422 alias
1085 2398 1210 2432 poterat
1238 2402 1306 2423 esse
1331 2393 1359 2423 ei
1383 2393 1471 2424 debi-

403 2442 482 2467 tum.
517 2437 558 2467 Et
588 2437 632 2467 sic
655 2436 739 2467 filius
773 2436 956 2476 illegitimus
989 2436 1144 2467 damnum
1172 2437 1304 2468 incurrit
1335 2437 1469 2478 duplex:

404 2491 516 2517 unum,
534 2482 609 2521 quia
624 2490 692 2511 non
708 2480 883 2511 admittitur
899 2480 939 2511 ad
954 2486 1043 2511 actus
1061 2481 1232 2521 legitimos,
1248 2482 1330 2512 sicut
1346 2481 1385 2513 ad
1402 2482 1471 2513 offi-

405 2526 452 2556 cia
475 2531 506 2556 et
529 2525 706 2566 dignitates,
727 2534 811 2565 quae
833 2526 1001 2566 requirunt
1028 2525 1190 2566 quandam
1214 2526 1415 2557 honestatem
1437 2528 1470 2558 in

404 2569 463 2600 illis
487 2570 543 2610 qui
565 2570 629 2600 hoc
653 2575 815 2607 exercent3
847 2569 933 2600 aliud
956 2569 1111 2600 damnum
1142 2571 1273 2601 incurrit
1305 2571 1380 2611 quia
1403 2581 1471 2602 non

405 2614 545 2644 succedit
567 2614 601 2644 in
624 2613 797 2644 hereditate
820 2619 952 2654 paterna
967 2615 994 2644 '.

460 2658 521 2689 Sed
550 2663 657 2688 tamen
687 2658 845 2689 naturales
868 2657 925 2688 filii
955 2657 1127 2689 succedere
1155 2664 1291 2699 possunt
1320 2660 1353 2690 in
1385 2665 1471 2690 sexta

404 2707 492 2742 parte
515 2707 639 2733 tantum
655 2703 681 2733 *.
698 2721 720 2725 -
743 2702 850 2743 Spurii
867 2708 975 2733 autem
991 2703 1024 2733 in
1041 2702 1129 2733 nulla
1144 2709 1233 2743 parte
1250 2704 1299 2733 ”z
1325 2705 1470 2744 quamvis

405 2756 443 2776 ex
458 2747 526 2777 iure
542 2747 675 2777 naturali
691 2752 837 2787 parentes
853 2747 898 2778 eis
913 2747 947 2777 in
962 2747 1146 2778 necessariis
1157 2747 1325 2788 providere
1341 2753 1471 2779 tenean-

405 2796 464 2821 tur.
489 2791 581 2822 Unde
604 2792 741 2831 pertinet
758 2791 797 2822 ad
812 2791 1062 2822 sollicitudinem
1078 2792 1223 2832 episcopi
1246 2797 1282 2823 ut
1297 2798 1471 2834 utrumque

404 2841 572 2875 parentum
596 2841 689 2876 cogat
712 2835 752 2866 ad
774 2836 838 2866 hoc
862 2835 952 2876 quod
975 2836 1020 2866 eis
1043 2835 1232 2876 provideant
1248 2837 1274 2867 ’ἢ

459 2880 509 2910 Ar>
533 2890 649 2910 PRIMUM
671 2890 753 2911 anno
770 2890 930 2911 nrcannuu
953 2879 1043 2920 quod
1058 2881 1218 2911 incurrere
1238 2880 1392 2912 damnum
1408 2881 1471 2912 hoc

405 2923 546 2954 secundo
569 2923 669 2954 modo
693 2934 761 2955 non
777 2930 823 2955 est
838 2934 954 2965 poena.
979 2924 1021 2955 Et
1043 2924 1117 2956 ideo
1133 2934 1201 2956 non
1222 2924 1358 2956 dicimus
1382 2925 1471 2966 quod

405 2968 444 2997 sit
466 2977 571 3008 poena
595 2968 688 2999 alicui
719 2968 809 3008 quod
830 2978 899 2999 non
929 2968 1072 3000 succedit
1094 2970 1128 3000 in
1151 2978 1251 3010 regno
1280 2969 1390 3010 aliquo
1413 2979 1471 3010 per

405 3011 468 3042 hoc
492 3011 580 3052 quod
603 3022 670 3043 non
694 3019 740 3043 est
759 3012 843 3044 filius
866 3014 957 3053 regis.
982 3013 1022 3044 Et
1045 3013 1188 3044 similiter
1203 3023 1271 3044 non
1295 3019 1342 3045 est
1363 3023 1471 3054 poena

407 3055 495 3095 quod
518 3056 612 3086 alicui
629 3057 684 3096 qui
707 3067 775 3088 non
791 3062 837 3088 est
860 3057 1030 3097 legitimus,
1047 3067 1115 3088 non
1136 3057 1310 3089 debeantur
1335 3067 1371 3088 ea
1387 3068 1470 3099 quae

406 3104 480 3130 sunt
502 3099 715 3139 legitimorum
739 3100 889 3132 filiorum.

461 3144 511 3173 An
528 3154 688 3175 sscunnum
706 3155 865 3176 memnon
888 3145 977 3186 quod
1001 3146 1104 3176 coitus
1130 3146 1314 3186 illegitimus
1333 3155 1401 3177 non
1423 3152 1471 3177 est

407 3192 517 3217 contra
542 3188 646 3228 legem
678 3190 869 3229 inquantum
902 3195 949 3220 est
980 3196 1069 3221 actus
1099 3190 1299 3230 generativae
1330 3191 1469 3226 virtutis,

406 3230 462 3261 sed
480 3232 670 3271 inquantum
694 3242 731 3263 ex
754 3243 849 3273 prava
864 3234 1029 3265 voluntate
1051 3233 1206 3275 procedit.
1230 3234 1272 3265 Et
1287 3234 1361 3265 ideo
1385 3233 1469 3265 filius

407 3274 588 3314 illegitimus
611 3286 677 3307 non
701 3277 831 3308 incurrit
854 3278 1008 3309 damnum
1031 3279 1065 3309 in
1088 3279 1136 3309 his
1160 3288 1244 3319 quae
1259 3279 1469 3319 acquiruntur

407 3327 463 3358 per
485 3320 660 3350 naturalem
684 3322 855 3361 originem,
879 3322 934 3352 sed
957 3323 990 3353 in
1013 3323 1062 3353 his
1085 3332 1168 3363 quae
1191 3332 1248 3363 per
1270 3323 1469 3354 voluntatem

407 3361 488 3392 fiunt
510 3363 560 3393 vel
583 3364 793 3403 possidentur.

455 3431 553 3462 ART.
571 3433 621 3463 111.
646 3443 751 3463 urRuM
774 3444 870 3465 rums
894 3445 1086 3468 rrmmrmus
1110 3447 1213 3469 possrr
1236 3447 1415 3469 mmmmm

408 3502 492 3564 An
517 3503 649 3524 Tannum
669 3504 939 3544 Slctpnocnnrwn.
970 3497 1104 3528 Videtur
1127 3499 1216 3539 quod
1239 3499 1323 3531 filius
1345 3500 1468 3540 illegiti-

474 3545 545 3566 mus
560 3546 627 3567 non
643 3543 742 3578 possit
762 3539 937 3578 legitimari.
962 3541 1127 3578 Quantum
1152 3544 1237 3574 enim
1261 3543 1353 3575 distat
1368 3544 1470 3584 legiti-

1591 410 1620 431 2.
1637 402 1833 438 PRAnrnRaA,
1844 403 1948 433 coitus
1960 402 2143 442 illegitimus
2154 408 2262 433 causat
2272 403 2475 444 illegitimum
2486 404 2599 436 filium.

1501 454 1510 474 ς
1534 443 1598 475 Sed
1621 446 1724 476 coitus
1757 446 1941 486 illegitimus
1970 456 2139 487 nunquam
2168 446 2204 478 fit
2227 447 2396 487 legitimus.
2432 449 2518 489 Ergo
2540 459 2602 480 nec

1534 488 1619 519 filius
1642 490 1826 530 illegitimus
1850 491 2017 531 legitimari
2041 496 2157 531 potest.

1590 533 1653 564 San
1677 544 1818 571 CONTRA,
1842 534 1932 575 quod
1955 545 2012 575 per
2035 535 2140 575 legem
2158 534 2329 572 inducitur,
2346 545 2403 576 per
2425 537 2530 577 legem
2553 547 2601 568 re-

1534 579 1641 608 vocari
1656 584 1772 618 potest.
1797 578 1860 610 Sed
1875 579 2079 619 illegitimitas
2101 578 2243 610 filiorum
2259 585 2306 610 est
2323 589 2380 620 per
2395 580 2500 621 legem
2515 582 2602 622 posi-

1534 623 1631 652 tivam
1655 622 1795 654 inducta.
1820 623 1906 663 Ergo
1930 629 2037 664 potest
2059 623 2143 654 filius
2166 623 2349 664 illegin'mus
2372 625 2540 665 legitimari
2563 626 2602 656 ab

1495 674 1520 688 1⁰
1534 675 1574 697 eo
1599 668 1656 707 qui
1678 667 1773 698 habet
1796 668 2018 698 auctoritatem
2041 668 2129 708 legis.
2154 680 2156 682 ’

1588 711 1778 742 ΒΕεΡοΝοιιο
1802 722 1962 743 mmmmm
1978 712 2067 753 quod
2089 711 2174 743 filius
2196 712 2381 753 illegitimus
2396 718 2503 753 potest
2524 714 2602 754 legi-

1533 756 1647 792 timari,
1664 765 1732 787 non
1755 761 1791 787 ut
1806 755 1861 787 fiat
1884 756 1924 787 de
1946 757 2090 797 legitimo
2107 757 2195 787 coitu
2218 762 2321 794 natus,
2339 757 2415 797 quia
2430 758 2534 789 coitus
2548 758 2602 789 ille

1533 801 1684 837 transivit,
1701 806 1733 831 et
1755 810 1923 841 nunquam
1946 806 2053 842 potest
2074 800 2143 832 fieri
2165 801 2326 841 legitimus
2350 811 2388 832 ex
2412 811 2479 842 quo
2503 802 2602 833 semel

1533 843 1594 874 fuit
1625 844 1824 885 illegitimus:
1850 845 1906 876 sed
1936 845 2051 877 dicitur
2073 845 2241 886 legitimari
2270 846 2463 886 inquantum
2486 845 2602 878 damna

1494 895 1516 915 ¹5
1534 897 1617 928 quae
1632 889 1816 929 illegitimus
1831 888 1916 920 filius
1931 891 2073 926 incurrit,
2086 890 2314 921 subtrahuntur
2329 890 2475 931 perlegis
2491 896 2602 922 aucto-

1532 933 1667 963 ritatem.

1588 977 1629 1007 Et
1644 983 1718 1007 sunt
1730 987 1784 1008 sex
1799 977 1889 1008 modi
1904 978 2101 1018 legitimandi
2111 980 2136 1009 *.
2158 979 2234 1010 Duo
2250 978 2429 1010 secundum
2446 988 2599 1010 canones:

1532 1020 1653 1051 scilicet
1683 1031 1758 1051 cum
1790 1022 1862 1062 quis
1892 1022 1979 1053 ducit
2002 1023 2036 1053 in
2059 1032 2194 1054 uxorem
2224 1023 2310 1054 illam
2340 1033 2378 1054 ex
2402 1033 2467 1064 qua
2497 1023 2601 1054 filium

1532 1064 1734 1104 illegitimum
1750 1067 1922 1105 generavit,
1938 1067 1964 1096 si
1979 1076 2047 1097 non
2069 1066 2130 1098 fuit
2145 1067 2336 1098 adulterium
2351 1069 2385 1104 *3
2411 1073 2442 1098 et
2457 1077 2514 1108 per
2529 1077 2600 1108 spe-

1492 1114 1518 1128 20
1533 1107 1646 1138 cialem
1673 1109 1904 1149 indulgentiam
1937 1115 1967 1141 et
1998 1110 2269 1150 dispensationem
2292 1112 2426 1143 Domini
2451 1112 2557 1153 Papae
2572 1114 2599 1143 *.

1588 1151 1736 1189 Quatuor
1751 1158 1860 1184 autem
1882 1154 1936 1184 alii
1956 1153 2046 1184 modi
2062 1160 2136 1185 sunt
2159 1155 2339 1186 secundum
2354 1156 2451 1196 leges.
2474 1157 2600 1188 Primus

1533 1200 1580 1225 est
1604 1196 1630 1226 si
1650 1201 1739 1236 pater
1762 1196 1865 1228 filium
1887 1198 2064 1228 naturalem
2087 1199 2194 1229 curiae
2213 1199 2416 1240 Imperatoris
2439 1199 2551 1231 offerat
2566 1202 2598 1231 ἐ

1533 1248 1571 1269 ex
1586 1239 1649 1270 hoc
1670 1241 1758 1271 enim
1773 1241 1845 1281 ipso
1861 1241 2064 1282 legitimatur,
2081 1248 2213 1282 propter
2228 1244 2335 1274 curiae
2349 1244 2562 1276 honestatem.
2578 1262 2601 1268 —·

1532 1282 1717 1320 Secundus,
1746 1285 1771 1315 si
1799 1282 1888 1325 pater
1917 1291 2109 1316 testamento
2137 1287 2284 1318 nominet
2313 1297 2390 1318 eum
2420 1288 2600 1328 legitimum

1492 1334 1515 1354 ²5
1531 1327 1693 1365 heredem,
1707 1334 1738 1359 et
1752 1328 1837 1360 filius
1852 1330 2064 1370 postmodum
2080 1336 2307 1362 testamentum
2319 1331 2506 1372 Imperatori
2522 1332 2600 1364 offe-

1531 1377 1578 1402 rat
1593 1373 1620 1403 ἦ
1636 1390 1658 1395 -
1671 1373 1799 1404 Tertius
1816 1379 1862 1404 est
1884 1374 1910 1404 si
1929 1374 2037 1405 nullus
2060 1375 2100 1405 sit
2114 1374 2200 1406 filius
2222 1376 2394 1416 legitimus,
2411 1382 2442 1407 et
2465 1377 2601 1417 ipsemet

1531 1415 1616 1452 filius
1639 1426 1673 1447 se
1696 1418 1834 1458 principi
1858 1417 1970 1449 offerat
1992 1420 2020 1449 ἦ
2036 1437 2059 1441 -
2081 1419 2233 1457 Quartus,
2250 1421 2276 1451 si
2298 1426 2388 1461 pater
2410 1421 2444 1452 in
2467 1421 2599 1461 publico

1530 1461 1762 1498 instrumento,
1786 1462 1838 1493 vel
1861 1472 1937 1493 cum
1966 1464 2064 1494 trium
2087 1464 2216 1495 testium
2249 1465 2499 1506 subscriptione,
2525 1475 2600 1498 eum

1530 1504 1710 1545 legitimum
1733 1507 1881 1538 nominet
1906 1517 1966 1538 nec
1990 1507 2117 1539 adiiciat
2140 1509 2324 1540 naturalem
2340 1510 2366 1540 ³.

1585 1550 1636 1580 An
1656 1561 1773 1581 PanM
1797 1561 1880 1582 aneo
1896 1561 2056 1583 meatuum
2080 1553 2170 1593 quod
2186 1553 2281 1584 alicui
2303 1559 2410 1594 potest
2425 1554 2494 1584 sine
2516 1554 2600 1586 iniu-

1530 1594 1614 1624 stitia
1635 1595 1735 1635 gratia
1758 1594 1844 1626 fieri:
1869 1595 1925 1626 sed
1947 1606 2015 1627 non
2045 1602 2152 1637 potest
2175 1597 2290 1638 aliquis
2320 1596 2518 1630 damnificari
2539 1599 2600 1631 nisi

1529 1647 1590 1678 pro
1614 1639 1719 1680 culpa.
1744 1639 1785 1670 Et
1800 1639 1874 1671 ideo
1897 1641 1998 1681 magis
2021 1646 2128 1681 potest
2143 1642 2328 1682 illegitimus
2351 1641 2421 1674 fieri
2438 1642 2600 1683 legitimus

1531 1692 1629 1723 quam
1660 1693 1677 1714 e
1706 1693 1872 1715 converso.
1904 1685 1971 1715 Etsi
2002 1686 2090 1716 enim
2119 1686 2280 1726 legitimus
2309 1686 2482 1727 aliquando
2509 1687 2600 1721 here-

1530 1726 1627 1758 ditate
1655 1729 1798 1769 privatur
1821 1738 1880 1769 pro
1905 1729 2016 1770 culpa,
2043 1739 2111 1760 non
2134 1736 2242 1761 tamen
2270 1730 2384 1762 dicitur
2414 1731 2600 1772 illegitimus

1491 1781 1513 1801 ις
1529 1770 1631 1802 filius:
1658 1773 1734 1813 quia
1755 1774 1997 1813 generationem
2020 1773 2195 1815 legitimam
2218 1775 2339 1806 habuit.

1584 1816 1635 1847 An
1652 1827 1815 1848 snemmuu
1826 1827 1988 1848 nrcannux
2003 1818 2093 1858 quod
2104 1824 2194 1850 actus
2205 1819 2390 1860 illegitimus
2405 1820 2501 1851 habet
2512 1819 2599 1852 defe-

1530 1865 1618 1891 ctum
1641 1862 1723 1892 intra
1746 1871 1779 1892 se
1803 1862 2057 1902 inseparabilem,
2074 1872 2141 1903 quo
2165 1864 2228 1904 legi
2251 1865 2445 1904 opponitur:
2470 1870 2502 1895 et
2523 1864 2598 1897 ideo

1529 1914 1596 1935 non
1621 1911 1726 1946 potest
1749 1905 1817 1937 fieri
1841 1906 2011 1946 legitimus.
2042 1907 2110 1938 Nec
2134 1913 2182 1938 est
2210 1908 2314 1939 simile
2337 1908 2378 1940 de
2399 1908 2468 1940 filio
2497 1909 2598 1950 illegi-

1528 1950 1619 1986 timo,
1637 1951 1694 1990 qui
1716 1960 1783 1981 non
1807 1951 1903 1981 habet
1925 1951 2113 1982 huiusmodi
2136 1951 2308 1983 defectum.

1487 2002 1515 2022 ⁴⁰
1685 2018 1938 2061 QUAEsrro
1973 2020 2442 2056 SExAGESMAnoNA

1623 2078 1668 2103 DE
1694 2077 1748 2102 HIS
1774 2077 1868 2108 QUAE
1900 2078 2082 2103 SPECTANT
2106 2079 2152 2103 AD
2177 2079 2505 2107 RESURRECTIONEM.

1643 2113 1690 2138 ET
1708 2113 1825 2143 PRIMO,
1841 2113 1886 2138 DE
1906 2113 2000 2139 LOCO
2021 2114 2204 2140 ANIMARUM
2224 2115 2314 2140 POST
2332 2115 2483 2141 MORTEM

1583 2181 1639 2202 osr
1663 2171 1727 2202 hoc
1751 2170 1911 2211 agendum
1938 2177 1985 2202 est
2009 2171 2048 2203 de
2071 2172 2119 2203 his
2144 2182 2227 2213 quae
2254 2179 2399 2213 spectant
2421 2174 2462 2205 ad
2484 2180 2597 2207 tracta-

1487 2228 1510 2248 45
1531 2182 1652 2246 ptum
1683 2216 1923 2246 resurrectionis
1938 2217 1964 2246 “.
2000 2216 2176 2257 Postquam
2207 2218 2294 2248 enim
2325 2217 2448 2250 dictum
2479 2225 2527 2250 est
2557 2220 2597 2252 de

1527 2261 1742 2296 sacramentis,
1759 2260 1877 2300 quibus
1900 2261 2002 2291 homo
2025 2261 2176 2292 liberatur
2198 2272 2217 2292 a
2239 2268 2344 2293 morte
2368 2262 2493 2304 culpae,
2517 2273 2596 2296 con—

1526 2310 1698 2345 sequenter
1721 2303 1894 2335 dicendum
1911 2310 1958 2335 est
1981 2305 2021 2336 de
2045 2307 2287 2343 resurrectione,
2303 2316 2361 2347 per
2376 2316 2474 2348 quam
2493 2308 2595 2341 homo

1526 2349 1675 2380 liberatur
1698 2359 1715 2378 a
1738 2354 1842 2379 morte
1866 2359 2000 2389 poenae.

1583 2393 1677 2424 Circa
1700 2398 1868 2424 tractatum
1891 2399 1999 2424 autem
2023 2395 2263 2426 resurrectionis
2285 2396 2343 2426 tria
2365 2395 2595 2431 consideranda

1487 2450 1512 2470 5⁰
1526 2444 1614 2469 sunt:
1638 2437 1759 2468 scilicet
1785 2437 2008 2478 praecedentia
2028 2439 2309 2476 resurrectionem,
2334 2441 2594 2478 concomitantia,

1526 2487 1558 2513 et
1580 2482 1756 2522 sequentia.
1791 2482 1832 2512 Et
1854 2481 1929 2513 ideo
1953 2483 2059 2522 primo
2083 2482 2256 2515 dicendum
2287 2489 2335 2514 est
2357 2484 2397 2515 de
2420 2484 2470 2515 his
2500 2494 2594 2526 quae,

1525 2536 1585 2567 pro
1597 2532 1687 2566 parte
1700 2527 1845 2566 quamvis
1856 2535 1925 2557 non
1937 2536 1975 2557 ex
1986 2532 2057 2557 toto
2066 2528 2092 2564 ἢ
2104 2528 2370 2559 resurrectionem
2381 2528 2597 2569 praecedunt;

1526 2570 1681 2607 secundo,
1702 2570 1742 2601 de
1765 2571 1834 2611 ipsa
1856 2572 2088 2602 resurrectione
2112 2577 2143 2602 et
2171 2573 2449 2604 circumstantibus
2472 2583 2544 2605 eam
2559 2575 2594 2612 ’3

1525 2616 1630 2652 tertio,
1647 2615 1687 2645 de
1710 2615 1759 2645 his
1783 2624 1866 2655 quae
1890 2625 1960 2646 eam
1984 2621 2163 2656 sequuntur
2178 2617 2204 2647 “.

1580 2658 1844 2690 Praecedentium
1860 2664 1968 2690 autem
1983 2661 2251 2692 resurrectionem
2262 2661 2366 2702 prima
2380 2661 2594 2694 consideratio

1527 2709 1573 2735 est
1596 2703 1637 2734 de
1658 2704 1867 2744 receptaculis
1891 2705 2070 2735 animarum
2085 2710 2160 2745 post
2181 2710 2320 2736 mortem
2344 2706 2389 2737 eis
2413 2706 2593 2747 assignati„

1526 2748 1680 2784 secundo,
1698 2747 1738 2779 de
1761 2748 1923 2788 qualitate,
1940 2754 1972 2779 et
1990 2757 2096 2789 poena
2116 2750 2294 2780 animarum
2318 2755 2534 2790 separatarum
2549 2751 2595 2782 eis

1492 1554 1517 1574 30

1486 2675 1509 2696 55

1526 2793 1565 2824 ab
1588 2793 1662 2833 igne
1685 2791 1805 2823 inflicta
1821 2793 1854 2829 *3
1878 2793 1983 2829 tertio,
2009 2792 2048 2824 de
2071 2793 2228 2834 suffragiis
2251 2794 2368 2834 quibus
2392 2795 2517 2826 animae
2539 2794 2595 2827 de-
2622 2805 2633 2816 ·

1526 2836 1713 2868 functorum
1744 2847 1762 2867 a
1784 2837 1863 2868 vivis
1893 2836 2083 2868 adiuvantur
2098 2839 2132 2874 *;
2166 2843 2299 2878 quarto,
2326 2837 2366 2870 de
2396 2839 2594 2871 orationibus

1485 2891 1512 2912 60
1526 2886 1710 2912 sanctorum
1734 2882 1767 2912 in
1790 2882 1891 2922 patria
1914 2882 2118 2912 existentium
2134 2883 2168 2920 *;
2193 2883 2318 2923 quinto,
2336 2882 2376 2914 de
2391 2883 2488 2923 signis
2510 2882 2593 2915 iudi·
2622 2893 2632 2904 ·

1526 2927 1613 2956 cium
1645 2925 1793 2966 generale
1826 2925 2091 2966 praecedentibus
2106 2927 2140 2963 *;
2164 2932 2271 2963 sexto,
2295 2926 2335 2958 de
2358 2927 2432 2967 igne
2462 2926 2594 2958 ultimae

1526 2969 1783 3010 conflagrationis
1805 2969 1930 3007 mundi,
1947 2970 2004 3010 qui
2027 2969 2141 3002 faciem
2165 2971 2281 3002 Iudicis
2303 2970 2472 3012 praecedet
2487 2971 2514 3001 ⁶.

1526 3014 1620 3046 Circa
1642 3015 1785 3054 primurn
1808 3020 2006 3054 quaeruntur
2029 3020 2162 3055 septem.

1579 3059 1704 3089 Primo:
1730 3064 1839 3089 utrum
1861 3059 2028 3090 animabus
2043 3064 2118 3099 post
2139 3064 2279 3090 mortem
2301 3059 2503 3099 receptacula
2517 3059 2592 3090 assi-

1577 3108 1761 3178 Seffi‘nriitg?
1770 3151 1879 3177 utrum
1908 3147 2014 3176 statim
2036 3151 2111 3186 post
2141 3151 2279 3177 mortem
2303 3146 2343 3177 ad
2366 3147 2434 3187 ipsa
2467 3147 2592 3179 animae

1612 3190 1820 3221 deducantur.

1532 3241 1540 3252 ·
1579 3234 1708 3265 Tertio:
1732 3239 1842 3264 utrum
1864 3233 1904 3264 de
1926 3234 2003 3274 ipsis
2026 3234 2106 3265 locis
2129 3233 2237 3274 egredi
2259 3234 2394 3265 valeant.

1579 3278 1720 3316 Quarto:
1753 3283 1863 3309 utrum
1894 3277 2012 3308 limbus
2043 3277 2159 3309 inferni
2190 3278 2230 3308 sit
2262 3278 2349 3309 idem
2381 3278 2472 3319 quod
2503 3279 2591 3311 sinus

1578 3323 1853 3406 Qaizrtghzassm
1876 3365 1994 3397 limbus
2017 3367 2056 3397 sit
2079 3365 2165 3397 idem
2181 3366 2271 3407 quod
2294 3366 2437 3398 infernus
2460 3367 2591 3400 damna-

1579 3417 1719 3487 Sgsstxglffn
1718 3433 1827 3486 utrum
1850 3455 1968 3486 limbus
1991 3464 2167 3495 puerorum
2189 3455 2228 3486 sit
2250 3455 2337 3487 idem
2360 3455 2450 3497 quod
2472 3455 2590 3488 limbus

1581 3500 1753 3584 Selpatiinloli·
1767 3549 1875 3574 utrum
1898 3548 1945 3574 tot
1968 3543 2167 3583 receptacula
2192 3543 2328 3575 debeant
2351 3543 2512 3586 distingui.

1483 3112 1508 3138 65

1483 3337 1510 3358 70

1484 3559 1508 3579 75

2629 983 2639 993 ·
2656 981 2691 1004 ef.
2717 988 2736 1005 ι.
2759 983 2793 1005 Ra
2836 1000 2841 1005 .

2627 1008 2714 1032 Sum.
2735 1009 2776 1032 lib.
2835 1026 2844 1037 ,

2628 1035 2663 1057 tit.
2677 1041 2742 1063 xxxv,
2757 1036 2787 1058 de
2800 1036 2841 1058 Fi-

2627 1061 2843 1118 ίηὸιὲρῗθοκφιευ

2628 1117 2691 1143 sm,
2707 1119 2729 1138 et
2747 1116 2842 1143 Tanta,
2872 1128 2873 1131 =

2628 1141 2676 1170 Qu·
2681 1141 2735 1170 filli
2747 1143 2797 1165 tint
2809 1143 2842 1165 le-

2627 1168 2721 1220 fgessid..
2731 1201 2784 1223 eap-
2795 1195 2845 1218 Per

2628 1220 2841 1276 ratam..

2627 1332 2678 1355 enp.
2699 1333 2717 1349 ιι

2626 1343 2845 1430 ffihstme

2628 1434 2638 1445 ·
2652 1433 2711 1457 leid.

2627 1513 2639 1524 ·
2654 1512 2746 1535 Noun.
2765 1519 2828 1535 cxvii
2837 1530 2845 1546 ι

2624 2229 2635 2240 ·
2649 2227 2686 2250 Cf.
2706 2228 2768 2251 Pan.
2789 2229 2837 2257 111,

2623 2254 2716 2283 Prono..

2622 2536 2633 2546 '
2646 2534 2682 2558 Cf.
2697 2541 2736 2564 qn.
2751 2541 2834 2562 miv,

2622 2564 2664 2583 m.
2679 2567 2700 2590 7.

2621 2589 2634 2600 ·
2647 2587 2696 2616 Qu.
2711 2593 2780 2610 mv.

2621 2619 2632 2631 ·
2648 2618 2696 2647 Qu.
2710 2624 2814 2642 uxxw.

2621 2844 2632 2855 ·
2645 2842 2694 2872 Qu.
2707 2849 2772 2867 uxr.

2645 2891 2694 2921 Qu.
2709 2899 2780 2916 mu.

2621 2933 2631 2944 ·
2646 2931 2696 2960 Qu.
2709 2938 2793 2956 mm.

2619 2972 2630 2984 ·
2647 2971 2789 3000 Ωιι-ηπ.
