2878 4088
119 813 131 823 ·
148 811 216 833 vers.
233 818 265 834 ιι.

116 948 130 959 ⁴
144 947 211 970 Vere.
226 947 248 969 8.

114 1077 178 1101 ‘Ct-
192 1081 271 1102 ικ--ι,

109 2143 124 2154 ·
133 2141 170 2166 α.
183 2140 284 2164 Adnot.
294 2141 325 2164 de

111 2167 264 2244 3⁶:2³3:ss

265 2174 323 2219 ἶῗ-Εῑ

115 3434 126 3444 ·
133 3424 199 3455 ’0τά-

115 3460 138 3471 ··
151 3458 220 3481 vm.
232 3464 269 3487 ²9-

564 200 827 246 QUAESTIO
857 201 970 248 XXII,
991 200 1283 238 ARTICULUS
1311 200 1372 246 IV,
1393 199 1439 247 V,

418 279 469 308 An
493 289 655 309 secuuntur
679 289 838 309 mensuum
858 278 948 319 quod
971 278 1129 309 conficere
1147 279 1354 318 consequitur
1369 287 1428 318 po-

363 328 509 353 testatem
533 323 730 359 characteris,
747 324 803 364 qui
826 323 1003 353 indelebilis
1028 329 1083 353 est.
1108 323 1149 353 Et
1164 322 1238 353 ideo
1262 323 1372 358 homo,
1390 331 1427 352 ex

364 376 430 407 quo
455 368 668 397 characterem
692 367 810 398 ordinis
840 368 944 403 habet,
971 377 1096 407 semper
1118 372 1225 407 potest
1248 366 1426 397 conficere:

362 411 437 441 licet
460 421 527 441 non
551 421 677 451 semper
701 413 729 442 ei
753 411 854 442 liceat.
879 412 978 442 Secus
997 417 1104 441 autem
1121 417 1167 441 est
1186 411 1224 441 de
1241 420 1428 441 excommu-

362 456 533 492 nicatione,
552 465 634 496 quae
658 456 910 486 iurisdictionem
934 456 1087 495 sequitur,
1112 464 1194 495 quae
1218 455 1332 485 auferri
1356 459 1428 495 pot-

363 505 409 530 est
433 505 464 530 et
486 500 585 540 ligari.

528 571 627 602 ART.
646 571 698 601 IV.
723 581 827 601 urium
850 580 973 600 amanis
997 579 1100 600 Possm·
1123 579 1256 605 smmum,

479 626 537 646 var.
562 625 729 646 annuarum
754 625 812 646 vm.
836 624 1028 645 summoneri
1051 623 1313 644 EXCOMMUNICARE

440 659 532 698 ’δορὶ-ιι,
547 677 586 698 qu.
602 677 640 697 xx,
657 673 698 692 art.
713 676 733 699 3,
747 669 777 691 ad
790 675 816 698 33
830 668 862 690 lv
877 669 950 695 Sene„
967 668 1020 690 dist.
1035 674 1074 695 xx,
1089 671 1131 690 art.
1145 674 1165 696 5.
1181 668 1226 695 qu*
1239 675 1263 694 4,
1278 667 1307 688 nd
1320 674 1341 696 3.

425 731 445 751 n
471 730 619 751 QUARTUM
642 730 688 751 src
710 729 915 750 Pkocnmrun.
943 718 1078 749 Videtur
1101 717 1191 757 quod
1215 718 1329 757 aliquis
1352 727 1428 757 pos-

426 766 465 795 sit
487 766 638 805 seipsum,
668 764 719 794 vel
742 763 909 803 aequalem
935 763 987 793 vel
1010 762 1208 802 superiorem
1241 771 1427 792 excommu-

359 810 476 840 nicare.
506 809 591 847 Quia
614 807 744 848 angelus
768 807 829 838 Dei
851 807 954 837 maior
978 812 1043 836 erat
1065 806 1183 836 Paulo:
1218 805 1329 836 Matth.
1346 816 1377 835 x1
1392 807 1426 842 *‚

363 853 428 890 Qui
450 853 559 883 minor
573 858 620 883 est
642 852 674 882 in
691 861 795 893 regno
812 851 987 886 caelorum,
1005 850 1112 880 maior
1130 855 1178 880 est
1192 859 1229 880 eo
1245 859 1309 890 quo
1333 859 1426 880 nemo

360 898 445 928 inter
468 902 563 928 natos
586 897 757 927 mulierum
774 895 890 925 maior.
916 894 978 925 Sed
1002 894 1119 924 Paulus
1136 895 1427 925 excommunicavit

359 942 511 982 angelum
535 941 575 972 de
597 940 711 971 caelo.-
733 944 770 970 ut
784 944 872 979 patet
892 939 999 970 Galat.
1016 949 1027 968 1
1042 939 1069 968 ἦ
1094 938 1180 978 Ergo
1203 939 1304 969 homo
1321 944 1427 978 potest

358 986 557 1025 superiorem
580 984 869 1015 excommunicare.

414 1039 444 1059 2.
467 1029 664 1065 Prummu,
680 1027 828 1058 sacerdos
844 1026 1016 1068 aliquando
1041 1028 1300 1058 excommunicat
1315 1028 1349 1058 in
1371 1037 1426 1068 ge—

356 1074 455 1104 nerali
479 1083 538 1113 pro
562 1072 659 1109 furto,
675 1073 726 1103 vel
749 1082 809 1113 pro
833 1072 941 1112 aliquo
966 1071 1152 1102 huiusmodi
1174 1073 1200 1102 *.
1234 1071 1297 1102 Sed
1319 1077 1425 1112 potest

357 1118 543 1158 contingere
567 1117 658 1158 quod
680 1118 817 1158 ipsemet
840 1116 928 1152 fecit,
952 1116 1003 1147 vel
1026 1116 1172 1156 superior
1194 1122 1249 1147 aut
1271 1116 1422 1156 aequalis.

356 1162 442 1203 Ergo
466 1162 581 1202 aliquis
603 1167 710 1202 potest
733 1171 784 1198 se,
806 1161 856 1191 vel
885 1161 1052 1202 aequalem
1075 1161 1126 1191 vel
1149 1161 1347 1201 superiorem
1371 1171 1423 1191 ex-

357 1207 607 1237 communicare.

413 1251 443 1281 3.
467 1251 672 1287 PRAETEREA,
699 1250 813 1290 aliquis
836 1255 943 1290 potest
975 1250 1174 1290 superiorem
1203 1249 1367 1280 absolvere
1390 1249 1423 1279 in

356 1295 429 1326 foro
452 1295 684 1336 poenitentiali,
699 1294 751 1325 vel
774 1294 958 1334 aequalem:
987 1295 1069 1324 sicut
1093 1303 1168 1324 cum
1191 1294 1336 1334 episcopi
1358 1294 1423 1324 suis

356 1339 489 1370 sub‘ditis
513 1339 716 1376 confitentur,
734 1344 765 1369 et
788 1348 863 1369 cum
887 1346 974 1369 unus
999 1338 1146 1369 sacerdos
1170 1338 1258 1368 alteri
1289 1338 1424 1368 venialia

357 1383 537 1415 confitetur.
562 1384 648 1424 Ergo
671 1383 796 1414 videtur
826 1382 1035 1423 quodetiam
1066 1383 1345 1413 excommunicare
1368 1382 1423 1412 ali-

357 1429 428 1469 quis
451 1429 649 1469 superiorem
672 1428 723 1458 vel
746 1427 913 1468 aequalem
936 1428 1047 1468 possit.

411 1473 474 1504 Snn
499 1482 637 1509 coum,
663 1472 954 1503 excommunicatio
987 1477 1034 1502 est
1065 1477 1154 1502 actus
1186 1470 1422 1501 iurisdictionis.

355 1516 419 1548 Sed
441 1517 555 1558 aliquis
578 1526 646 1547 non
661 1517 757 1547 habet
771 1517 804 1546 in
821 1526 854 1547 se
870 1515 1140 1546 iurisdictionem:
1166 1516 1241 1555 quia
1261 1516 1294 1545 in
1311 1515 1423 1546 eadem

355 1571 450 1592 causa
473 1571 541 1591 non
564 1566 671 1601 potest
693 1562 765 1601 quis
789 1570 857 1591 esse
879 1570 952 1591 reus
976 1565 1007 1590 et
1029 1560 1134 1590 iudex.
1159 1560 1227 1590 Nec
1250 1560 1366 1590 iterum
1389 1560 1422 1590 in

354 1606 553 1646 superiorem
575 1605 627 1635 vel
650 1605 827 1645 aequalem.
852 1605 938 1644 Ergo
961 1614 1029 1634 non
1052 1609 1158 1644 potest
1190 1604 1304 1644 aliquis
1328 1613 1422 1644 supe-

354 1649 473 1680 riorem
494 1649 547 1680 vel
569 1649 748 1689 aequalem,
769 1654 824 1679 aut
846 1658 880 1678 se
904 1649 1194 1679 excommunicare.

408 1692 598 1724 Rnsrounno
621 1703 782 1723 memnonia
806 1692 905 1733 quod,
923 1702 999 1723 cum
1021 1702 1079 1733 per
1097 1692 1350 1723 iurisdictionem
1366 1693 1421 1722 ali-

354 1738 426 1778 quis
449 1738 660 1768 constituatur
682 1738 716 1768 in
738 1737 839 1777 gradu
869 1737 1097 1776 superioritatis
1120 1743 1267 1776 respectu
1297 1737 1365 1767 eius
1388 1737 1421 1767 in

353 1791 453 1822 quem
475 1782 571 1813 habet
585 1781 849 1817 iurisdictionem,
867 1781 941 1821 quia
964 1781 1060 1812 iudex
1077 1786 1124 1811 est
1143 1782 1228 1817 eius;
1252 1780 1326 1811 ideo
1350 1781 1422 1811 nul-

352 1826 402 1857 lus
424 1826 520 1857 habet
542 1827 576 1857 in
599 1826 751 1866 seipsum,
768 1826 819 1856 vel
841 1826 875 1856 in
891 1827 1090 1866 superiorem
1112 1826 1162 1856 vel
1186 1826 1353 1866 aequalem
1373 1826 1422 1855 iu-

352 1870 581 1901 risdictionem.
605 1871 647 1901 Et
661 1879 718 1911 per
742 1880 944 1910 consequens
959 1870 1067 1901 nullus
1090 1875 1196 1911 potest
1211 1871 1352 1910 seipsum
1369 1880 1422 1900 ex-

353 1916 603 1952 communicare,
619 1915 671 1946 vel
695 1915 893 1955 superiorem
921 1920 975 1945 aut
998 1915 1176 1955 aequalem.

406 1960 458 1990 An
481 1969 599 1990 ramum
621 1969 704 1990 noo
721 1969 881 1990 mensuum
904 1959 994 2000 quod
1009 1960 1186 1999 Apostolus
1202 1959 1346 1999 loquitur
1361 1960 1420 1990 sub

351 2004 533 2045 hypothesi,
558 2003 649 2041 idest,
673 2004 703 2035 si
719 2009 901 2044 poneretur
929 2004 1068 2045 angelus
1085 2011 1243 2044 peccare:
1265 2004 1310 2034 sic
1335 2004 1421 2034 enirn

351 2057 420 2079 non
436 2054 517 2079 esset
532 2049 692 2089 Apostolo
713 2049 868 2089 superior,
885 2047 942 2078 sed
956 2047 1097 2078 inferior.
1121 2048 1190 2078 Nec
1207 2053 1253 2078 est
1268 2049 1421 2078 inconve-

351 2093 442 2123 niens
458 2093 548 2134 quod
563 2094 596 2123 in
613 2093 882 2123 conditionalibus
906 2102 1043 2132 quarum
1065 2091 1284 2123 antecedentia
1299 2093 1421 2132 impos-

352 2137 454 2168 sibilia
475 2143 560 2174 sunt‚
586 2143 617 2168 et
641 2137 872 2177 consequentia
894 2137 1104 2177 impossibilia
1126 2137 1189 2167 sint
1204 2137 1230 2166 ἦ

406 2182 457 2212 An
482 2191 645 2212 sneuwnuu
667 2191 828 2211 mmmmm
844 2180 934 2221 quod
949 2181 983 2211 in
998 2181 1052 2211 tali
1068 2190 1143 2211 casu
1166 2180 1274 2211 nullus
1291 2190 1420 2211 excom-

351 2227 550 2257 municatur:
575 2226 651 2266 quia
668 2235 736 2266 par
759 2226 791 2256 in
809 2235 926 2266 parem
950 2235 1016 2256 non
1039 2226 1134 2256 habet
1155 2225 1323 2266 imperium
1339 2226 1366 2255 ³.

314 2265 324 2276 ¹
406 2271 457 2301 An
482 2280 616 2300 Taurum
639 2280 799 2300 monimum
823 2269 912 2310 quod
928 2270 1087 2300 absolutio
1113 2275 1144 2300 et
1158 2270 1267 2310 ligatio
1290 2270 1324 2299 in
1347 2269 1419 2300 foro

352 2314 563 2345 confessionis
587 2320 633 2345 est
657 2314 766 2354 quoad
789 2315 895 2345 Deum
919 2320 1053 2350 tantum,
1075 2314 1161 2354 apud
1185 2323 1283 2354 quem
1307 2314 1420 2354 aliquis

352 2359 415 2389 alio
439 2359 585 2399 superior
607 2358 748 2389 redditur
770 2358 902 2389 inferior
924 2368 982 2399 per
1004 2364 1183 2399 peccatum.
1209 2358 1272 2389 Sed
1291 2368 1420 2389 excom-

352 2402 529 2434 municatib
546 2408 593 2433 est
608 2403 642 2433 in
665 2403 785 2434 iudicio
805 2403 962 2439 exteriori,
978 2404 1013 2434 in
1029 2413 1095 2443 quo
1115 2403 1229 2443 aliquis
1245 2413 1312 2433 non
1329 2403 1419 2433 amit-

351 2448 390 2478 tit
404 2448 660 2488 superioritatem
683 2457 721 2478 ex
744 2448 807 2478 hoc
822 2449 894 2488 ipso
919 2447 1009 2488 quod
1027 2453 1148 2488 peccat.
1173 2447 1266 2478 Unde
1289 2457 1356 2478 non
1373 2453 1420 2478 est

352 2492 463 2523 similis
486 2493 566 2522 ratio
590 2491 629 2522 de
653 2497 802 2532 utroque.

407 2537 449 2567 Et
471 2542 580 2567 tamen
603 2537 699 2567 etiam
714 2537 748 2567 in
771 2536 843 2567 foro
860 2536 1070 2567 confessionis
1094 2536 1208 2576 aliquis
1223 2546 1290 2566 non
1314 2541 1420 2576 potest

353 2581 495 2621 seipsum
518 2581 699 2617 absolvere;
724 2591 784 2611 nec
808 2582 1006 2621 superiorem
1030 2586 1084 2611 aut
1107 2581 1285 2621 aequalem,
1302 2581 1361 2611 nisi
1381 2590 1419 2611 ex

353 2626 581 2656 commissione
605 2626 663 2655 sibi
687 2624 778 2655 facta.
802 2625 851 2656 De
869 2625 1046 2656 venialibus
1065 2631 1173 2656 autem
1196 2630 1318 2665 potest:
1344 2626 1419 2665 quia

352 2670 486 2700 venialia
510 2680 548 2700 ex
572 2670 766 2710 quibuslibet
789 2671 991 2700 sacramentis
1018 2671 1150 2710 gratiam
1181 2669 1419 2700 conferentibus

352 2714 572 2750 remittuntur;
596 2714 682 2745 unde
706 2715 849 2744 remissio
873 2715 1046 2745 venialium
1070 2715 1213 2754 sequitur
1227 2719 1419 2754 potestatem

353 2758 483 2790 ordinis.

408 2829 508 2860 ART.
525 2829 564 2860 V.
589 2839 693 2859 UTRUM
716 2839 747 2859 m
771 2840 911 2859 ALIQUAM
934 2839 1179 2860 umvnnsrrA’rEM
1202 2840 1371 2860 anTssurm

605 2883 930 2904 nxcoumumearloms
953 2884 1043 2904 PERRI
1067 2883 1169 2904 Possrr

682 2928 766 2956 Quodl.
782 2928 812 2955 X,
827 2935 868 2956 qu.
882 2934 922 2956 vn,
937 2933 979 2950 nrt.
996 2936 1015 2955 ι,
1030 2928 1059 2950 ad
1075 2936 1094 2951 ι.

417 2990 438 3010 D
463 2990 603 3010 nmmum
631 2990 676 3010 sle
704 2989 908 3010 rnocnmrua.
941 2978 1075 3010 Videtur
1104 2979 1193 3019 quod
1216 2981 1250 3010 in
1280 2980 1420 3021 aliquam

354 2993 655 3055 Auniversitatem
679 3025 835 3055 sententia
859 3025 1200 3055 excommunicationis
1220 3024 1293 3055 ferri
1308 3025 1418 3065 possit.

330 3071 336 3075 '
353 3068 522 3110 Contingit
544 3070 630 3100 enim
647 3069 736 3109 quod
760 3069 866 3109 aliqua
881 3069 1067 3099 universitas
1087 3069 1146 3098 sibi
1168 3069 1202 3098 in
1218 3069 1337 3099 malitia
1353 3069 1420 3099 col-

353 3113 476 3154 ligatur.
501 3113 565 3144 Sed
587 3123 647 3154 pro
679 3113 799 3144 malitia
821 3114 854 3143 in
879 3123 942 3153 qua
973 3113 1044 3153 quis
1079 3118 1253 3143 contumax
1284 3114 1418 3150 exstitit,

353 3157 448 3188 debet
471 3159 761 3188 excommunicatio
786 3157 868 3188 ferri.
893 3158 978 3198 Ergo
1000 3162 1106 3197 potest
1128 3158 1163 3187 in
1185 3157 1325 3198 aliquam
1348 3159 1420 3188 uni-

354 3202 534 3233 versitatem
557 3202 630 3233 ferri
654 3203 956 3233 excommunicatio.

411 3255 441 3276 2.
465 3246 660 3283 Pmmnnm,
676 3246 756 3277 illud
780 3246 870 3287 quod
886 3252 933 3277 est
947 3246 1168 3286 gravissimum
1183 3247 1217 3276 in
1233 3255 1420 3277 excommu-

354 3290 533 3328 nicatione,
558 3296 605 3322 est
627 3292 784 3331 separatio
808 3302 825 3321 a
849 3291 1051 3321 sacramentis
1083 3290 1254 3321 Ecclesiae.
1279 3290 1343 3321 Sed
1365 3291 1420 3321 ali-

356 3334 486 3374 quando
509 3340 577 3365 tota
599 3335 707 3366 civitas
722 3335 920 3366 interdicitur
943 3345 960 3365 a
979 3335 1102 3366 divinis.
1126 3335 1212 3375 Ergo
1237 3340 1268 3365 et
1291 3344 1420 3366 excom-

355 3379 511 3409 municari
533 3379 719 3410 universitas
742 3380 848 3420 aliqua
871 3386 987 3420 potest.

410 3422 473 3453 San
498 3433 621 3453 CONTRA
644 3433 698 3454 irs-r
714 3423 828 3455 Glossa
843 3425 860 3441 ⁴*
878 3425 1060 3465 Augustini,
1078 3424 1188 3455 Matth.
1206 3434 1260 3454 xm
1275 3424 1320 3460 fl,
1337 3433 1420 3464 quae

355 3467 431 3498 dicit
454 3467 544 3508 quod
553 3467 705 3508 princeps
720 3473 751 3499 et
765 3468 935 3499 multitudo
953 3479 1017 3500 non
1034 3474 1082 3500 est
1099 3468 1418 3499 excommunicanda.

410 3511 599 3542 Rsspommo
623 3522 783 3543 memnon
813 3513 902 3553 quod
932 3513 1204 3544 excommunicari
1235 3522 1303 3543 non
1326 3511 1420 3543 debet

355 3556 469 3596 aliquis
491 3556 552 3586 nisi
571 3565 631 3596 pro
654 3562 787 3596 peccato
810 3557 946 3588 mortali.
967 3557 1139 3588 Peccatum
1159 3563 1266 3588 autem
1289 3558 1323 3588 in
1346 3562 1419 3588 actu

1460 200 1509 236 VI
1528 221 1553 225 —
1573 199 1836 246 QUAESTIO
1867 201 1995 247 XXIII,
2017 202 2307 240 ARTICULUS
2336 203 2350 238 I
2495 203 2544 250 45

1483 277 1636 308 consistit.
1675 277 1775 307 Actus
1809 283 1917 308 autern
1950 288 2017 308 non
2048 285 2094 309 est
2123 281 2374 317 communitatis,
2402 280 2458 311 sed
2483 281 2546 311 sin-

1481 321 1640 362 gularium
1663 331 1882 362 personarum,
1910 328 1945 352 ut
1975 322 2165 362 frequenter.
2198 325 2239 355 Et
2262 324 2334 355 ideo
2358 325 2473 365 singuli
2507 324 2546 355 de

1483 366 1714 396 communitate
1746 367 2017 396 excommunicari
2051 374 2201 406 possunt,
2233 378 2300 399 non
2337 375 2445 399 autem
2478 370 2546 410 ipsa

1483 410 1707 440 communitas.

1450 465 1459 485 5
1538 454 1579 484 Et
1601 455 1627 484 si
1650 454 1689 484 sit
1712 454 1909 494 quandoque
1934 455 2028 484 etiam
2052 461 2139 485 actus
2163 456 2295 487 alicuius
2318 458 2416 488 totius
2438 457 2546 488 multi-

1483 498 1612 534 tudinis,
1629 503 1665 528 ut
1688 498 1819 538 quando
1842 498 1935 528 multi
1958 508 2074 528 navem
2096 500 2224 529 trahunt
2243 509 2340 540 quam
2363 502 2469 532 nullus
2485 507 2546 532 tra-

1482 543 1558 572 here
1580 548 1699 582 posset,
1716 548 1822 573 tamen
1845 552 1912 572 non
1930 548 1976 572 est
1991 543 2156 582 probabile
2173 544 2262 583 quod
2278 545 2383 584 aliqua
2399 555 2545 576 commu—

1482 587 1563 616 nitas
1586 587 1629 616 ita
1647 592 1714 617 tota
1738 586 1777 617 ad
1792 587 1914 617 malum
1939 587 2116 617 consentiat
2132 588 2210 627 quin
2233 588 2331 628 aliqui
2350 590 2412 619 sint
2427 589 2545 620 dissen-

1483 631 1606 661 tientes.
1630 631 1671 661 Et
1695 631 1770 671 quia
1789 641 1857 661 non
1881 640 1946 661 non
1971 635 2018 661 est
2031 631 2103 667 Dei,
2120 631 2175 671 qui
2199 632 2320 662 iudicat
2342 642 2466 663 omnem
2483 639 2545 663 ter-

1444 684 1469 698 10
1483 684 1564 710 ram,
1579 680 1615 704 ut
1629 675 1818 705 condemnet
1829 676 1947 706 iustum
1964 684 2036 705 cum
2049 675 2156 715 impio,
2168 681 2203 705 ut
2220 675 2333 706 dicitur
2345 677 2423 707 Gen.
2432 678 2545 714 xvm*;

1482 718 1556 748 ideo
1580 719 1732 755 Ecclesia,
1750 729 1833 759 quae
1857 719 1918 749 Dei
1940 719 2095 749 iudicium
2119 720 2234 750 imitari
2257 720 2360 756 debet,
2377 722 2450 751 satis
2472 731 2545 761 pro-

1482 762 1554 792 vide
1570 763 1678 793 statuit
1693 764 1709 780 *
1726 769 1761 794 ut
1777 764 1991 793 communitas
2007 773 2074 793 non
2091 765 2397 801 excommunicetur,
2414 775 2463 800 ne,
2480 766 2546 796 col-

1482 806 1571 837 lectis
1594 807 1736 847 zizam‘is,
1756 807 1854 838 simul
1871 807 2055 838 eradicetur
2077 813 2108 838 et
2130 808 2272 838 triticum
2287 810 2313 839 ³⁵.

1536 851 1587 881 AD
1611 861 1728 882 numm
1752 861 1834 882 nano
1859 857 1945 891 patet
1968 852 2086 882 solutio
2111 862 2148 882 ex
2172 852 2272 883 dictis.

1536 895 1587 925 An
1612 905 1774 926 saetmmm
1789 906 1949 926 mensuum
1965 896 2054 937 quod
2073 898 2241 937 suspensio
2256 906 2324 927 non
2339 902 2426 927 tanta
2440 907 2546 938 poena

1481 945 1528 969 est
1551 945 1670 979 quanta
1686 941 1995 971 excommunicatio:
2021 942 2095 981 quia
2111 942 2256 981 suspensi
2278 951 2347 972 non
2362 941 2547 972 fraudantur

1481 984 1642 1014 Ecclesiae
1665 983 1830 1025 suffragiis,
1847 986 1929 1015 sicut
1953 986 2230 1016 excommunicati.
2254 986 2348 1017 Unde
2372 987 2467 1016 etiam
2491 986 2546 1016 ali-

1481 1029 1552 1068 quis
1576 1029 1644 1059 sine
1667 1035 1800 1069 peccato
1824 1030 1956 1069 proprio
1973 1029 2192 1070 suspenditur:
2217 1031 2299 1060 sicut
2323 1036 2354 1060 et
2368 1035 2474 1061 totum
2497 1040 2545 1061 re—

1479 1082 1581 1112 gnum
1603 1074 1735 1113 ponitur
1758 1074 1817 1104 sub
1849 1074 2018 1104 interdicto
2041 1084 2100 1114 pro
2124 1080 2257 1114 peccato
2280 1075 2372 1114 regis.
2407 1075 2448 1105 Et
2470 1074 2544 1106 ideo

1439 1129 1465 1144 20
1478 1127 1547 1147 non
1571 1122 1617 1147 est
1640 1117 1743 1148 simile
1766 1118 1806 1148 de
1829 1119 2163 1149 excommunicatione
2186 1124 2217 1149 et
2240 1119 2459 1159 suspensione.

1443 904 1464 924 ¹5

1522 1183 1622 1214 ART.
1639 1183 1692 1214 VI.
1717 1194 1822 1214 orrum
1844 1194 1913 1214 11.1.n
1937 1195 1991 1215 om
2015 1195 2110 1215 snum.
2134 1195 2188 1215 Esr
2211 1195 2499 1221 EXCOMMUNICATUS,

1738 1239 1885 1259 ULTERIUS
1909 1239 2162 1259 EXCOMMUNICARI
2184 1239 2287 1259 possm·

1542 1303 1562 1323 1>
1587 1303 1706 1324 snx'rum
1728 1304 1774 1324 src
1796 1304 2000 1325 PROCEDITUR.
2025 1294 2158 1325 Videtur
2180 1294 2269 1335 quod
2292 1295 2345 1326 ille
2366 1296 2423 1335 qui
2445 1295 2544 1326 semel

1437 1350 1460 1370 25
1479 1306 1589 1368 Aest
1612 1339 1918 1375 excommunicatus,
1935 1339 2066 1370 ulterius
2089 1340 2359 1370 excommunicari
2381 1349 2449 1370 non
2469 1349 2544 1380 pos-

1477 1382 1526 1412 sit.
1551 1382 1564 1412 1
1583 1383 1659 1413 Cor.
1676 1393 1696 1412 v
1712 1384 1728 1400 ⁴*
1752 1383 1828 1413 dicit
1849 1383 2042 1423 Apostolus:
2070 1383 2157 1420 Quid
2187 1384 2265 1414 mihi
2287 1389 2335 1414 est
2356 1384 2395 1414 de
2417 1384 2466 1414 his
2489 1384 2544 1424 qui

1467 1427 1562 1468 foris
1583 1432 1659 1457 sunt
1681 1427 1854 1458 iudicare?
1883 1427 1946 1458 Sed
1977 1428 2246 1458 excommunicati
2275 1429 2339 1459 iarn
2362 1434 2436 1458 sunt
2459 1434 2544 1459 extra

1477 1470 1664 1502 Ecclesiam.
1689 1472 1775 1512 Ergo
1799 1481 1895 1511 super
1918 1482 1974 1502 eos
1997 1472 2139 1502 Ecclesia
2162 1472 2318 1503 iudicium
2340 1482 2408 1503 non
2438 1473 2542 1509 habet,

1476 1520 1513 1545 ut
1535 1516 1636 1555 possit
1659 1525 1714 1546 eos
1737 1517 1854 1546 iterum
1878 1517 2166 1547 excommunicare.

1533 1569 1562 1589 2.
1587 1560 1783 1596 PRAETEREA,
1808 1561 2098 1591 excommunicatio
2123 1566 2169 1591 est
2198 1561 2354 1600 separatio
2385 1560 2543 1601 quaedam

1477 1613 1495 1633 a
1518 1603 1631 1634 divinis
1655 1610 1686 1634 et
1709 1614 1727 1634 a
1757 1605 1989 1635 communione
2019 1604 2173 1635 fidelium.
2204 1605 2267 1635 Sed
2297 1610 2469 1645 postquam
2497 1610 2544 1636 est

1476 1647 1590 1688 aliquis
1605 1649 1746 1688 privatus
1762 1649 1881 1689 aliquo,
1898 1659 1966 1679 non
1981 1654 2087 1689 potest
2102 1650 2218 1679 iterum
2233 1649 2289 1679 illo
2309 1649 2433 1689 privari.
2457 1650 2543 1689 Ergo

1475 1701 1561 1722 unus
1585 1694 1881 1723 excommunicatus
1904 1703 1972 1723 non
1996 1693 2090 1723 debet
2117 1694 2233 1723 iterum
2262 1694 2542 1724 excommunicari.

1532 1736 1594 1767 San
1612 1746 1745 1772 CONTRA,
1763 1738 2054 1767 excommunicatio
2071 1737 2229 1777 quaedam
2244 1746 2351 1777 poena
2367 1742 2414 1767 est
2430 1743 2461 1767 et
2476 1747 2543 1767 me-

1437 1790 1460 1810 ³5
1476 1780 1610 1810 dicinale
1626 1780 1814 1811 remedium.
1839 1781 1902 1812 Sed
1917 1791 2042 1821 poenae
2059 1791 2172 1811 omnes
2188 1787 2219 1811 et
2233 1781 2411 1812 medicinae
2430 1782 2544 1812 iteran-

1476 1830 1527 1854 tur
1543 1834 1618 1855 cum
1635 1835 1730 1855 causa
1753 1826 1857 1865 exigit.
1882 1826 1968 1865 Ergo
1992 1826 2282 1856 excommunicatio
2306 1826 2411 1856 iterari
2426 1831 2542 1866 potest.

1530 1870 1720 1900 Rusponnsso
1744 1880 1904 1900 mensuum
1920 1870 2010 1910 quod
2032 1870 2085 1900 ille
2110 1871 2166 1910 qui
2186 1870 2481 1900 excommunicatus
2498 1876 2544 1900 est

1476 1923 1540 1944 una
1564 1915 1908 1950 excommunicatione,
1925 1920 2032 1954 potest
2046 1915 2163 1945 iterum
2183 1915 2468 1945 excommunicari:
2492 1915 2543 1944 vel

1475 1967 1533 1997 per
1556 1958 1699 1989 eiusdem
1723 1959 2064 1990 excommunicationis
2087 1959 2304 1995 iterationem,
2326 1958 2365 1989 ad
2388 1959 2543 1989 maiorem

1435 2015 1462 2036 4⁰
1475 2003 1526 2032 sui
1549 2002 1785 2039 confusionem,
1802 2008 1838 2034 ut
1861 2004 1912 2034 vel
1931 2004 1975 2034 sic
1999 2013 2016 2033 a
2031 2008 2165 2043 peccato
2189 2004 2320 2039 resiliat;
2345 2003 2395 2033 vel
2411 2009 2542 2043 propter

1475 2047 1550 2076 alias
1573 2057 1692 2077 causas.
1717 2047 1758 2077 Et
1773 2053 1850 2078 tunc
1873 2053 1922 2078 tot
1938 2053 2011 2078 sunt
2029 2047 2220 2087 principales
2236 2048 2542 2078 excommunicatio-

1475 2100 1532 2121 nes
1555 2097 1637 2131 quot
1659 2101 1773 2122 causae
1796 2101 1855 2131 pro
1880 2092 1996 2131 quibus
2021 2092 2092 2132 quis
2116 2092 2421 2122 excommunicatur.

1438 1570 1463 1590 30

1530 2135 1580 2165 An
1604 2146 1721 2165 pannum
1744 2146 1827 2166 aneo
1851 2146 2011 2166 memnon
2035 2135 2125 2176 quod
2143 2136 2320 2176 Apostolus
2342 2136 2486 2176 loquitur
2502 2136 2541 2166 de

1474 2180 1604 2219 paganis
1621 2185 1652 2210 et
1668 2180 1735 2210 aliis
1750 2179 1941 2216 infidelibus,
1959 2181 2015 2220 qui
2030 2190 2097 2210 non
2113 2181 2231 2210 habent
2246 2181 2468 2216 characterem,
2484 2189 2542 2220 per

1434 2235 1458 2256 45
1475 2233 1574 2263 quern
1597 2225 1796 2255 annumerati
1812 2225 1874 2255 sint
1896 2225 2020 2264 populo
2037 2225 2107 2254 Dei.
2133 2224 2195 2255 Sed
2214 2225 2289 2264 quia
2311 2225 2471 2255 character
2487 2226 2540 2255 ba-

1474 2269 1638 2308 ptismalis,
1656 2278 1722 2309 quo
1746 2270 1818 2309 quis
1841 2269 1966 2309 populo
1986 2269 2047 2299 Dei
2069 2274 2305 2304 annumeratur,
2322 2274 2369 2299 est
2387 2269 2540 2300 indelebi-

1474 2313 1528 2349 lis,
1552 2312 1626 2344 ideo
1650 2322 1776 2353 semper
1798 2319 1942 2344 remanet
1957 2313 2066 2353 aliquo
2090 2313 2190 2343 modo
2215 2313 2254 2343 de
2273 2313 2415 2343 Ecclesia
2438 2314 2540 2354 bapti-

1474 2362 1573 2387 zatus.
1598 2358 1639 2388 Et
1662 2358 1706 2388 sic
1730 2367 1856 2398 semper
1878 2358 2020 2388 Ecclesia
2044 2357 2082 2388 de
2105 2357 2160 2387 illo
2183 2357 2323 2388 iudicare
2346 2363 2462 2397 potest.

1529 2402 1580 2431 An
1604 2412 1767 2432 SECUNDUM
1788 2412 1949 2432 DICENDUM
1973 2401 2062 2442 quod
2077 2402 2223 2442 privatio,
2241 2402 2386 2442 quamvis
2409 2411 2476 2432 non
2492 2411 2540 2432 re-

1435 2456 1460 2477 50
1475 2446 1571 2486 cipiat
1594 2447 1696 2476 maius
1721 2451 1751 2476 et
1773 2447 1881 2477 minus
1904 2446 2082 2476 secundum
2105 2456 2148 2482 se,
2165 2447 2278 2486 recipit
2295 2451 2403 2476 tamen
2426 2456 2539 2476 secun-

1475 2490 1554 2520 dum
1577 2500 1706 2521 causam
1730 2500 1830 2521 suam.
1865 2490 1907 2520 Et
1936 2490 2115 2521 secundum
2145 2491 2223 2526 hoc,
2249 2491 2539 2521 excommunicatio

1473 2540 1580 2574 potest
1603 2536 1716 2565 iterari.
1742 2535 1782 2565 Et
1805 2536 1905 2575 magis
1929 2540 1975 2565 est
1994 2535 2161 2574 elongatus
2177 2545 2194 2564 a
2210 2534 2363 2574 suffragiis
2380 2535 2541 2565 Ecclesiae

1474 2580 1531 2619 qui
1553 2579 1672 2619 pluries
1696 2585 1742 2610 est
1766 2580 2072 2615 excommunicatus,
2090 2589 2188 2619 quarn
2211 2579 2268 2619 qui
2283 2579 2382 2609 semel
2405 2585 2539 2610 tantum.

1659 2644 1912 2688 QUAESTIO
1935 2644 2362 2678 VIGESIMATERTIA

1617 2703 1660 2728 DE
1684 2701 1975 2728 PART1C1PAT10NE
1999 2703 2070 2728 CUM
2093 2702 2399 2727 EXCOMMUNICATls

1535 2767 1629 2788 amns:
1664 2756 1933 2788 considerandum
1965 2762 2011 2787 est
2043 2756 2083 2787 de
2110 2757 2351 2797 participatione
2383 2767 2458 2788 cum
2488 2768 2539 2788 ex-

1476 2769 1781 2832 Dcommunicatis
1796 2802 1823 2832 ’ἦ

1474 2846 1569 2877 Circa
1592 2846 1682 2886 quod
1705 2852 1902 2887 quaeruntur
1925 2846 1991 2876 tria.

1529 2891 1654 2921 Primo:
1679 2896 1788 2921 utrum
1803 2891 1896 2921 liceat
1919 2891 2199 2921 excommunicato
2218 2890 2404 2930 participare
2423 2891 2457 2920 in
2480 2900 2540 2930 pu-

1564 2937 1605 2966 ris
1629 2935 1859 2976 corporalibus.

1529 2979 1697 3011 Secundo:
1722 2985 1831 3010 utrum
1845 2980 2037 3020 participans
2053 2980 2332 3009 excommunicato
2356 2980 2395 3009 sit
2411 2988 2539 3009 excom—

1562 3025 1754 3055 municatus.
1884 3052 1890 3056 ,

1531 3069 1658 3099 Tertio:
1688 3074 1797 3099 utrum
1827 3068 2014 3108 participare
2042 3068 2321 3098 excommunicato
2352 3068 2384 3097 in
2415 3068 2539 3098 casibus

1562 3123 1631 3143 non
1655 3113 1814 3144 concessis
1838 3122 1964 3152 semper
1987 3113 2026 3142 sit
2048 3117 2217 3152 peccatum
2240 3112 2383 3142 mortale.

1434 2678 1443 2698 5
1448 2678 1456 2698 5

1433 2898 1460 2918 60

1433 3119 1457 3145 ⁶5

1541 3183 1640 3214 ART.
1658 3183 1680 3214 1.
1705 3193 1810 3214 urium
1833 3193 1942 3213 menn
1966 3192 2228 3213 excomumexro
2253 3191 2472 3212 connumerans

1813 3238 1845 3257 nv
1868 3238 1946 3257 puna
1971 3237 2200 3257 eonpoaxmnus

1589 3282 1624 3304 11·
1638 3282 1692 3309 11⁸⁸,
1707 3289 1747 3310 qu.
1761 3288 1826 3310 xxxi,
1840 3286 1882 3304 art.
1897 3288 1918 3309 2,
1933 3281 1962 3303 ad
1976 3287 2001 3310 33
2017 3288 2055 3309 qu.
2071 3287 2150 3308 xxxix,
2165 3285 2206 3303 art.
2221 3288 2244 3308 4.
2259 3280 2287 3302 ad
2302 3286 2322 3302 2.

1434 3345 1461 3367 70
1539 3345 1560 3364 n
1583 3344 1700 3364 Panum
1724 3345 1770 3365 sm
1792 3344 1996 3365 moeson-un.
2023 3334 2156 3364 Videtur
2179 3332 2268 3373 quod
2295 3333 2388 3363 liceat
2410 3341 2539 3363 excom-

1476 3349 1703 3410 Amunicato
1724 3379 1964 3409 communicare
1988 3379 2022 3409 in
2045 3388 2124 3418 pure
2148 3377 2376 3418 corporalibus.
2401 3377 2539 3407 Excom—

1474 3424 1650 3454 municatio
1675 3423 1761 3454 enim
1778 3428 1824 3453 est
1847 3429 1936 3453 actus
1960 3423 2097 3453 clavium
2113 3424 2139 3452 ὓ.
2165 3421 2227 3453 Sed
2242 3427 2382 3461 potestas
2402 3421 2539 3451 clavium

1475 3477 1508 3498 se
1533 3467 1672 3498 extendit
1696 3467 1735 3498 ad
1750 3467 1924 3507 spiritualia
1946 3472 2081 3498 tanturn.
2106 3467 2191 3507 Ergo
2208 3476 2264 3507 per
2280 3466 2539 3496 excommunica-

1474 3513 1598 3543 tionem
1613 3521 1681 3542 non
1697 3512 1884 3552 prohibetur
1900 3512 1980 3552 quin
1998 3521 2082 3542 unus
2098 3511 2150 3541 alii
2166 3511 2198 3541 in
2215 3509 2433 3550 corporalibus
2450 3518 2538 3540 com-

1434 3567 1458 3588 75
1474 3557 1638 3588 municare
1661 3556 1772 3596 possit.

2572 681 2582 691 ·
2598 679 2663 702 Vers.
2678 686 2711 709 25.

2572 777 2581 785 ·
2589 776 2624 797 Cf.
2635 781 2685 797 can.
2699 776 2728 797 Si
2737 776 2785 798 ha-

2572 802 2621 829 bet,
2629 808 2691 823 caus.
2698 802 2781 830 XXIV,

2572 829 2783 882 21²3„¹.¹.¹12-.⁰.⁸.;.f³33

2571 880 2634 912 §ena
2651 881 2780 909 Excomm„

2572 913 2595 928 in
2611 907 2690 929 Sexto.

2574 935 2582 945 ¹
2594 933 2674 956 Matth.
2688 935 2732 955 loc.
2744 934 2781 957 eit.

2570 1389 2580 1399 ·
2597 1388 2661 1411 Vers.
2678 1395 2710 1411 ¹2.

2567 2802 2576 2811 ·
2587 2800 2623 2822 cf.
2635 2806 2673 2828 qu.
2683 2801 2776 2827 xxi‚1n-

2567 2827 2629 2849 uod.

2565 3425 2575 3435 ·
2590 3423 2622 3445 IV
2636 3424 2708 3449 sent„
2720 3423 2772 3444 dist.

2565 3449 2776 3477 xv111.cap.l.igant

2565 3483 2663 3505 quoque.
