2918 4088
111 1806 113 1810 '
142 1811 256 1869 ''nvi-⁷⁴

46 2266 70 2299 θ’·
79 2268 91 2303 1.
116 2265 257 2302 *³³⁴*ss-

57 2309 65 2320 ,,

959 218 1222 266 QUAESTIO
1251 215 1406 264 LXVII,
1435 216 1727 254 ARTICULUS
1755 218 1785 254 II
2411 223 2455 259 81

951 333 1286 366 Commentario.
1307 330 1559 364 Cardinalis
1582 330 1782 364 Caietam

294 418 304 422 “
326 417 454 444 'trimus
478 419 525 444 est
543 412 655 444 clarus.
679 431 703 435 -
726 413 761 443 In
785 411 922 453 corpore
944 413 1053 444 omnia
1073 411 1155 442 clara
1171 417 1255 441 sunt.
1279 411 1348 440 Du-

347 459 437 488 bium
460 463 568 488 tamen
591 466 695 488 unum
718 462 829 493 restat,
859 467 925 497 quo
955 462 1050 497 pacto
1078 465 1190 486 verum
1221 456 1260 485 sit
1282 454 1348 484 dia-

286 503 378 533 conis
404 511 472 532 non
495 502 668 532 convenire
695 500 899 541 praedicandi
927 506 958 531 et
981 499 1162 540 baptizandi
1185 498 1347 529 officium:

286 555 361 577 cum
383 546 418 577 in
441 545 653 576 diaconorum
676 544 878 576 ordinatione
900 553 1045 585 expresse
1065 543 1202 574 dicatur:
1227 542 1348 572 Diaco-

285 599 363 621 num
387 595 513 631 oportet
527 590 714 620 ministrare
729 589 772 619 ad
787 589 901 624 altare,
926 588 1088 629 baptizare
1103 591 1135 617 et
1143 586 1348 628 praedicare.

284 634 333 665 Ex
349 643 416 675 quo
439 634 515 664 loco
538 634 673 664 habetur
688 638 912 673 argumentum
935 637 967 662 et
982 637 1094 662 contra
1108 631 1265 661 rationem
1281 631 1349 661 Au-

285 679 391 715 ctoris,
416 683 447 709 et
470 683 581 709 contra
604 677 858 708 conclusionem.
883 675 1006 707 Contra
1024 676 1182 706 rationem
1206 674 1348 714 quidem,

285 723 377 763 quia,
409 722 487 753 dum
518 723 570 752 hic
599 722 768 762 exponitur
797 720 1008 750 ministerium
1036 719 1163 750 diaconi
1193 719 1349 759 respicere

285 767 398 803 altare,
423 771 554 807 apparet
577 765 731 796 diaconos
758 773 826 795 non
849 764 910 794 nisi
932 768 969 794 ut
990 763 1158 807 ministros·
1176 772 1210 793 se
1232 763 1349 792 habere

285 811 325 842 ad
347 811 459 841 altare:
483 809 539 841 sed
561 814 708 849 respectu
727 808 864 838 aliorum
880 813 1021 843 actuum,
1045 811 1123 847 puta
1146 806 1349 847 praedicandi

285 861 316 885 et
330 853 521 895 baptizandi,
534 863 602 884 non
615 857 724 893 potest
734 851 842 882 inferri
858 851 948 891 quod
963 851 1209 882 ministerialiter
1223 856 1349 881 tantum

284 898 471 930 deserviant.
494 916 518 920 —
540 896 662 928 Contra
685 896 929 927 conclusionem
953 900 1078 931 autem,
1103 895 1179 935 quia
1203 904 1349 935 expresse

284 943 464 973 attribuitur
485 942 545 972 sibi
568 946 600 972 et
621 941 781 980 baptizare
805 945 836 970 et
858 939 1050 980 praedicare.

339 986 377 1017 11⁴
400 985 453 1017 Ad
474 986 539 1016 hoc
562 985 678 1016 dicitur
703 984 794 1024 quod
815 989 990 1024 utrumque
1013 993 1126 1014 verum
1150 989 1197 1014 est
1219 982 1349 1013 diversi-

282 1030 381 1062 mode
403 1028 623 1070 intelligendo.
646 1028 731 1059 Nam
754 1027 794 1059 ad
817 1027 972 1059 diaconos
987 1033 1110 1068 spectat
1134 1033 1166 1058 et
1189 1027 1350 1068 baptizare

1405 417 1436 441 et
1458 411 1642 451 praedicare
1666 422 1708 442 ex
1731 413 1953 453 impositione:
1976 416 2039 445 hoc
2063 420 2119 451 est,
2144 417 2169 446 si
2185 417 2223 447 ab
2240 419 2393 459 episcopo
2410 430 2466 450 seu

1403 456 1592 497 presbytero
1617 456 1676 486 sibi
1692 457 1887 496 imponatur,
1904 464 1940 488 ut
1955 458 2100 499 Pelagius
2113 461 2129 476 ⁴*
2146 460 2231 497 dicit,
2248 460 2287 491 de
2305 462 2466 500 Consecr.,
2491 471 2501 481 ·
2517 469 2632 492 Gela-ius.

1405 499 1476 530 dist.
1494 500 1547 536 IV,
1565 509 1634 540 cap.
1651 500 1816 531 Diacones
1832 503 1859 531 ’ἦ
1884 502 1959 532 Non
1983 509 2104 542 spectat
2123 509 2229 534 autern
2254 505 2292 535 ad
2315 506 2467 538 diaconos
2491 513 2593 561 mitiga

1404 543 1587 584 praedicare
1616 550 1671 574 aut
1698 545 1857 584 baptizare
1889 555 1925 576 ex
1955 546 2076 577 officio:
2109 553 2145 578 ut
2167 548 2200 578 in
2225 558 2293 589 cap.
2320 550 2466 588 Constat,

1404 587 1444 618 de
1469 588 1632 624 Consecr„
1657 587 1728 619 dist.
1746 588 1798 625 IV,
1824 589 1947 620 dicitur.

1460 632 1554 662 Ratio
1584 641 1718 672 quoque
1748 633 1869 663 litterae
1897 633 1997 664 solida
2024 636 2183 670 consistit,
2212 635 2342 667 fundata
2374 648 2468 678 super

1405 675 1514 706 officio
1539 676 1667 707 diaconi
1690 677 1846 708 absolute.
1882 678 1930 708 Ex
1954 687 2020 718 quo
2045 679 2129 709 enirn
2160 679 2302 711 officium
2331 682 2398 712 eius
2422 689 2468 713 est

1404 721 1592 756 ministrare,
1617 720 1751 751 infertur
1773 722 2000 752 rationabiliter
2024 723 2122 762 quod,
2148 724 2173 753 si
2189 725 2310 755 actibus
2325 727 2468 765 superio-

1404 773 1477 794 rum
1500 774 1534 794 se
1558 765 1726 800 immiscet,
1750 775 1818 795 non
1841 766 1902 796 nisi
1925 766 2169 797 ministerialiter
2185 768 2224 798 ad
2241 777 2296 798 eos
2312 779 2345 799 se
2361 770 2464 800 habet.

1405 808 1446 838 Et
1468 814 1638 848 propterea
1661 814 1746 839 recte
1769 809 1903 840 infertur
1925 819 1993 840 non
2017 817 2200 851 competere
2224 813 2282 842 sibi
2306 823 2343 843 ex
2359 813 2466 844 officio

1404 852 1587 892 praedicare
1611 858 1666 883 aut
1689 853 1858 893 baptizare.
1883 853 1969 884 Cum
1992 863 2058 894 quo
2082 860 2189 885 tamen
2211 862 2279 892 stat,
2296 863 2332 887 ut
2347 857 2467 888 dictum

1405 901 1462 932 est,
1488 896 1578 936 quod
1601 902 1775 937 utrumque
1799 903 1906 937 potest
1930 898 1958 928 ei
1975 903 2159 939 competere
2184 909 2221 929 ex
2243 901 2466 940 impositione:

1405 940 1468 970 hoc
1493 941 1579 971 enim
1596 941 1735 971 ostendit
1750 942 1931 972 ministrum
1948 942 2055 982 ipsum
2071 952 2139 973 esse
2156 943 2339 975 officialium
2356 954 2467 976 eorum

1407 985 1463 1024 qui
1487 995 1524 1015 ex
1549 984 1657 1015 officio
1681 986 1759 1016 haec
1782 991 1928 1026 possunt.

1455 1116 1506 1124 W

1046 1175 1366 1226 ARTICULUS
1395 1169 1698 1226 SECUNDUS

355 1271 514 1311 UT‘RUM‘
536 1267 778 1310 BAPTIZAR'E
800 1267 1050 1308 PERTmEAT
1073 1276 1132 1307 AD
1157 1274 1367 1308 OFFICIUM
1391 1264 1781 1315 PREsBYTERORUM‚
1806 1279 1891 1310 VEL
1915 1278 2064 1311 SOLUM
2087 1280 2391 1313 EPISCOPORUM

289 1372 378 1385 ⁷72„-
438 1364 444 1365 ff
636 1352 712 1387 Infra,
731 1360 778 1383 art.
799 1354 823 1386 3,
842 1355 875 1380 ad
895 1362 920 1385 ι,
940 1362 971 1385 2;
990 1355 1024 1380 lv
1043 1355 1127 1384 Sent„
1147 1355 1204 1381 dist.
1223 1362 1283 1386 xvn,
1303 1362 1346 1387 qu.
1364 1362 1402 1386 111,
1422 1360 1470 1381 art.
1490 1355 1513 1386 3,
1533 1356 1583 1389 qu·
1604 1363 1633 1387 25
1654 1356 1713 1382 dist.
1732 1357 1798 1388 xxiv,
1817 1365 1861 1390 qu.
1880 1363 1908 1389 11,
1927 1363 1973 1384 art.
1995 1365 2019 1389 2,
2036 1359 2069 1383 ad
2090 1365 2114 1386 ι.

319 1456 325 1469 ἰ
336 1460 407 1495 ¹³³4*
421 1464 470 1489 ‘a‘
496 1451 518 1476 D
534 1450 724 1476 SECUNDUM
739 1450 791 1475 sm
805 1449 1042 1475 PROCEDITUR.
1063 1436 1225 1475 Videtur
1241 1437 1349 1486 quod

316 1487 399 1556 §4³st
414 1484 468 1546 ἕρ
486 1490 689 1541 ¹baptizare
708 1503 790 1528 non
808 1490 993 1540 pertineat
1007 1491 1056 1528 ad
1071 1488 1245 1527 officium
1264 1502 1349 1539 pre-

272 1574 274 1576 .
306 1542 419 1598 55³ng⁴
434 1544 463 1586 Υ,
479 1544 482 1547 ’
497 1544 760 1594 sbyterorum,
798 1543 866 1581 sed
899 1544 1027 1592 solum
1062 1542 1347 1592 episcoporum.

252 1619 260 1632 .
292 1591 483 1633 ›As-4532&
497 1595 613 1644 Quia,
648 1596 746 1634 sicut
780 1596 926 1633 dictum
954 1604 1010 1633 est
1027 1593 1062 1643 ⁸⁶,
1101 1595 1174 1632 sub
1207 1596 1348 1632 eodem

283 1652 488 1701 praecepto
516 1648 741 1698 iniungitur,
770 1643 906 1686 Matth.
926 1649 992 1686 ult.
1012 1647 1048 1695 ³¹²,
1079 1648 1252 1686 officium
1280 1649 1349 1686 do-

283 1701 396 1757 op‘ndi
423 1706 460 1740 et'
478 1698 696 1752 baptizandi
716 1702 744 1739 ά.
783 1701 860 1740 Sed
888 1701 1039 1749 docere,
1060 1698 1169 1751 quod
1192 1710 1247 1739 est
1263 1715 1349 1752 per-

271 1753 414 1807 ficere,
451 1754 615 1805 pertinet
649 1755 698 1793 ad
735 1754 910 1792 officium
945 1754 1134 1808 episcopi:
1173 1762 1216 1792 ut
1246 1763 1355 1807 patet·

281 1810 354 1860 ῥεῖ·
370 1802 617 1858 Dionysium,
636 1821 660 1846 v
673 1806 694 1830 '¹‘
713 1815 749 1845 et
766 1821 802 1845 vi
816 1805 856 1830 ἢ
875 1820 958 1858 cap.
982 1809 1084 1846 Eccl.
1103 1809 1214 1846 Hier.
1246 1809 1348 1857 Ergo

283 1863 322 1900 et'
354 1861 546 1922 baptizare
583 1860 747 1911 pertinet
783 1869 934 1899 tantum
972 1862 1021 1899 ad
1059 1860 1233 1899 officium
1270 1862 1349 1912 epi-

284 1926 350 1953 sco
379 1927 402 1952 1.

339 1926 378 2006 21?
408 1968 651 2013 PRAETEREA,
692 1979 763 2017 per
798 1966 1033 2017 baptismum
1073 1975 1351 2006 annumeratur

284 2010 420 2071 aliquis
447 2021 595 2070 populo
625 2020 860 2058 Christiano:
891 2021 999 2070 quod
1018 2020 1179 2070 quidem
1197 2021 1351 2058 videtur

284 2065 334 2113 ad
362 2073 536 2112 officium
563 2072 682 2111 solius
700 2073 883 2122 principis
910 2074 1111 2123 pertinere.
1142 2074 1219 2112 Sed
1247 2074 1349 2123 prin-

284 2118 455 2179 cipatum
489 2126 529 2164 in
557 2120 727 2179 Ecclesia
760 2134 891 2164 tenent
925 2126 1113 2179 episcopi,
1142 2135 1185 2164 ut
1212 2126 1350 2164 dicitur

284 2179 324 2218 iti
362 2180 500 2218 Glossa
526 2179 547 2202 '⁸
581 2180 677 2217 Luc.
704 2192 729 2216 x
754 2177 812 2216 *ἢ
850 2179 917 2230 qui
954 2180 1069 2217 etiam
1091 2178 1106 2210 β
1139 2187 1268 2217 tenent
1295 2181 1350 2217 lo-

284 2244 377 2283 cum
398 2233 688 2283 Apostolorum,
704 2232 753 2270 de
775 2232 916 2282 quibus
936 2233 1073 2270 dicitur
1087 2233 1126 2270 in
1141 2234 1295 2282 Psalmo
1309 2233 1348 2270 *z

288 2278 492 2324 Constitues
507 2299 568 2324 eos
577 2287 767 2336 principes
783 2298 896 2336 super
909 2299 1060 2324 omnem
1073 2293 1226 2324 terram.
1248 2287 1350 2336 Ergo

283 2339 437 2377 videtur
464 2339 570 2388 quod
600 2338 793 2388 baptizare
821 2338 1007 2388 pertineat
1035 2341 1163 2377 solum
1191 2340 1240 2376 ad
1267 2339 1350 2376 offi-

285 2391 391 2430 cium
418 2391 600 2442 episeopi.

341 2444 376 2483 3.
405 2445 638 2492 PRAETEREA,
667 2444 835 2483 Isidorus
863 2444 952 2482 dicit
970 2444 990 2466 ²¹⁵
1018 2446 1126 2495 quod
1144 2445 1196 2482 ad
1212 2447 1350 2495 episco-

252 2511 259 2518 ·
280 2510 375 2548 pum
386 2500 543 2548 pertinet
557 2499 795 2536 basilicarum
809 2500 1050 2544 consecratio,
1071 2500 1194 2535 unctio
1209 2499 1349 2544 altaris,

286 2557 320 2588 et
346 2551 526 2599 confectio
554 2552 780 2589 chrismatis:
812 2553 888 2601 ipse
915 2552 1064 2588 ordines
1091 2552 1352 2589 ecclesiasticos

286 2604 465 2641 distribuit
471 2620 503 2651 ,s
521 2610 554 2641 et
587 2616 716 2642 sacras
749 2606 915 2655 virgines
946 2605 1135 2642 benedicit.
1180 2605 1257 2642 Sed
1291 2604 1351 2641 his

287 2656 470 2694 omnibus
497 2657 623 2694 maius
642 2665 698 2694 est
725 2665 1008 2695 sacramentum
1027 2657 1217 2707 baptismi.
1248 2659 1350 2706 Ergo

285 2709 440 2748 videtur
457 2710 566 2759 quod
584 2711 707 2748 multo
726 2710 847 2759 magis
875 2711 924 2748 ad
943 2710 1118 2748 officium
1137 2710 1255 2748 solius
1275 2711 1351 2760 epi-

286 2762 394 2813 scopi
421 2762 584 2813 pertinet
610 2763 813 2813 baptizare.

341 2816 415 2854 Sin)
436 2828 589 2868 ‚CONTRA
617 2828 683 2854 Es’r
716 2817 824 2866 quod
851 2816 1019 2854 Isidorus
1047 2816 1155 2864 dicit,
1185 2816 1225 2854 in
1253 2816 1349 2854 libr‘o

252 2887 259 2899 ‚
286 2869 332 2907 de
362 2868 504 2919 Officiis
525 2867 563 2906 *ε
606 2870 757 2907 Constat
783 2871 964 2919 baptisma
990 2870 1076 2907 solis
1102 2870 1351 2908 sacerdotibus

286 2934 364 2960 esse
389 2922 576 2960 traditum.

339 2976 565 3013 Respounso
593 2988 775 3013 manDUM
811 2976 918 3025 quod
947 2976 1162 3013 sacerdotes
1199 2977 1247 3014 ad
1277 2978 1353 3013 hoc

287 3035 561 3066 consecrantur
594 3036 637 3066 ut
671 3037 957 3066 sacramentum
995 3029 1178 3079 Corporis
1213 3029 1352 3066 Christi

252 3096 259 3103 ·
286 3081 503 3129 conficiant,
533 3081 630 3119 sicut
658 3094 774 3131 supra
792 3082 813 3104 '¹‘
839 3082 986 3120 dictum
1008 3090 1074 3120 est.
1104 3083 1199 3119 Illud
1222 3090 1351 3119 autem
1376 3101 1378 3119 ¹:

287 3142 343 3172 est
357 3142 639 3172 sacramentum
656 3134 928 3173 ecclesiasticae
944 3135 1112 3173 unitatis:
1134 3136 1351 3173 secundum

286 3187 380 3226 illud
408 3187 603 3237 Apostoli,
631 3189 646 3225 Ι
669 3189 756 3226 Cor.
777 3201 801 3225 x
819 3188 859 3225 *ε
901 3191 1005 3227 Unus
1026 3191 1139 3239 panis
1174 3195 1207 3225 et
1235 3201 1351 3225 unum

286 3252 421 3291 corpus
448 3241 555 3278 multi
579 3253 717 3288 sumus,
738 3253 867 3279 omnes
891 3243 954 3291 qui
972 3242 1017 3278 de
1035 3254 1110 3278 uno
1133 3254 1237 3292 pane
1256 3247 1289 3277 et
1307 3241 1352 3277 de

287 3306 362 3331 uno
381 3294 497 3331 calice
517 3296 785 3344 participamus
802 3294 833 3331 ³¹⁶.
863 3296 937 3332 Per
954 3294 1189 3344 baptismum
1221 3301 1351 3330 autem

286 3345 422 3396 aliquis
449 3346 493 3384 fit
512 3346 700 3397 particeps
720 3347 993 3385 ecclesiasticae
1007 3353 1023 3376 Υ
1042 3346 1216 3384 unitatis:
1246 3346 1350 3383 unde

339 3460 368 3495 α)
386 3461 499 3487 docendi
517 3465 543 3486 et
561 3462 726 3494 baptizandi.
743 3476 762 3480 —
781 3462 811 3487 ΡΙ
818 3470 825 3493 ;
849 3462 1006 3495 θαριίιςαηάί
1024 3466 1050 3487 et
1069 3461 1181 3487 docendi
1199 3461 1239 3486 ed.
1258 3468 1283 3489 a,
1304 3460 1351 3485 do-

286 3497 364 3522 cendi
381 3500 408 3522 et
422 3497 603 3529 praedicandi
621 3497 708 3523 ceteri.

340 3531 366 3567 β)
386 3532 432 3565 qui
449 3532 538 3557 etiam.
555 3547 575 3551 —
592 3533 639 3565 qui
656 3538 715 3557 ante
734 3536 763 3557 ut
782 3532 881 3558 dicitur
900 3532 938 3557 Pl.

428 3585 539 3611 Sumen.
557 3585 660 3610 Tutor„
680 3586 711 3611 D.
723 3585 838 3610 Tnonaa
856 3585 890 3611 T.
903 3585 946 3610 IX.

1405 1446 1441 1475 et
1469 1438 1605 1488 accipit
1633 1438 1692 1476 ius
1721 1440 1927 1477 accedendi
1956 1441 2005 1478 ad
2024 1453 2201 1487 mensam
2220 1442 2390 1480 Domini.
2421 1445 2469 1481 Et

1397 1491 1504 1537 ideo,
1526 1491 1622 1529 sicut
1641 1493 1689 1529 ad
1710 1493 1948 1530 sacerdotem
1967 1494 2129 1543 pertinet
2148 1507 2371 1533 consecrare
2391 1497 2468 1534 Eu-

1404 1544 1643 1590 charisfiam,
1673 1546 1722 1582 ad
1750 1546 1858 1594 quod
1894 1546 2153 1596 principaliter
2184 1548 2382 1586 ordinatur
2410 1562 2467 1587 sa-

1404 1597 1638 1644 cerdotium,
1675 1597 1725 1635 ita
1753 1599 1801 1635 ad
1829 1599 2032 1648 proprium
2061 1600 2235 1645 officium
2263 1602 2468 1639 sacerdotis

1403 1650 1565 1699 pertinet
1601 1651 1810 1701 baptizare:
1851 1652 2025 1690 eiusdem
2063 1653 2166 1690 enim
2200 1654 2352 1692 videtur
2387 1668 2468 1692 esse

1405 1703 1555 1752 operari
1583 1711 1720 1751 totum,
1750 1712 1786 1741 et
1813 1711 1962 1754 partem
1991 1706 2029 1742 in
2057 1714 2138 1752 toto
2167 1707 2382 1756 disponere.

1433 1757 1515 1793 ·AD
1544 1769 1679 1794 PmMUM
1707 1770 1806 1795 ERGO
1834 1770 2016 1796 DmENDUM
2043 1759 2151 1808 quod
2178 1768 2388 1810 utrumque
2417 1762 2467 1798 of-

1404 1809 1555 1856 ficium,
1585 1809 1724 1847 scilicet
1751 1811 1916 1848 docendi
1944 1820 1980 1848 et
2007 1812 2246 1861 baptizandi,
2275 1814 2468 1852 Dominus
2520 1850 2522 1852 .

1404 1863 1599 1912 Apostolis
1618 1862 1791 1907 iniunxit,
1807 1877 1978 1913 quorum
1992 1865 2117 1902 vicem
2132 1874 2268 1914 gerunt
2286 1867 2466 1917 episcopi:

1405 1915 1511 1952 aliter
1546 1924 1676 1954 tamen
1714 1924 1750 1953 et
1784 1917 1900 1955 aliter.
1949 1919 2054 1955 Nam
2091 1919 2263 1956 officium
2302 1920 2467 1957 docendi

1405 1969 1598 2006 commisit
1626 1969 1679 2006 eis
1709 1970 1882 2007 Christus
1911 1978 1953 2007 ut
1980 1971 2052 2020 ipsi
2078 1984 2148 2020 per
2176 1984 2216 2009 se
2244 1972 2337 2010 illud
2365 1983 2467 2010 exer-

1404 2029 1543 2068 cerent,
1573 2030 1759 2071 tanquam
1786 2022 2170 2073 principalissimum:
2200 2026 2304 2062 unde
2333 2033 2369 2062 et
2396 2026 2468 2076 ipsi

1404 2074 1578 2124 Apostoli
1603 2074 1790 2123 dixerunt,
1818 2077 1900 2123 Act.
1921 2089 1956 2113 vi
1974 2077 2010 2113 *z
2040 2078 2130 2114 Non
2151 2084 2207 2114 est·
2219 2090 2378 2127 aequum
2401 2092 2471 2116 nos

1405 2128 1614 2177 relinquere
1639 2131 1794 2166 verbum
1821 2130 1895 2166 Dei
1920 2135 1953 2166 et
1980 2132 2193 2167 ministrare
2223 2134 2368 2168 mensis.
2400 2132 2466 2169 Of-

1404 2180 1539 2217 ficium
1567 2188 1695 2218 autem
1725 2181 1943 2231 baptizandi
1981 2183 2173 2228 commisit
2199 2184 2392 2233 Apostolis
2425 2192 2468 2221 ut

1405 2245 1474 2284 per
1502 2233 1596 2270 alios
1624 2235 1902 2272 exercendum:
1933 2235 2036 2272 unde
2065 2243 2101 2272 et
2128 2237 2336 2285 Apostolus
2363 2236 2465 2282 dicit,

1405 2287 1419 2323 I
1443 2287 1529 2324 Cor.
1551 2299 1560 2323 1
1579 2286 1616 2323 *ε
1646 2288 1736 2325 Νοη
1765 2290 1861 2325 misit
1887 2301 1948 2325 me
1978 2289 2143 2326 Christus
2170 2291 2373 2338 baptizare,
2402 2291 2467 2326 sed

1405 2340 1674 2389 evangelizare.
1718 2341 1766 2377 Et
1798 2342 1874 2377 hoc
1908 2341 1995 2378 ideo
2034 2341 2124 2390 quia
2161 2341 2200 2378 in
2237 2342 2465 2391 baptizando

1406 2392 1499 2429 nihil
1519 2401 1700 2441 operatur
1718 2393 1900 2431 meritum
1919 2402 1955 2430 et
1978 2394 2161 2443 sapientia
2179 2394 2350 2443 ministri,
2372 2395 2467 2432 sicut

1406 2445 1445 2482 in
1474 2445 1664 2492 docendo,
1694 2454 1735 2483 ut
1762 2454 1865 2495 patet
1893 2459 1939 2483 ex
1967 2459 2083 2496 supra
2101 2447 2120 2469 ‘¹‘
2148 2447 2266 2484 dictis.
2296 2449 2338 2484 In
2357 2448 2466 2485 cuius

1406 2498 1521 2535 etiarn
1549 2498 1712 2546 signum,
1742 2507 1814 2536 nec
1841 2499 1923 2548 ipse
1950 2499 2143 2537 Dominus
2171 2500 2385 2549 baptizavit,
2404 2502 2470 2538 sed

1406 2552 1576 2601 discipuli
1601 2553 1689 2598 eius,
1719 2560 1761 2589 ut
1779 2552 1917 2589 dicitur
1936 2554 2038 2589 Ioan.
2060 2565 2093 2589 1v
2112 2553 2142 2589 ³¹².
2173 2575 2197 2579 —
2226 2554 2310 2590 Nec
2337 2561 2466 2591 tamen

1405 2616 1476 2654 per
1502 2605 1579 2642 hoc
1607 2605 1820 2642 excluditur
1852 2605 1947 2654 quin
1975 2605 2146 2655 episcopi
2173 2606 2320 2655 possint
2347 2607 2466 2655 bapti-

1406 2669 1507 2694 zare:
1545 2657 1637 2707 quia
1665 2658 1771 2707 quod
1800 2666 1924 2708 potest
1950 2666 2117 2708 potestas
2145 2659 2316 2706 inferior,
2344 2667 2468 2708 potest

1407 2719 1443 2747 et
1471 2711 1656 2760 superior.
1687 2711 1798 2749 Unde
1819 2719 1855 2748 et
1882 2712 2090 2761 Apostolus
2110 2711 2253 2749 ibidem
2271 2711 2292 2734 ‘¹‘
2320 2711 2407 2749 dicit
2427 2724 2466 2749 se

1406 2764 1599 2813 quosdam
1627 2764 1849 2813 baptizasse.

1459 2817 1517 2854 AD
1536 2829 1726 2855 SECUNDUM
1745 2829 1926 2855 DICENDUM
1955 2818 2063 2867 quod
2090 2817 2129 2854 in
2158 2817 2325 2867 qualibet
2353 2830 2465 2867 repu-

1406 2869 1504 2907 blica
1532 2871 1577 2907 e'a
1605 2882 1704 2919 quae
1733 2878 1822 2907 sunt
1849 2870 2010 2915 minora,
2039 2870 2228 2919 pertinent
2247 2871 2296 2907 ad
2315 2870 2466 2907 minora

1406 2922 1550 2968 officia,
1580 2922 1727 2960 maiora
1754 2935 1847 2960 vero
1876 2923 2087 2960 maioribus
2115 2930 2374 2959 reservantur:
2409 2935 2466 2959 se-

1405 2974 1580 3012 ci‘mdum
1608 2975 1701 3012 illud
1719 2977 1841 3013 Exod.
1863 2975 1998 3012 xvl11*:
2035 2976 2221 3024 Quidquid
2243 2977 2363 3012 maius
2384 2977 2465 3021 fue-

1406 3030 1471 3075 rit,
1502 3029 1664 3076 reserent
1682 3027 1695 3050 ⁶
1723 3029 1775 3065 ad
1799 3034 1850 3073 te,
1880 3034 1913 3065 et
1941 3030 2010 3078 ipsi
2035 3029 2288 3065 tantummodo
2316 3030 2464 3066 minora

1406 3081 1574 3118 iudicent.
1617 3082 1665 3117 Et
1692 3080 1780 3117 ideo
1816 3081 1864 3117 ad
1893 3080 2061 3118 minores
2088 3080 2279 3130 principes
2307 3080 2464 3118 civitatis

1405 3133 1566 3183 pertinet
1585 3133 1788 3182 disponere
1809 3134 1855 3170 de
1875 3133 2012 3170 infimo
2031 3135 2196 3183 populo:
2222 3134 2270 3170 ad
2290 3146 2465 3170 summos

1406 3194 1535 3224 autem
1567 3186 1729 3235 pertinet
1757 3186 1960 3235 disponere
1990 3198 2035 3223 ea
2071 3199 2171 3235 quae
2200 3186 2388 3235 pertinent
2416 3187 2464 3223 ad

1405 3239 1570 3276 maiores
1590 3238 1759 3276 civitatis.
1790 3240 1863 3276 Per
1881 3238 2117 3288 baptismum
2136 3247 2266 3276 autem
2287 3251 2367 3276 non
2386 3239 2464 3276 adi-

1404 3292 1562 3341 piscitur
1589 3291 1724 3341 aliquis
1752 3291 1823 3329 nisi
1852 3292 2033 3329 infimum
2060 3292 2223 3340 gradum
2251 3291 2290 3328 in
2317 3293 2464 3341 populo

1407 3344 1634 3382 Christiano.
1665 3346 1713 3381 Et
1732 3345 1820 3382 ideo
1839 3344 2030 3394 baptizare
2050 3345 2210 3394 pertinet
2229 3345 2277 3381 ad
2296 3344 2465 3381 minores

1459 3460 1486 3492 γ)
1506 3460 1705 3485 ecclesiasticae.
1723 3474 1742 3478 -
1761 3459 1857 3487 PEFa,·
1875 3459 2006 3484 ecclesiae.

1459 3494 1484 3529 ὃ)
1505 3496 1629 3529 reserent.
1646 3509 1665 3514 -
1684 3496 1818 3528 referatur
1837 3495 1878 3519 ed.
1893 3502 1918 3523 a,
1937 3495 2068 3528 reseretur
2088 3494 2119 3523 Η,
2135 3494 2254 3528 referant
2268 3494 2276 3517 I
2290 3499 2314 3518 et
2333 3493 2465 3518 editiones.

2273 3588 2300 3606 11

2612 529 2618 535 .
2631 513 2651 535 C
2680 526 2692 531 -

2492 566 2547 587 Can.
2569 519 2691 596 Digdis‘cinos

2488 592 2622 640 {girl-iam,
2637 592 2690 614 dm.

2493 2091 2504 2101 ·
2519 2089 2585 2111 Vers.
2600 2096 2620 2112 2.

2493 2299 2503 2308 ·
2517 2297 2584 2320 Vers.
2602 2304 2633 2325 ¹7.

2493 2453 2503 2463 ·
2513 2452 2560 2479 Qu.
2567 2457 2628 2477 nxrv,
2637 2455 2679 2473 art.
2687 2458 2706 2478 ι,

2493 2478 2521 2500 ad
2535 2484 2560 2503 2:
2578 2482 2619 2500 an.
2635 2484 2654 2506 5,
2669 2484 2691 2506 9.

2494 2565 2504 2573 “
2518 2561 2585 2583 Vers.
2600 2567 2620 2583 2.

2493 2713 2627 2739 ¹1adCor.,
2633 2718 2683 2741 cap.
2689 2718 2704 2740 ι,

2493 2746 2553 2762 vers.
2570 2747 2604 2766 ¹4,
2617 2739 2650 2762 16.

2492 2982 2503 2993 ’
2517 2981 2583 3003 Vers.
2598 2986 2632 3002 2².
