2918 4088
176 1240 187 1251 ’
202 1239 270 1260 Vers.
287 1238 310 1260 6.

178 1506 187 1515 ·
203 1505 253 1526 Art.
271 1503 376 1531 praeced.

179 1659 188 1669 ·
204 1657 270 1678 Vei-s.
286 1663 317 1683 ¹7.

180 1926 244 1953 ·Qu.
252 1932 308 1952 an,
317 1930 358 1948 art.
367 1933 390 1954 5;

179 1959 218 1980 qu.
234 1959 299 1979 ιιιν,
315 1957 355 1974 nrt.
371 1959 391 1980 3.

180 2191 189 2200 ·
205 2189 271 2210 Vers.
286 2188 324 2215 46,
340 2194 376 2216 47.

179 2405 189 2414 ·
204 2403 256 2425 Art.
268 2408 286 2429 ι,
297 2402 325 2424 ad
337 2409 355 2428 ι,
367 2407 391 2426 2;

178 2434 220 2451 art.
236 2435 256 2451 2.

1042 185 1304 233 QUAESTIO
1333 183 1545 230 LXXXIV,
1575 180 1866 218 ARTICULUS
1894 180 1959 216 VII

1195 328 1513 372 ARTICULUS
1544 325 1811 369 SEPTIMUS

585 438 742 469 UTRUM
766 437 860 468 HOC
885 435 1218 467 SACRAMENTUM
1242 433 1401 465 FUERIT
1427 430 1771 462 CONVENIENTER
1795 428 2068 460 INSTITUTUM
2093 427 2136 458 IN
2159 426 2282 458 NOVA
2305 427 2422 458 LEGE

1248 513 1281 537 lV
1302 513 1384 541 Sent„
1405 511 1462 535 dist.
1482 518 1541 540 xxix,
1562 517 1606 542 qu.
1625 517 1652 539 11.
1672 515 1717 535 art.
1739 509 1763 534 3.

458 614 511 639 „-.=
538 618 589 644 '2
628 608 650 632 D
666 606 845 631 SEPTIMUM
865 606 916 630 Sic
936 604 1172 630 PROCEDITUR.
1194 591 1356 629 Videtur
1375 590 1481 639 quod

457 619 608 707 ᾌξιῖ
629 649 705 684 hoc
748 654 1031 684 sacramentum
1072 657 1152 682 non
1194 644 1304 681 fuerit
1340 655 1480 681 conve-

437 706 439 710 “
468 702 471 708 ’
496 718 550 737 ψ»
567 687 778 744 ’(’Πί6ῃῒ8ῑ
814 699 1029 736 institutum
1067 698 1107 734 in
1148 710 1252 734 nova
1289 699 1381 745 lege.
1425 697 1482 733 Ea

457 731 572 790 κᾷθ’)
587 747 736 791 &enim
764 765 863 801 quae
893 760 981 788 sunt
1004 752 1051 788 de
1072 751 1154 788 iure
1174 750 1349 797 naturali,
1379 749 1482 786 insti-

416 807 562 845 tutione
600 819 679 843 non
715 805 895 853 indigent.
940 805 1017 842 Sed
1053 804 1250 853 poenitere
1288 804 1335 840 de
1371 801 1482 839 malis

417 873 516 910 quae
546 859 631 909 quis
659 858 782 907 gessit,
811 866 867 894 est
895 858 943 895 de
963 857 1045 894 iure
1065 857 1246 893 naturali:
1277 868 1356 893 non
1377 855 1482 892 enim

416 921 541 963 potest
568 912 703 960 aliquis
732 911 882 947 bonum
911 909 1063 957 diligere
1092 909 1187 958 quin
1215 910 1263 946 de
1291 907 1482 945 contrario

417 967 554 1003 doleat.
598 965 700 1012 Ergo
736 975 815 1000 non
849 971 904 1000 est
937 962 1172 1011 poenitentia
1209 961 1484 998 convenienter

416 1018 585 1055 instituta
607 1017 651 1053 'in
679 1028 783 1052 nova
811 1017 902 1062 lege.

472 1083 505 1107 2.
536 1071 774 1111 Pmmsam,
813 1067 905 1104 illud
935 1067 1042 1116 quod
1070 1066 1139 1103 fuit
1174 1066 1213 1103 in
1241 1066 1360 1103 veteri
1388 1067 1481 1114 lege,

415 1122 693 1160 instituendum
722 1132 802 1156 non
823 1119 891 1156 fuit
912 1125 940 1156 α.
971 1119 1048 1156 Sed
1068 1119 1183 1155 etiam
1204 1119 1243 1155 in
1263 1118 1382 1155 veteri
1401 1120 1482 1166 lege

414 1176 484 1213 fuit
510 1173 762 1224 poenitentia:
802 1172 907 1208 unde
936 1179 972 1208 et
999 1171 1192 1208 Dominus
1221 1170 1481 1219 conqueritur,

415 1230 549 1266 Ierem.
570 1226 672 1273 V111*,
694 1225 842 1262 dicens:
873 1225 1010 1261 Nullus
1029 1230 1080 1260 est
1099 1226 1163 1273 qui
1180 1230 1271 1274 agat
1290 1225 1483 1272 poeniten-

415 1284 504 1319 tiam
532 1292 644 1329 super
664 1284 820 1327 peccato
847 1290 926 1323 suo,
956 1277 1092 1322 dicens,
1127 1277 1227 1319 Quid
1241 1278 1326 1325 feci
1331 1276 1353 1313 5>
1380 1277 1482 1324 Ergo

415 1332 651 1384 poenitentia
678 1343 758 1368 non
787 1330 920 1367 debuit
947 1329 1090 1366 institui
1118 1329 1157 1366 in
1185 1341 1289 1366 nova
1318 1330 1410 1378 lege.

471 1387 504 1423 3.
535 1387 775 1430 PRAETEREA,
804 1382 1038 1432 poenitentia
1058 1389 1340 1431 consequenter
1359 1394 1398 1418 se
1417 1382 1482 1418 ha-

415 1441 480 1478 bet
508 1439 557 1476 ad
585 1437 842 1487 baptismum:
883 1448 974 1472 curn
1003 1435 1048 1472 sit
1074 1435 1237 1472 secunda
1265 1435 1411 1481 tabula,
1442 1442 1483 1471 ut

416 1505 533 1543 supra
553 1491 574 1513 '¹‘
608 1491 754 1528 dictum
783 1497 849 1526 est.
894 1488 970 1526 Sed
1002 1488 1237 1538 poenitentia
1271 1488 1424 1525 videtur
1461 1500 1483 1524 a

415 1545 588 1584 Domino
618 1543 785 1580 instituta
813 1550 899 1579 ante
919 1541 1177 1591 baptismum:
1208 1554 1300 1578 nam
1320 1541 1359 1578 in
1378 1540 1482 1590 prin-

415 1599 517 1649 cipio
537 1594 831 1647 praedicationis
851 1607 943 1632 suae
963 1594 1097 1643 legitur
1115 1594 1309 1631 Dominus
1329 1594 1481 1641 dixisse,

416 1652 551 1689 Matth.
577 1663 611 1687 1v
635 1649 671 1686 *ε
711 1650 979 1686 Paenitentiam
1014 1649 1135 1698 agite:
1172 1649 1484 1697 appropinquabit

417 1707 516 1742 enim
545 1715 706 1753 regnum
735 1702 938 1738 caelorum.
969 1701 1070 1748 Ergo
1098 1702 1174 1737 hoc
1198 1708 1482 1737 sacramentum

417 1770 498 1795 non
532 1756 602 1794 fuit
636 1754 909 1792 convenienter
942 1753 1156 1790 institutum
1191 1753 1230 1790 in
1258 1766 1361 1790 nova
1390 1755 1481 1801 lege.

470 1822 506 1858 4.
537 1811 770 1855 PRAETEREA,
800 1814 1037 1844 sacramenta
1064 1819 1190 1843 novae
1218 1806 1308 1854 legis
1336 1806 1483 1843 institu-

416 1865 564 1902 tionem
591 1861 735 1898 habent
763 1873 785 1897 a
814 1859 982 1907 Christo,
1012 1872 1059 1896 ex
1086 1859 1196 1896 cuius
1224 1859 1363 1896 virtute
1392 1872 1483 1909 ope—

417 1925 562 1962 rantur,
591 1922 634 1951 ut
661 1925 778 1963 supra
796 1913 816 1934 '³‘
844 1912 991 1950 dictum
1015 1920 1080 1949 est.
1112 1912 1188 1949 Sed
1210 1912 1383 1972 Christus
1403 1925 1483 1950 non

416 1971 568 2008 videtur
600 1966 804 2004 instituisse
837 1966 913 2002 hoc
941 1973 1243 2003 sacramentum:
1283 1977 1375 2002 cum
1402 1965 1483 2015 ipse

416 2035 497 2061 non
525 2021 571 2058 sit
598 2032 691 2057 usus
721 2031 778 2066 eo,
800 2018 896 2055 sicut
915 2018 996 2055 aliis
1015 2017 1262 2055 sacramentis
1282 2030 1382 2067 quae
1402 2018 1483 2068 ipse

415 2074 585 2113 instituit.
620 2074 722 2120 Ergo
742 2072 818 2108 hoc
841 2079 1126 2108 sacramentum
1145 2083 1226 2107 non
1253 2070 1323 2108 fuit
1342 2083 1483 2108 conve-

416 2130 565 2166 nienter
592 2126 808 2163 institutum
837 2123 876 2160 in
905 2136 1008 2161 nova
1037 2125 1118 2171 lege
1138 2123 1163 2160 β.

470 2182 543 2218 SED
560 2191 705 2216 CONTRA
720 2189 785 2215 EST
801 2177 908 2226 quod
923 2176 1117 2214 Dominus
1132 2176 1233 2224 dicit,
1249 2178 1344 2214 Luc.
1362 2179 1427 2214 ult.
1443 2177 1480 2214 ³¹⁶:

420 2235 618 2285 Oportebat
650 2232 836 2269 Christum
858 2232 959 2280 pati,
989 2236 1022 2266 et
1050 2241 1250 2279 resurgere
1277 2243 1300 2267 α
1329 2233 1485 2268 mortuis

414 2289 473 2325 die
499 2288 618 2332 tertia,
647 2291 680 2322 et
706 2283 922 2333 praedicari
947 2285 984 2319 in
1015 2285 1166 2320 nomine
1193 2284 1270 2320 eius
1292 2285 1483 2333 poeniten-

414 2343 504 2378 tiam
533 2346 566 2376 et
594 2339 847 2376 remissionem
869 2334 1113 2385 'peccatorum
1137 2337 1174 2372 in
1195 2348 1324 2374 omnes
1342 2343 1482 2387 gentes.

469 2395 695 2443 RESPONDEO
724 2402 907 2427 DICENDUM
935 2390 1054 2438 quod,
1084 2388 1181 2426 sicut
1209 2389 1354 2427 dictum
1378 2398 1434 2427 est
1451 2390 1483 2438 ²¹⁸,

416 2447 455 2484 in
474 2447 551 2483 hoc
565 2450 804 2482 sacramento
824 2450 930 2480 actus
949 2442 1179 2492 poenitentis
1199 2455 1239 2480 se
1254 2443 1369 2480 habet
1388 2443 1485 2480 sicut

417 2498 593 2544 materia;
623 2498 662 2535 id
690 2504 820 2534 autern
849 2496 956 2545 quod
985 2504 1040 2533 est
1065 2508 1112 2532 ex
1130 2503 1237 2545 parte
1264 2496 1483 2545 sacerdotis,

417 2553 485 2602 qui
505 2558 686 2601 operatur
713 2557 755 2586 ut
774 2549 946 2586 minister
965 2549 1116 2596 Christi,
1138 2561 1177 2586 se
1198 2549 1314 2586 habet
1341 2557 1383 2586 ut
1410 2550 1484 2587 for-

418 2607 519 2643 male
547 2612 583 2641 et
611 2602 889 2652 completivum
917 2602 1157 2639 sacramenti.
1187 2602 1350 2650 Materia
1376 2615 1483 2651 vero,

418 2658 531 2696 etiam
552 2657 591 2694 in
620 2656 701 2694 aliis
720 2655 978 2702 sacramentis,
998 2655 1216 2704 praeexistit
1235 2667 1257 2692 a
1275 2663 1423 2703 natura,
1444 2664 1486 2693 ut

418 2724 531 2760 aqua,
551 2711 613 2747 vel
633 2710 681 2746 ab
701 2709 829 2759 aliqua
846 2714 863 2737 'f
882 2716 973 2754 arte,
993 2716 1036 2745 ut
1054 2708 1180 2758 panis:
1209 2708 1276 2745 sed
1304 2708 1411 2758 quod
1431 2717 1484 2746 ta-

417 2764 462 2801 lis
490 2762 649 2800 materia
686 2762 734 2799 ad
763 2769 1047 2799 sacramentum
1083 2769 1313 2808 assumatur,
1344 2762 1487 2811 indiget

417 2816 652 2854 institutione
682 2816 757 2852 hoc
784 2814 1073 2852 determinante.
1104 2815 1181 2852 Sed
1209 2815 1334 2852 forma
1363 2827 1485 2853 sacra-

418 2869 549 2914 menti,
571 2877 606 2905 et
629 2868 749 2905 virtus
769 2868 900 2918 ipsius,
920 2868 1082 2904 totaliter
1110 2875 1165 2904 est
1184 2880 1230 2904 ex
1250 2868 1485 2906 institutione

420 2922 570 2966 Christi,
600 2935 646 2959 ex
674 2921 784 2958 cuius
811 2921 989 2971 passione
1017 2920 1190 2970 procedit
1213 2920 1333 2958 virtus
1362 2934 1484 2959 sacra-

419 2982 652 3012 mentorum.
683 2974 745 3012 Sic
772 2974 884 3023 igitur
911 2974 1071 3011 materia
1089 2972 1102 2996 ⁶
1130 2974 1347 3023 praeexistit
1370 2987 1393 3011 a
1418 2987 1483 3011 na-

419 3036 515 3075 tura,
537 3041 583 3064 ex
610 3027 771 3065 naturali
791 3027 895 3064 enirn
917 3027 1062 3064 ratione
1091 3027 1212 3064 homo
1235 3035 1416 3064 movetur
1435 3028 1483 3064 ad

420 3080 695 3132 poenitendum
725 3081 773 3117 de
802 3079 911 3117 malis
934 3092 1034 3128 quae
1053 3079 1156 3116 fecit:
1188 3081 1254 3117 sed
1275 3080 1382 3129 quod
1408 3081 1484 3118 hoc

420 3134 481 3169 vel
514 3133 577 3169 illo
610 3134 729 3170 modo
765 3134 885 3170 homo
919 3132 1195 3181 poenitentiam
1224 3141 1319 3181 agat,
1349 3141 1404 3170 est
1437 3146 1483 3170 ex

422 3185 654 3221 institutione
683 3185 823 3222 divina.

475 3238 586 3274 Unde
615 3245 650 3273 et
678 3238 882 3284 Dominus,
908 3238 947 3274 in
974 3238 1163 3287 principio
1191 3238 1483 3286 praedicationis

1533 602 1636 636 suae,
1661 588 1820 625 indixit=
1840 587 2064 625 hominibus
2093 594 2135 623 ut
2163 598 2244 623 non
2273 587 2400 622 solum
2427 586 2598 635 poenite-

1533 650 1628 688 rent,
1649 643 1716 679 sed
1737 641 1851 679 etiam
1870 642 2137 691 poenitentiam
2157 645 2313 690 agerent
2331 638 2361 686 ²⁸,
2383 637 2600 687 significans
2626 647 2636 657 ·
2652 645 2687 667 Cf·
2702 650 2750 672 arz-
2764 651 2786 674 3·

1534 695 1806 732 determinatos
1835 694 1975 731 modos
2001 701 2159 730 actuum
2188 692 2255 742 qui
2283 691 2534 741 requiruntur
2551 691 2601 729 ad

1533 749 1610 785 hoc
1637 755 1933 785 sacramentum.
1965 747 2042 784 Sed
2070 746 2108 782 id
2133 745 2241 795 quod
2265 744 2429 794 pertinet
2447 744 2497 782 ad
2516 744 2600 782 offi-

1533 801 1638 838 cium
1658 801 1936 846 ministrorum,
1957 798 2227 836 determinavit
2247 798 2384 835 Matth.
2404 809 2463 835 xw
2482 797 2513 844 ²¹²,
2533 796 2602 834 ubi

1534 854 1626 891 dixit
1646 855 1776 891 Petro:
1812 855 1897 891 Tibi
1913 854 2009 890 dabo
2029 853 2152 890 claves
2170 853 2284 902 regni
2304 851 2509 897 caelorum,
2530 858 2599 887 etc.

1534 907 1758 944 Efficaciam
1787 915 1916 943 autem
1942 905 2058 942 huius
2087 904 2327 952 sacramenti,
2349 911 2385 941 et
2413 903 2602 952 originem

1533 959 1683 996 virtutis
1720 959 1814 1003 eius,
1853 958 2108 996 manifestavit
2144 965 2232 1007 post
2269 956 2601 1003 resurrectionem,

1533 1014 1629 1049 Luc.
1659 1013 1725 1049 ult.
1746 1012 1784 1058 ²¹⁸,
1814 1012 1882 1049 ubi
1910 1011 2002 1048 dixit
2030 1011 2137 1060 quod
2166 1013 2358 1061 oportebat
2384 1010 2605 1060 praedicari

1534 1067 1571 1101 in
1593 1067 1743 1102 nomine
1762 1067 1839 1101 eius
1851 1066 2119 1114 poenitentiam
2139 1069 2172 1100 et
2191 1065 2445 1101 remissionem
2467 1075 2603 1113 pecca-

1533 1123 1656 1154 torum
1676 1119 1714 1154 in
1735 1130 1863 1154 omnes
1887 1123 2027 1166 gentes,
2057 1115 2271 1166 praemisso
2291 1116 2339 1154 de
2358 1115 2538 1165 passione
2567 1122 2604 1152 et

1534 1169 1832 1207 resurrectione:
1862 1169 2001 1206 virtute
2026 1168 2130 1206 enim
2150 1168 2320 1206 nominis
2347 1170 2433 1206 Iesu
2463 1167 2604 1206 Christi

1534 1222 1711 1272 patientis
1740 1230 1775 1259 et
1799 1221 2029 1270 resurgentis
2057 1222 2133 1258 hoc
2161 1229 2448 1258 sacramentum
2476 1221 2603 1258 effica-

1534 1275 1635 1312 ciam
1663 1275 1779 1312 habet
1806 1275 1855 1312 ad
1883 1274 2154 1311 remissionem
2181 1282 2444 1323 peccatorum.
2474 1274 2523 1311 Et
2551 1273 2605 1310 sic

1534 1336 1638 1377 patet
1674 1327 1949 1365 convenienter
1985 1327 2062 1363 hoc
2099 1334 2386 1364 sacramentum
2423 1326 2463 1364 in
2500 1338 2606 1363 nova

1534 1382 1615 1429 lege
1643 1381 1760 1418 fuisse
1789 1380 2018 1417 institutum.

1587 1435 1645 1471 AD
1674 1446 1810 1471 PRIMUM
1838 1446 1937 1471 ERGO
1971 1445 2155 1470 DICENDUM
2184 1433 2292 1482 quod
2320 1432 2369 1470 de
2389 1432 2471 1469 iure
2493 1439 2604 1469 natu-

1534 1487 1602 1524 rali
1640 1495 1695 1524 est
1730 1487 1837 1536 quod
1872 1485 2009 1536 aliquis
2045 1485 2239 1535 poeniteat
2276 1485 2324 1522 de
2357 1485 2469 1523 malis
2504 1497 2604 1535 quae

1532 1540 1630 1587 fecit,
1660 1547 1852 1590 quantum
1880 1540 1929 1576 ad
1957 1539 2034 1576 hoc
2062 1539 2170 1588 quod
2198 1539 2325 1575 doleat
2344 1551 2384 1576 se
2402 1538 2547 1585 fecisse,
2569 1546 2607 1576 et

1534 1593 1678 1632 doloris
1707 1592 1927 1630 remedium
1955 1599 2115 1642 quaerat
2142 1603 2212 1641 per
2235 1591 2406 1641 aliquem
2425 1591 2603 1639 modum,

1534 1655 1571 1684 et
1590 1647 1698 1697 quod
1718 1646 1833 1683 etiam
1852 1645 1980 1695 aliqua
2000 1645 2106 1693 signa
2126 1644 2483 1682 doloris'ostendat:
2509 1643 2606 1682 sicut

1533 1700 1729 1738 Ninivitae
1747 1700 1930 1745 fecerunt,
1951 1706 1993 1735 ut
2011 1697 2147 1747 legitur
2165 1699 2280 1735 Ionae
2296 1710 2329 1735 111
2342 1697 2373 1734 ³¹².
2399 1699 2442 1735 In
2462 1697 2605 1747 quibus

1534 1762 1665 1791 tamen
1693 1752 1837 1802 aliquid
1869 1751 1939 1788 fuit
1966 1751 2193 1788 adiunctum
2220 1750 2312 1788 fidei
2344 1763 2465 1800 quam
2493 1763 2604 1801 cepe-

1534 1814 1620 1844 rant
1639 1806 1651 1831 (
1671 1818 1718 1843 ex
1735 1805 2020 1855 praedicatione
2038 1805 2174 1841 Ionae:
2204 1811 2247 1840 ut
2266 1803 2406 1841 scilicet
2424 1804 2501 1841 hoc
2519 1816 2604 1853 age-

1535 1868 1619 1898 rent
1656 1859 1728 1896 sub
1765 1870 1833 1908 spe
1861 1857 1998 1904 veniae
2036 1857 2335 1906 consequendae
2371 1869 2394 1894 a
2421 1857 2520 1906 Deo,
2550 1870 2605 1895 se-

1535 1913 1711 1951 cundum
1734 1911 1827 1948 illud
1847 1911 1955 1960 quod
1974 1910 2110 1959 legitur
2128 1910 2181 1947 ibi
2199 1910 2238 1947 *z
2275 1911 2366 1953 Quis
2383 1911 2450 1947 scit
2467 1913 2501 1947 si
2517 1923 2605 1948 con-

1533 1972 1699 2005 vertatur
1726 1971 1760 2001 et
1787 1966 1957 2014 ignoscat
1983 1965 2098 2009 Deus,
2127 1969 2160 1999 et
2188 1969 2396 2000 revertatur
2423 1975 2447 2000 a
2471 1964 2607 2010 furore

1534 2022 1616 2056 irae
1642 2030 1744 2064 suae,
1774 2023 1807 2054 et
1835 2029 1909 2053 non
1923 2015 2160 2066 peribimus?
2189 2015 2277 2063 Sed,
2298 2015 2396 2053 sicut
2414 2015 2486 2054 alia
2505 2029 2606 2066 quae

1535 2080 1624 2109 sunt
1642 2072 1690 2108 de
1710 2071 1793 2108 iure
1812 2069 1975 2106 naturali
1994 2068 2356 2106 determinationem
2375 2077 2607 2119 acceperunt
2648 2066 2652 2076 ’

1535 2138 1581 2162 ex
1601 2122 1837 2161 institutione
1857 2121 1948 2171 legis
1968 2121 2134 2169 divinae,
2150 2129 2192 2158 ut
2206 2121 2246 2158 in
2262 2121 2443 2160 Secunda
2461 2123 2572 2160 Parte
2586 2122 2607 2145 '⁸

1535 2178 1683 2216 dictum
1711 2184 1778 2224 est,
1808 2175 1858 2212 ita
1886 2175 2002 2212 etiam
2031 2182 2067 2212 et
2093 2174 2342 2224 poenitentia.

1588 2232 1646 2268 An
1666 2242 1857 2268 SECUNDUM
1875 2240 2059 2266 DmENDUM
2082 2228 2191 2277 quod
2219 2240 2265 2266 ea
2288 2240 2388 2278 quae
2407 2236 2497 2266 sunt
2515 2228 2607 2274 iuris

1535 2283 1718 2322 naturalis
1746 2281 2007 2320 diversimode
2035 2281 2397 2319 determinationem
2416 2281 2609 2332 accipiunt

1536 2338 1576 2375 in
1603 2336 1723 2375 veteri
1752 2344 1788 2373 et
1815 2347 1919 2372 nova
1946 2336 2039 2383 lege,
2069 2334 2287 2372 seeundum
2306 2334 2414 2384 quod
2433 2334 2610 2384 congruit

1536 2388 1816 2441 imperfectioni
1843 2387 1983 2426 veteris
2010 2387 2102 2436 legis
2138 2395 2174 2424 et
2205 2387 2431 2438 perfectioni
2468 2400 2607 2426 novae.

1536 2444 1649 2482 Unde
1678 2451 1714 2480 et
1742 2441 1977 2492 poenitentia
1995 2440 2035 2478 in
2053 2440 2173 2478 veteri
2192 2442 2273 2489 lege
2296 2441 2468 2491 aliquam
2487 2442 2608 2479 deter-

1536 2496 1792 2535 minationem
1820 2494 1966 2532 habuit.
2001 2495 2205 2541 Quantum
2234 2493 2394 2543 quidem
2422 2494 2471 2532 ad
2500 2495 2608 2533 dolo-

1537 2563 1638 2597 rem,
1669 2557 1711 2586 ut
1739 2555 1837 2586 esset
1864 2547 1985 2597 magis
2013 2547 2053 2584 in
2081 2547 2198 2584 corde
2231 2559 2348 2596 quam
2379 2547 2419 2584 in
2447 2546 2608 2586 exterio-

1537 2603 1644 2641 ribus
1679 2601 1811 2651 signis:
1851 2601 2069 2638 secundum
2103 2600 2198 2637 illud
2233 2600 2410 2648 10e111*,
2447 2601 2609 2639 Scindite

1537 2656 1652 2694 corda
1680 2661 1814 2701 vestra,
1840 2661 1873 2692 et
1901 2667 1975 2691 non
2003 2655 2219 2692 uestimenta
2241 2659 2374 2692 vestra.
2404 2654 2608 2702 Quantum

1538 2717 1670 2747 autem
1707 2709 1756 2746 ad
1793 2707 2011 2745 remedium
2049 2706 2193 2744 doloris
2232 2707 2522 2756 quaerendum,
2565 2715 2608 2753 ut

1537 2762 1668 2812 aliquo
1706 2761 1827 2799 modo
1856 2759 2038 2798 ministris
2066 2760 2139 2797 Dei
2166 2767 2323 2810 peccata
2351 2772 2422 2798 sua
2449 2759 2607 2805 confite-

1537 2823 1689 2862 rentur,
1725 2814 1773 2852 ad
1802 2813 1932 2851 minus
1964 2813 2004 2850 in
2035 2813 2222 2861 generali:
2259 2813 2364 2850 unde
2399 2812 2606 2860 Dominus,

1538 2871 1652 2907 Levit.
1668 2881 1692 2905 v
1710 2868 1742 2916 ²¹³,
1762 2867 1866 2904 dicit:
1886 2868 2027 2904 Anima
2054 2879 2149 2916 quae
2170 2867 2380 2916 peccaverit
2401 2877 2474 2914 per
2497 2867 2606 2920 igno-

1537 2924 1712 2967 rantiam,
1742 2920 1874 2970 offeret
1892 2921 2045 2957 arietem
2064 2920 2345 2956 immaculatum
2363 2918 2409 2956 de
2425 2920 2608 2970 gregibus

1535 2975 1729 3020 sacerdoti,
1758 2975 1863 3011 iuxta
1891 2985 2106 3013 mensuram
2135 2973 2499 3023 aestimationemque
2520 2984 2606 3022 pec-

1536 3030 1628 3065 cati.-
1656 3029 1720 3077 qui
1746 3028 1867 3064 orabit
1892 3038 1967 3076 pro
1996 3038 2039 3062 eo
2068 3025 2169 3074 quod
2200 3025 2365 3062 nesciens
2392 3024 2543 3072 fecerit,
2573 3031 2607 3062 et

1537 3082 1735 3118 dimittetur
1753 3081 1788 3116 ei
1793 3093 1806 3124 ;
1833 3079 1873 3116 in
1902 3079 1978 3115 hoc
1997 3077 2102 3114 enirn
2120 3077 2205 3126 ipso
2233 3076 2341 3126 quod
2369 3076 2606 3116 oblationem

1537 3133 1696 3171 faciebat
1725 3131 1862 3181 aliquis
1893 3143 1964 3180 pro
1992 3137 2150 3179 peccato
2179 3142 2271 3176 suo,
2308 3130 2605 3178 quodammodo

1537 3193 1740 3235 peccatum
1760 3196 1876 3222 suum
1896 3182 2083 3220 sacerdoti
2102 3182 2379 3228 confitebatur;
2409 3191 2445 3220 et
2472 3195 2605 3221 secun-

1538 3240 1634 3275 dum
1663 3239 1739 3274 hoc
1767 3237 1904 3274 dicitur
1921 3238 2100 3274 Proverb.
2120 3248 2226 3272 xxvnl
2246 3235 2285 3272 *z
2319 3237 2396 3278 Qui
2415 3238 2607 3275 abscondit

478 3347 505 3382 α)
517 3349 586 3381 suit.
598 3363 617 3366 —
630 3349 655 3373 in
671 3356 738 3374 nova
758 3350 854 3374 addunt
873 3350 1011 3381 editiones;
1027 3351 1053 3374 in
1067 3358 1136 3375 nova
1149 3352 1207 3383 Iege
1220 3357 1278 3375 ante
1294 3352 1485 3377 instituendum

424 3384 521 3408 addunt
539 3384 613 3413 FsG;
634 3384 851 3409 instituendum...
870 3386 953 3409 veteri
971 3386 1028 3417 lege
1047 3393 1099 3410 om.
1119 3386 1185 3410 EHI.

479 3417 503 3451 β)
525 3419 676 3447 Praeterea,
695 3423 888 3444 sacramenta...
909 3421 974 3452 lege.
991 3435 1010 3438 —
1027 3420 1114 3444 Tertia
1133 3426 1158 3445 et
1171 3428 1187 3444 α
1200 3420 1257 3453 (sed
1271 3429 1288 3445 a
1302 3429 1349 3453 pro
1363 3425 1391 3446 ut
1404 3429 1486 3454 supra

426 3453 487 3485 legit
506 3457 534 3477 ut
552 3461 630 3485 saepe
648 3460 673 3478 et
691 3463 743 3478 om.
764 3454 818 3485 ipse
837 3455 921 3486 primo
940 3455 1022 3489 loco);
1042 3463 1095 3480 om.

478 3488 505 3522 γ)
524 3489 622 3521 aliqua.
641 3503 659 3507 —
678 3490 738 3515 Om.
758 3489 841 3514 tertia.

1592 3352 1617 3386 δ)
1638 3353 1760 3377 materia.
1786 3366 1806 3370 -
1833 3352 1910 3376 huius
1937 3351 2101 3376 sacramenti
2128 3351 2242 3376 materia
2261 3351 2281 3377 F
2301 3357 2326 3376 et
2344 3352 2426 3377 tertia.
2454 3366 2473 3370 —
2500 3352 2606 3377 ratione

1540 3388 1596 3411 FsE
1616 3393 1641 3412 et
1660 3387 1799 3417 editiones;
1814 3387 1958 3418 positione.

1593 3421 1615 3454 ε)
1636 3423 1747 3447 indixit.
1765 3436 1784 3440 -
1802 3422 1876 3446 dixit
1894 3422 1990 3453 ABpG,
2010 3422 2120 3446 induxit
2139 3421 2158 3446 1.

1592 3457 1618 3489 ζ)
1636 3460 1770 3489 ceperant.
1787 3471 1806 3476 ·-
1825 3461 1982 3488 acceperant
2000 3457 2031 3487 1),
2050 3461 2226 3489 conceperant
2245 3457 2264 3482 F
2284 3463 2309 3482 et
2328 3458 2409 3483 tertia.

2628 805 2638 815 ·
2653 803 2722 826 Vei-⁸.
2738 809 2773 832 ¹9-

2627 1013 2713 1063 ἔαξε-α
2723 1006 2772 1042 arg.
2794 1012 2848 1035 Sed

2631 1704 2641 1715 ·
2655 1703 2724 1726 νει-ι.
2736 1710 2752 1731 4
2765 1709 2821 1732 sqq.

2631 1918 2642 1928 ·
2657 1915 2725 1939 νει-ι.
2742 1922 2765 1945 9.

2633 2119 2808 2175 :taff-‘'cir-
2822 2131 2852 2153 ⁸⁷

2633 2182 2778 2208 qudam
2817 2183 2831 2202 ι

2633 2211 2765 2255 ἐπῆ-ω’
2810 2211 2851 2234 ·³⁷

2633 2608 2644 2622 ⁸
2658 2606 2727 2629 ven.
2744 2614 2751 2630 ι
2753 2613 2775 2636 3.

2633 2875 2644 2886 ·
2657 2873 2727 2896 Vm.
2743 2880 2776 2902 ¹7,
2793 2874 2830 2897 18.

2633 3243 2643 3254 ·
2657 3241 2725 3264 vers.
2742 3247 2775 3271 ¹³·
