2918 4088
98 575 110 586 '¹
123 574 191 597 Vei-s.
207 580 242 596 ιο.

196 737 214 754 α

97 790 109 801 ·
121 790 191 811 Auct.
206 788 287 812 incert-

96 842 108 853 '¹
173 856 179 863 .
197 841 227 863 Su·
243 841 296 869 quis

97 873 165 890 nnn.

94 1153 281 1183 'An-¹1⁴1&

998 177 1261 225 QUAESTIO
1290 177 1445 224 LXXII,
1479 177 1772 215 ARTICULUS
1800 179 1851 215 XI

339 255 485 293 dictum
513 263 568 292 est
585 256 623 302 ²⁸,
659 268 739 293 non
767 256 968 294 exhibetur
994 255 1066 292 nisi
1094 255 1303 305 baptizato,
1333 252 1400 302 qui

339 307 417 345 iam
436 316 491 345 est
510 309 733 346 membrum
758 309 960 347 Ecclesiae.
990 310 1092 356 Ergo
1118 309 1269 345 videtur
1292 306 1400 355 quod

338 372 420 397 non
447 361 585 398 debeat
612 374 681 411 per
708 362 826 399 aliurn
855 362 1024 399 exhiberi
1052 361 1235 411 episcopo
1257 359 1305 397 ad
1325 360 1401 395 hoc

339 422 624 451 sacramentum
652 415 928 465 recipiendum.

394 466 427 503 3.
458 467 689 514 PRAETEREA,
719 469 795 505 hoc
822 474 1104 505 sacramentum
1132 466 1244 502 datur
1271 464 1320 501 ad
1340 475 1400 501 ro-

338 518 413 556 bur
439 519 643 568 spirituale.
673 521 792 568 Quod
820 521 940 569 magis
967 520 1068 567 viget
1095 519 1135 555 in
1161 517 1252 554 viris
1280 529 1400 566 quam

338 570 379 608 in
396 572 641 610 mulieribus:
672 573 888 611 secundum
915 573 1007 610 illud
1026 574 1137 609 Prov.
1158 572 1222 607 ult.
1244 570 1280 606 *ε
1310 572 1399 607 Mu-

337 624 466 662 lierem
496 626 642 674 fortem
684 629 763 676 quis
803 625 992 664 inveniet?
1037 625 1138 672 Ergo
1180 623 1229 660 ad
1271 622 1400 659 minus

337 677 477 715 mulier
503 690 583 715 non
611 679 724 717 debet
750 687 878 716 tenere
906 678 1035 715 virum
1063 677 1113 714 ad
1140 675 1400 713 confirmatio-

337 742 430 767 nem
450 736 478 767 α.

391 783 465 821 SED
498 796 642 822 CONTRA
675 797 740 822 EST
772 784 879 834 quod
907 783 1150 820 Innocentius
1173 783 1278 831 Papa
1296 781 1316 803 ²⁸
1343 781 1399 818 di-

336 835 397 882 cit,
427 843 463 872 et
490 836 653 874 habetur
685 837 725 874 in
758 839 940 882 Decretis,
978 837 1104 883 XXX,
1134 848 1199 885 qu.
1229 848 1263 872 1v
1281 834 1320 871 *ε
1360 836 1402 871 Si

336 890 416 938 quis
442 901 493 926 ex
509 891 685 940 coniugio
692 891 821 939 filium
841 896 904 927 aut
910 890 1038 938 filiam
1058 890 1207 926 alterius
1227 889 1273 925 de
1289 900 1398 925 sacro

325 942 437 990 fonte
455 945 662 992 susceperit,
681 949 745 980 aut
763 944 814 980 ad
825 944 986 980 chrisma
1004 944 1170 988 tenuerit,
1187 949 1256 979 etc.
1282 942 1397 989 Ergo,

335 993 432 1031 sicut
454 995 658 1044 requiritur
685 997 792 1045 quod
812 995 948 1045 aliquis
966 995 1201 1045 baptizatum
1222 995 1270 1032 de
1290 1006 1397 1031 sacro
1438 1030 1441 1032 μ

334 1047 438 1084 fonte
466 1049 576 1094 levet,
605 1048 656 1086 ita
682 1049 796 1086 debet
820 1049 956 1099 aliquis
974 1048 1094 1086 teneri
1113 1049 1163 1086 ad
1182 1059 1397 1085 sacramen-

334 1107 419 1138 tum
447 1101 750 1140 confirmationis
778 1102 1058 1152 accipiendum.

388 1154 613 1192 Responnsso
641 1167 822 1193 DICENDUM
851 1155 977 1204 quod,
1008 1155 1104 1192 sicut
1132 1155 1274 1192 dictum
1296 1161 1352 1190 est
1365 1154 1396 1203 ³¹³,

335 1206 412 1243 hoc
449 1215 732 1245 sacramentum
770 1208 970 1246 exhibetur
1005 1207 1154 1245 homini
1195 1209 1243 1246 ad
1279 1208 1398 1245 robur

295 1262 301 1268 '
335 1270 488 1309 pugnae
517 1260 729 1310 spiritualis.
761 1261 867 1299 Sicut
894 1269 1023 1298 autem
1052 1261 1188 1311 aliquis
1215 1263 1263 1299 de
1291 1273 1397 1299 novo

87 2381 302 2410 ·Regiet.1ib.1v,
352 2367 362 2390 ¹*
410 2382 423 2391 ’
446 2382 457 2391 *

90 2407 302 2436 Epami-cizan.

9 2419 49 2462 ᾇ,
89 2433 201 2457 Per-venie

336 1319 449 1350 natus
476 1312 617 1361 indiget
641 1314 866 1352 instructore
886 1314 925 1351 in
945 1314 1004 1351 his
1023 1327 1122 1364 quae
1142 1315 1331 1364 pertinent
1349 1315 1398 1352 ad

319 1366 670 1404 conversationem
686 1366 701 1397 β
718 1367 830 1415 vitae,
851 1367 1067 1405 secundum
1087 1368 1179 1405 illud
1197 1370 1352 1406 Heb.xn
1366 1368 1397 1416 ²¹⁸,

335 1419 465 1455 Patres
493 1419 638 1469 quidem
662 1422 787 1457 carnis
806 1426 953 1458 nostrae
970 1422 1165 1458 habuimus
1184 1422 1396 1468 eruditores,

336 1477 371 1508 et
397 1473 740 1522 obtemperabamus
767 1476 819 1510 eis
836 1479 871 1519 γ;
901 1473 952 1511 ita
979 1473 1030 1510 illi
1058 1474 1125 1523 qui
1148 1482 1399 1511 assumuntur-

336 1524 386 1561 ad
412 1535 596 1573 pugnam,
625 1525 794 1574 indigent
813 1526 1070 1563 eruditoribus
1098 1539 1121 1564 a
1140 1527 1282 1575 quibus
1301 1525 1314 1549 ὃ
1342 1527 1398 1564 in-

387 1635 414 1670 α)
434 1637 536 1670 Ενςο...
554 1638 791 1671 confirmationem.
808 1652 828 1657 -
846 1639 879 1669 Ρ;
900 1639 974 1672 Ergo
993 1640 1089 1664 mulier
1107 1647 1159 1665 non
1179 1640 1255 1664 debet
1279 1641 1394 1672 aliquem

332 1674 422 1697 tenere
439 1673 548 1704 quando
568 1673 745 1705 confirmatur
762 1674 792 1703 F..
813 1674 887 1707 Ergo
906 1682 957 1699 non
977 1682 994 1699 a
1014 1675 1123 1700 muliere
1140 1676 1189 1700 sed
1205 1683 1222 1699 a
1242 1676 1300 1700 viro
1319 1676 1395 1700 debet

331 1707 531 1740 confirmandus
549 1708 636 1733 teneri
653 1707 685 1739 sl,
704 1716 758 1733 om.
778 1710 863 1733 ceteri.

2442 180 2511 217 135

1455 263 1648 292 struantur
1675 256 1722 293 de
1752 256 1810 292 his
1838 269 1937 305 quae
1965 257 2153 306 pertinent
2181 259 2230 295 ad
2249 260 2414 296 modum
2435 272 2514 297 cer-

1454 308 1623 355 taminis;
1654 316 1690 345 et
1708 308 1795 345 ideo
1821 308 1859 345 in
1879 309 1983 346 bellis
2003 310 2259 347 materialibus
2279 312 2514 350 constituun-

1454 368 1517 397 tur
1543 361 1662 398 duces
1694 369 1731 398 et
1758 362 2017 407 centuriones,
2057 375 2125 411 per
2153 375 2251 411 quos
2286 364 2346 401 alii
2378 366 2514 412 guber-

1455 421 1605 450 nentur.
1635 415 1683 451 Et
1710 422 1867 463 propter
1893 415 1969 451 hoc
1991 414 2104 451 etiam
2123 415 2182 451 ille
2202 415 2269 464 qui
2288 417 2421 466 accipit
2439 419 2515 455 hoc

1455 474 1754 513 sacramentum,
1790 467 1838 503 ab
1867 466 1940 503 alio
1969 475 2134 514 tenetur,
2164 468 2273 516 quasi
2301 481 2369 517 per
2396 470 2514 508 alium

1454 519 1494 555 in
1522 531 1652 568 pugna
1671 525 1683 541 ⁸
1711 519 1956 556 erudiendus.

1509 571 1718 610 Similiter‘
1746 572 1878 619 etiam,
1908 572 1999 621 quia
2032 584 2102 621 per
2129 574 2204 609 hoc
2232 582 2515 612 sacramentum

1454 626 1647 662 confertur
1670 625 1820 662 homini
1839 625 2018 674 perfectio
2038 625 2239 674 spiritualis
2259 626 2399 674 aetatis,
2420 627 2515 665 sicut

1454 678 1599 715 dictum
1629 686 1685 715 est
1702 678 1738 724 *3
1768 678 1856 714 ideo
1886 678 1944 715 ille
1973 678 2041 727 qui
2068 678 2118 715 ad
2137 679 2213 715 hoc
2232 687 2514 717 sacramentum

1453 731 1614 778 accedit,
1650 738 1895 778 sustentatur,
1932 730 2042 779 quasi
2078 731 2206 768 adhuc
2240 731 2478 780 spiritualiter
2497 739 2514 760 η

1453 784 1650 821 imbecillis
1678 792 1714 821 et
1741 796 1850 833 puer.

1506 839 1562 874 Ao
1592 849 1726 875 PRIMUM
1755 849 1852 874 ERGO
1882 849 2064 874 mcENDUM
2092 837 2220 886 quod,
2249 836 2334 874 licet
2361 837 2420 874 ille
2449 838 2516 887 qui

1453 890 1707 927 confirmatur
1747 890 1793 927 sit
1834 890 1986 927 adultus
2027 889 2290 939 corporaliter,
2338 891 2515 928 nondum

1451 951 1582 981 tamen
1610 951 1666 980 est
1694 943 1846 980 adultus
1874 942 2123 992 spiritualiter.

1505 999 1562 1034 AD
1583 1009 1772 1034 SECUNDUM
1791 1008 1973 1033 met-:NDUM
1992 996 2112 1045 quod,
2131 996 2216 1033 licet
2235 996 2446 1045 baptizatus
2469 996 2515 1033 sit

1452 1050 1610 1087 effectus
1638 1049 1861 1086 membrum
1890 1048 2092 1096 Ecclesiae,
2115 1049 2290 1086 nondum
2310 1057 2440 1087 tamen
2459 1058 2515 1087 est

1451 1103 1664 1152 adscriptus
1691 1101 1845 1139 militiae
1866 1101 2114 1139 Christianae.
2144 1103 2192 1139 Et
2210 1102 2298 1139 ideo
2318 1101 2512 1152 episcopo,

1450 1164 1637 1205 tanquam
1664 1155 1754 1192 duci
1774 1154 1970 1202 exercitus,
1991 1167 2060 1204 per
2078 1155 2194 1192 alium
2217 1155 2418 1192 exhibetur
2435 1155 2513 1192 iam

1451 1209 1605 1246 militiae
1635 1207 1873 1246 Christianae.
1890 1207 2136 1257 adscriptum.
2166 1209 2259 1246 Non
2278 1208 2382 1245 enim
2401 1208 2514 1245 debet

1452 1262 1571 1299 alium
1597 1262 1644 1299 ad
1665 1261 2000 1299 confirmationem
2019 1269 2147 1298 tenere
2175 1261 2243 1310 qui
2261 1262 2439 1298 nondum
2458 1269 2514 1298 est

1451 1315 1702 1352 confirmatus
1721 1314 1751 1351 ²⁸.

1504 1370 1561 1405 An
1589 1380 1748 1405 TERTIUM
1775 1379 1955 1405 mmmmm
1990 1367 2116 1416 quod,
2150 1367 2247 1404 sicut
2274 1366 2411 1404 dicitur
2441 1368 2512 1404 Co-

1451 1422 1532 1458 loss.
1554 1433 1587 1457 111
1604 1420 1635 1464 ³¹⁸,
1665 1422 1702 1457 in
1735 1421 1878 1457 Christo
1906 1423 1991 1457 Iesu
2020 1433 2094 1457 non
2115 1426 2166 1457 est
2183 1420 2368 1457 masculus
2396 1433 2513 1470 neque

1441 1475 1604 1523 femina.
1626 1466 1683 1510 'Et
1710 1473 1797 1510 ideo
1825 1485 1906 1509 non
1925 1473 2050 1510 differt
2077 1481 2208 1510 utrum
2229 1474 2423 1510 masculus
2450 1475 2513 1511 vel

1450 1526 1593 1564 femina
1620 1534 1747 1563 teneat
1774 1525 1942 1575 aliquem
1970 1526 2010 1563 in
2037 1526 2341 1563 confirmatione.

1502 1638 1528 1673 ὃ)
1547 1647 1565 1664 α
1583 1640 1686 1672 quibus.
1703 1653 1723 1658 -
1741 1639 1815 1669 Pl-lc3
1834 1640 1935 1672 quibus.

1503 1675 1526 1707 ε)
1541 1682 1645 1708 pugna.
1663 1689 1682 1694 -
1699 1675 1835 1706 spirituali
1857 1675 1953 1699 addunt
1971 1675 1990 1699 F
2011 1680 2036 1700 et
2053 1676 2134 1700 tertia.

1500 1709 1526 1744 ζ)
1546 1710 1684 1735 Similiter.
1698 1725 1717 1729 —
1733 1710 1757 1735 sl
1776 1717 1793 1734 a
1812 1715 1837 1734 et
1855 1711 1991 1740 editiones;
2012 1711 2106 1736 Simul.

385 1740 410 1776 β)
429 1743 665 1768 conversationem.
682 1757 702 1762 -
718 1745 944 1769 conservationem
965 1745 992 1776 P,
1011 1745 1239 1778 confirmationem
1258 1746 1287 1770 F.

1500 1746 1527 1779 η)
1547 1746 1732 1778 spiritualiter.
1750 1759 1770 1764 -
1787 1745 1866 1770 EFsB
1885 1751 1910 1770 et
1928 1746 2001 1770 tertia
2026 1752 2127 1778 praeter
2146 1747 2168 1776 1;
2192 1753 2245 1771 om.
2264 1746 2282 1777 1,
2301 1746 2451 1778 spiritualis
2470 1753 2512 1771 ce-

382 1780 411 1812 γ)
429 1778 674 1810 obtemperabamus
692 1779 738 1805 eis.
756 1793 775 1798 -
793 1781 980 1805 reverebamur
998 1787 1042 1805 eos
1061 1781 1089 1806 P.

1448 1782 1504 1807 teri.
1522 1796 1542 1801 —-
1560 1782 1610 1806 Pro
1628 1785 1654 1806 et
1669 1788 1747 1813 puer,
1768 1785 1798 1806 ut
1810 1788 1882 1813 puer
1899 1781 1939 1806 ed.
1959 1788 1985 1806 a.

1286 1861 1553 1871 ΝΜ

1076 1928 1397 1971 ARTICULUS
1431 1928 1768 1972 UNDECIMUS

685 2025 842 2056 UTRUM
866 2025 1002 2057 soms
1025 2026 1258 2058 EPISCOPUS
1280 2026 1374 2058 Hoc
1398 2027 1733 2059 SACRAMENTUM
1757 2027 1990 2059 CONFERRE
2013 2027 2160 2059 possm

427 2111 518 2144 Supra,
538 2119 582 2144 qu.
601 2119 657 2142 ιιν,
677 2118 723 2137 art.
745 2112 767 2142 3,
787 2113 818 2137 ad
841 2112 867 2143 3;
887 2113 921 2137 lV
941 2113 1023 2142 Seni„
1044 2113 1103 2139 dist.
1121 2121 1148 2144 n,
1168 2121 1212 2146 qu.
1231 2121 1258 2143 11,
1278 2119 1324 2139 art.
1342 2121 1367 2145 4,
1388 2115 1419 2139 ad
1440 2121 1470 2145 1;
1489 2115 1547 2140 dist.
1566 2123 1610 2145 vn,
1629 2123 1675 2148 qu.
1694 2123 1731 2145 111,
1750 2121 1795 2141 nrt.
1817 2122 1844 2147 1;
1865 2116 1923 2140 dist.
1941 2123 1994 2145 xm,
2014 2124 2058 2148 qu.
2076 2123 2094 2147 ι,
2113 2121 2159 2141 art.
2181 2123 2203 2145 1,
2223 2116 2272 2149 qu*
2292 2124 2315 2146 2,
2335 2118 2367 2142 ad
2388 2125 2415 2148 23

608 2147 666 2173 dist.
685 2155 740 2177 xxv,
759 2156 804 2181 qu.
823 2155 840 2179 1,
860 2154 905 2173 art.
928 2155 957 2179 1;
977 2149 1010 2173 IV
1032 2149 1109 2174 Cont.
1130 2150 1217 2179 Geni„
1237 2157 1291 2182 cap.
1310 2156 1356 2179 Lx3
1375 2150 1474 2182 Opusc.
1494 2151 1525 2180 V,
1544 2158 1569 2183 p.
1588 2158 1615 2180 11.
1635 2151 1677 2176 De
1697 2152 1766 2177 Eccl.
1787 2152 1924 2181 Sacram.;
1945 2152 2040 2182 Quodl.
2059 2152 2102 2182 Xl,
2121 2159 2165 2184 qu.
2183 2159 2228 2177 vu.

363 2244 385 2258 ν
418 2247 424 2260 ι
542 2240 565 2265 D
575 2240 786 2266 UNDECIMUM
801 2241 852 2266 sm
867 2241 1102 2267 PROCEDITUR.
1114 2228 1274 2266 Videtur
1288 2229 1395 2278 quod

369 2247 380 2271 x.
399 2258 408 2263 κ

360 2271 391 2288 )”.’
400 2280 407 2288 ι
456 2273 459 2286 (

382 2293 387 2302 .

358 2286 413 2327 ’κε’
512 2327 515 2329 ,
543 2293 623 2318 non
651 2283 755 2318 solus
783 2282 988 2331 episcopus
1016 2283 1092 2319 hoc
1111 2289 1395 2319 sacramentum

350 2339 352 2342 ’
381 2337 391 2347 ”
518 2334 714 2372 conferre
741 2335 871 2384 possit.
911 2335 1119 2383 Gregorius
1152 2336 1276 2382 enirn,
1307 2334 1394 2371 scri-

369 2375 372 2381 *
502 2381 638 2425 &bens
657 2388 833 2425 Ianuario
862 2389 1056 2438 Episcopo
1075 2389 1106 2436 ³⁸,
1127 2388 1234 2426 dicit:
1263 2389 1394 2425 Perve-

10 2464 37 2479 .
87 2460 144 2484 dm,
159 2440 303 2484 ch'
331 2441 384 2476 nit
401 2439 452 2477 ad
469 2452 536 2477 nos
563 2442 742 2490 quosdam
769 2442 1035 2489 scandalizatos
1057 2443 1171 2489 fuisse
1197 2442 1296 2491 quod
1306 2454 1394 2490 pre—

9 2575 27 2630 Ξ

15 2631 22 2656 Ξ

15 2722 31 2775 ἰ

6 2869 36 3087 3

0 3095 26 3159 ’ἓ

0 3209 34 3454 l

0 3438 34 3482 r.

15 3484 32 3535 Ξ

16 3555 41 3624 3³3·

16 3604 31 3743 Ξ

329 2494 497 2545 sbyteros
524 2495 720 2532 chrismate
746 2501 903 2545 tangere
930 2508 991 2532 eos
1020 2497 1083 2545 qui
1105 2496 1277 2545 baptizati
1299 2501 1393 2541 sunt,

324 2547 595 2594 prohibuimus.
637 2549 684 2584 Et
718 2560 785 2585 nos
819 2549 964 2598 quidem
996 2549 1197 2585 secundum
1234 2554 1394 2585 veterem

331 2611 437 2635 usum
458 2606 604 2638 nostrae
622 2601 810 2638 Ecclesiae
817 2602 1000 2650 fecimus:
1021 2601 1087 2638 sed
1102 2603 1136 2638 si
1152 2603 1305 2639 omnino
1324 2603 1395 2638 hac

330 2652 376 2689 de
395 2664 436 2688 re
451 2657 467 2673 α
486 2654 604 2703 aliqui
628 2656 901 2700 contristantur,
922 2657 986 2692 ubi
1011 2656 1173 2704 episcopi
1198 2655 1336 2700 desunt,
1358 2660 1395 2691 ut

324 2707 538 2755 presbyteri
563 2709 673 2744 etiam
702 2708 738 2743 in
758 2707 949 2753 frontibus
976 2709 1174 2757 baptizatos
1199 2709 1396 2744 chrismate

330 2763 488 2808 tangere
506 2759 670 2806 debeant,
686 2761 921 2797 concedimus
932 2759 957 2797 β.
979 2761 1055 2798 Sed
1075 2760 1167 2797 illud
1187 2761 1293 2809 quod
1312 2773 1395 2810 per-

330 2810 423 2848 tinet
460 2812 509 2849 ad
542 2812 805 2850 necessitatem
841 2821 1188 2859 sacramentorum,
1225 2825 1305 2850 non
1340 2821 1395 2851 est

330 2871 488 2914 propter
501 2865 704 2902 vitandum
724 2866 945 2903 scandalum
967 2866 1266 2903 immutandum.
1293 2867 1394 2915 Ergo

330 2917 484 2954 videtur
512 2919 619 2967 quod
647 2931 726 2955 non
751 2919 796 2956 sit
823 2920 870 2956 de
890 2919 1109 2956 necessitate
1138 2919 1254 2956 huius
1273 2932 1395 2957 sacra-

331 2970 452 3007 menti
480 2971 588 3020 quod
616 2972 664 3008 ab
693 2972 875 3022 episcopo
904 2973 1130 3009 conferatur.

388 3035 422 3060 2.
453 3025 690 3071 PRAETEREA,
727 3034 1010 3062 sacramentum
1039 3025 1218 3075 baptismi
1245 3025 1397 3063 videtur

333 3088 415 3113 esse
443 3077 600 3115 maioris
629 3077 820 3115 efficaciae
849 3091 968 3127 quam
996 3086 1279 3116 sacramentum
1308 3091 1396 3116 con-

331 3129 579 3168 firmationis:
610 3131 701 3181 quia
719 3144 789 3181 per
808 3132 1043 3181 baptismum
1070 3131 1114 3168 fit
1131 3133 1245 3181 plena
1264 3132 1395 3168 remis-

1448 2229 1549 2278 libet,
1570 2231 1684 2268 etiam
1704 2244 1784 2268 non
1803 2231 2012 2279 ordinatus,
2032 2240 2156 2281 potest
2174 2232 2376 2282 baptizare.
2407 2234 2509 2282 Ergo

1449 2295 1529 2320 non
1558 2292 1612 2321 est
1640 2285 1688 2321 de
1715 2284 1935 2322 necessitate
1955 2285 2071 2322 huius
2090 2286 2316 2323 sacramenti
2335 2287 2442 2335 quod
2461 2288 2509 2324 ab

1449 2337 1632 2387 episcopo
1661 2338 1887 2375 conferatur.

1504 2390 1537 2427 3.
1567 2391 1800 2436 PRAETEREA,
1823 2390 2023 2430 summitas
2042 2391 2183 2440 capitis,
2209 2391 2276 2428 ubi
2294 2393 2510 2430 secundum

1448 2443 1620 2480 medicos
1658 2452 1713 2481 est
1745 2445 1852 2481 locus
1887 2443 2042 2481 rationis
2075 2444 2228 2493 (scilicet
2262 2446 2508 2494 particularis,

1448 2509 1548 2545 quae
1570 2496 1707 2533 dicitur
1724 2497 1844 2534 virtus
1865 2497 2089 2546 cogitativa),
2119 2506 2174 2535 est
2193 2499 2358 2536 nobilior
2375 2499 2508 2548 fronte,

1448 2549 1515 2586 ubi
1543 2558 1599 2586 est
1626 2551 1734 2587 locus
1762 2550 2028 2598 imaginativae
2055 2550 2214 2588 virtutis.
2245 2552 2321 2589 Sed
2350 2552 2510 2602 simplex

1448 2603 1626 2640 sacerdos
1660 2611 1785 2652 potest
1821 2603 2031 2653 baptizatos
2059 2604 2262 2642 chrismate
2299 2617 2441 2653 ungere
2470 2605 2510 2643 in

1447 2656 1598 2693 vertice.
1633 2657 1734 2704 Ergo
1763 2657 1885 2693 multo
1914 2657 2034 2706 magis
2061 2665 2185 2706 potest
2213 2670 2279 2695 eos
2307 2658 2509 2696 chrismate

1448 2709 1595 2757 signare
1630 2709 1669 2746 in
1696 2710 1838 2757 fronte,
1878 2711 1984 2759 quod
2019 2710 2180 2759 pertinet
2208 2711 2256 2748 ad
2285 2712 2360 2748 hoc
2388 2724 2509 2749 sacra-

1448 2770 1637 2799 mentum.

1503 2815 1577 2852 SED
1606 2827 1750 2852 CONTRA
1778 2827 1843 2852 Bs‘r
1871 2816 1978 2864 quod
2011 2816 2201 2853 Eusebius
2230 2817 2334 2866 Papa
2362 2817 2451 2854 dicit
2468 2818 2507 2854 *ε

1447 2870 1591 2905 Manus
1618 2869 1857 2917 impositionis
1883 2875 2157 2906 sacramentum
2185 2881 2328 2919 magna
2355 2883 2508 2908 venera-

1448 2922 1546 2957 tione
1568 2921 1765 2957 tenendum
1784 2927 1845 2967 est,
1867 2922 1966 2970 quod
1985 2923 2032 2959 ab
2051 2923 2132 2959 aliis
2145 2924 2281 2972 perfici
2298 2935 2371 2959 non
2390 2929 2510 2972 potest

1449 2975 1520 3010 nisi
1545 2986 1569 3010 a
1596 2975 1749 3010 summis
1774 2975 2032 3011 sacerdotibus.
2061 2976 2144 3011 Nec
2166 2981 2331 3024 tempore
2354 2977 2508 3025 Aposto-

1448 3026 1571 3063 lorum
1609 3028 1656 3063 ab
1694 3027 1775 3063 aliis
1813 3039 1924 3076 quam
1958 3029 2005 3064 ab
2039 3029 2124 3077 ipsis
2156 3029 2341 3078 Apostolis
2374 3030 2510 3079 legitur

1449 3085 1512 3116 aut
1545 3080 1658 3116 scitur
1675 3085 1871 3128 peractum
1900 3092 1994 3116 esse:
2029 3093 2096 3117 nec
2123 3083 2170 3118 ab
2199 3082 2280 3118 aliis
2308 3094 2419 3130 quam
2448 3084 2512 3131 qui

1449 3144 1580 3169 eorum
1608 3132 1730 3168 locum
1765 3138 1897 3179 tenent,
1918 3146 2082 3182 unquam
2106 3139 2121 3161 Υ
2143 3136 2280 3183 perfici
2295 3140 2425 3184 potest,
2446 3141 2509 3172 aut

332 3182 390 3219 sio
409 3191 658 3232 peccatorum
686 3193 722 3223 et
750 3193 940 3235 quantum
960 3185 1007 3221 acl
1028 3186 1182 3234 culpam
1211 3193 1247 3222 et
1274 3198 1395 3234 quan·
1438 3186 1533 3233 fieri
1550 3184 1662 3222 debet.
1692 3186 1797 3222 Nam
1823 3187 1857 3222 si
1877 3186 1983 3222 aliter
1999 3193 2280 3237 praesumptum
2298 3188 2430 3235 fuerit,
2460 3189 2509 3224 ir-

331 3242 417 3272 tum
435 3237 485 3273 ad
502 3250 683 3287 poenam,
704 3239 812 3288 quod
831 3251 911 3275 non
930 3237 972 3274 fit
990 3238 1029 3275 in
1049 3239 1124 3275 hoc
1143 3246 1394 3275 sacramento.

333 3288 411 3326 Sed
439 3289 599 3340 simplex
628 3292 806 3329 sacerdos
840 3304 886 3328 ex
914 3303 985 3328 suo
1015 3291 1143 3328 officio
1171 3299 1297 3341 potest
1323 3299 1394 3328 tra—

331 3341 423 3384 dere
442 3351 726 3382 sacramentum
745 3344 942 3394 baptismi:
965 3352 1000 3381 et
1019 3344 1057 3381 in
1072 3344 1292 3382 necessitate
1313 3344 1396 3394 qui-

385 3457 413 3492 α)
431 3459 481 3484 hac
499 3460 532 3485 de
550 3467 588 3485 re.
605 3473 625 3479 —
642 3461 731 3492 PEFI;
751 3461 784 3486 de
801 3461 852 3487 hac
870 3469 899 3487 re
918 3461 1024 3489 GHabc.
1043 3462 1092 3487 hac
1111 3462 1199 3487 dicere
1218 3462 1303 3487 ceteri.

385 3493 411 3529 β)
430 3495 606 3522 concedimus.
623 3509 643 3515 -
659 3496 699 3521 Ea
717 3502 743 3521 et
761 3497 848 3528 tertia;
867 3497 1052 3523 concessimus.

1450 3240 1560 3275 ritum
1588 3239 1768 3275 habeatur
1794 3244 1827 3275 et
1854 3251 2025 3285 vacuum,
2056 3252 2124 3276 nec
2151 3242 2245 3277 inter
2268 3241 2510 3278 ecclesiastica

1451 3303 1616 3340 unquam
1661 3293 1888 3340 reputabitur
1927 3298 2173 3330 sacramenta.
2213 3294 2280 3330 Est
2314 3293 2426 3342 igitur
2462 3294 2509 3331 de

1450 3343 1671 3381 necessitate
1700 3343 1815 3381 huius
1835 3345 2072 3392 sacramenti,
2093 3346 2200 3395 quod
2227 3346 2363 3383 dicitur
2384 3358 2509 3384 sacra-

1504 3460 1530 3494 γ)
1551 3468 1676 3493 unquam.
1693 3475 1712 3479 -
1731 3460 1775 3491 1>1;
1795 3468 1938 3494 nunquam.

2542 690 2552 699 '¹
2566 689 2616 711 Art.
2631 695 2651 715 2,
2666 695 2686 717 5.

2539 1314 2550 1325 ‘
2563 1313 2601 1335 Cf.
2610 1319 2659 1336 can.
2670 1314 2696 1336 In
2710 1314 2753 1335 ba·

2536 1340 2754 1371 ptimateldeCon-

2538 1372 2612 1394 secr„
2627 1367 2682 1389 dist.
2696 1367 2736 1388 lv.

2538 1424 2592 1446 ‘Aa
2601 1424 2724 1451 Galat.,ca
2743 1440 2749 1446 .

2538 1456 2572 1498 221
2580 1451 2749 1505 ’ἑὲἳὸὲἔΐεηξῖ

2539 1509 2574 1530 ιιι,
2588 1510 2648 1526 vers.
2664 1511 2696 1526 ιι.

2536 2822 2712 2850 ·Ερ.ΙΠ.αάΕ
2727 2824 2747 2845 ι’-

2535 2855 2626 2876 scopos.
2631 2850 2707 2872 Tusa·
2730 2850 2745 2872 f.

2536 2875 2748 2950 οἱξζέζςῗέἷεὲἔὲζ

2551 2935 2570 2950 is
2582 2945 2587 2950 .
2626 2944 2632 2950 .
