2918 4088
180 271 192 280 ¹
209 267 272 288 Vers.
289 267 322 289 26.

182 478 191 487 ·
203 476 234 498 Ca
255 482 295 502 .11‚
306 482 328 497 n.
341 481 371 498 η.
383 486 393 491 -

182 503 206 525 S.
222 482 267 524 Ίῆι.
282 503 333 524 tect.
349 508 380 524 xv.

183 694 192 703 ·
208 692 273 713 Vei-s.
289 697 322 713 21.

183 749 191 757 ·
201 746 257 767 Orci.
269 745 318 766 sine
329 751 392 766 nom.

182 1063 229 1084 'De
234 1063 291 1084 Vera
297 1063 393 1084 etl-'alsa

182 1090 280 1115 Poenit„
289 1095 339 1117 cap.
346 1095 392 1114 νιιι,

182 1122 228 1137 xix.
238 1127 248 1132 -
260 1116 320 1136 Inter
330 1115 391 1143 Opp.

180 1144 241 1169 Aug.

181 1228 191 1237 ·
199 1226 235 1246 De
242 1225 328 1246 Inveni.
338 1224 392 1245 Rhe-

180 1254 225 1274 tor.
240 1253 279 1273 tib.
295 1252 324 1279 ΙΙ,
340 1257 390 1279 cap.

179 1285 226 1300 ιιιι.

180 1386 190 1396 ·
204 1385 253 1406 Art.
272 1383 376 1411 praeced.

178 2291 188 2301 ·
203 2291 230 2313 D.
248 2297 309 2318 ¹0¹7·

179 2389 189 2398 ·
204 2387 236 2409 Ca
256 2393 302 2413 .v1,
315 2394 389 2414 n.4.-

178 2414 203 2436 S.
219 2394 262 2436 TE.
278 2415 330 2436 lect.
343 2421 376 2436 xx.

177 2866 186 2875 ·
202 2864 227 2886 D.
244 2864 294 2893 803.

178 2923 186 2932 ⁸
193 2921 262 2943 Arist.
270 2922 313 2943 loc.
321 2928 387 2948 prox.

177 2948 216 2969 cit.
232 2954 253 2969 n.
270 2949 291 2975 8,
306 2955 327 2976 9.

178 3082 188 3091 ·
195 3080 301 3107 Ps.cxxn,
308 3087 388 3103 versa.

422 125 496 162 302

420 206 459 242 in
487 205 637 253 medio,
677 206 743 243 sed
781 205 819 243 in
853 206 1026 255 quodam
1056 218 1230 243 excessu:
1269 207 1484 243 secundum

421 259 513 296 illud
537 260 669 296 Ierem.
690 272 725 296 V1
744 259 780 296 *z
811 261 967 296 Luctum
988 261 1170 309 unigeniti
1185 261 1258 308 sac
1276 261 1349 305 tibi,
1375 259 1484 308 plan-

420 318 518 349 ctum
546 325 733 350 amarum.
763 313 865 361 Ergo
894 312 1128 362 poenitentia
1156 324 1236 349 non
1265 319 1320 348 est
1339 311 1484 360 species

422 364 595 402 iustitiae.

477 418 511 455 3.
541 419 780 465 PRAETEREA,
817 419 916 455 duae
946 426 1034 455 sunt
1069 417 1213 466 species
1242 416 1413 462 iustitiae,
1443 424 1485 452 ut

421 471 558 508 dicitur
585 471 624 508 in
653 472 687 508 V
704 473 822 508 Ethic.
844 472 874 517 ²³⁶,
905 471 1043 507 scilicet
1071 471 1296 507 distributiva
1323 477 1358 505 et
1384 481 1484 505 com-

421 526 608 562 mutativa.
659 525 734 561 Sed
773 524 844 561 sub
887 531 1022 560 neutra
1059 523 1211 559 videtur
1250 521 1485 570 poenitentia

421 577 618 615 contineri.
648 579 750 625 Ergo
774 577 925 614 videtur
953 576 1058 625 quod
1087 574 1320 624 poenitentia
1340 586 1419 610 non
1439 574 1485 610 sit

422 630 568 680 species
596 630 768 667 iustitiae.

474 696 510 731 4.
536 685 767 728 PRAETEREA,
797 694 914 731 super
941 682 1033 718 illud
1062 683 1156 718 Luc.
1178 679 1262 726 V1*,
1291 681 1401 716 Beati
1423 681 1487 728 qui

422 749 521 774 nunc
540 738 656 786 fletis,
693 736 780 772 dicit
808 736 944 772 Glossa
967 735 1004 771 *z
1041 736 1139 771 Ecce
1167 733 1380 782 prudentia,
1412 745 1485 782 per

421 802 532 840 quam
561 784 760 827 ostenditur
793 801 904 837 quam
932 789 1024 824 haec
1050 793 1200 823 terrena
1227 787 1298 822 sint
1326 787 1482 832 misera,

421 849 454 880 et
482 855 592 892 quam
621 844 727 878 beata
755 841 935 877 caelestia.
967 840 1042 877 Sed
1062 839 1154 876 flere
1184 846 1239 875 est
1267 846 1373 875 actus
1391 850 1484 887 poe-

420 895 609 932 nitentiae.
641 895 741 942 Ergo
760 892 993 942 poenitentia
1014 892 1134 940 magis
1154 899 1208 928 est
1227 891 1454 940 prudentiae
1471 890 1485 921 β

421 960 540 997 quam
568 947 739 984 iustitiae.

474 1002 547 1038 SED
585 1012 729 1037 CONTRA
762 1011 827 1036 EST
864 999 971 1048 quod
1013 997 1251 1046 Augustinus
1292 997 1401 1045 dicit,
1444 997 1484 1035 in

418 1054 514 1091 libro
534 1053 578 1090 de
596 1054 823 1090 Poenitentia
837 1052 873 1088 ²⁸:
899 1053 1127 1088 Poenitentia
1147 1057 1197 1088 est
1217 1052 1399 1101 quaedam
1420 1052 1483 1088 do-

418 1108 522 1143 lentis
548 1106 726 1151 vindicta,
755 1117 902 1154 semper
929 1106 1091 1154 puniens
1118 1106 1154 1141 in
1183 1117 1223 1141 se
1255 1105 1355 1154 quod
1389 1105 1485 1142 dolet

416 1172 455 1196 se
482 1161 716 1196 commisisse.
752 1158 828 1195 Sed
855 1158 978 1195 facere
1005 1157 1216 1195 vindictam
1243 1157 1407 1207 pertinet
1434 1158 1483 1195 ad

417 1212 614 1249 iustitiam:
645 1211 749 1248 unde
768 1211 931 1256 Tunius,
952 1211 991 1247 in
1011 1223 1081 1248 sua
1099 1212 1300 1248 Rhetorica
1319 1211 1350 1256 ³¹⁴,
1374 1211 1484 1260 ponit

417 1266 676 1303 vindicativam
705 1276 825 1301 unam
854 1264 1023 1314 speciem
1051 1264 1224 1301 iustitiae.
1255 1265 1357 1313 Ergo
1377 1264 1483 1302 vide-

416 1327 478 1356 tur
505 1318 612 1368 quod
639 1317 873 1367 poenitentia
901 1317 946 1354 sit
973 1317 1118 1366 species
1146 1317 1320 1355 iustitiae.

469 1373 693 1409 RESPONDEO
708 1383 889 1408 DICENDUM
909 1371 1029 1420 quod,
1050 1370 1147 1407 sicut
1166 1383 1283 1421 supra
1296 1371 1317 1392 '¹‘
1336 1370 1483 1408 dictum

415 1433 480 1472 est,
510 1424 744 1474 poenitentia
779 1436 859 1461 non
889 1425 1004 1461 habet
1037 1425 1145 1473 quod
1173 1424 1219 1461 sit
1246 1424 1366 1461 virtus
1396 1436 1481 1474 spe-

416 1478 518 1515 cialis
555 1491 601 1514 ex
629 1478 705 1514 hoc
733 1479 816 1514 solo
854 1478 961 1526 quod
990 1477 1093 1514 dolet
1127 1478 1175 1514 de
1209 1479 1312 1515 malo
1345 1489 1482 1527 perpe-

414 1539 524 1577 trato,
554 1531 602 1568 ad
630 1532 706 1567 hoc
734 1530 839 1567 enim
867 1530 1059 1567 sufficeret
1086 1530 1240 1568 caritas:
1271 1531 1338 1568 sed
1367 1543 1414 1567 ex
1434 1543 1481 1568 eo

415 1585 522 1634 quod
550 1584 752 1634 poenitens
780 1585 882 1621 dolet
914 1584 962 1621 de
990 1592 1148 1633 peccato
1177 1584 1388 1621 commisso
1426 1584 1481 1621 in-

415 1646 606 1687 quantum
634 1646 689 1674 est
708 1638 856 1674 offensa
876 1637 959 1684 Dei,
976 1649 1068 1674 cum
1088 1637 1370 1675 emendationis
1391 1650 1481 1687 pro-

414 1691 551 1741 posito.
572 1691 802 1728 Emendatio
823 1699 952 1727 autern
967 1691 1139 1728 offensae
1159 1699 1292 1728 contra
1311 1691 1481 1740 aliquem

416 1745 645 1782 commissae
674 1744 717 1780 fit
745 1756 824 1781 non
852 1756 922 1793 per
940 1745 1063 1781 solam
1083 1744 1337 1782 cessationem
1358 1745 1480 1782 offen-

415 1811 490 1845 sae,
520 1798 586 1834 sed
615 1797 774 1845 exigitur
801 1797 957 1834 ulterius
986 1798 1180 1847 quaedam
1208 1810 1480 1847 recompensa-

414 1851 486 1903 tio„
524 1863 624 1900 quae
660 1851 774 1888 habet
810 1852 940 1887 locum
976 1850 1014 1887 in
1048 1851 1205 1888 offensis
1242 1851 1282 1888 in
1316 1853 1479 1889 alterum

416 1904 630 1941 commissis
659 1904 755 1941 sicut
782 1911 818 1940 et
846 1904 1063 1941 retributio:
1094 1904 1167 1941 nisi
1195 1905 1302 1954 quod
1331 1917 1480 1942 recom-

414 1958 588 2007 pensatio
617 1965 672 1994 est
700 1970 745 1994 ex
773 1965 879 2006 parte
908 1957 990 1994 eius
1019 1957 1086 2006 qui
1115 1957 1287 2005 offendit,
1317 1966 1359 1995 ut
1386 1966 1480 2008 puta

414 2023 506 2048 cum
535 2010 807 2056 satisfactione;
837 2010 1034 2048 retributio
1063 2019 1194 2048 autem
1223 2019 1278 2048 est
1306 2024 1353 2048 ex
1371 2020 1479 2061 parte

415 2064 497 2101 eius
525 2064 564 2101 in
593 2076 712 2113 quem
740 2064 808 2101 fuit
832 2064 980 2101 offensa
1012 2064 1231 2102 commissa.
1262 2066 1479 2115 Utrumque

415 2125 545 2154 autem
564 2118 612 2154 ad
628 2117 827 2154 materiam
842 2117 1003 2155 iustitiae
1023 2117 1201 2167 pertinet:
1224 2118 1315 2167 quia
1334 2126 1479 2156 utrum-

415 2184 491 2220 que
520 2178 575 2207 est
594 2170 845 2208 commutatio
866 2171 1070 2220 quaedam.
1100 2171 1213 2209 Unde
1233 2171 1479 2209 manifestum

416 2232 471 2261 est
499 2224 606 2274 quod
633 2224 878 2273 poenitentia,
908 2225 1125 2262 secundum
1145 2225 1252 2274 quod
1272 2232 1327 2262 est
1346 2224 1479 2271 virtus,

416 2285 471 2315 est
498 2290 586 2327 pars
614 2277 775 2314 iustitiae
794 2277 824 2314 ²¹².

470 2331 681 2368 Sciendum
718 2338 847 2367 tamen
885 2331 1012 2380 quod,
1049 2331 1267 2368 secundum
1305 2331 1480 2368 Philoso-

416 2385 562 2433 phum,
592 2383 631 2420 in
658 2384 694 2420 V
713 2385 829 2421 Ethic.
850 2383 890 2429 ⁹¹⁸,
921 2383 1122 2433 dupliciter
1148 2383 1287 2420 dicitur
1313 2383 1478 2421 iustum:

417 2436 555 2474 scilicet
574 2436 804 2486 simpliciter,
824 2444 860 2473 et
879 2437 1096 2474 secundum
1115 2436 1220 2486 quid.
1252 2436 1482 2486 Simpliciter

417 2489 577 2539 quidem
605 2489 749 2527 iustum
778 2497 833 2526 est
861 2489 958 2527 inter
985 2492 1180 2539 aequales:
1211 2501 1258 2526 eo
1287 2491 1395 2539 quod
1423 2490 1479 2527 iu-

417 2542 514 2580 stitia
541 2550 596 2579 est
623 2542 831 2592 aequalitas
859 2543 1065 2592 quaedam.
1109 2543 1229 2590 Quod
1257 2543 1339 2592 ipse
1367 2551 1482 2580 vocat

415 2598 548 2633 iustum
574 2597 763 2645 politicum
791 2597 853 2633 vel
876 2597 1000 2634 civile.-
1028 2608 1074 2633 eo
1094 2596 1202 2645 quod
1222 2608 1359 2633 omnes
1378 2596 1480 2633 cives

416 2650 595 2698 aequales
623 2657 723 2695 sunt,
753 2657 942 2698 quantum
963 2650 1011 2686 ad
1031 2650 1108 2686 hoc
1131 2649 1239 2698 quod
1259 2649 1480 2687 immediate

416 2710 504 2739 sunt
531 2702 604 2739 sub
631 2702 815 2751 principe,
845 2702 941 2739 sicut
969 2702 1075 2739 liberi
1103 2702 1315 2739 existentes.

468 2757 615 2792 Iustum
635 2763 765 2792 autem
785 2756 1002 2793 secundum
1022 2755 1116 2805 quid
1135 2755 1273 2792 dicitur
1291 2756 1397 2805 quod
1426 2763 1481 2793 est

415 2808 511 2845 inter
538 2808 622 2845 illos
657 2821 826 2858 quorum
855 2821 957 2846 unus
986 2817 1040 2845 est
1077 2808 1150 2845 sub
1178 2816 1362 2857 potestate
1391 2810 1479 2846 alte-

415 2862 512 2898 rius:
544 2861 639 2898 sicut
667 2875 801 2899 servus
829 2863 901 2899 sub
921 2862 1096 2908 domino,
1111 2861 1214 2899 filius
1234 2862 1306 2899 sub
1325 2870 1432 2911 patre
1446 2862 1478 2910 ²⁸,

414 2927 514 2951 uxor
541 2915 613 2951 sub
643 2915 726 2952 viro
745 2915 775 2952 ³¹³.
806 2916 854 2952 Et
879 2917 951 2952 tale
975 2915 1117 2952 iustum
1148 2915 1412 2952 consideratur
1440 2915 1479 2952 in

415 2967 659 3016 poenitentia.
698 2969 809 3006 Unde
844 2968 1045 3018 poenitens
1074 2968 1232 3006 recurrit
1259 2969 1307 3006 ad
1336 2969 1477 3016 Deum,

415 3033 506 3058 cum
535 3021 813 3058 emendationis
832 3017 1043 3071 proposito,
1064 3021 1160 3059 sicut
1188 3034 1322 3059 servus
1341 3022 1390 3059 ad
1410 3023 1478 3059 do-

416 3073 579 3119 minum,
609 3075 825 3111 secundum
851 3075 943 3112 illud
964 3075 1105 3112 Psalmi
1119 3074 1150 3122 ²¹⁸,
1172 3077 1271 3112 Sicut
1290 3076 1389 3113 oculi
1404 3088 1478 3112 ser-

415 3138 548 3163 vorum
577 3129 613 3163 in
643 3130 814 3165 manibus
841 3129 1079 3165 dominorum
1107 3141 1274 3174 suorum,
1304 3131 1354 3166 ita
1382 3129 1481 3166 oculi

417 3181 532 3215 nostri
558 3180 608 3216 ad
634 3181 839 3217 Dominum
867 3183 989 3218 Deum
1019 3187 1197 3227 nostrum,
1227 3182 1345 3218 donec
1372 3183 1478 3218 mise-

417 3237 543 3268 reatur
562 3234 678 3269 nostri
683 3246 694 3277 ,·
723 3241 758 3269 et
777 3233 872 3270 sicut
891 3233 992 3271 filius
1012 3234 1060 3271 ad
1079 3242 1240 3283 patrem,
1261 3235 1478 3271 secundum

472 3352 498 3387 β)
516 3357 555 3379 est
570 3354 741 3385 prudentiae.
759 3369 778 3373 -
796 3358 835 3379 est
858 3355 957 3386 species
975 3356 1021 3389 pF,
1041 3360 1079 3381 est
1097 3357 1196 3388 species
1218 3357 1379 3388 prudentiae
1399 3357 1478 3381 PsFG

417 3394 443 3413 et
461 3396 487 3418 a,
502 3389 664 3421 prudentiae
683 3391 773 3421 (quam
794 3390 924 3422 iustitiae)
943 3394 982 3415 est
1000 3394 1075 3416 actus
1089 3391 1112 3420 1;
1134 3392 1234 3424 Ergo...
1248 3392 1367 3416 iustitiae
1381 3400 1434 3416 om.
1450 3392 1479 3416 E.

471 3423 497 3456 γ)
516 3428 565 3449 est.
582 3439 601 3443 -
619 3425 704 3449 virtus
723 3426 820 3450 addunt
838 3426 857 3449 F
877 3431 902 3450 et
921 3426 1002 3450 tertia.
1020 3441 1038 3444 —
1057 3430 1095 3451 est
1115 3427 1218 3451 iustitia
1239 3427 1355 3457 PFGH1;
1381 3427 1480 3452 dicitur

417 3459 520 3484 iustitia
539 3460 576 3489 bc,
597 3460 700 3485 iustitia
719 3460 819 3485 dicitur
837 3461 900 3491 (non
921 3465 960 3486 est
979 3462 1105 3493 materia)
1125 3462 1165 3486 ed.
1184 3470 1210 3492 a,
1230 3462 1334 3487 iustitia
1358 3462 1444 3486 ceteri.

1068 126 1331 173 QUAESTIO
1360 127 1557 173 LXXXV,
1587 126 1881 163 ARTICULUS
1909 127 1954 163 111

1538 206 1631 242 illud
1651 207 1746 241 Luc.
1763 217 1810 241 xv
1829 204 1859 250 ²³⁸,
1889 206 2012 251 Pater,
2031 207 2184 254 peccavi
2202 207 2238 242 in
2259 206 2403 243 caelum
2423 212 2456 243 et
2474 218 2604 243 coram

1537 265 1592 302 te;
1621 266 1656 294 et
1685 258 1782 294 sicut
1809 269 1909 294 uxor
1937 258 1986 294 ad
2014 258 2154 304 virum,
2185 260 2401 296 secundum
2429 259 2523 296 illud
2551 261 2604 296 Ie-

1538 323 1633 347 rem.
1655 323 1687 347 111
1706 310 1736 356 ³³²,
1773 311 1976 347 Fornicata
2010 322 2047 347 es
2081 323 2167 347 cum
2203 314 2432 349 amatoribus
2464 313 2606 349 multis:

1537 370 1661 400 tamen
1692 368 1877 400 revertere
1904 363 1955 399 ad
1981 375 2053 409 me,
2081 364 2166 400 dicit
2194 365 2389 401 Dominus.

1592 418 1649 452 AD
1666 427 1800 452 PRIMUM
1816 427 1914 452 ERGO
1929 427 2111 453 DICENDUM
2126 416 2245 464 quod,
2262 416 2358 454 sicut
2371 417 2606 455 inVEthic.*

1539 468 1696 513 dicitur,
1726 467 1866 504 iustitia
1895 476 1950 504 est
1968 473 1983 496 Υ
2012 469 2063 505 ad
2093 469 2262 505 alterum.
2306 471 2369 506 Ille
2397 478 2528 507 autem
2556 471 2605 508 ad

1538 533 1657 570 quem
1687 528 1742 557 est
1770 520 1921 563 iustitia,
1951 532 2032 558 non
2060 520 2198 558 dicitur
2222 533 2304 558 esse
2324 522 2483 560 materia
2501 523 2605 560 iusti-

1537 574 1628 610 tiae:
1660 574 1727 610 sed
1756 573 1877 621 magis
1905 586 1965 610 res
1994 586 2094 623 quae
2123 573 2404 611 distribuuntur
2421 577 2483 612 vel
2502 588 2606 613 com-

1538 634 1747 663 mutantur.
1777 626 1890 664 Unde
1919 634 1955 663 et
1982 626 2143 664 materia
2170 627 2427 676 poenitentiae
2451 640 2532 665 non
2551 637 2607 665 est

1537 680 1656 726 Deus,
1686 680 1753 716 sed
1782 687 1888 716 actus
1917 679 2080 717 humani
2109 680 2251 729 quibus
2270 681 2377 717 Deus
2399 681 2607 718 offenditur

1539 734 1600 769 vel
1634 733 1826 781 placatur:
1867 733 1934 769 sed
1969 733 2076 770 Deus
2111 745 2150 770 se
2188 734 2304 771 habet
2340 734 2437 771 sicut
2463 733 2524 771 ille
2557 735 2606 772 ad

1538 798 1658 834 quem
1687 793 1742 822 est
1769 785 1920 823 iustitia.
1951 787 2009 823 Ex
2031 798 2111 835 quo
2139 794 2242 835 patet
2270 787 2378 836 quod
2406 787 2606 837 poeniten-

1537 839 1588 876 tia
1606 837 1619 860 δ
1648 851 1729 876 non
1758 846 1813 875 est
1840 838 1962 876 virtus
1989 839 2222 888 theologica:
2262 839 2354 889 quia
2381 852 2462 877 non
2491 841 2607 877 habet

1537 892 1668 929 Deum
1696 904 1768 941 pro
1797 892 1956 929 materia
1983 894 2046 930 vel
2073 905 2144 942 pro
2174 892 2338 930 obiecto.

1589 946 1647 982 Ao
1676 957 1866 983 SECUNDUM
1894 957 2078 983 mceunum
2106 946 2214 995 quod
2242 946 2418 983 medium
2444 946 2606 984 iustitiae

1538 1006 1594 1035 est
1621 998 1830 1048 aequalitas
1867 1010 1968 1047 quae
1996 998 2239 1036 constituitur
2265 999 2363 1036 inter
2389 999 2473 1037 illos
2509 999 2607 1037 inter

1538 1063 1638 1100 quos
1667 1059 1722 1088 est
1749 1051 1900 1099 iustitia,
1931 1059 1973 1088 ut
2001 1051 2139 1088 dicitur
2166 1051 2206 1088 in
2224 1053 2259 1089 V
2277 1054 2395 1090 Ethic.
2415 1053 2436 1075 *
2463 1054 2506 1090 In
2525 1052 2607 1102 qui·
2634 1060 2644 1071 ·

1537 1104 1704 1142 busdam
1719 1112 1850 1142 autem
1865 1117 1945 1141 non
1963 1112 2088 1154 potest
2106 1105 2272 1154 perfecta
2291 1106 2499 1155 aequalitas
2517 1118 2607 1143 con-

1537 1157 1658 1204 stitui,
1694 1165 1853 1207 propter
1880 1157 2033 1195 alterius
2067 1158 2349 1196 excellentiam:
2371 1158 2483 1211 *sicut
2510 1159 2608 1196 inter

1537 1211 1663 1248 filium
1692 1219 1729 1248 et
1756 1218 1926 1260 patrem,
1960 1210 2058 1248 inter
2085 1211 2288 1249 hominem
2317 1219 2353 1249 et
2380 1212 2526 1259 Deum,
2565 1220 2608 1250 ut

1537 1264 1800 1313 Philosophus
1821 1263 1920 1311 dicit,
1941 1264 1981 1301 in
1995 1265 2076 1302 VIII
2090 1266 2209 1302 Ethic.
2230 1265 2250 1287 '¹‘
2277 1265 2390 1302 Unde
2409 1264 2450 1302 in
2468 1265 2607 1303 talibus

1536 1317 1597 1354 ille
1617 1317 1684 1367 qui
1699 1325 1754 1354 est
1773 1317 1968 1364 deficiens,
1984 1317 2099 1355 debet
2117 1318 2240 1355 facere
2260 1318 2450 1367 quidquid
2468 1326 2606 1368 potest,

1537 1383 1610 1408 nec
1636 1379 1768 1408 tamen
1797 1371 1872 1408 hoc
1892 1371 1962 1407 erit
1981 1370 2175 1408 sufficiens
2190 1376 2215 1418 ⁸,
2236 1372 2304 1408 sed
2323 1373 2452 1409 solum
2471 1384 2606 1410 secun-

1536 1424 1634 1461 dum
1662 1423 1967 1473 acceptationem
1995 1424 2215 1474 superioris,
2245 1425 2294 1462 Et
2321 1425 2398 1462 hoc
2419 1425 2606 1474 significa-

1535 1485 1598 1514 tur
1625 1489 1695 1527 per
1714 1489 1915 1514 excessum
1944 1477 2011 1527 qui
2039 1477 2256 1515 attribuitur
2282 1477 2551 1528 poenitentiae.

1589 1532 1647 1568 An
1674 1542 1836 1568 TERTlUM
1863 1543 2046 1568 montinum
2070 1531 2189 1581 quod,
2219 1531 2317 1568 sicut
2344 1539 2401 1568 est
2428 1543 2606 1570 commu-

1534 1583 1627 1621 tatio
1656 1584 1851 1633 quaedam
1879 1584 1919 1621 in
1947 1583 2157 1630 benefieiis,
2186 1596 2279 1629 cum
2307 1584 2446 1622 scilicet
2470 1584 2607 1635 aliquis

1534 1650 1607 1687 pro
1635 1637 1827 1674 beneficio
1852 1644 2006 1687 recepto
2034 1637 2195 1686 gratiam
2213 1637 2399 1688 rependit,
2420 1638 2472 1676 ita
2490 1638 2606 1677 etiam

1535 1699 1591 1728 est
1619 1690 1874 1728 commutatio
1903 1690 1943 1727 in
1967 1690 2142 1728 offensis:
2173 1703 2264 1728 cum
2292 1691 2430 1741 aliquis
2457 1704 2529 1742 pro
2551 1691 2606 1729 of-

1534 1744 1641 1781 fensa
1669 1744 1709 1781 in
1736 1745 1900 1781 alterum
1928 1744 2138 1781 commissa
2164 1746 2226 1781 vel
2254 1744 2396 1782 invitus
2423 1744 2603 1794 punitur,

1534 1797 1643 1847 quod
1671 1797 1834 1847 pertinet
1861 1797 1911 1834 ad
1934 1796 2210 1835 vindicativam
2229 1797 2428 1845 iustitiam3
2457 1799 2520 1835 vel
2538 1811 2605 1837 vo-

1534 1850 1697 1888 luntarie
1733 1858 2003 1900 recompensat
2035 1851 2264 1898 emendam,
2303 1851 2411 1900 quod
2442 1851 2607 1901 pertinet

1534 1905 1583 1942 ad
1611 1903 1902 1954 poenitentiam,
1931 1916 2032 1953 quae
2061 1904 2212 1953 respicit
2239 1916 2448 1954 personam
2470 1916 2605 1954 pecca-

1533 1957 1626 1996 toris
1663 1957 1760 1995 sicut
1787 1956 1928 1994 iustitia
1955 1956 2188 1995 vindicativa
2219 1969 2429 2007 personam
2456 1957 2604 1996 iudicis.

1534 2011 1646 2050 Unde
1675 2010 1922 2048 manifestum
1951 2018 2006 2047 est
2034 2010 2143 2060 quod
2170 2018 2335 2061 utraque
2363 2010 2436 2048 sub
2464 2010 2606 2049 iustitia

1534 2063 1815 2102 commutativa
1842 2063 2071 2101 continetur.

1587 2119 1644 2155 AD
1665 2129 1837 2160 QUARTUM
1856 2129 2039 2155 mei-:noum
2059 2118 2166 2167 quod
2185 2117 2431 2167 poenitentia,
2447 2117 2534 2155 licet
2552 2117 2605 2155 di—

1534 2179 1634 2208 recte
1670 2171 1715 2207 sit
1750 2170 1896 2220 species
1930 2170 2112 2218 iustitiae,
2148 2171 2442 2220 comprehendit
2473 2178 2605 2208 tamen

1534 2224 1831 2274 quodammodo
1860 2235 1906 2261 ea
1938 2236 2039 2273 quae
2066 2223 2258 2273 pertinent
2285 2224 2334 2261 acl
2363 2236 2501 2262 omnes
2528 2224 2603 2261 vir-

1533 2285 1643 2315 tutes.
1674 2278 1910 2326 Inquantum
1934 2276 2036 2314 enim
2059 2284 2114 2314 est
2141 2276 2282 2314 iustitia
2309 2277 2504 2326 quaedam
2533 2278 2603 2315 ho·

1533 2330 1648 2368 minis
1677 2330 1726 2367 ad
1750 2330 1892 2375 Deum,
1922 2337 2074 2378 oportet
2092 2330 2200 2379 quod
2218 2329 2418 2380 participet
2437 2343 2482 2368 ea
2501 2343 2603 2380 quae

1534 2391 1624 2421 sunt
1644 2382 1832 2420 virtutum
1851 2382 2169 2431 theologicarum,
2190 2395 2291 2432 quae
2310 2383 2455 2421 habent
2472 2384 2604 2421 Deum

1533 2449 1605 2486 pro
1634 2436 1797 2473 obiecto.
1827 2436 1940 2473 Unde
1967 2436 2203 2485 poenitentia
2231 2444 2286 2473 est
2305 2449 2397 2474 cum
2415 2436 2494 2474 fide
2516 2449 2603 2487 pas-

1534 2489 1652 2527 sionis
1682 2488 1833 2535 Christi,
1862 2501 1933 2538 per
1955 2501 2075 2538 quarn
2103 2489 2359 2527 iustificamur
2377 2502 2399 2527 a
2417 2489 2602 2539 peccatis;

1535 2551 1571 2580 et
1598 2555 1690 2580 cum
1718 2554 1786 2592 spe
1813 2542 1971 2589 veniae;
2001 2550 2037 2579 et
2056 2555 2147 2580 cum
2167 2542 2259 2580 odio
2278 2542 2474 2590 vitiorum,
2495 2543 2602 2593 quod

1533 2595 1697 2646 pertinet
1725 2596 1774 2633 ad
1797 2595 2004 2632 caritatem.
2034 2618 2059 2622 -
2087 2597 2322 2646 Inquantum
2342 2608 2436 2634 vero
2455 2604 2511 2634 est
2529 2597 2602 2634 vir-

1532 2658 1594 2687 tus
1623 2648 1791 2695 moralis,
1821 2648 2021 2698 participat
2049 2649 2194 2699 aliquid
2221 2649 2462 2699 prudentiae,
2500 2661 2602 2699 quae

1534 2710 1589 2740 est
1617 2702 1799 2740 directiva
1828 2701 2007 2739 omnium
2031 2702 2219 2740 virtutum
2238 2702 2458 2740 moralium.
2479 2725 2504 2730 -
2524 2702 2602 2741 Sed

1534 2769 1580 2793 ex
1604 2755 1687 2805 ipsa
1706 2755 1852 2792 ratione
1871 2754 2033 2793 iustitiae
2053 2768 2134 2793 non
2154 2757 2282 2793 solum
2301 2756 2417 2793 habet
2434 2755 2475 2792 id
2493 2755 2600 2805 quod

1532 2809 1695 2846 iustitiae
1724 2816 1798 2855 est,
1828 2808 1895 2845 sed
1924 2808 2039 2846 etiam
2069 2821 2114 2846 ea
2142 2821 2243 2859 quae
2271 2816 2360 2846 sunt
2386 2816 2600 2858 temperan-

1531 2863 1606 2900 tiae
1634 2870 1671 2899 et
1697 2861 1944 2899 fortitudinis:
1982 2862 2215 2912 inquantum
2250 2861 2389 2900 scilicet
2417 2873 2462 2898 ea
2498 2874 2600 2911 quae

1532 2915 1826 2953 delectationem
1850 2923 2009 2952 causant
2028 2915 2077 2952 ad
2096 2914 2390 2965 temperantiam
2408 2914 2599 2963 pertinen-

1531 2977 1632 3015 tem,
1666 2968 1763 3006 vel<
1800 2976 1987 3006 terrorem
2021 2968 2230 3014 incutiunt,
2267 2979 2386 3017 quem
2417 2967 2599 3005 fortitudo

1532 3022 1767 3067 moderatur,
1797 3021 1837 3058 in
1865 3020 2210 3059 commutationem
2235 3019 2397 3058 iustitiae
2425 3020 2597 3058 veniunt.

1532 3076 1580 3113 Et
1609 3075 1826 3112 secundum
1854 3075 1931 3111 hoc
1967 3074 2016 3111 ad
2044 3073 2226 3111 iustitiam
2253 3073 2416 3123 pertinet
2453 3081 2489 3110 et
2516 3074 2598 3111 abs-

1530 3128 1650 3165 tinere
1678 3140 1700 3164 a
1729 3126 2025 3174 delectabilibus,
2055 3127 2161 3176 quod
2189 3126 2351 3176 pertinet
2378 3127 2427 3164 ad
2455 3134 2599 3176 tempe-

1531 3181 1713 3226 rantiam;
1743 3188 1779 3217 et
1807 3179 1992 3217 sustinere
2021 3180 2130 3227 dura,
2151 3180 2259 3229 quod
2277 3179 2439 3230 pertinet
2458 3181 2507 3217 ad
2526 3180 2599 3218 for-

1530 3234 1747 3271 titudinem.

1585 3355 1611 3388 δ)
1625 3356 1802 3388 poenitentia.
1820 3369 1839 3374 -
1858 3356 1906 3380 Ed.
1925 3363 1942 3380 a
1961 3360 1985 3380 et
2004 3363 2050 3388 per
2067 3355 2143 3381 Alias
2162 3364 2252 3389 margo
2272 3356 2305 3387 P;
2326 3357 2438 3382 iustitia.

1585 3391 1608 3424 ε)
1627 3392 1768 3425 sufficiens.
1786 3405 1806 3410 -
1823 3391 1980 3422 simpliciter
1998 3391 2067 3415 addit
2085 3391 2166 3417 tertia.

1585 3427 1611 3460 ζ)
1627 3427 1814 3459 pertinentem,
1835 3427 1910 3452 veI.—
1930 3426 1949 3450 F
1969 3431 1993 3451 et
2012 3426 2085 3451 tertia
2105 3432 2206 3459 praeter
2226 3427 2260 3458 Ρ;
2275 3428 2414 3459 pertinent
2434 3428 2475 3454 vel
2490 3428 2518 3458 Ρ,
2533 3435 2598 3460 per-

1533 3462 1659 3487 tinentem
1679 3462 1767 3487 ceteri.

2632 214 2642 224 ·
2657 211 2723 234 Vei-s.
2741 212 2775 234 18.

2632 323 2642 333 ·
2658 321 2724 342 Vei-s.
2741 328 2760 343 ι.

2913 435 2918 462 ...
2910 214 2918 419 .-...—....-...u.„0..
2914 159 2918 167 Ἰ

2632 423 2642 466 ἶ
2651 421 2729 470 (ἒρτίῑ
2736 427 2844 470 “ῑὲὲι““ιῖ’

2728 485 2745 510 Υ

2634 1269 2850 1319 ὲᾞιῑῗῗέεέέῐί
