2878 4088
152 330 161 339 '¹
168 328 280 355 Dia-,ma
287 326 334 354 cit„
343 333 361 348 ι.

153 442 163 452 ·
170 441 240 467 Argg.
248 438 298 461 Sed
306 444 359 460 con-

151 468 199 488 tra.

151 678 160 687 ·
180 676 236 702 Cap.
259 675 296 696 Ad
316 681 359 696 au-

150 702 269 728 dientiam,
278 702 314 723 De
323 702 360 722 his

151 734 212 756 quae
230 728 253 749 vi
274 730 359 749 metus-

150 754 360 808 fiff‘gfissaffissiltlss

149 813 223 828 causa
239 811 280 828 etc.
302 807 323 828 6.

149 835 159 845 ·
174 834 225 861 Dig.
240 823 305 860 ibid„
322 840 339 855 ι.

149 898 202 920 'Ca
220 897 358 923 .vi,n.6.-

149 924 173 946 S.
184 924 204 945 Τ
222 939 228 946 .
247 925 296 945 lect.
313 930 358 945 xiv.

149 988 159 997 ·
174 986 240 1013 ibid„
256 992 277 1007 η.
294 992 328 1007 ιο.

147 1161 156 1171 ·
166 1160 215 1186 Dig.
224 1160 267 1180 loc.
277 1158 323 1184 cit„
334 1164 353 1185 7.

144 1648 153 1658 ·
169 1646 226 1668 Gen.
237 1652 286 1672 cap.
303 1651 351 1672 xii,

143 1679 200 1694 vers.
207 1680 214 1694 ι
216 1678 229 1701 3
235 1678 294 1700 sqq,;
301 1678 350 1699 cap.

143 1705 186 1724 xx:
210 1705 258 1726 cap.
284 1704 350 1724 xxvi,

143 1731 201 1747 vers.
216 1731 229 1753 7
244 1731 294 1753 sqq.

145 1783 153 1791 ¹
165 1780 199 1802 Cf.
217 1783 258 1802 art.
277 1786 351 1807 praec.

140 1874 149 1882 ¹·
167 1871 203 1892 Cf.
215 1871 310 1893 Aristot.
321 1870 351 1892 Ε-

143 1897 196 1919 thie.
205 1897 245 1918 lib.
254 1897 292 1930 m:
301 1903 350 1945 cap.

141 1930 195 1972 'sedit
210 1930 229 1971 ἱ·
247 1935 258 1939 ·
272 1923 296 1945 ⁵·
307 1923 328 1945 Τ
345 1939 350 1945 ·

147 2750 156 2758 ·
173 2747 237 2770 Vers.
254 2754 271 2769 ι.

149 2881 159 2891 ·
174 2879 247 2901 Ειιιῐε.
263 2880 301 2901 ub.
316 2880 355 2906 111,

149 2912 296 2954 {ffpfflflec't's
306 2912 355 2954 ι’ὖῖ

152 3139 208 3187 'sci
224 3140 338 3188 ῑιέοέἶηξῖ·
351 3151 361 3156 “

154 3327 165 3336 ·
186 3325 214 3346 Di
231 3340 237 3347 .
259 3324 304 3350 lV,
327 3331 361 3352 ιι,

156 3351 207 3378 Quo
230 3353 301 3372 metus
309 3357 363 3373 cau-

154 3377 364 3425 'c‘ffiie‘cfiffssz

313 3420 322 3430 ι

156 3430 192 3451 nis
257 3435 270 3451 e
283 3430 307 3450 νι·
321 3433 363 3451 ete.

156 3457 166 3467 ·
185 3456 220 3477 C.
245 3462 263 3477 s.
285 3455 363 3483 Rnym.

154 3482 232 3503 Summ
250 3482 290 3504 lib.
302 3482 318 3508 1,
329 3482 364 3504 tit.

155 3514 204 3561 ἔιιὸι,
211 3508 240 3530 de
251 3508 304 3529 Volo
314 3512 364 3535 etc„

389 215 439 252 90
988 200 1249 247 QUAESTIO
1279 198 1430 244 XLVII,
1450 194 1742 232 ARTICULUS
1770 194 1811 239 ΙΙ,
1832 193 1888 237 ΙΙΙ,
1909 193 1960 229 IV

388 283 427 314 ad
449 283 650 323 propositum
666 281 811 321 pertinet,
826 279 912 310 idem
929 285 975 310 est
999 279 1122 309 coactio
1148 278 1235 318 quod
1251 282 1364 307 metus.
1389 275 1445 324 Est

388 333 494 358 autem
516 331 629 361 metm,
647 324 824 355 secundum
840 324 1035 364 iurisperitos
1051 324 1077 359 ⁴⁵,
1095 322 1243 353 instantis
1266 321 1315 351 vel
1330 320 1443 360 futuri

381 370 520 412 periculi
543 378 640 400 causa
658 369 771 399 mentis
794 368 974 408 trepidatio.
1396 405 1402 411 .
1499 359 1641 390 cundum
1665 360 1743 389 iura.
2439 404 2445 410 ι

442 415 481 445 Et
505 423 561 453 per
582 413 646 443 hoc
667 418 752 452 patet
768 413 885 443 solutio
902 411 941 442 ad
958 411 1090 441 obiecta.
1115 410 1196 439 Nam
1213 409 1331 448 primae
1347 410 1442 435 rat10-
1553 404 1603 433 AD
1629 412 1777 433 unaarum
1801 412 1959 432 men-nonu
1988 401 2077 442 quod
2107 407 2256 432 constans
2279 412 2347 433 non
2375 409 2500 443 cogitur
2523 403 2563 434 ad

387 469 443 489 nes
458 457 636 498 procedunt
654 457 693 487 de
710 457 875 487 coactione
887 456 1003 496 prima;
1028 453 1185 484 secundae
1201 453 1217 468 *
1234 451 1272 481 de
1293 448 1442 480 secunda.
1465 457 1474 477 5
1497 446 1729 482 mentiendum,
1747 446 1822 486 quia
1845 451 1922 476 tunc
1945 446 2014 476 vult
2037 445 2124 476 dare:
2151 445 2207 476 sed
2229 452 2337 477 tamen
2360 453 2472 487 postea
2494 448 2563 478 vult

1496 497 1605 531 petere
1628 491 1879 525 restitutionem;
1904 490 1954 520 vel
1978 490 2090 520 saltem
2122 489 2221 521 iudici
2251 490 2455 528 denuntiare,
2479 492 2505 522 si
2528 501 2562 522 se

1496 535 1642 574 promisit
1665 544 1732 564 non
1755 535 1931 574 petiturum
1954 535 2197 565 restitutionem.
2227 535 2303 565 Non
2325 541 2432 576 potest
2454 541 2563 566 autem

1497 579 1682 618 promittere
1698 587 1731 608 se
1747 587 1815 608 non
1839 578 2116 609 denuntiaturum:
2141 588 2217 609 cum
2233 579 2296 609 hoc
2311 580 2351 610 sit
2370 585 2482 610 contra
2503 580 2562 610 bo-

1500 273 1663 308 damnum,
1680 277 1786 302 tamen
1811 271 1839 301 ei
1864 270 1903 301 de
1927 270 2012 300 facili
2035 271 2160 300 occurri
2188 275 2302 310 potest.
2334 271 2375 301 Et
2397 270 2471 302 ideo
2495 281 2563 302 non

1498 322 1661 356 reputatur
1685 315 1796 345 cadere
1818 315 1852 344 in
1868 319 2069 345 constantem
2091 314 2195 344 virum
2210 319 2315 345 metus
2338 314 2497 351 infamiae,
2515 325 2562 346 se-

574 523 671 553 ART.
690 522 726 553 11.
750 532 853 552 UTRUM
877 530 1009 551 commo
1034 528 1131 548 Murus
1155 526 1255 546 cAnAT

731 576 762 596 m
786 573 987 596 CONSTANTEM
1003 572 1098 592 vnum

451 645 471 664 D
495 643 655 664 strennuum
671 643 716 662 sm
731 640 933 662 paocrnmm.
958 628 1090 658 Videtur
1113 626 1201 666 quod
1228 625 1351 655 coactio
1375 632 1441 653 me·
1496 632 1576 652 num
1599 623 1746 659 iustitiae,
1763 622 1803 652 ad
1827 622 1916 663 quod
1939 623 2012 663 cogi
2034 633 2103 654 non
2126 628 2241 663 potest,
2259 629 2295 654 ut
2317 624 2437 654 scilicet
2452 629 2562 655 contra

390 649 500 709 Atus
523 687 590 708 non
607 676 696 707 cadat
712 676 743 705 in
764 678 959 705 constantem
981 673 1084 702 virum
1099 670 1126 700 *.
1150 670 1234 707 Quia
1258 668 1296 698 de
1319 668 1441 697 ratione
1457 674 1482 688 ¹⁰
1496 667 1648 696 iustitiam
1671 665 1774 697 faciat.

387 723 558 753 constantis
583 726 628 750 est
651 719 740 759 quod
762 728 828 749 non
852 716 985 757 trepidet
1007 716 1040 745 in
1064 714 1221 754 periculis.
1256 711 1340 762 Cum
1365 720 1440 760 ergo

387 772 489 796 metus
512 766 550 795 sit
574 763 741 805 trepidatio
766 762 878 792 mentis
901 761 1027 790 ratione
1047 757 1184 798 periculi
1207 757 1398 786 imminentis
1413 755 1440 790 *‚

386 810 509 840 videtur
532 808 620 848 quod
642 817 708 837 non
733 811 863 845 cogatur
885 809 983 834 metu.

442 863 470 884 2.
494 853 686 886 PRAETERRA,
704 850 844 880 omnium
865 847 1130 878 terribilissimam
1150 849 1196 875 est
1214 853 1310 878 mors,
1328 851 1440 872 secun—

386 897 463 928 dum
486 896 726 934 Philosophum,
750 894 783 922 in
808 893 847 922 111
870 891 971 921 Etkic.
996 892 1030 926 ³⁶,
1056 890 1145 929 quasi
1175 887 1440 928 perfectissimum
1457 894 1478 913 ¹5

385 942 465 971 inter
487 940 643 970 terribilia.
669 937 730 968 Sed
754 941 932 966 constantes
956 944 1022 964 non
1047 938 1205 973 coguntur
1220 936 1340 962 morte:
1366 931 1441 970 quia

385 985 472 1015 fortis
495 984 589 1013 etiam
611 981 751 1022 pericula
766 980 875 1010 mortis
899 979 1031 1008 sustinet
1047 979 1072 1007 θ’.
1097 977 1181 1016 Ergo
1205 975 1312 1005 nullus
1335 980 1440 1005 metus

385 1028 465 1058 cadit
488 1028 520 1056 in
544 1030 741 1056 constantem
765 1024 877 1053 virum.

438 1071 467 1101 3.
491 1071 691 1103 Pium-naza,
715 1069 795 1097 inter
818 1067 878 1096 alia
901 1065 1041 1106 pericula
1071 1064 1242 1104 praecipue
1269 1063 1399 1093 timetur
1422 1073 1439 1093 a

382 1115 473 1145 bonis
489 1113 667 1153 periculum
690 1111 801 1141 famae.
826 1109 888 1140 Sed
911 1110 1006 1139 timor
1021 1108 1169 1138 infamiae
1186 1117 1252 1137 non
1276 1113 1440 1147 reputatur
1454 1119 1480 1133 20

381 1160 476 1189 timor
498 1157 612 1188 cadens
635 1157 667 1186 in
692 1160 890 1185 constantem
914 1154 1032 1184 virum:
1059 1153 1149 1192 quia,
1173 1157 1208 1182 ut
1233 1151 1308 1182 dicit
1331 1151 1381 1182 lex
1405 1153 1437 1188 θ,

380 1203 476 1233 timor
503 1201 658 1242 infamiae
688 1209 751 1229 non
778 1198 960 1229 continetur
983 1198 1039 1227 illo
1064 1196 1185 1232 edicto,
1213 1195 1309 1232 Quod
1338 1201 1439 1226 metus

380 1255 478 1278 causa
492 1246 622 1287 factum
646 1249 700 1274 est.
734 1243 818 1283 Ergo
842 1251 902 1272 nec
925 1242 1038 1281 aliquis
1069 1241 1148 1271 alius
1170 1245 1275 1270 metus
1299 1239 1382 1270 cadit
1405 1241 1438 1270 in

380 1295 576 1321 constantem
599 1289 712 1318 virum.

433 1343 463 1373 4.
488 1334 682 1368 PRAETEREA,
700 1337 803 1361 metus
820 1332 852 1360 in
877 1340 916 1360 eo
933 1330 989 1370 qui
1012 1334 1102 1359 metu
1123 1329 1247 1368 cogitur
1269 1334 1438 1368 peccatum
1453 1342 1476 1362 ,ς

378 1378 545 1418 relinquit:
571 1377 646 1416 quia
670 1375 743 1406 facit
766 1385 841 1405 eurn
864 1375 1048 1415 promittere
1079 1373 1168 1413 quod
1191 1382 1259 1403 non
1282 1373 1351 1403 vult
1374 1373 1437 1403 sol-

378 1432 460 1458 vere,
479 1427 509 1452 et
531 1422 575 1451 sic
598 1420 672 1450 facit
695 1429 770 1450 eum
793 1420 929 1450 mentiri.
955 1418 1017 1449 Sed
1039 1427 1108 1448 non
1124 1423 1170 1448 est
1194 1418 1367 1447 constantis
1382 1417 1438 1448 ali-

379 1466 467 1507 quod
485 1470 663 1506 peccatum,
681 1465 776 1494 etiam
791 1464 972 1499 minimum,
985 1472 1044 1502 pro
1062 1462 1170 1502 aliquo
1190 1462 1306 1492 timore
1323 1460 1435 1492 facere.

378 1511 462 1551 Ergo
486 1510 592 1540 nullus
615 1514 718 1539 metus
743 1508 825 1538 cadit
846 1509 880 1538 in
905 1512 1106 1538 constantem
1128 1507 1243 1536 virum.

432 1555 493 1585 San
518 1563 649 1589 con-rm,
666 1553 826 1582 Abraham
848 1558 879 1583 et
903 1552 988 1582 Isaac
1009 1556 1189 1582 constantes
1210 1549 1349 1581 fuerunt.
1374 1549 1437 1581 Sed
1452 1563 1478 1583 3⁰

377 1600 409 1629 in
434 1599 477 1629 eis
501 1597 613 1628 cecidit
635 1603 754 1627 metus:
780 1597 855 1636 quia
878 1597 1000 1631 ratione
1023 1600 1127 1625 metus
1151 1594 1298 1625 dixerunt
1321 1604 1437 1625 uxores

378 1653 448 1674 suas
471 1643 529 1672 sibi
553 1651 619 1672 esse
642 1651 765 1672 sorores
781 1642 806 1670 ’ἢ
831 1641 916 1681 Ergo
933 1646 1037 1670 metus
1060 1645 1166 1680 potest
1182 1638 1294 1670 cadere
1309 1640 1343 1670 in
1359 1649 1437 1670 con-

378 1692 512 1718 stantem
535 1686 647 1716 virum.

434 1741 462 1761 2.
487 1731 687 1765 Piranum,
712 1730 908 1769 ubicumque
932 1734 978 1759 est
1000 1728 1180 1759 violentum
1213 1728 1366 1764 mixtum,
1391 1733 1438 1758 est

379 1776 490 1816 aliquis
513 1779 615 1804 metus
639 1783 756 1814 cogens
771 1774 797 1803 ὓ.
823 1773 884 1804 Sed
905 1773 1018 1813 aliquis
1035 1778 1335 1813 quantumcumque
1359 1781 1437 1802 con-
1453 1783 1475 1804 ³5

379 1826 461 1850 stans
484 1824 588 1859 potest
603 1819 668 1858 pati
690 1818 751 1848 tale
767 1818 960 1848 violentum:
985 1818 1070 1857 quia,
1087 1817 1112 1847 si
1136 1817 1175 1847 sit
1198 1816 1231 1847 in
1248 1817 1337 1852 mari,
1354 1826 1437 1847 mer-

379 1874 430 1894 ces
446 1864 589 1904 proiiciet
604 1868 748 1902 ternpore
763 1861 917 1902 naufragii
929 1862 955 1892 *.
980 1862 1066 1902 Ergo
1082 1866 1187 1892 metus
1203 1866 1309 1901 potest
1325 1860 1438 1892 cadere

378 1909 411 1938 in
435 1913 632 1938 constantem
654 1907 766 1937 virum.

1518 740 1617 771 ART.
1636 740 1686 771 ΙΙΙ.
1711 751 1815 771 UTRUM
1831 751 2002 772 CONSENSUS
2019 752 2157 772 COACTUS
2180 751 2303 772 TOLLAT
2321 752 2539 773 MATRIMONIUM

1758 791 1788 813 111
1802 791 1876 814 Sent..
1891 792 1944 814 dist.
1959 799 2038 819 xxxix.
2053 797 2094 815 nrt.
2108 799 2128 821 3.
2145 793 2188 821 qu·
2202 798 2223 820 2,
2239 792 2267 814 nd
2281 798 2302 815 2.

1497 853 1581 914 An
1597 852 1732 873 marrim
1748 853 1793 873 sm
1810 853 2015 874 rnocznrrtm.
2040 843 2174 874 Videtur
2190 844 2279 884 quod
2295 854 2470 875 consensus
2487 855 2561 876 coa-

1561 893 1630 917 ctus
1653 897 1720 917 non
1736 887 1826 917 tollat
1849 889 2100 919 matrimonium.
2126 888 2211 926 Quia
2234 889 2316 919 sicut
2338 888 2377 919 ad
2397 890 2561 920 matrimo-

1494 931 1587 961 nium
1618 932 1790 971 requiritur
1822 941 2014 969 consensus,
2038 934 2081 963 ita
2103 933 2143 963 ad
2166 934 2361 973 baptismum
2390 935 2562 974 requiritur

1494 975 1640 1006 intentio.
1670 975 1734 1006 Sed
1757 981 1887 1006 coactus
1910 977 2026 1007 timore
2049 976 2089 1007 ad
2111 977 2331 1017 recipiendum
2355 979 2559 1018 baptismum,

1494 1021 1606 1060 recipit
1621 1025 1856 1050 sacramentum
1867 1021 1893 1051 ἦ
1918 1020 2003 1060 Ergo
2021 1026 2150 1052 coactus
2167 1021 2207 1052 ad
2222 1022 2488 1053 consentiendum
2505 1023 2561 1053 ali-

1495 1073 1562 1103 quo
1585 1065 1700 1094 timore
1723 1065 1929 1095 matrimonio
1957 1066 2124 1105 obligatur.

1550 1117 1579 1138 2.
1604 1108 1809 1144 paam-nam,
1833 1109 2012 1139 violentum
2035 1110 2188 1146 mixtum,
2213 1110 2391 1142 secundum
2413 1111 2560 1142 Philoso-

1492 1152 1596 1192 phum
1612 1153 1638 1188 *‚
1655 1153 1728 1192 plus
1750 1153 1846 1183 habet
1869 1153 1908 1183 de
1931 1154 2112 1184 voluntario
2144 1163 2242 1194 quam
2265 1154 2305 1185 de
2332 1155 2559 1187 involuntario.

1494 1196 1556 1227 Sed
1579 1206 1646 1227 non
1663 1203 1769 1237 potest
1792 1196 1881 1227 aliter
1897 1207 2072 1228 consensus
2097 1207 2164 1228 esse
2188 1204 2319 1229 coactus
2334 1200 2395 1230 nisi
2418 1209 2476 1240 per
2490 1201 2559 1231 vio-

1492 1240 1616 1271 lentum
1638 1242 1775 1272 mixtum
1791 1242 1817 1271 ⁹.
1853 1241 1938 1281 Ergo
1962 1251 2030 1272 non
2055 1242 2189 1273 omnino
2213 1242 2390 1274 excluditur
2412 1244 2559 1275 volunta-

1492 1286 1586 1315 rium.
1611 1285 1652 1315 Et
1675 1286 1717 1316 ita
1741 1285 1845 1319 adhuc
1870 1291 1917 1316 est
1939 1287 2190 1317 matrimonium.
2467 1305 2470 1307 Δ

1548 1330 1578 1360 3.
1603 1330 1800 1367 Pam-rnna,
1818 1330 1847 1360 ei
1863 1331 1920 1370 qui
1936 1331 2095 1361 consentit
2110 1331 2143 1361 in
2159 1331 2403 1362 matrimonium
2418 1338 2559 1369 coactus,

1493 1373 1729 1404 consulendum
1752 1374 1877 1405 videtur
1900 1374 1990 1415 quod
2012 1375 2046 1405 in
2068 1375 2275 1406 matrimonio
2298 1375 2354 1406 illo
2378 1381 2455 1406 stet:
2485 1377 2562 1417 quia

1491 1419 1626 1459 speciem
1649 1419 1728 1449 mali
1744 1419 1839 1449 habet
1861 1419 2048 1458 promittere
2064 1425 2095 1450 et
2109 1429 2178 1450 non
2194 1419 2327 1456 solvere,
2345 1430 2363 1450 a
2379 1429 2446 1460 quo
2469 1421 2559 1461 Apo·-

1491 1463 1591 1493 stolus
1607 1464 1624 1479 ⁴*
1646 1464 1715 1494 vult
1737 1473 1797 1493 nos
1821 1463 1988 1493 abstinere.
2012 1463 2086 1494 Hoc
2109 1469 2218 1494 autem
2240 1474 2308 1495 non
2331 1470 2413 1495 esset
2433 1465 2459 1495 si
2482 1475 2560 1496 con-

1491 1517 1602 1538 sensus
1621 1513 1752 1538 coactus
1769 1508 1903 1538 omnino
1922 1508 2165 1538 matrimonium
2179 1508 2315 1539 tolleret.
2340 1509 2437 1549 Ergo,
2453 1515 2514 1540 etc.

1547 1552 1609 1583 San
1634 1562 1757 1582 com-na
1773 1562 1827 1582 esr
1844 1551 1934 1592 quod
1953 1552 2116 1583 decretalis
2132 1553 2149 1569 ⁴·
2165 1552 2256 1583 dicit:
2284 1553 2366 1583 Cum
2385 1563 2561 1585 consensus

1492 1597 1598 1627 locum
1615 1595 1680 1626 no‘n
1703 1597 1819 1627 habeat
1834 1596 1888 1627 ubi
1910 1602 2013 1627 metus
2028 1597 2079 1627 vel
2098 1598 2224 1627 coactio
2245 1597 2416 1634 intercidit,
2434 1607 2560 1630 necesse

1491 1646 1539 1671 est
1560 1646 1604 1677 ut,
1622 1641 1676 1671 ubi
1698 1641 1877 1671 communis
1896 1650 2070 1672 consensus
2093 1642 2280 1682 requiritur,
2298 1642 2476 1673 coactionis
2491 1652 2560 1674 ma—

1492 1685 1573 1716 teria
1598 1685 1786 1726 repellatur.
1811 1685 1874 1716 Sed
1896 1686 1931 1715 in
1953 1686 2159 1716 matrimonio
2183 1686 2354 1726 requiritur
2377 1688 2560 1718 communis

1492 1739 1679 1760 consensus.
1704 1730 1801 1770 Ergo,
1819 1735 1878 1760 etc.

1548 1783 1577 1804 2.
1602 1774 1807 1810 Panamara,
1832 1774 2075 1804 matrimonium
2104 1773 2262 1815 significat
2293 1775 2559 1807 coniunctionem

1492 1817 1610 1849 Christi
1626 1818 1665 1848 ad
1681 1818 1857 1849 Ecclesiam
1873 1819 1900 1854 *‚
1918 1827 2000 1858 quae
2023 1817 2059 1848 fit
2075 1818 2254 1850 secundum
2269 1819 2447 1850 libertatern
2469 1829 2558 1851 amo-

1491 1863 1542 1893 ris.
1567 1863 1653 1903 Ergo
1676 1873 1743 1893 non
1767 1868 1874 1903 potest
1895 1861 1964 1893 fien·
1987 1872 2045 1903 per
2067 1872 2262 1894 consensum
2286 1869 2446 1894 coactum.

1547 1907 1736 1937 Rasponnsso
1753 1917 1912 1937 DxcssNmm
1929 1907 2019 1946 quod
2033 1907 2199 1938 vinculum
2214 1908 2410 1938 matrimonii
2425 1914 2473 1939 est
2487 1917 2559 1949 per-

433 1953 619 1982 RnspoNozo
643 1961 801 1980 monimum
825 1949 913 1990 quod
943 1949 1055 1980 cadere
1083 1954 1208 1980 metum
1231 1950 1264 1979 in
1296 1949 1438 1989 aliquem
1491 1957 1637 1992 petuum.
1662 1951 1756 1982 Unde
1778 1951 1858 1982 illud
1877 1950 1968 1991 quod
1990 1952 2194 1991 perpetuitati
2209 1958 2376 1992 repugnat,
2393 1953 2558 1983 matrimo-

379 2002 425 2027 est
440 1996 578 2036 aliquem
594 2001 682 2026 metu
698 1995 779 2035 cogi.
801 1994 935 2034 Cogitur
951 2000 1058 2024 autem
1070 1994 1184 2034 aliquis
1199 1999 1289 2024 metu
1306 1993 1436 2034 quando
1452 2008 1478 2028 40
1491 1996 1583 2026 nium
1605 1995 1698 2026 tollit.
1723 1996 1829 2026 Metus
1848 2001 1955 2026 autem
1979 1996 2035 2036 qui
2057 1995 2145 2026 cadit
2167 1997 2199 2026 in
2220 2001 2419 2027 constantem
2442 1997 2559 2033 virum,

379 2040 497 2080 aliquid
519 2039 592 2070 facit
615 2039 704 2079 quod
727 2039 801 2069 alias
823 2049 891 2069 non
914 2039 1023 2074 vellet,
1046 2037 1087 2068 ad
1109 2037 1293 2068 evitandum
1317 2037 1438 2078 aliquid
1492 2040 1737 2080 perpetuitatem
1761 2045 1942 2070 contractus
1965 2040 2064 2070 tollit:
2090 2040 2166 2080 quia
2188 2045 2295 2080 potest
2317 2041 2383 2080 peti
2401 2041 2559 2072 restitutio

379 2084 467 2124 quod
490 2085 588 2114 timet.
613 2084 648 2114 In
671 2084 734 2113 hoc
757 2089 864 2114 autem
883 2089 1031 2114 constans
1056 2083 1094 2112 ab
1117 2083 1312 2112 inconstanti
1328 2082 1437 2113 distin·
1491 2085 1526 2114 in
1548 2085 1709 2124 integrum
1725 2085 1753 2114 ‘'.
1778 2084 1819 2114 Et
1841 2083 1915 2114 ideo
1939 2084 2018 2114 haec
2041 2085 2167 2115 coactio
2189 2084 2274 2115 tollit
2299 2085 2559 2122 matrimonium,

379 2130 483 2169 guitur
506 2134 661 2168 quantum
684 2127 723 2158 ad
746 2127 822 2158 duo.
846 2128 954 2158 Primo
966 2151 973 2163 ‚
1002 2132 1159 2167 quantum
1183 2126 1222 2157 ad
1252 2126 1438 2166 qualitatem
1493 2134 1524 2159 et
1539 2138 1607 2159 non
1623 2128 1683 2159 alia
1698 2129 1725 2158 *ἃ
1741 2145 1762 2151 -
1780 2127 1939 2158 Constans
1954 2134 2062 2159 autem
2078 2129 2126 2158 vir
2140 2128 2298 2159 iudicatur
2313 2129 2486 2165 virtuosus,
2503 2130 2561 2170 qui

378 2172 509 2213 periculi
533 2172 620 2212 quod
647 2173 784 2202 timetur.
818 2172 903 2210 Quia
936 2177 1084 2202 constans
1108 2171 1251 2211 sequitur
1280 2171 1438 2201 rationem
1493 2177 1540 2203 est
1555 2182 1706 2203 mensura
1722 2173 1756 2203 in
1783 2173 1934 2203 omnibus
1951 2173 2102 2213 operibus
2118 2173 2277 2210 humanis,
2293 2178 2329 2204 ut
2343 2173 2560 2214 Philosophus

379 2222 505 2253 rectam,
522 2226 578 2256 per
601 2226 697 2256 quam
721 2217 778 2247 scit
802 2216 879 2256 quid
902 2225 961 2256 pro
986 2225 1052 2256 quo
1077 2215 1302 2246 dimittendum
1326 2216 1364 2245 sit
1387 2215 1438 2246 vel
1452 2228 1476 2248 45
1493 2217 1578 2253 dicit,
1595 2218 1628 2247 in
1651 2217 1692 2247 111
1707 2217 1812 2248 Ethic.
1829 2217 1846 2234 ³⁹

379 2260 567 2291 faciendum.
593 2261 724 2300 Semper
740 2266 846 2291 autem
866 2261 972 2291 minus
987 2260 1109 2290 malum
1125 2260 1176 2290 vel
1195 2260 1297 2290 maius
1313 2260 1438 2290 bonum
1548 2261 1689 2299 Quidam
1713 2266 1821 2291 autem
1844 2260 1955 2292 dicunt
1979 2261 2078 2301 quod,
2095 2262 2121 2292 si
2145 2261 2225 2292 adsit
2243 2270 2429 2298 consensus,
2446 2271 2560 2302 quam-

380 2304 559 2345 eligendum
583 2311 638 2335 est.
663 2305 703 2335 Et
725 2304 798 2335 ideo
823 2310 971 2335 constans
995 2304 1035 2335 ad
1058 2304 1165 2334 minus
1196 2304 1317 2334 malum
1346 2304 1438 2334 susti·
1492 2307 1539 2336 vis
1563 2311 1702 2341 coactus,
1720 2306 1851 2336 interius
1868 2311 1914 2336 est
1937 2306 2179 2336 matrimonium
2195 2310 2354 2347 quantum
2376 2305 2416 2336 ad
2434 2306 2559 2344 Deum3

379 2349 520 2379 nendum
544 2350 667 2389 cogitur
689 2355 778 2379 metu
805 2349 932 2379 maioris
956 2349 1049 2379 mali:
1084 2358 1151 2379 non
1182 2354 1290 2378 autem
1313 2349 1438 2388 cogitur
1493 2349 1549 2380 sed
1571 2359 1639 2380 non
1662 2355 1821 2390 quantum
1837 2349 1877 2380 ad
1899 2355 2017 2380 statum
2031 2350 2204 2386 Ecclesiae,
2222 2359 2306 2390 quae
2325 2351 2501 2390 praesumit
2514 2351 2560 2382 ihi

380 2392 419 2423 ad
441 2394 542 2423 maius
564 2393 684 2423 malum
707 2399 743 2423 ut
766 2394 842 2424 vitet
864 2394 971 2423 minus
998 2393 1130 2423 malum.
1162 2392 1225 2423 Sed
1253 2393 1438 2423 inconstans
1492 2404 1560 2425 non
1577 2394 1673 2425 fuisse
1697 2403 1892 2425 consensum
1915 2394 2100 2424 interiorem
2118 2400 2249 2434 propter
2269 2400 2394 2425 metum
2409 2395 2435 2425 “.
2451 2413 2475 2418 -
2496 2394 2560 2426 Sed

381 2438 503 2476 cogitur
526 2437 566 2468 ad
592 2438 694 2467 maius
723 2437 844 2467 malum
877 2443 1007 2477 propter
1030 2443 1153 2467 metum
1186 2437 1318 2467 minoris
1342 2437 1435 2467 mali:
1454 2449 1479 2469 ςο
1493 2439 1556 2469 hoc
1578 2439 1658 2469 nihil
1681 2444 1737 2469 est.
1762 2438 1848 2476 Quia
1863 2438 2006 2469 Ecclesia
2028 2448 2096 2469 non
2112 2438 2207 2469 debet
2221 2448 2425 2479 praesumere
2440 2438 2481 2470 de
2503 2439 2560 2470 ali-

380 2482 461 2511 sicut
483 2480 522 2511 ad
541 2487 708 2521 peccatum
723 2487 851 2522 propter
874 2487 997 2512 metum
1021 2481 1194 2522 corporalis
1215 2491 1350 2521 poenae.
1375 2480 1438 2512 Sed
1493 2493 1560 2524 quo
1592 2488 1761 2523 peccatum
1792 2492 1964 2523 quousque
1991 2492 2060 2513 non
2081 2483 2244 2523 probetur.
2276 2483 2424 2514 Peccavit
2451 2489 2560 2514 auten

380 2525 520 2564 pertinax
544 2535 562 2555 e
578 2531 688 2555 contra
703 2535 770 2556 non
793 2531 897 2565 potest
914 2527 986 2566 cogi
1010 2526 1105 2556 etiam
1129 2525 1168 2556 ad
1186 2526 1293 2556 minus
1316 2526 1438 2556 malum
1493 2528 1519 2558 si
1542 2527 1620 2558 dixit
1643 2537 1676 2558 se
1699 2527 1898 2563 consentire,
1927 2532 1959 2558 et
1987 2536 2055 2557 non
2086 2527 2257 2558 consensit.
2293 2526 2387 2558 Unde
2416 2527 2560 2559 Ecclesia

381 2568 600 2599 sustinendum
622 2570 672 2599 vel
696 2569 876 2600 faciendum
893 2576 927 2600 ut
951 2570 1047 2600 evitet
1069 2571 1172 2600 maius
1187 2570 1319 2601 malum.
1344 2569 1438 2601 Unde
1492 2573 1667 2612 praesumit
1690 2581 1766 2602 eum
1789 2571 2005 2607 consensisse,
2025 2570 2081 2602 sed
2102 2570 2222 2602 iudicat
2249 2581 2443 2602 consensum
2466 2572 2560 2603 illum

382 2618 528 2643 constans
552 2619 597 2643 est
620 2613 743 2643 medius
766 2614 846 2644 inter
869 2615 1102 2644 inconstantem
1126 2619 1158 2644 et
1180 2615 1385 2655 pertinacem.
1493 2622 1654 2647 extortum
1686 2625 1754 2646 non
1778 2625 1845 2646 esse
1877 2615 2088 2646 sufficientem
2121 2615 2161 2646 ad
2184 2615 2368 2646 faciendum
2394 2616 2560 2647 matrimo-

436 2656 583 2687 Secundo
607 2656 754 2687 differunt
778 2663 933 2698 quantum
957 2658 995 2688 ad
1019 2659 1272 2689 aestimationem
1305 2658 1438 2698 periculi
1454 2670 1476 2691 55
1491 2661 1594 2691 nium.

381 2701 584 2731 imminentis.
609 2701 693 2739 Quia
716 2701 803 2732 fortis
827 2712 894 2732 non
916 2703 976 2732 nisi
1001 2712 1038 2732 ex
1061 2702 1136 2733 forti
1164 2703 1384 2733 aestimatione
1407 2708 1439 2733 et
1548 2705 1600 2735 An
1623 2714 1741 2735 panum
1764 2714 1847 2735 aneo
1871 2714 2031 2734 mesanum
2046 2703 2135 2744 quod
2151 2704 2287 2734 intentio
2302 2713 2372 2734 non
2395 2710 2442 2735 est
2465 2713 2561 2736 causa

381 2745 535 2784 probabili
552 2746 693 2785 cogitur:
714 2745 769 2775 sed
783 2747 965 2776 inconstans
983 2756 1020 2777 ex
1035 2747 1107 2783 levi,
1124 2747 1275 2778 Proverb.
1293 2757 1388 2778 xxvm
1404 2747 1437 2777 *z
1494 2748 1634 2779 efficiens
1658 2749 1846 2779 sacramenti
1869 2749 1902 2779 in
1918 2749 2088 2788 baptismo,
2105 2747 2161 2779 sed
2184 2748 2290 2779 solum
2307 2748 2436 2779 eliciens
2459 2748 2560 2780 actio-

381 2788 480 2829 Fugit
503 2789 616 2829 impius
639 2790 763 2820 nemine
779 2795 997 2830 persequente.
1493 2803 1568 2823 nem
1593 2794 1723 2833 agentis.
1755 2792 1818 2824 Sed
1841 2802 2017 2823 consensus
2041 2798 2088 2823 est
2111 2802 2206 2823 causa
2234 2792 2373 2823 efficiens
2396 2793 2430 2823 in
2451 2793 2559 2824 matri-

435 2833 485 2862 An
508 2843 623 2863 prmum
646 2843 727 2864 aizoo
752 2844 910 2864 mensuum
933 2835 1022 2874 quod
1051 2841 1215 2872 constans,
1240 2836 1322 2866 sicut
1345 2841 1376 2866 et
1399 2835 1439 2866 de
1493 2837 1606 2868 monio
1622 2838 1648 2868 *.
1674 2838 1715 2868 Et
1737 2837 1811 2868 ideo
1835 2847 1903 2868 non
1927 2843 1974 2867 est
1996 2837 2109 2867 simile.

382 2875 455 2906 forti
477 2876 552 2907 dicit
574 2877 786 2918 Philosophus
802 2879 828 2914 *‚
846 2884 892 2909 est
907 2879 1092 2919 intrepidus,
1107 2889 1175 2912 non
1199 2879 1288 2920 quod
1303 2880 1438 2910 omnino
1453 2889 1480 2910 60
1548 2882 1599 2912 An
1623 2891 1785 2912 secuuntur
1801 2891 1960 2912 DchNDUM
1984 2881 2075 2921 quod
2090 2881 2130 2912 ad
2152 2881 2396 2912 matrimonium
2409 2890 2479 2911 non
2493 2879 2560 2911 suf—

381 2929 448 2950 non
471 2920 588 2957 timeat,
605 2921 660 2951 sed
684 2923 758 2962 quia
773 2932 839 2953 non
863 2923 953 2953 timet
969 2933 1052 2963 quae
1075 2933 1142 2954 non
1158 2929 1296 2964 oportet,
1312 2924 1363 2954 vel
1379 2924 1439 2955 nisi
1494 2925 1560 2957 ficit
1583 2926 1815 2966 quodcumque
1830 2925 2057 2961 voluntarium,
2074 2925 2131 2956 sed
2145 2925 2363 2956 voluntarium
2383 2924 2558 2965 complete:

383 2963 511 3003 quando
535 2971 670 3004 oportet.
1494 2971 1569 3010 quia
1585 2970 1680 3001 debet
1696 2980 1773 3003 esse,
1779 2975 1982 3011 perpetuum.
2007 2970 2048 3000 Et
2063 2969 2137 3000 ideo
2153 2979 2211 3011 per
2229 2969 2408 3000 violentum
2422 2969 2559 3000 mixtum

437 3007 486 3037 An
510 3018 670 3039 sacurmmr
689 3019 847 3040 mensuum
862 3010 952 3050 quod
974 3017 1105 3051 peccata
1120 3017 1194 3042 sunt
1216 3013 1354 3043 maxima
1372 3022 1439 3042 ma·
1493 3014 1676 3054 impeditur.

383 3051 497 3082 lorum.
521 3052 562 3082 Et
576 3052 648 3083 ideo
673 3053 711 3083 ad
726 3054 805 3084 haec
827 3055 916 3084 nullo
933 3054 1032 3085 modo
1049 3061 1154 3095 potest
1169 3057 1269 3086 homo
1291 3062 1439 3087 constans
1549 3059 1600 3089 An
1625 3068 1761 3089 ‘rum-nm
1783 3067 1943 3088 mmmmm
1973 3057 2063 3098 quod
2085 3067 2154 3089 non
2176 3067 2303 3098 semper
2333 3056 2427 3088 debet
2449 3056 2560 3089 induci

385 3095 470 3134 cogi:
496 3096 594 3127 immo
614 3098 712 3137 magis
729 3097 821 3128 debet
843 3099 943 3129 homo
960 3100 1043 3129 mori
1066 3109 1164 3139 quam
1186 3100 1259 3131 talia
1274 3101 1438 3137 sustinere,
1453 3110 1477 3136 65
1495 3102 1534 3133 ad
1557 3103 1620 3133 hoc
1645 3102 1735 3143 quod
1757 3103 1790 3133 in
1813 3103 2019 3133 matrimonio
2042 3102 2098 3132 illo
2122 3107 2197 3138 stet,
2221 3101 2276 3132 sed
2299 3101 2405 3132 solum
2429 3101 2559 3142 quando

385 3144 420 3169 ut
442 3139 535 3169 etiam
558 3140 780 3180 Philosophus,
799 3142 839 3171 111
854 3142 957 3173 Ethic.
974 3144 1000 3179 *‚
1018 3143 1102 3174 dicit.
1494 3147 1624 3177 timetur
1646 3147 1826 3187 periculum
1850 3146 1889 3177 de
1913 3145 2132 3177 dissolutione.
2156 3146 2243 3177 Alias
2266 3151 2374 3176 autem
2393 3155 2461 3176 non
2483 3155 2560 3186 pec-

439 3182 502 3213 Sed
518 3184 672 3223 quaedam
688 3184 802 3215 damna
818 3187 994 3226 corporalia
1009 3193 1083 3217 sunt
1105 3189 1230 3218 minora
1249 3188 1440 3228 quibusdam
1495 3196 1562 3221 cat:
1588 3192 1663 3231 quia
1686 3201 1754 3222 non
1777 3191 1900 3222 solvere
1915 3191 2072 3231 promissa
2087 3199 2170 3231 quae
2193 3190 2308 3221 nolens
2328 3189 2412 3226 facit,
2429 3199 2498 3220 non
2513 3195 2560 3221 est

386 3225 462 3256 aliis.
486 3226 569 3257 Inter
591 3237 672 3268 quae
695 3235 768 3259 sunt
791 3230 960 3269 praecipua
984 3240 1066 3270 quae
1089 3231 1129 3262 ad
1151 3241 1322 3272 personam
1345 3234 1440 3273 perti—
1495 3236 1617 3275 species
1639 3236 1725 3266 mali.

387 3275 472 3306 nent,
489 3271 569 3301 sicut
584 3281 679 3307 mors,
696 3274 834 3309 verbera,
852 3273 1072 3305 dehonestatio
1089 3285 1145 3315 per
1161 3282 1317 3316 stuprum,
1330 3282 1362 3307 et
1377 3286 1440 3307 ser-

388 3313 478 3343 vitus.
503 3314 543 3344 Et
557 3315 629 3345 ideo
654 3325 691 3345 ex
714 3317 779 3346 istis
796 3323 943 3347 constans
966 3319 1091 3358 cogitur
1106 3319 1145 3349 ad
1164 3321 1224 3350 alia
1239 3320 1354 3350 damna
1370 3330 1440 3351 cor-
1454 3335 1481 3356 70

389 3357 507 3395 poralia
518 3359 543 3387 ’ἱ
564 3359 604 3388 Et
618 3359 696 3389 haec
708 3360 910 3390 continentur
921 3362 984 3391 hoc
996 3371 1104 3393 versu:
1122 3363 1233 3404 Stupri
1247 3365 1313 3395 sive
1328 3369 1439 3401 status,

390 3400 527 3431 verberis
550 3407 643 3442 atque
666 3403 750 3432 necis
766 3404 792 3432 ⁴.
816 3404 884 3434 Nec
908 3404 1010 3435 differt
1032 3412 1140 3436 utrum
1163 3408 1241 3438 haec
1264 3409 1442 3448 pertineant

391 3442 430 3473 ad
452 3453 618 3483 personam
640 3447 811 3485 propriam,
836 3447 886 3477 vel
909 3449 1024 3485 uxoris,
1048 3450 1099 3480 vel
1121 3450 1271 3487 filiorum,
1291 3452 1342 3482 vel
1364 3452 1442 3482 alio-

391 3495 462 3516 rum
484 3487 676 3519 huiusmodi.
1498 3498 1584 3536 Quia
1606 3501 1848 3530 matrimonium
1871 3505 1918 3530 est
1947 3500 2075 3540 signum
2107 3499 2276 3540 spiritualis
2311 3498 2559 3530 coniunctionis

446 3530 496 3560 An
512 3540 644 3561 marrim
659 3542 816 3562 mcenmm
831 3533 920 3572 quod
934 3534 1063 3566 infamia
1077 3538 1220 3575 quamvis
1236 3539 1275 3568 sit
1290 3548 1441 3578 magnum
1458 3553 1480 3573 75
1498 3542 1560 3572 Sed
1583 3544 1751 3582 spiritualis
1775 3545 1971 3581 coniunctio,
1997 3553 2080 3584 quae
2104 3549 2150 3574 est
2172 3553 2229 3585 per
2253 3544 2431 3580 caritatem,
2455 3547 2561 3583 potest

1701 3301 1800 3332 ART.
1818 3301 1870 3331 IV.
1895 3310 2000 3331 urium
2023 3309 2194 3331 consensus
2217 3309 2355 3331 coac-rus

1598 3355 1716 3375 sar-rim
1739 3355 1778 3375 ax
1801 3354 1899 3375 rm‘rr
1926 3354 2077 3375 coornrrs
2100 3354 2212 3375 nem-
2239 3353 2458 3375 mammon-mu

1562 3422 1582 3442 n
1611 3422 1759 3442 omarum
1788 3422 1833 3442 sic
1864 3421 2068 3442 nocam-rua.
2103 3410 2237 3442 Videtur
2264 3410 2354 3452 quod
2386 3419 2561 3442 consensus

1499 3423 1692 3486 Acoactus
1721 3456 1831 3487 saltem
1855 3466 1893 3486 ex
1915 3461 2004 3496 parte
2024 3456 2167 3495 cogentis
2188 3454 2282 3486 faciat
2307 3455 2559 3486 matrimonium.

2589 1029 2600 1039 '¹
2623 1028 2680 1050 can.
2703 1028 2741 1050 De
2760 1028 2802 1051 Iu-

2589 1054 2658 1076 daete
2670 1054 2725 1078 din.
2730 1054 2800 1081 XLV:

2588 1071 2802 1109 Cap-Maiorem&

2587 1107 2712 1136 Raptim
2729 1111 2773 1130 ete.

2589 1166 2599 1176 ·
2613 1163 2688 1186 Emit.
2703 1164 2744 1187 lib.
2759 1164 2799 1187 111.

2588 1196 2639 1239 aa·
2648 1196 2706 1240 :aa
2717 1190 2760 1240 ts·
2775 1191 2801 1214 ⁵·

2589 1249 2598 1259 ·
2613 1247 2650 1270 ef.
2665 1251 2708 1270 ιη.
2725 1255 2744 1271 ι.

2587 1473 2598 1483 ·
2619 1471 2629 1493 ι
2648 1471 2684 1494 aa
2700 1471 2798 1500 rum„

2588 1503 2639 1527 etp.
2653 1504 2676 1526 v,
2691 1504 2751 1522 ven.
2765 1505 2799 1522 aa.

2587 1560 2598 1571 '¹
2609 1558 2666 1581 Cn
2770 1559 2800 1582 de

2585 1585 2698 1634 W.
2708 1588 2733 1608 et
2771 1591 2800 1608 a·

2586 1825 2739 1854 'Adspheae.,
2746 1830 2798 1853 eap·

2585 1859 2608 1879 v.
2623 1858 2683 1875 ven.
2696 1857 2731 1882 ³²·

2588 2088 2622 2110 -p
2657 2086 2801 2117 mmo-oa

2587 2121 2624 2137 Ue
2665 2120 2740 2138 “m
2745 2118 2799 2141 βία,

2587 2147 2799 2222 {mae-‘mm

2587 2221 2714 2243 ultano&
2726 2222 2785 2244 tm
2790 2238 2798 2249 ,

2587 2247 2618 2270 de
2719 2247 2753 2270 ol.
2777 2249 2802 2270 et

2587 2273 2671 2349 feti:
2681 2306 2799 2350 1¹:32⁵}

2587 2353 2624 2377 Cf.
2639 2353 2732 2381 mclx.
2746 2359 2774 2376 σι
2791 2369 2798 2376 .

2588 2386 2624 2407 iv,
2638 2386 2662 2403 n.
2677 2386 2703 2407 ag
2718 2386 2738 2403 ι.

2587 2407 2799 2456 {fiilia-aima„

2586 2459 2801 2515 ffivffi‘ffi}

2586 2513 2632 2540 ἰ.

2589 2835 2600 2846 ·
2607 2834 2655 2862 Qu.
2665 2839 2720 2862 nv,
2727 2837 2770 2856 nrt.
2779 2841 2797 2857 ι.
