2918 4088
228 812 238 822 ‘¹
249 811 294 838 Qu.
303 817 358 838 Lxu,
368 815 406 832 art.
416 818 438 836 4.

228 1021 237 1030 ·
253 1019 284 1040 Ca
303 1025 345 1043 .11‚
361 1025 439 1045 n-4.-

229 1046 250 1066 S.
307 1061 311 1066 .
328 1046 378 1066 lect.
395 1051 416 1066 11.

323 1345 336 1367 η

227 1393 237 1403 '
245 1391 279 1414 Cf.
288 1391 376 1412 Euclid.
383 1391 437 1412 Ele-

227 1420 294 1439 ment.
312 1418 349 1439 lib.
366 1418 382 1444 1,
399 1418 437 1438 de-

228 1445 283 1465 finit.
298 1450 342 1465 xiv.

227 1904 237 1914 ·
253 1903 286 1925 Cf.
304 1909 364 1924 num.
381 1909 411 1924 iv.

468 206 514 242 32

466 292 498 321 et
512 286 864 321 communicatorem
879 284 1100 322 divinorum.
1122 283 1285 320 Divinus
1300 290 1429 319 autem
1445 282 1525 318 cul-

466 346 526 374 tus
546 337 715 374 consistit
733 338 794 373 vel
814 336 853 373 in
873 336 1092 385 recipiendo
1113 335 1124 361 t
1153 335 1279 384 aliqua
1302 335 1443 380 divina,
1463 335 1526 370 vel

466 390 505 426 in
533 389 719 426 tradendo
752 389 843 426 aliis.
882 389 942 426 Ad
970 396 1178 437 utrumque
1216 395 1345 424 autem
1382 388 1525 423 horum

467 442 671 491 requiritur
706 442 899 490 quaedam
933 441 1122 490 potentia:
1161 452 1252 477 nam
1290 440 1339 477 ad
1374 440 1525 476 traden-

468 496 562 531 dum
590 494 733 543 aliquid
761 494 852 541 aliis,
880 493 1083 542 requiritur
1110 492 1278 541 potentia
1306 492 1448 538 activa;
1477 491 1526 528 ad

467 547 730 596 recipiendum
766 554 895 583 autem
927 546 1131 594 requiritur
1166 545 1336 594 potentia
1363 543 1525 593 passiva.

467 601 514 636 Et
542 599 628 636 ideo
658 600 852 636 character
879 598 1058 647 importat
1086 598 1282 646 quandam
1317 596 1526 645 potentiam

467 652 701 700 spiritualem
735 651 950 688 ordinatam
984 651 1032 687 ad
1068 663 1113 687 ea
1147 662 1246 700 quae
1285 657 1374 686 sunt
1408 648 1527 686 divini

467 706 600 741 cultus.

521 756 731 794 Sciendum
758 763 887 792 tamen
916 756 1022 805 quod
1051 756 1146 792 haec
1169 754 1372 804 spiritualis
1392 762 1526 803 poten-

466 808 517 846 tia
545 817 599 845 est
627 808 940 846 instrumentalis:
981 808 1076 844 sicut
1104 819 1220 856 supra
1242 807 1262 829 '¹‘
1290 806 1436 844 dictum
1472 813 1527 843 est

467 862 514 898 de
534 861 670 898 virtute
699 873 799 910 quae
819 869 874 897 est
897 860 935 898 in
956 860 1211 898 sacramentis.
1240 860 1393 897 Habere
1422 859 1526 896 enim

467 913 693 951 sacramenti
720 914 978 951 characterem
1013 913 1195 962 competit
1222 912 1402 949 ministris
1437 911 1524 948 Dei:

467 966 639 1003 minister
661 974 791 1003 autem
810 966 925 1003 habet
944 978 984 1002 se
1003 978 1072 1015 per
1090 966 1254 1002 modum
1273 964 1525 1011 instrumenti,

466 1027 508 1055 ut
535 1019 794 1067 Philosophus
822 1019 927 1065 dicit,
957 1018 996 1055 in
1025 1020 1038 1055 I
1066 1019 1172 1055 Polit.
1189 1017 1209 1039 ’³'
1236 1018 1283 1054 Et
1309 1018 1408 1063 ideo,
1430 1017 1526 1054 sicut

466 1071 586 1107 virtus
614 1083 713 1119 quae
742 1078 796 1107 est
823 1070 863 1107 in
891 1070 1153 1117 sacramentis,
1183 1082 1263 1107 non
1301 1077 1356 1106 est
1391 1069 1431 1106 in
1464 1081 1526 1117 ge-

466 1135 556 1159 nere
583 1135 654 1172 per
681 1135 734 1169 se,
764 1123 830 1159 sed
858 1135 927 1172 per
954 1122 1235 1169 reductionem,
1265 1134 1312 1160 eo
1341 1123 1448 1171 quod
1471 1129 1526 1159 est

466 1175 652 1223 quiddam
680 1175 806 1211 fluens
835 1183 870 1211 et
898 1175 1194 1224 incompletum;
1224 1175 1275 1212 ita
1303 1174 1417 1211 etiam
1440 1175 1525 1211 cha-

465 1236 585 1263 racter
612 1239 692 1263 non
719 1227 874 1276 proprie
903 1235 958 1263 est
984 1227 1024 1264 in
1051 1239 1189 1275 genere
1209 1229 1271 1264 vel
1299 1227 1438 1275 specie,
1458 1228 1526 1263 sed

464 1279 658 1316 reducitur
685 1280 733 1316 ad
762 1280 973 1316 secundam
1001 1279 1169 1328 speciem
1197 1279 1396 1328 qualitatis

516 1334 573 1368 AD
602 1344 737 1369 PRIMUM
765 1344 870 1375 ERGO,
891 1344 1073 1369 DICENDUM
1093 1332 1201 1380 quod
1224 1331 1403 1379 figuratio
1423 1337 1441 1358 η
1470 1339 1526 1367 est

465 1385 657 1434 quaedam
685 1384 900 1422 terminatio
929 1384 1146 1434 quantitatis
1165 1384 1195 1420 ²¹².
1225 1384 1350 1429 Unde,
1369 1383 1524 1433 proprie

463 1438 678 1486 loquendo,
708 1449 789 1474 non
823 1445 878 1474 est
906 1437 978 1474 nisi
1008 1437 1060 1474 in.
1084 1437 1199 1474 rebus
1234 1436 1447 1486 corporeis:
1486 1436 1525 1473 in

463 1490 720 1539 spiritualibus
740 1497 870 1527 autem
889 1490 1026 1527 dicitur
1044 1489 1317 1538 metaphorice.
1347 1490 1440 1526 Non
1459 1501 1526 1526 au-

514 1604 540 1639 ζ)
559 1605 721 1637 recipiendo.
737 1619 756 1624 —-
775 1605 832 1630 r-’sE
850 1612 868 1629 a
886 1610 912 1629 et
931 1604 1018 1636 tert1a;
1038 1604 1177 1629 retinendo
1196 1604 1312 1637 ABCpE,
1331 1602 1468 1630 reconcido
1487 1604 1525 1634 D;

463 1641 495 1666 cf.
516 1646 561 1666 art.
582 1641 605 1666 3.
624 1648 696 1672 corp.
715 1641 784 1665 med.

515 1676 542 1709 η)
555 1676 696 1708 figuratio.
715 1676 842 1709 -figura
861 1675 880 1699 F
900 1681 925 1700 et
943 1676 1017 1700 tertia
1036 1681 1137 1708 praeter
1157 1676 1190 1699 H.

1146 203 1410 251 QUAESTIo
1438 203 1572 248 Lxm,
1602 200 1895 241 ARTICULUS
1923 201 1953 236 11

1580 288 1658 316 tem
1685 278 1842 328 ponitur
1869 277 2012 327 aliquid
2031 277 2071 314 in
2089 289 2227 325 genere
2247 279 2308 314 vel
2327 278 2451 327 specie
2471 279 2543 316 nisi
2570 291 2640 329 per

1580 333 1617 369 id
1647 332 1753 381 quod
1773 332 1821 368 de
1841 343 1887 368 eo
1907 330 2061 379 proprie
2089 329 2340 378 praedicatur.
2370 332 2418 368 Et
2442 331 2529 368 ideo
2550 332 2639 369 cha-

1580 393 1700 422 racter
1728 396 1808 421 non
1835 391 1960 432 potest
1988 395 2069 419 esse
2098 382 2138 419 in
2165 389 2300 431 quarta
2327 383 2454 432 specie
2481 384 2639 433 qualita-

1579 438 1642 475 tis:
1673 438 1757 474 licet
1785 437 1861 473 hoc
1888 435 2047 484 quidam
2075 434 2286 484 posuerint,

1633 491 1689 527 AD
1724 501 1912 527 SECUNDUM
1948 499 2129 525 DICENDUM
2164 487 2271 536 quod
2303 487 2342 523 in
2374 487 2481 525 tertia
2515 488 2640 538 specie

1580 542 1768 592 qualitatis
1796 554 1876 578 non
1905 549 1993 578 sunt
2020 540 2092 577 nisi
2121 539 2316 577 sensibiles
2335 540 2550 588 passiones,
2579 542 2641 578 vel

1581 594 1776 632 sensibiles
1811 593 2019 643 qualitates
2060 593 2265 630 Character
2302 599 2431 629 autern
2468 605 2549 630 non
2586 601 2642 630 est

1580 650 1713 685 lumen
1741 646 1928 684 sensibile.
1967 647 2015 683 Et
2042 645 2093 683 ita
2121 657 2201 682 non
2230 653 2284 681 est
2312 645 2352 682 in
2379 645 2486 683 tertia
2514 645 2641 695 specie

1580 699 1781 749 qualitatis,
1810 707 1852 736 ut
1880 698 2040 748 quidam
2058 699 2078 720 '¹‘
2106 697 2294 735 dixerunt.

1633 754 1690 789 AD
1718 764 1876 789 TERTIUM
1910 763 2091 789 menapum
2126 751 2234 799 quod
2268 751 2398 788 relatio
2436 763 2536 800 quae
2571 750 2642 788 im-

1579 813 1754 855 portatur
1787 804 1825 841 in
1853 804 2013 841 nomine
2049 803 2162 852 signi,
2197 811 2349 853 oportet
2382 804 2489 853 quod
2527 816 2643 854 super

1579 857 1724 907 aliquid
1750 857 1942 894 fundetur.
1971 858 2065 894 Non
2093 863 2224 893 autem
2251 856 2382 894 relatio
2411 857 2527 894 huius
2547 856 2642 906 signi

1580 911 1687 960 quod
1722 918 1777 947 est
1805 911 2016 956 character,
2046 916 2170 959 potest
2197 907 2209 930 θ
2236 909 2388 947 fundari
2422 909 2642 947 immediate

1579 975 1696 1012 super
1714 963 1918 1000 essentiam
1933 962 2099 999 animae:
2121 961 2213 1010 quia
2228 962 2281 999 sic
2294 962 2519 1000 conveniret
2533 962 2642 1000 omni

1579 1016 1731 1053 animae
1759 1015 1988 1052 naturaliter.
2019 1016 2067 1051 Et
2094 1014 2181 1051 ideo
2211 1022 2361 1064 oportet
2379 1015 2522 1065 aliquid
2548 1015 2643 1065 poni

1579 1068 1619 1105 in
1647 1068 1777 1105 anima
1811 1080 1928 1117 super
1962 1068 2069 1116 quod
2096 1067 2278 1104 fundetur
2304 1067 2386 1105 talis
2415 1067 2557 1105 relatio.
2594 1068 2643 1105 Et

1579 1122 1655 1158 hoc
1683 1128 1738 1157 est
1757 1121 1918 1158 essentia
1946 1119 2183 1157 characteris.
2212 1120 2325 1158 Unde
2344 1133 2425 1158 non
2453 1120 2643 1171 oportebit

1580 1173 1687 1222 quod
1716 1173 1761 1209 sit
1789 1173 1828 1210 in
1856 1185 1994 1221 genere
2022 1172 2232 1218 relationis,
2262 1172 2358 1210 sicut
2385 1173 2545 1222 quidam
2573 1185 2642 1222 po-

1580 1233 1740 1262 suerunt
1758 1231 1778 1261 ‘.

1632 1279 1689 1314 Au
1709 1289 1881 1319 QUARTUM
1900 1289 2081 1328 met-:unum
2109 1278 2216 1326 quod
2236 1278 2431 1315 character
2451 1278 2567 1316 habet
2585 1290 2643 1315 ra-

1577 1330 1724 1366 tionem
1753 1329 1848 1378 signi
1882 1341 1952 1378 per
1985 1329 2315 1378 comparationem
2351 1331 2399 1368 ad
2428 1342 2643 1368 sacramen-

1577 1390 1662 1419 tum
1690 1381 1867 1419 sensibile
1895 1394 1918 1419 a
1945 1394 2025 1431 quo
2053 1381 2298 1431 imprimitur.
2329 1383 2407 1420 Sed
2426 1384 2644 1422 secundum

1579 1447 1619 1472 se
1657 1434 1938 1480 consideratus,
1972 1433 2088 1472 habet
2123 1435 2312 1472 rationem
2346 1435 2541 1486 principii,
2575 1449 2646 1486 per

1578 1488 1744 1525 modum
1772 1487 1851 1524 iam
1878 1487 2025 1524 dictum
2043 1487 2075 1524 ³⁸.

1631 1601 1655 1634 θ)
1675 1603 1735 1628 Non
1763 1606 1853 1627 autem
1881 1603 2006 1628 relatio...
2027 1605 2127 1634 potest.
2153 1617 2173 1622 —
2201 1603 2265 1629 Ideo
2291 1607 2381 1629 autem
2409 1605 2508 1630 relan'o
2529 1604 2648 1640 (Relatio

1577 1642 1667 1664 autem
1687 1637 1746 1671 P)...
1766 1645 1817 1663 non
1833 1641 1924 1670 potest
1943 1638 2079 1663 editiones.

1598 1682 1601 1685 ’
1634 1673 1652 1707 ι)
1675 1673 1750 1698 Unde
1769 1681 1848 1699 non...
1863 1676 2023 1705 posuerunt.
2039 1687 2059 1692 -
2077 1673 2139 1699 Om.
2159 1674 2227 1706 ΗΡΘ
2246 1678 2272 1699 et
2289 1675 2330 1700 b'c.

1136 1745 1470 1777 Commentario.
1491 1744 1744 1777 Cardjnalis
1767 1743 1969 1776 Caietani

525 1825 631 1845 nurus
655 1814 695 1845 de
723 1813 897 1854 quidditate
926 1815 1111 1845 characteris
1138 1814 1305 1845 manifeste
1326 1815 1467 1854 quaerit:
1491 1815 1525 1844 in

467 1828 592 1899 Tquo
616 1859 735 1889 scilicet
752 1867 868 1898 genere
888 1859 936 1894 sit,
957 1869 996 1888 an
1015 1860 1190 1898 potestatis,
1209 1869 1250 1889 an
1265 1859 1442 1894 relationis,
1465 1864 1524 1888 etc.

520 1904 555 1933 ln
574 1912 709 1942 corpore
732 1907 806 1932 sunt
824 1908 886 1932 tres
902 1902 1125 1933 conclusiones
1141 1904 1167 1933 ³⁶.
1192 1903 1296 1933 Prima
1312 1909 1374 1933 est:
1402 1902 1525 1933 Chara-

465 1953 532 1978 cter
553 1946 797 1977 sacramentalis
820 1951 867 1976 est
888 1946 1066 1986 spiritualis
1082 1952 1228 1987 potestas
1243 1947 1286 1977 ad
1301 1956 1339 1977 ea
1355 1956 1438 1987 quae
1452 1952 1528 1977 sunt

465 1991 566 2022 divini
581 1991 695 2021 cultus.
715 1990 879 2020 Probatur.
898 1990 1068 2021 Character
1082 1991 1275 2031 imprimitur
1290 2001 1308 2021 a
1323 1991 1526 2021 sacramentis

465 2036 656 2075 inquantum
679 2043 736 2074 per
757 2034 811 2064 illa
833 2034 932 2064 homo
952 2034 1123 2074 deputatur
1137 2035 1177 2065 ad
1193 2045 1230 2066 ea
1246 2044 1328 2075 quae
1343 2040 1418 2065 sunt
1434 2034 1525 2065 Chri-

465 2080 557 2109 stiani
580 2079 694 2114 cultus,
719 2078 918 2108 consistentis
941 2079 974 2108 in
997 2078 1182 2118 recipiendo
1206 2079 1312 2118 aliqua
1334 2079 1385 2109 vel
1407 2079 1441 2108 in
1465 2084 1527 2109 tra-

465 2123 570 2154 dendo
594 2123 670 2153 aliis.
695 2122 780 2161 Ergo
796 2122 955 2152 character
970 2123 1202 2153 sacramentalis
1219 2129 1266 2153 est
1281 2122 1440 2163 quaedam
1463 2123 1526 2163 spi-

464 2168 583 2198 ritualis
605 2171 746 2207 potestas
769 2165 808 2195 ad
832 2175 868 2195 ea
891 2175 974 2206 quae
998 2172 1071 2197 sunt
1095 2166 1193 2197 divini
1216 2167 1330 2197 cultus.

518 2209 719 2242 Antecedens
742 2209 850 2249 quoad
865 2211 1001 2249 primam
1016 2215 1139 2250 partem
1162 2212 1316 2251 probatur
1338 2211 1526 2241 auctoritate

465 2256 611 2296 Dionysii
639 2255 672 2284 in
695 2254 755 2284 illis
778 2254 899 2284 verbis:
926 2255 1099 2296 perficiens
1121 2264 1194 2285 eum
1217 2255 1361 2286 divinum
1389 2259 1420 2285 et
1441 2264 1527 2285 com-

465 2300 698 2330 municatorem
727 2297 921 2328 divinorum.
945 2315 966 2322 —-
990 2298 1232 2338 Consequentia
1257 2309 1333 2330 vero
1362 2299 1525 2339 probatur,

466 2345 541 2384 quia
567 2343 606 2374 ad
632 2348 806 2382 utrumque
827 2343 948 2372 horum
977 2344 1148 2383 requiritur
1173 2344 1317 2383 potentia
1339 2343 1460 2383 aliqua,
1486 2343 1527 2373 ad

465 2387 684 2427 recipiendum
708 2385 838 2426 quidem
864 2387 1004 2425 passiva,
1032 2387 1072 2417 ad
1094 2387 1286 2418 tradendum
1308 2397 1385 2418 vero
1413 2388 1524 2418 activa.

520 2431 557 2461 11.
583 2430 675 2461 Circa
697 2429 925 2460 deductionem
952 2431 1168 2461 conclusionis
1191 2431 1287 2462 huius
1313 2431 1448 2462 dubium
1472 2441 1527 2461 oc-

466 2475 571 2505 currit.
595 2475 678 2505 Nam
701 2473 837 2504 invalida
860 2480 991 2514 apparet
1009 2476 1255 2515 consequentia:
1283 2475 1461 2506 Character
1474 2485 1526 2506 sa-

466 2519 672 2549 cramentalis
696 2523 743 2548 est
764 2517 965 2558 deputativas
987 2519 1126 2549 hominis
1148 2519 1192 2549 ad
1210 2519 1330 2549 cultum
1354 2519 1528 2550 consisten-

467 2568 528 2592 tem
556 2563 587 2593 in
613 2561 794 2603 recipiendo
818 2567 849 2592 et
870 2562 1050 2593 tradendo:
1079 2565 1159 2604 ergo
1183 2568 1231 2594 est
1250 2564 1408 2603 potentia.
1439 2564 1527 2594 Tum

468 2607 543 2646 quia
565 2607 675 2637 similis
699 2606 927 2646 consequentia
949 2607 1029 2638 nihil
1051 2608 1149 2637 valet:
1176 2608 1355 2638 Character
1376 2608 1528 2638 militaris

467 2656 514 2681 est
527 2650 728 2691 deputativas
746 2650 884 2681 hominis
899 2650 942 2680 ad
957 2651 1104 2682 militiam
1127 2652 1350 2682 consistentem
1367 2652 1399 2682 in
1409 2662 1528 2692 percu-

468 2694 595 2724 tiendo:
611 2700 641 2724 et
655 2694 699 2725 ad
708 2694 953 2735 percutiendum
970 2695 1147 2735 requiritur
1163 2696 1311 2736 potentia
1327 2696 1528 2736 percussiva.

467 2738 560 2779 Ergo
584 2738 753 2769 character
775 2739 925 2768 militaris
940 2744 988 2769 est
1003 2739 1152 2779 potentia
1168 2739 1211 2770 ad
1226 2739 1483 2780 percutiendum.

522 2781 564 2812 Et
586 2783 611 2812 si
633 2783 766 2812 instetur
789 2782 878 2823 quod
895 2792 963 2812 non
979 2788 1026 2813 est
1048 2783 1166 2813 simile:
1192 2784 1267 2823 quia
1289 2784 1433 2824 potentia
1455 2793 1527 2824 per-

468 2826 590 2856 cussiva
615 2827 892 2866 praesupponitur,
920 2832 1033 2867 utpote
1058 2827 1222 2864 naturalis;
1250 2829 1394 2867 potentia
1420 2833 1528 2858 autem

468 2870 507 2900 ad
530 2870 653 2900 cultum
676 2880 743 2900 non
767 2875 814 2900 est
836 2871 996 2906 naturalis,
1013 2871 1068 2901 sed
1087 2871 1303 2911 superaddita:
1327 2890 1350 2894 -
1372 2873 1461 2908 haec,
1478 2873 1527 2902 in-

468 2923 576 2953 quam,
591 2915 740 2945 instantia
758 2914 838 2944 nihil
853 2915 957 2945 obstat
980 2911 1179 2955 argumento.
1204 2915 1289 2953 Quia
1304 2915 1344 2946 ad
1357 2917 1527 2947 militarem

467 2959 721 2997 percussionem,
749 2958 830 2988 ultra
851 2959 1043 2989 naturalium
1067 2960 1182 2990 virium
1205 2960 1396 2999 potentiam,
1420 2961 1527 3000 requi-

467 3001 544 3031 ritur
566 3003 710 3042 potentia
731 3001 890 3032 militaris:
923 3003 1004 3033 sicut
1031 3002 1070 3033 ad
1093 3003 1270 3033 sanandum
1301 3004 1471 3044 requiritur
1494 3005 1527 3034 in

467 3044 593 3076 medico
617 3046 760 3086 potentia
782 3045 979 3076 medicativa.
1005 3046 1071 3077 Stat
1094 3057 1170 3087 ergo
1193 3048 1342 3078 obiectio.

523 3088 563 3118 Et
577 3090 726 3119 >elevatur
750 3091 899 3120 instantia
925 3090 965 3121 ad
986 3091 1199 3122 universalem
1221 3092 1388 3122 radonem.
1423 3092 1527 3128 Unde,

469 3132 597 3168 scilicet,
614 3133 688 3163 licet
703 3143 721 3163 a
735 3135 1005 3164 communissimis
1021 3135 1136 3165 inferre
1153 3135 1358 3166 determinate
1374 3136 1526 3176 speciale:

469 3176 532 3205 hoc
555 3182 618 3212 est,
642 3186 660 3206 a
683 3176 888 3216 deputatione
915 3177 954 3207 ad
982 3178 1105 3208 cultum
1132 3179 1328 3209 Christianae
1354 3180 1527 3219 religionis,

470 3218 508 3248 ad
531 3219 708 3258 potentiam
730 3226 875 3259 respectu
900 3221 1042 3251 eiusdem
1058 3222 1162 3252 cultus
1186 3220 1394 3253 descendere?
1417 3223 1527 3263 Depu-

470 3262 546 3292 tatio
571 3263 728 3302 siquidem
751 3263 790 3292 ad
812 3264 933 3294 cultum
956 3265 1172 3304 multipliciter
1193 3265 1262 3295 fieri
1277 3271 1392 3305 potest,
1409 3266 1528 3296 scilicet

471 3306 572 3345 signo,
596 3306 804 3346 professione,
829 3306 945 3343 officio,
965 3309 1104 3344 scientia,
1120 3309 1295 3344 voluntate,
1311 3310 1467 3348 potentia:
1492 3315 1528 3340 ut

471 3355 556 3388 patet
578 3349 738 3380 inductive
762 3351 795 3380 in
818 3351 929 3380 militia
953 3356 983 3381 et
1001 3352 1068 3381 aliis
1084 3352 1220 3382 cultibus
1237 3357 1268 3382 et
1283 3353 1409 3383 artibus.
1433 3353 1527 3383 Unde

471 3392 586 3423 inferre
617 3394 828 3424 characterem
858 3404 925 3424 esse
950 3396 1127 3434 potentiam
1159 3396 1234 3435 quia
1257 3401 1303 3426 est
1325 3395 1527 3436 deputativus

471 3437 609 3467 hominis
633 3437 671 3467 ad
695 3438 817 3468 cultum
845 3438 1040 3469 Christianae
1064 3439 1234 3479 religionis,
1259 3438 1381 3470 fallacia
1404 3439 1526 3471 Conse-

472 3481 597 3519 quentis
619 3481 753 3511 videtur.

1634 1815 1686 1846 111.
1710 1814 1762 1845 Ad
1784 1815 1847 1844 hoc
1871 1813 1986 1844 dicitur
2009 1814 2099 1854 quod
2121 1814 2245 1845 Auctor
2268 1815 2413 1855 procedit
2436 1826 2474 1846 ex
2498 1816 2646 1848 determi-

1577 1859 1658 1889 natis
1681 1860 1715 1889 in
1737 1857 1942 1899 praecedenti
1964 1858 2108 1888 articulo.
2144 1858 2185 1888 Et
2207 1865 2377 1899 propterea
2405 1869 2473 1891 non
2500 1861 2647 1901 procedit

1579 1913 1616 1933 ex
1632 1904 1695 1934 hoc
1711 1903 1781 1933 solo
1799 1901 1888 1943 quod
1904 1902 2065 1932 character
2081 1908 2127 1932 est
2143 1901 2346 1942 deputativus
2362 1903 2402 1934 ad
2418 1905 2551 1942 cultum,
2565 1911 2644 1936 etc.:

1578 1947 1635 1977 sed
1662 1957 1700 1977 ex
1727 1947 1790 1977 hoc
1821 1945 1910 1986 quod
1941 1946 2101 1976 character
2131 1948 2365 1978 sacramentalis
2397 1953 2444 1978 est
2474 1949 2645 1989 spiritualis

1578 1990 1733 2031 perfectio
1751 1991 1875 2020 animae
1891 1990 1931 2020 ad
1947 1990 2070 2020 cultum
2091 1990 2234 2021 divinum
2251 1991 2430 2022 secundum
2445 1993 2542 2023 ritum
2553 1993 2646 2024 Chri-

1578 2036 1728 2066 stianum.
1767 2035 1812 2065 Ita
1835 2034 1925 2074 quod
1950 2043 2018 2064 non
2042 2043 2080 2064 ex
2103 2043 2310 2075 quacumque
2336 2035 2564 2076 deputatione,
2588 2037 2646 2069 sed

1579 2089 1618 2110 ex
1640 2079 1695 2110 tali
1717 2078 1913 2118 deputativo,
1937 2078 2057 2108 scilicet
2079 2083 2115 2108 ut
2137 2078 2313 2118 perfectivo
2336 2080 2461 2111 animae
2486 2080 2527 2112 ad
2548 2081 2646 2114 talem

1579 2124 1704 2154 cultum
1726 2123 1882 2163 impresso
1898 2132 1916 2152 a
1931 2122 2014 2158 Deo,
2029 2121 2176 2162 procedit
2190 2122 2308 2154 littera:
2333 2129 2370 2155 ut
2387 2124 2524 2165 ipsamet
2542 2125 2646 2157 littera

1579 2167 1618 2198 de
1637 2167 1742 2208 seipsa
1765 2166 1980 2197 testimonium
1990 2166 2145 2207 perhibet,
2170 2168 2392 2199 auctoritatem
2415 2167 2647 2202 afferent-»Dio-

1578 2212 1661 2252 nysii
1683 2212 1747 2242 hoc
1770 2216 1949 2242 testantem.
1973 2210 2022 2240 Ex
2045 2211 2231 2242 huiusmodi
2246 2217 2354 2243 autern
2377 2218 2542 2254 assumpto
2567 2222 2646 2245 con-

1580 2255 1667 2286 cludi
1689 2256 1779 2286 licuit
1801 2255 1971 2291 intentum,
1989 2255 2014 2285 si
2037 2256 2260 2295 perspicaciter
2282 2256 2389 2287 intuiti
2407 2256 2562 2288 fuerimus
2577 2258 2646 2290 cul-

1578 2306 1649 2330 tum
1672 2299 1870 2330 Christianae
1893 2299 2054 2339 religionis
2077 2298 2270 2336 formaliter,
2294 2305 2331 2331 ut
2353 2300 2478 2332 Auctor
2500 2307 2646 2334 contem-

1579 2344 1684 2384 platus
1709 2349 1765 2374 est.
1804 2344 1853 2374 Ex
1875 2344 1939 2374 hoc
1962 2343 2049 2374 enim
2079 2342 2170 2383 quod
2196 2344 2357 2375 character
2379 2350 2427 2375 est
2451 2345 2646 2385 perfectivus

1580 2388 1704 2419 animae
1731 2387 1771 2418 ad
1794 2388 1917 2418 cultum
1945 2386 2142 2418 Christianae
2165 2387 2343 2428 religionis,
2369 2394 2400 2419 et
2423 2389 2528 2420 cultus
2552 2390 2645 2422 Chri-

1579 2433 1697 2462 stianae
1720 2431 1882 2471 religionis
1905 2431 2079 2461 formaliter
2102 2431 2246 2462 consistit
2267 2433 2302 2462 in
2323 2433 2465 2474 recipere
2485 2434 2535 2464 vel
2559 2434 2645 2472 dare,

1579 2476 1755 2506 formaliter
1783 2476 1943 2515 sequitur:
1976 2475 2061 2515 Ergo
2089 2475 2250 2506 character
2279 2475 2404 2516 perficit
2434 2478 2574 2508 animam
2605 2477 2646 2510 ad

1578 2519 1801 2560 recipiendum
1823 2519 1874 2550 vel
1897 2518 2048 2550 dandum.
2074 2518 2136 2550 Sed
2161 2525 2285 2550 constat
2307 2520 2431 2561 liquido
2455 2522 2546 2562 quod
2568 2531 2646 2563 pro—

1579 2564 1686 2604 prium
1710 2569 1741 2594 et
1764 2573 1822 2604 per
1843 2573 1878 2593 se
1900 2563 2005 2603 primo
2028 2562 2240 2603 perfectivum
2263 2564 2303 2595 ad
2325 2565 2466 2605 recipere
2489 2575 2547 2597 seu
2569 2566 2645 2598 dare

1580 2614 1627 2639 est
1650 2617 1744 2648 posse
1767 2608 1907 2647 recipere
1931 2613 1986 2638 aut
2007 2606 2091 2638 dare.
2115 2607 2200 2648 Ergo
2224 2608 2384 2640 character
2407 2615 2454 2640 est
2475 2611 2646 2650 spiritualis

1580 2653 1724 2692 potentia
1747 2661 1812 2692 qua
1833 2652 1933 2682 homo
1953 2650 2131 2682 secundum
2147 2652 2286 2682 animam
2308 2658 2416 2693 potest
2437 2654 2578 2695 recipere
2593 2655 2653 2689 vel,

1579 2695 1702 2727 tradere
1726 2705 1763 2726 ea
1786 2705 1868 2736 quae
1893 2701 1967 2726 sunt
1990 2695 2187 2726 Christianae
2210 2696 2356 2736 religioni
2378 2698 2518 2738 propria.

1635 2741 1677 2771 Et
1700 2739 1907 2770 confirmatur
1929 2740 2007 2770 haec
2030 2739 2120 2769 ratio.
2146 2739 2230 2777 Quia
2253 2741 2397 2780 potentia
2419 2742 2487 2772 sola
2510 2747 2558 2773 est
2579 2749 2645 2783 qua

1581 2784 1739 2815 subtracta
1767 2782 1855 2814 actus
1885 2783 1993 2814 nullus
2015 2782 2157 2814 redditur
2179 2783 2265 2824 apud
2288 2785 2413 2816 Deum:
2448 2791 2480 2816 et
2502 2786 2646 2818 similiter

1581 2838 1646 2868 qua
1667 2829 1772 2868 posita
1795 2833 1884 2858 actus
1907 2827 2017 2858 efficax
2041 2833 2102 2863 est,
2126 2834 2427 2869 quantumcumque
2450 2830 2489 2860 ab
2511 2830 2644 2862 homine

1580 2873 1769 2913 prohibitus.
1804 2873 1902 2908 Nam,
1927 2872 2086 2902 subtracta
2109 2873 2236 2904 caritate
2259 2878 2314 2904 aut
2336 2873 2468 2904 scientia
2490 2879 2546 2904 aut
2568 2873 2644 2911 fide,

1581 2917 1606 2946 si
1630 2917 1772 2956 potentia
1795 2921 1947 2952 remanet,
1972 2921 2061 2946 actus
2083 2925 2151 2946 non
2175 2922 2222 2947 est
2243 2916 2368 2948 nullus:
2401 2917 2458 2948 sed
2481 2927 2498 2948 e
2522 2923 2645 2955 eorm-a,

1580 2961 1648 2991 sola
1670 2961 1814 3001 potentia
1836 2959 2014 2996 deficiente,
2039 2960 2099 2990 alia
2121 2969 2188 2990 non
2204 2965 2278 2991 sunt
2293 2959 2441 2991 efficacia.
2467 2960 2520 2992 Sic
2535 2967 2644 2993 autem

1581 3010 1705 3035 constat
1728 3013 1795 3034 esse
1810 3005 1844 3034 in
1859 3004 2040 3045 proposito:
2066 3002 2164 3043 quod,
2181 3004 2341 3034 subtracto
2358 3004 2546 3042 charactere,
2562 3015 2645 3037 vane

1580 3049 1690 3079 omnia
1711 3049 1925 3088 recipiuntur;
1960 3053 1992 3078 et
2019 3047 2177 3083 similiter,
2205 3048 2366 3078 subtracto
2390 3049 2569 3080 charactere
2592 3059 2645 3080 or-

1580 3092 1672 3128 dinis,
1689 3101 1770 3122 vane
1786 3093 1896 3123 omnia
1909 3091 2077 3122 traduntur
2099 3100 2183 3131 quae
2197 3092 2328 3131 propria
2343 3092 2463 3124 ordinis
2479 3099 2563 3124 sunt.
2588 3094 2646 3125 Est

1581 3146 1656 3176 ergo
1681 3137 1841 3166 character
1864 3137 1898 3167 in
1920 3145 2036 3176 genere
2058 3136 2232 3175 potentiae.

1639 3179 1691 3210 Ad
1713 3180 1895 3210 instantiam
1918 3185 2026 3211 autern
2057 3178 2097 3209 de
2118 3179 2246 3210 militari
2269 3180 2458 3217 charactere,
2484 3187 2573 3222 patet
2595 3192 2645 3213 re-

1580 3224 1729 3262 sponsio:
1755 3224 1830 3263 quia
1853 3233 1921 3254 non
1944 3228 2065 3264 spectat
2088 3221 2127 3252 ad
2151 3224 2299 3255 animam.

1635 3266 1687 3296 Ad
1719 3267 1935 3298 obiectionem
1965 3272 2072 3298 autem
2101 3267 2312 3298 universalem
2344 3273 2432 3308 patet
2469 3269 2564 3300 etiam
2596 3279 2646 3300 re·

1581 3311 1731 3350 sponsio:
1757 3310 1846 3351 quod
1877 3311 1991 3341 falsum
2022 3310 2169 3347 assumit,
2194 3311 2313 3342 scilicet
2342 3312 2478 3342 litteram
2509 3322 2546 3343 ex
2577 3314 2644 3344 sola

1582 3353 1788 3393 deputatione
1810 3354 1998 3394 procedere;
2023 3363 2098 3385 cum
2120 3354 2273 3394 procedat
2296 3365 2334 3386 ex
2352 3356 2407 3386 tali
2425 3356 2643 3397 deputatione,

1581 3398 1700 3428 scilicet
1726 3404 1761 3428 ut
1783 3398 1957 3439 perfectivo
1981 3398 2120 3429 hominis
2143 3399 2345 3439 spiritualiter
2374 3400 2552 3432 secundum
2576 3402 2645 3432 ani-

1581 3451 1667 3472 mam
1691 3442 1731 3472 ad
1754 3441 1877 3472 cultum
1903 3442 2100 3482 spiritualem
2131 3443 2357 3474 consistentem
2387 3445 2420 3474 in
2449 3445 2590 3486 recipere
2613 3451 2645 3476 et

1580 3485 1712 3516 tradere.
1744 3485 1949 3516 Manifestum
1981 3486 2102 3526 quippe
2126 3491 2173 3517 est
2196 3486 2302 3526 quod,
2326 3487 2499 3519 formaliter
2530 3499 2647 3530 proce—

2669 698 2679 707 ·
2694 696 2728 719 Cf.
2750 697 2883 719 Autissiod.

2668 723 2731 745 Sum.
2746 723 2784 745 lib.
2798 723 2839 748 lv.
2852 723 2883 745 de

2668 749 2885 830 “3⁸⁸2

2769 912 2783 937 θ

2671 1484 2682 1494 ·
2696 1482 2722 1505 In
2737 1488 2847 1511 corpore.
