2878 4088
0 2881 6 2894 v
0 2640 9 2875 ι-ν-ψ-ς--υ-ννα
0 2573 5 2630 Αν-ν-
0 2561 7 2567 ι

0 2921 18 2994 '⁷³1‘

0 3452 7 3459 Α·
0 3429 4 3439 r
0 3129 10 3418 ..-.,.-.-‚-.-W-vnw
0 3041 7 3121 —aevw—
0 3009 5 3031 '⁸-

87 624 98 633 ‘
112 621 180 643 Vera.
197 627 228 643 u.

89 933 100 942 ·
113 931 139 953 ln
154 936 261 959 corpore.

88 1241 101 1252 ⁶
108 1239 146 1262 Cf.
163 1245 204 1268 qu.
223 1245 303 1265 mvi,

90 1269 134 1289 m.
150 1272 170 1289 ι.

90 1327 304 1383 Ἠίέἶῐζῗῗὲῖῑ

89 1386 144 1436 :qu
149 1386 203 1407 xm,
209 1386 269 1403 ven.
279 1387 304 1410 35

91 1636 103 1647 ·
110 1634 171 1658 nint.
178 1641 305 1684 ιυιὸὶεῗρζ

140 1692 183 1711 ιη.
199 1688 305 1717 moed.

93 1813 104 1824 ·
117 1811 187 1834 Vm.
200 1817 234 1840 5¹·

94 1995 105 2004 ·
114 1991 152 2014 α’.
161 1991 265 2042 ψ.
222 1991 307 2045 panai?

138 2044 206 2068 Rmu.
220 2050 274 2073 etp.
284 2051 306 2072 v.

93 2078 152 2095 ven,
169 2077 205 2095 ιο;

94 2100 106 2111 .
120 2098 179 2121 Ge·-
195 2103 247 2126 ῧίρ-
269 2103 307 2124 m·

94 2131 157 2174 ἰῗι·
171 2125 307 2180 ἰἓίῷἑ“““

92 2181 104 2191 ·
129 2178 165 2202 cf.
189 2184 229 2206 qu.
252 2185 290 2200 ui
301 2195 306 2205 ‚

94 2210 138 2230 m.
152 2211 173 2231 a.
189 2205 219 2228 ad
235 2212 254 2228 ι.

96 2440 107 2452 ·
120 2440 172 2464 Art.
187 2439 294 2468 praeced.

96 2569 107 2579 '
117 2567 153 2590 Cf.
168 2573 208 2596 qu.
221 2573 309 2594 mvn,

97 2598 141 2616 m.
156 2601 176 2622 ι,
191 2593 221 2616 ad
233 2599 255 2616 ι.

97 2655 109 2666 ·
121 2653 187 2676 Iona.
207 2659 259 2682 cap.
280 2660 295 2675 v

97 2686 204 2734 :rae
211 2670 311 2735 0⁸:³12·ss

97 2739 256 2783 rev-..²:¹35-

99 2879 312 2936 arrase-

930 180 1194 228 QUAESTIO
1223 178 1430 224 LXXVIII,
1456 179 1750 218 ARTICULUS
1779 182 1820 227 II,
1841 183 1886 218 ΙΙΙ

326 270 395 292 non
417 266 525 301 potest
547 260 680 300 intelligi
704 260 794 300 quod
818 261 931 300 aliquis
955 261 1023 292 sine
1047 259 1155 291 debito
1172 259 1222 289 vel
1238 258 1391 289 immunis

327 315 345 335 a
367 305 454 337 malo
477 310 641 336 nascatur:
666 304 722 335 sed
745 306 831 345 quia,
856 314 931 336 cum
955 304 1064 336 debito
1088 309 1191 339 natus,
1208 307 1320 343 postea
1335 311 1393 342 per

326 350 458 389 gratiam
483 349 600 381 Christi
625 349 784 380 liberatur.

382 393 450 424 Nec
475 394 571 424 etiam
595 394 755 434 sequitur,
780 394 806 423 si
835 399 942 434 potest
971 393 1040 423 sine
1071 401 1176 423 errore
1200 392 1279 432 poni
1303 390 1393 431 quod

2437 198 2507 234 177

1447 257 1540 288 Unde
1557 258 1690 289 inolevit
1713 259 1830 290 modus
1855 261 2009 300 loquendi
2033 270 2068 294 ut
2093 274 2128 295 ea
2151 266 2184 295 in
2209 275 2291 305 quae
2315 275 2432 306 corpus
2451 267 2510 296 hu-

1447 311 1580 333 manum
1609 302 1795 339 resolvitur,
1821 305 1942 335 cineres
1973 307 2126 338 dicantur.
2143 328 2164 331 -
2189 309 2355 346 Secundo,
2380 315 2511 351 propter

1449 356 1577 377 causam
1601 347 1815 383 resolutionis,
1833 358 1915 388 quae
1939 356 1985 379 est
2008 352 2191 383 incendium
2211 353 2340 390 fomitis,
2358 364 2424 394 quo
2441 365 2511 385 cor-

1448 400 1509 431 pus
1531 392 1711 422 humanum
1736 391 1885 423 radicitus
1909 399 1955 423 est
1978 394 2142 426 infectum.
2167 398 2270 434 Unde,
2288 398 2327 428 ad
2349 400 2511 438 purgatio-

327 437 427 478 aliqui
450 448 518 469 non
540 439 729 474 moriantur,
754 437 844 478 quod
867 439 934 469 sine
959 437 1104 478 originali
1123 442 1303 471 nascantur,
1319 436 1394 466 licet
1415 445 1424 464 ς
1448 445 1524 467 nem
1548 436 1643 466 huius
1659 435 1852 473 infectionis,
1870 444 1998 477 oportet
2014 449 2116 478 usque
2133 442 2172 470 ad
2195 443 2296 481 prima
2312 452 2511 483 componen-

328 491 415 514 mors
439 483 479 513 sit
502 492 610 522 poena
635 483 759 523 peccati
790 482 961 522 originalis.
994 481 1080 519 Quia
1108 481 1196 511 Deus
1226 486 1332 521 potest
1356 489 1394 511 ex

328 527 546 559 misericordia
575 527 713 559 relaxare
747 527 840 559 alicui
873 536 1014 568 poenam
1044 525 1084 558 ad
1114 535 1212 566 quam
1236 525 1394 565 obligatur

329 580 367 602 mr
391 571 487 611 culpa
513 572 698 611 praeterita:
727 571 809 603 sicut
836 570 1011 602 adulteram
1037 571 1106 601 sine
1132 579 1239 610 poena
1266 569 1393 604 dimisit,

330 615 417 646 Ioan.
435 626 489 646 vm
505 617 531 645 ’ἃ
557 616 598 646 Et
620 616 763 646 similiter
786 616 904 656 poterit
928 625 945 645 a
967 620 1071 646 morte
1095 615 1226 645 liberare
1250 614 1306 654 qui
1326 623 1393 644 rea-

329 665 399 691 tum
422 661 534 691 mortis
558 665 784 691 contraxerunt
808 669 884 690 cum
908 659 1054 699 originali
1077 658 1249 690 nascendo.
1279 658 1320 688 Et
1350 658 1395 687 sic

329 714 397 735 non
413 705 575 744 sequitur:
600 704 636 734 Si
659 714 724 736 non
744 705 934 740 morientur,
952 713 1032 745 ergo
1050 708 1230 734 nascuntur
1243 702 1313 732 sine
1330 702 1396 732 ori-

328 748 436 790 ginali
453 754 599 789 peccato.

385 793 436 823 An
460 803 608 823 unaarum
631 802 791 822 mmmmm
815 791 904 832 quod
926 801 994 823 non
1018 800 1144 831 semper
1166 791 1218 822 via
1242 799 1396 830 compen-

330 837 452 868 diosior
475 843 522 868 est
543 837 644 878 magis
668 836 831 876 eligenda:
857 836 912 866 sed
936 836 1043 867 solum
1071 834 1202 876 quando
1227 840 1273 865 est
1296 834 1397 874 magis

1449 481 1492 510 tia
1516 490 1633 521 corpus
1649 480 1828 511 humanum
1845 482 1971 512 resolvi.
1996 482 2094 520 Quod
2119 491 2225 515 autem
2248 496 2303 525 per
2327 488 2510 518 incendium

1448 525 1636 561 resolvitur,
1661 524 1776 556 dicitur
1798 526 1832 556 in
1856 527 1976 556 cineres
2000 527 2125 558 resolvi.
2154 529 2194 558 Et
2217 530 2289 560 ideo
2314 541 2349 560 ea
2373 532 2405 561 in
2430 541 2511 571 quae

1450 579 1568 609 corpus
1590 570 1770 600 humanum
1794 570 1972 607 resolvitur,
1989 572 2111 601 cineres
2135 572 2294 604 dicuntur.

1505 614 1555 643 An
1580 624 1715 644 Taurum
1731 624 1891 645 mmmmm
1906 615 1996 655 quod
2011 615 2064 646 ille
2080 616 2161 656 ignis
2185 618 2239 656 qui
2264 618 2377 648 faciem
2401 619 2510 649 mundi

1411 670 1436 685 xo
1449 659 1607 698 purgabit,
1624 658 1742 698 poterit
1756 660 1861 689 statim
1878 669 2013 699 corpora
2030 669 2144 690 eorum
2161 662 2216 700 qui
2231 662 2294 691 vivi
2314 663 2514 693 invenientur

1450 711 1554 742 usque
1578 702 1618 732 ad
1642 703 1764 733 cineres
1787 703 1965 734 resolvere:
1990 705 2072 735 sicut
2089 710 2119 734 et
2135 705 2195 735 alia
2218 706 2315 736 mixta
2331 707 2466 737 resolvet
2480 708 2512 737 in

1450 747 1617 778 materiam
1640 747 1886 786 praeiacentem.

1507 791 1558 820 Ar>
1576 801 1724 820 auaui-tm
1747 801 1908 822 monimum
1924 792 2013 832 quod
2030 798 2138 823 motus
2154 803 2221 823 non
2238 795 2352 834 accipit
2375 796 2514 834 speciem

1452 844 1470 865 a
1492 835 1631 865 termino
1655 845 1673 864 a
1697 844 1775 874 quo,
1799 835 1855 866 sed
1879 846 1897 866 a
1919 837 2058 867 termino
2078 837 2118 867 ad
2134 847 2241 877 quem.
2266 839 2307 869 Et
2325 839 2398 869 ideo
2414 849 2515 870 resur-

330 881 381 913 vel
405 882 579 922 aequaliter
609 880 821 913 accommoda
852 880 891 911 ad
921 879 1019 911 finem
1047 878 1324 919 consequendum.
1356 878 1398 909 Et
1413 890 1435 909 ¹5
1451 879 1551 909 rectio
1576 885 1770 916 sanctorum,
1795 889 1878 920 quae
1902 881 1960 911 erit
1982 881 2131 921 gloriosa,
2149 888 2275 922 oportet
2291 884 2381 923 quod
2397 883 2516 914 differat

331 926 375 956 sic
398 935 467 957 non
490 931 537 956 est
559 926 622 961 hic,
647 930 683 956 ut
707 934 744 955 ex
768 924 860 955 dictis
876 925 892 941 ¹*
915 929 1012 964 patet.

418 1013 518 1044 ART.
537 1013 573 1044 11.
598 1022 703 1044 u'rntm
727 1022 849 1044 omnum
872 1021 1081 1043 ansuannc'rro
1106 1022 1228 1043 rurum
1251 1022 1297 1043 srr

763 1067 783 1088 A
807 1066 965 1087 CINERIBUS

396 1156 416 1177 ι)
433 1156 596 1178 ειευιωωι
611 1156 657 1176 src
671 1155 877 1176 rnocznrrua.
898 1145 1033 1177 Videtur
1052 1145 1142 1186 quod
1157 1155 1226 1176 non
1249 1146 1397 1176 omnium

395 1191 585 1222 resurrectio
610 1191 668 1222 erit
691 1200 709 1221 a
733 1190 903 1221 cineribus.
931 1190 1134 1222 Resurrectio
1163 1190 1251 1221 enim
1281 1189 1398 1221 Christi

332 1241 379 1267 est
401 1235 564 1276 exemplar
578 1240 706 1267 nostrae
730 1235 970 1266 resurrectionis
986 1235 1012 1264 ’ἃ
1037 1234 1099 1266 Sed
1123 1235 1311 1265 resurrectio
1328 1235 1397 1265 eius

331 1279 484 1311 non-fuit
507 1290 526 1310 a
549 1279 725 1311 cineribus:
750 1280 826 1319 quia
849 1288 927 1309 caro
952 1279 1020 1310 eius
1039 1288 1104 1310 non
1122 1278 1202 1309 vidit
1215 1279 1398 1319 corruptio-

333 1334 414 1360 nem,
430 1330 467 1355 ut
482 1324 598 1355 dicitur
620 1324 654 1355 in
677 1321 805 1355 Psalmo
821 1324 838 1340 ⁴*
863 1328 894 1354 et
909 1325 978 1355 Act.
995 1334 1018 1355 n
1033 1324 1078 1354 ’ἦ
1103 1323 1189 1363 Ergo
1208 1324 1398 1355 resurrectio

332 1369 480 1400 omnium
503 1378 572 1400 non
595 1369 654 1399 erit
676 1377 715 1400 ex
737 1368 907 1399 cineribus.

390 1422 420 1444 2.
444 1413 641 1449 pannum,
662 1422 780 1452 corpus
795 1413 937 1443 hominis
955 1421 1024 1444 non
1043 1421 1170 1452 semper
1189 1412 1398 1444 comburitur.

332 1457 396 1490 Sed
417 1458 452 1489 in
475 1458 598 1488 cineres
620 1466 689 1489 non
712 1462 819 1497 potest
841 1457 962 1497 aliquid
984 1457 1101 1488 resolvi
1130 1457 1191 1488 nisi
1221 1466 1279 1497 per
1309 1466 1398 1489 com-

331 1502 526 1534 bustionem.
551 1502 637 1542 Ergo
661 1511 729 1533 non
753 1511 867 1533 omnes
891 1511 909 1532 a
932 1502 1093 1533 cineribus
1115 1507 1290 1542 resurgent.

389 1546 419 1578 3.
442 1546 649 1582 Prummu,
674 1555 791 1586 corpus
814 1546 956 1577 hominis
986 1546 1107 1578 mortui
1136 1556 1205 1577 non
1232 1547 1338 1577 statim
1365 1547 1400 1578 in

333 1591 474 1622 cinerem
496 1590 658 1631 redigitur.
683 1590 746 1622 Sed
769 1589 901 1631 quidam
925 1591 1030 1622 statim
1053 1595 1127 1632 post
1142 1596 1281 1622 mortem
1297 1601 1400 1622 resur-

332 1641 419 1676 gent,
442 1641 479 1666 ut
501 1636 534 1666 in
557 1635 661 1667 littera
675 1636 692 1651 ⁴*
716 1634 840 1671 dicitur,
864 1635 985 1666 scilicet
1007 1635 1053 1667 illi
1076 1635 1133 1675 qui
1155 1636 1219 1667 vivi
1234 1636 1400 1667 invenien-

333 1685 394 1711 tur.
419 1680 505 1720 Ergo
529 1689 597 1711 non
621 1689 735 1711 omnes
758 1685 923 1720 resurgent
947 1690 964 1710 a
988 1680 1157 1711 cineribus.

388 1733 420 1764 4.
444 1725 648 1760 PaAss‘rnnnA,
673 1724 829 1755 terminus
857 1734 875 1754 a
903 1733 970 1764 quo
993 1724 1168 1764 respondet
1189 1725 1328 1756 termino
1361 1724 1401 1755 ad

1453 933 1471 954 a
1493 924 1726 955 resurrectione
1749 925 1935 964 impiorum,
1960 935 2043 965 quae
2066 936 2133 956 non
2158 927 2215 957 erit
2237 928 2393 967 gloriosa,
2418 938 2516 968 penes

1451 969 1627 999 terminum
1650 967 1689 999 ad
1713 978 1827 1009 quem:
1852 979 1920 1000 non
1944 975 2051 1001 autem
2075 980 2174 1011 penes
2197 973 2368 1003 terminum
2393 983 2410 1002 a
2438 983 2515 1013 quo.

1453 1012 1622 1053 Contingit
1646 1013 1732 1043 enim
1755 1013 1940 1054 frequenter
1962 1024 2029 1045 non
2050 1025 2118 1046 esse
2134 1015 2273 1046 eundem
2289 1018 2461 1048 terminum
2478 1018 2517 1048 ad

1453 1067 1562 1097 quem,
1581 1058 1734 1089 existente
1751 1058 1867 1089 eodem
1884 1060 2022 1090 termino
2047 1069 2064 1089 a
2087 1069 2173 1100 quo:
2198 1061 2279 1091 sicut
2299 1062 2338 1092 de
2354 1062 2516 1102 nigredine

1413 1111 1439 1125 πο
1452 1107 1559 1142 potest
1582 1102 1703 1142 aliquid
1725 1103 1849 1133 moveri
1872 1104 1905 1134 in
1929 1104 2120 1141 albedinem,
2145 1110 2176 1135 et
2198 1106 2232 1136 in
2255 1106 2419 1146 pallorem.

1521 1178 1620 1208 ART.
1639 1178 1689 1208 III.
1714 1189 1819 1209 u‘rmm
1842 1189 1996 1210 Punvmuzs
2020 1189 2081 1210 11.1.1
2105 1191 2143 1210 nx
2169 1191 2278 1212 omnus
2302 1192 2452 1213 HUMANUM

1641 1233 1757 1254 conpos
1782 1233 2004 1260 aeramen-un,
2021 1234 2162 1255 aunum
2184 1236 2328 1256 nAnssANr

1452 1276 1698 1298 mcLINATIONEM
1714 1278 1900 1299 NATURALEM
1916 1279 1957 1299 AD
1981 1279 2102 1300 ANIMAM
2125 1280 2207 1300 QUAE
2231 1281 2276 1301 ms
2301 1281 2518 1302 CONIUNGBTUR

1782 1318 1792 1341 1
1805 1318 1841 1340 ad
1855 1319 1919 1346 Cor„
1935 1325 1985 1347 cap.
2002 1326 2039 1346 xv,
2055 1321 2106 1342 lect.
2122 1327 2143 1346 ν,
2160 1326 2190 1342 vt.

1427 1331 1436 1352 5

1455 1379 1539 1442 An
1568 1379 1703 1400 'rnna-mu
1725 1379 1771 1400 src
1795 1379 1999 1400 PRocxznrrUR.
2028 1371 2163 1402 Videtur
2191 1372 2280 1412 quod
2304 1373 2450 1413 pulveres
2473 1374 2518 1405 illi

1519 1423 1558 1444 ex
1585 1414 1702 1454 quibus
1726 1423 1844 1455 corpus
1867 1415 2047 1446 humanum
2075 1417 2285 1456 reparabitur,
2307 1418 2446 1458 aliquam
2465 1420 2519 1449 ha-

1454 1459 1550 1489 beant
1573 1459 1815 1489 inclinationem
1839 1459 2016 1490 naturalem
2041 1460 2080 1491 ad
2103 1462 2243 1491 animam
2268 1471 2350 1502 quae
2374 1464 2418 1493 eis
2442 1473 2519 1494 con-

1454 1503 1614 1543 iungetur.
1648 1503 1681 1534 Si
1705 1504 1792 1534 enim
1823 1504 1947 1534 nullam
1978 1505 2221 1536 inclinationem
2250 1506 2369 1537 habent
2392 1507 2431 1537 ad
2454 1509 2520 1538 ani-

1415 1554 1441 1574 ³⁰
1454 1557 1552 1584 mam,
1577 1547 1693 1578 eodem
1716 1547 1817 1578 modo
1841 1558 1875 1579 se
1898 1549 2017 1579 habent
2040 1549 2080 1580 ad
2102 1550 2190 1581 illam
2214 1551 2354 1582 animam
2373 1553 2454 1582 sicut
2470 1553 2520 1583 alii

1454 1592 1612 1632 pulveres.
1637 1592 1723 1633 Ergo
1746 1602 1814 1624 non
1839 1599 1921 1624 esset
1944 1593 2120 1625 differentia
2144 1601 2253 1626 utrum
2278 1606 2315 1626 ex
2339 1596 2398 1626 illis
2417 1597 2467 1627 vel
2484 1607 2521 1628 ex

1455 1637 1523 1667 aliis
1546 1637 1731 1677 pulveribus
1754 1636 1938 1668 reficeretur
1961 1648 2078 1679 corpus
2102 1640 2227 1670 animae
2248 1641 2520 1681 coniungendam.

1455 1681 1555 1720 Quod
1580 1682 1695 1712 falsum
1719 1687 1765 1712 est
1781 1683 1807 1712 ’ἱ

1513 1736 1542 1756 2.
1567 1726 1763 1762 Pani-arum,
1791 1727 1894 1757 maior
1918 1733 1964 1757 est
1988 1727 2202 1768 dependentia
2226 1731 2370 1770 corporis
2394 1731 2432 1761 ad
2456 1732 2522 1762 ani-

334 1778 444 1810 quem.
468 1768 531 1800 Sed
554 1769 710 1800 terminus
733 1768 773 1799 ad
796 1778 895 1808 quem
911 1770 1151 1800 resurrectionis
1166 1779 1235 1800 non
1251 1775 1298 1800 est
1313 1769 1400 1800 idem
1416 1780 1438 1801 n
1455 1780 1543 1801 mam
1567 1780 1665 1811 quam
1689 1771 1814 1801 animae
1838 1771 1878 1801 ad
1902 1781 2029 1812 corpus.
2054 1772 2117 1804 Sed
2141 1774 2246 1804 anima
2262 1781 2403 1815 separata
2419 1786 2437 1806 a
2453 1786 2522 1806 cor-

333 1814 367 1845 in
389 1813 484 1844 bonis
515 1818 546 1843 et
576 1813 683 1844 malis:
708 1812 720 1844 1
739 1813 815 1843 Cor.
832 1823 874 1844 xv
888 1814 922 1850 *,
950 1813 1068 1845 Omnes
1094 1814 1222 1854 quidem
1250 1824 1401 1856 resurge-

334 1867 415 1894 muS,
438 1857 496 1889 sed
518 1867 583 1888 non
608 1867 719 1888 omnes
743 1857 992 1888 immutabimur.
1023 1858 1110 1898 Ergo
1140 1868 1208 1890 non
1239 1864 1286 1889 est
1315 1859 1402 1890 idem

334 1902 488 1934 terminus
511 1912 530 1932 a
553 1911 630 1942 quo.
647 1902 689 1932 Et
704 1902 759 1938 sic,
776 1902 803 1934 si
817 1902 893 1934 mali
917 1908 1082 1943 resurgent
1097 1913 1115 1933 a
1131 1904 1301 1940 cineribus,
1323 1904 1400 1935 boni

335 1957 355 1977 a
375 1947 536 1978 cineribus
558 1956 627 1978 nou
650 1952 824 1987 resurgent.

1454 1825 1535 1856 pore
1551 1815 1656 1846 adhuc
1672 1816 1767 1846 habet
1783 1816 1924 1855 aliquam
1945 1816 2193 1857 dependentiam
2217 1818 2257 1849 ad
2280 1829 2413 1860 corpus:
2437 1821 2523 1851 unde

1456 1860 1645 1892 retardatur
1666 1860 1735 1891 eius
1759 1865 1864 1891 motus
1888 1861 1921 1891 in
1943 1861 2049 1900 Deum
2066 1868 2206 1903 propter
2220 1865 2393 1904 appetitum
2409 1875 2522 1906 corpo-

1457 1905 1513 1941 ris,
1537 1910 1573 1935 ut
1597 1904 1673 1935 dicit
1696 1905 1896 1945 Augustinus
1912 1906 1938 1935 *.
1963 1906 2050 1946 Ergo
2073 1907 2177 1938 multo
2203 1907 2316 1939 fortius
2340 1919 2457 1949 corpus
2473 1920 2521 1941 se-

1457 1955 1603 1990 paratum
1627 1950 1665 1980 ab
1690 1950 1795 1980 anima
1818 1948 1923 1980 adhuc
1950 1950 2046 1981 habet
2075 1952 2252 1990 naturalem
2282 1954 2522 1986 inclinationem

390 1991 453 2023 Str>
482 2000 606 2022 CONTRA
629 2001 684 2022 zsr
713 1990 803 2031 quod
827 1990 903 2022 dicit
926 1991 1056 2033 Haymo
1073 1993 1108 2022 ἐ
1138 1991 1256 2023 Omnes
1279 1993 1311 2024 in
1337 1994 1403 2024 ori-
1417 2004 1444 2024 4⁰
1458 1993 1497 2025 ad
1521 1994 1670 2024 animam.

333 2036 441 2078 ginali
457 2041 593 2076 peccato
619 2041 713 2066 natos
736 2041 821 2066 tenet
842 2036 921 2067 haec
951 2037 1125 2072 sententia,
1154 2050 1167 2064 ‹
1191 2037 1294 2076 Tetra
1318 2047 1351 2069 es
1374 2044 1405 2069 et

335 2080 368 2111 in
393 2085 514 2111 terram
539 2080 598 2111 ibis
612 2081 629 2097 ⁴*
649 2093 676 2110 ».
701 2079 765 2112 Sed
788 2089 902 2111 omnes
926 2081 982 2120 qui
1005 2081 1039 2112 in
1069 2082 1238 2112 communi
1267 2092 1404 2113 resurre-

335 2125 442 2156 ctione
474 2130 658 2165 resurgent,
683 2124 813 2156 fuerunt
844 2125 910 2155 nati
942 2125 976 2155 in
1008 2131 1142 2166 peccato
1166 2127 1328 2167 originali:
1352 2128 1402 2158 vel

335 2170 498 2201 nativitate
521 2179 563 2200 ex
586 2174 690 2205 utero,
707 2169 758 2200 vel
781 2169 893 2200 saltem
917 2170 1079 2202 nativitate
1103 2170 1136 2200 in
1157 2176 1249 2201 utero
1266 2172 1292 2202 ἦ
1317 2172 1403 2213 Ergo

336 2223 449 2245 omnes
473 2223 491 2244 a
514 2214 674 2245 cineribus
696 2219 871 2254 resurgent.

393 2267 422 2288 2.
439 2258 636 2293 Pium-nana,
661 2258 762 2289 multa
785 2263 859 2289 sunt
875 2259 908 2289 in
925 2268 1060 2299 corpore
1076 2259 1220 2290 humano
1238 2270 1320 2300 quae
1337 2271 1404 2292 non

336 2307 410 2334 sunt
433 2301 472 2333 de
497 2303 627 2334 veritate
650 2303 809 2333 humanae
833 2308 975 2334 naturae.
1007 2303 1070 2334 Sed
1093 2305 1203 2334 omnia
1233 2305 1285 2335 illa
1317 2305 1404 2336 aufe-

335 2352 454 2379 rentur.
479 2347 565 2387 Ergo
590 2352 718 2387 oportet
742 2348 852 2378 omnia
875 2357 1011 2388 corpora
1043 2349 1076 2378 in
1109 2349 1249 2379 cinerem
1277 2350 1403 2381 resolvi.

1514 2039 1543 2069 3.
1568 2039 1765 2075 Panum,
1782 2038 1840 2069 Iob
1856 2049 1897 2069 xx
1913 2040 1929 2056 ³*
1953 2039 2083 2070 dicitur:
2113 2040 2194 2072 Ossa
2218 2042 2286 2072 eius
2309 2042 2524 2082 implebuntur

1457 2083 1543 2114 vitiis
1565 2083 1802 2114 adolescentiae
1825 2084 1903 2119 eius,
1928 2089 1960 2114 et
1981 2094 2053 2115 cum
2077 2094 2115 2115 eo
2140 2086 2172 2116 in
2190 2087 2327 2127 pulvere
2353 2087 2521 2119 dormient.

1458 2127 1522 2159 Sed
1543 2129 1619 2158 vitia
1642 2137 1710 2158 non
1733 2134 1808 2159 sunt
1830 2129 1891 2159 nisi
1914 2129 1948 2159 in
1964 2130 2079 2160 anima.
2104 2130 2190 2171 Ergo
2207 2130 2311 2162 adhuc
2326 2132 2359 2161 in
2374 2132 2435 2162 illis
2450 2133 2522 2172 pul-

1458 2173 1585 2204 veribus
1608 2173 1784 2203 remanebit
1808 2173 1914 2213 aliqua
1936 2174 2087 2204 naturalis
2110 2175 2275 2206 inclinatio
2302 2175 2341 2206 ad
2373 2177 2521 2207 animam.

1515 2217 1577 2248 San
1606 2227 1744 2253 coum,
1770 2227 1888 2258 corpus
1911 2218 2090 2249 humanum
2114 2225 2221 2259 potest
2243 2220 2358 2250 resolvi
2389 2221 2428 2251 ad
2455 2222 2523 2261 ipsa

1460 2262 1628 2298 elementa,
1653 2261 1703 2292 vel
1726 2262 1759 2292 in
1784 2271 1893 2293 carnes
1917 2262 2054 2293 aliorum
2079 2264 2264 2295 animalium
2283 2266 2435 2295 converti.
2459 2265 2522 2296 Sed

1460 2307 1618 2337 elementa
1649 2312 1723 2337 sunt
1755 2307 1977 2347 homogenea:
2010 2313 2042 2338 et
2071 2308 2214 2339 similiter
2244 2318 2316 2339 caro
2346 2309 2449 2340 leonis
2471 2310 2522 2340 vel

1459 2352 1587 2382 alterius
1611 2351 1764 2382 animalis.
1790 2351 1876 2382 Cum
1893 2361 1969 2391 ergo
1985 2352 2018 2382 in
2035 2352 2102 2382 aliis
2125 2354 2266 2392 partibus
2290 2353 2521 2385 elementorum

391 2391 582 2422 Rxsrorrmzo
610 2401 771 2422 DICENDUM
803 2391 893 2432 quod
926 2385 1046 2423 eisdem
1077 2394 1254 2424 rationibus
1287 2395 1405 2435 quibus
1458 2396 1509 2426 vel
1533 2396 1719 2426 animalium
1742 2405 1810 2426 non
1834 2396 1874 2426 sit
1897 2396 2003 2436 aliqua
2026 2397 2189 2427 inclinatio
2214 2398 2362 2428 naturalis
2383 2398 2422 2428 ad
2436 2399 2523 2429 illam

337 2441 503 2466 ostensum
527 2441 574 2466 est
589 2437 606 2452 *
630 2445 744 2468 omnes
768 2446 786 2467 a
808 2442 912 2467 morte
931 2446 1104 2477 resurgere,
1122 2443 1169 2468 est
1185 2439 1280 2470 etiam
1297 2445 1405 2470 osten-
1420 2451 1445 2472 ςο
1459 2441 1610 2476 animam,
1626 2450 1687 2471 nec
1703 2441 1737 2470 in
1752 2440 1813 2470 illis
1828 2441 1970 2481 partibus
1986 2441 2018 2471 in
2036 2451 2115 2481 quas
2139 2451 2329 2472 conversum
2346 2448 2392 2473 est
2407 2452 2524 2483 corpus

337 2479 480 2511 dendum
503 2479 593 2520 quod
617 2490 731 2511 omnes
754 2486 919 2521 resurgent
941 2491 959 2512 a
983 2482 1142 2513 cineribus
1172 2483 1205 2513 in
1237 2485 1405 2515 communi
1458 2486 1649 2521 humanum,
1674 2485 1732 2515 erit
1755 2485 1862 2525 aliqua
1884 2486 2048 2516 inclinatio
2065 2485 2104 2516 ad
2120 2487 2269 2517 animam.
2293 2487 2381 2517 Patet
2397 2497 2455 2527 per
2470 2498 2525 2518 au-

337 2525 584 2556 resurrectione:
605 2525 665 2555 nisi
678 2525 837 2566 aliquibus
854 2535 892 2556 ex
908 2526 1038 2566 speciali
1052 2527 1219 2567 privilegio
1235 2529 1352 2568 gratiae
1365 2530 1405 2559 sit
1460 2530 1639 2560 ctoritatem
1659 2530 1842 2570 Augustini,
1858 2530 1891 2560 in
1906 2530 2073 2561 Enchirid.
2091 2531 2124 2560 ἐ
2147 2531 2274 2571 Corpus
2289 2531 2474 2568 humanum,
2492 2533 2524 2562 in

337 2567 499 2601 indultum
522 2570 728 2605 contrarium,
751 2570 834 2601 sicut
855 2576 886 2600 et
908 2571 1148 2602 resurrectionis
1168 2572 1355 2603 acceleratio
1377 2575 1403 2603 *.
1459 2584 1692 2615 quamcumque
1714 2574 1856 2605 aliorum
1880 2584 2055 2615 corporum
2078 2575 2302 2612 substantiam,
2327 2577 2378 2606 vel
2401 2577 2433 2606 in
2458 2577 2526 2618 ipsa

393 2612 556 2653 Scriptura
585 2619 694 2644 autern
717 2623 821 2650 sacra,
846 2614 928 2645 sicut
955 2616 1222 2647 resurrectionem
1244 2626 1406 2657 praenun—
1460 2619 1615 2649 elementa
1640 2624 1808 2655 vertutum
1831 2619 1864 2648 in
1888 2629 2162 2660 quorumcumque
2184 2620 2349 2651 hominum
2372 2630 2428 2651 seu
2457 2622 2526 2651 ani-

338 2657 395 2688 tiat
409 2657 437 2693 *,
460 2657 503 2687 ita
527 2662 559 2687 et
582 2667 756 2698 corporum
781 2659 1065 2700 reformationem,
1089 2660 1204 2701 Philip.
1229 2671 1263 2691 111
1286 2662 1330 2692 ’ἦ
1365 2662 1406 2692 Et
1421 2673 1444 2694 55
1460 2663 1594 2693 matium
1618 2663 1722 2693 cibum
1746 2662 1839 2693 cedat
1861 2673 2054 2704 carnemque
2073 2669 2238 2701 vertutum·
2262 2665 2311 2695 illi
2326 2665 2454 2695 animae
2468 2666 2526 2696 hu—

338 2701 413 2732 ideo
437 2707 566 2741 oportet
590 2701 690 2742 quod,
714 2702 797 2733 sicut
819 2712 933 2734 omnes
960 2704 1143 2734 moriuntur
1166 2704 1206 2735 ad
1228 2705 1292 2736 hoc
1317 2706 1407 2746 quod
1460 2716 1578 2738 manae
1601 2707 1634 2737 in
1651 2712 1776 2748 puncto
1801 2708 1954 2747 temporis
1977 2708 2061 2738 redit
2075 2718 2158 2748 quae
2173 2709 2256 2739 illud
2264 2710 2361 2749 prius
2376 2715 2412 2739 ut
2415 2710 2524 2750 fieret,

340 2755 454 2776 omnes
485 2755 560 2776 vere
589 2755 753 2786 resurgere
776 2747 916 2786 possint,
940 2748 984 2778 ita
1007 2749 1156 2779 omnium
1184 2759 1321 2790 corpora
1344 2750 1407 2781 dis-
1462 2742 1582 2782 vivere?
1605 2756 1636 2782 et
1657 2756 1823 2787 cresceret,
1848 2752 2013 2782 animavit.

339 2790 504 2822 solventur
520 2790 559 2820 ad
575 2790 638 2821 hoc
651 2790 741 2830 quod
753 2791 901 2822 omnium
917 2801 1054 2832 corpora
1066 2792 1231 2824 reformari
1242 2795 1408 2834 possint.—-
1518 2805 1548 2826 2.
1574 2796 1760 2826 Flammam
1772 2819 1779 2831 ,
1804 2796 1935 2826 cuilibet
1963 2796 2162 2827 inclinationi
2191 2797 2325 2827 naturali
2354 2797 2526 2837 respondet

340 2834 430 2867 Sicut
446 2835 542 2865 etiam
557 2835 591 2866 in
615 2844 756 2875 poenam
779 2835 920 2866 hominis
935 2845 1023 2867 mors
1047 2847 1065 2867 a
1089 2837 1195 2868 divina
1218 2838 1338 2869 iustitia
1361 2844 1408 2870 est
1462 2840 1596 2880 aliquod
1619 2849 1715 2880 agens
1738 2840 1901 2870 naturale:
1925 2840 2000 2870 alias
2024 2846 2144 2870 natura
2167 2841 2315 2882 deficeret
2334 2841 2366 2871 in
2384 2851 2526 2872 necessa-

339 2878 469 2915 infficta,
494 2879 537 2910 ita
561 2884 592 2910 et
624 2880 768 2919 corporis
791 2879 964 2911 resolutio:
996 2886 1032 2911 ut
1063 2887 1151 2921 patet
1176 2882 1289 2913 Genes.
1314 2893 1349 2913 nr
1371 2884 1406 2913 *z
1422 2888 1449 2908 6ο
1463 2884 1521 2915 riis
1537 2885 1563 2914 ἥ.
1589 2883 1652 2915 Sed
1667 2884 1758 2914 nullo
1775 2889 1888 2924 agente
1903 2884 2038 2914 naturali
2061 2891 2197 2924 possunt
2212 2884 2364 2925 praedicti
2379 2886 2526 2926 pulveres

345 2924 447 2954 Terra
471 2933 504 2954 es
529 2928 560 2954 et
583 2923 615 2953 in
641 2928 762 2954 terram
787 2923 854 2954 ibis.
1463 2928 1568 2959 eidem
1592 2929 1717 2958 animae
1740 2928 1852 2958 iterato
1877 2928 2040 2968 coniungi.
2064 2929 2150 2968 Ergo
2166 2929 2199 2959 in
2216 2930 2260 2960 eis
2275 2939 2343 2959 non
2360 2935 2407 2960 est
2421 2930 2528 2970 aliqua

397 2967 548 3000 Similiter
559 2968 655 2998 etiam
672 2967 752 2998 ordo
769 2973 899 2999 naturae
916 2969 1012 3009 exigit
1027 2974 1063 2999 ut
1077 2979 1145 3000 non
1161 2970 1268 3000 solum
1283 2971 1409 3002 animae
1462 2972 1614 3003 naturalis
1637 2972 1800 3002 inclinatio
1824 2971 1864 3002 ad
1887 2971 2081 3012 praedictam
2104 2974 2379 3004 coniunctionem.

342 3017 374 3044 et
396 3013 540 3052 corporis
572 3013 759 3043 coniunctio
789 3012 947 3048 solvatur,
972 3012 1028 3044 sed
1055 3014 1150 3044 etiam
1175 3014 1409 3046 elementorum
1518 3017 1708 3047 Rnsponnno
1725 3026 1885 3046 mcmmm
1909 3015 1998 3056 quod
2014 3017 2097 3047 circa
2119 3017 2182 3048 hoc
2206 3023 2253 3048 est
2274 3018 2387 3058 triplex
2404 3019 2526 3058 opinio.

342 3057 548 3088 commixtio:
573 3057 655 3088 sicut
678 3057 774 3088 etiam
798 3062 925 3088 acetum
948 3067 1016 3088 non
1039 3063 1146 3098 potest
1168 3059 1202 3089 in
1217 3059 1284 3089 vini
1307 3060 1410 3099 quali-
1463 3060 1605 3099 Quidam
1629 3060 1739 3090 dicunt
1763 3059 1853 3100 quod
1883 3070 2000 3100 corpus
2030 3061 2210 3092 humanum
2238 3071 2407 3102 nunquam
2430 3063 2528 3093 resol-

341 3105 440 3132 tatem
455 3100 566 3133 reduci
580 3102 640 3132 nisi
657 3102 745 3141 prius
761 3100 842 3132 facta
857 3102 1054 3133 resolutione
1077 3103 1111 3132 in
1134 3104 1298 3133 materiam
1319 3113 1409 3144 prae-
1423 3115 1447 3140 65
1462 3106 1547 3135 vitur
1561 3114 1665 3145 usque
1681 3104 1721 3135 ad
1736 3104 1903 3135 elementa.
1928 3105 1969 3135 Et
1991 3106 2034 3135 ita
2057 3115 2183 3146 semper
2197 3107 2230 3137 in
2247 3107 2405 3137 cineribus
2420 3113 2528 3138 manet

343 3145 511 3177 iacentem.
527 3163 550 3168 -
573 3145 644 3186 Ipsa
668 3146 765 3178 etiam
788 3146 1023 3177 elementorum
1047 3148 1235 3178 commixtio
1259 3157 1297 3178 ex
1317 3154 1409 3179 motu
1464 3149 1570 3189 aliqua
1593 3149 1640 3179 vis
1664 3148 1768 3179 addita
1792 3149 1967 3185 elementis,
1992 3159 2075 3190 quae
2098 3149 2173 3181 facit
2195 3151 2372 3181 naturalem
2394 3152 2527 3182 inclina-

344 3188 424 3221 caeli
447 3195 594 3221 causatur
616 3195 648 3221 et
671 3195 887 3221 conservatur.
912 3190 988 3228 Quo
1013 3197 1166 3228 cessante,
1183 3192 1292 3222 omnia
1311 3193 1410 3223 mixta
1464 3195 1587 3224 tionem
1611 3193 1651 3223 ad
1675 3193 1810 3223 eandem
1834 3194 1983 3224 animam.

343 3233 377 3265 in
400 3241 481 3272 pura
504 3233 662 3267 elementa
684 3235 893 3266 resolventur.
1521 3237 1583 3268 Sed
1599 3238 1678 3268 haec
1694 3238 1813 3278 positio
1830 3238 2039 3268 contrariatur
2055 3239 2234 3269 auctoritati
2247 3239 2419 3279 Augustini
2435 3239 2528 3270 indu-

399 3277 451 3309 An
470 3287 587 3310 1>me
609 3288 693 3310 uano
716 3289 876 3311 nrcnnnum
896 3279 986 3319 quod
1007 3281 1196 3311 resurrectio
1222 3279 1340 3313 Christi
1363 3287 1410 3312 est
1465 3288 1535 3313 ctae
1550 3283 1581 3319 ἡ
1607 3288 1638 3313 et
1661 3282 1784 3318 sensui,
1809 3288 1840 3312 et
1862 3283 1993 3313 rationi:
2028 3284 2104 3323 quia
2136 3284 2245 3314 omnia
2278 3285 2458 3324 composita
2490 3294 2528 3315 ex

345 3321 507 3361 exemplar
521 3327 648 3354 nostrae
663 3324 903 3355 resurrectionis
919 3323 1028 3364 quoad
1043 3325 1216 3355 terminum
1233 3325 1272 3356 ad
1293 3335 1408 3365 quem:
1424 3341 1451 3362 7⁰
1466 3327 1630 3358 contrariis
1654 3326 1806 3367 possibile
1842 3332 1889 3357 est
1917 3328 1950 3357 in
1974 3336 2011 3357 ea
2042 3327 2158 3358 resolvi
2183 3337 2220 3358 ex
2244 3329 2361 3368 quibus
2392 3338 2528 3369 compo-

344 3374 412 3396 non
436 3370 544 3396 autem
568 3367 677 3406 quoad
699 3368 873 3399 terminum
897 3378 914 3398 a
938 3378 1016 3408 quo.

399 3409 450 3441 An
467 3419 630 3441 secuntum
644 3421 804 3443 mcnmmx
819 3412 910 3453 quod
925 3413 1050 3444 cineres
1064 3413 1285 3454 intelliguntur
1297 3424 1410 3446 omnes

345 3453 497 3493 reliquiae
522 3463 604 3493 quae
634 3461 799 3487 remanent
828 3457 972 3488 humano
1004 3467 1141 3498 corpore
1164 3458 1306 3489 resoluto
1319 3483 1326 3495 ,
1351 3459 1409 3490 du-

345 3497 419 3538 plici
444 3498 578 3529 ratione.
601 3498 721 3535 Primo,
745 3500 821 3539 quia
844 3502 1027 3532 communis
1050 3512 1122 3532 mos
1147 3508 1213 3533 erat
1228 3503 1314 3543 apud
1330 3505 1409 3534 anti-

1464 3377 1594 3402 nuntur.

1521 3415 1561 3446 Et
1584 3415 1658 3445 ideo
1683 3415 1735 3445 alii
1759 3414 1870 3445 dicunt
1893 3415 1982 3455 quod
2004 3415 2076 3446 illae
2099 3422 2203 3456 partes
2233 3417 2467 3448 elementorum
2495 3418 2528 3447 in

1466 3469 1544 3500 quas
1568 3460 1748 3490 humanum
1772 3469 1890 3500 corpus
1913 3460 2097 3496 resolvitur,
2121 3462 2258 3492 retinent
2288 3462 2360 3502 plus
2391 3461 2430 3492 de
2457 3462 2529 3492 luce

1465 3514 1503 3535 ex
1526 3505 1589 3534 hoc
1613 3504 1702 3544 quod
1725 3504 1854 3535 fuerunt
1877 3505 2002 3535 animae
2024 3505 2183 3536 humanae
2207 3507 2407 3537 coniunctae.
2432 3506 2473 3536 Et
2493 3516 2530 3536 ex

346 3551 429 3582 quos
452 3551 590 3582 corpora
611 3548 815 3575 mortuorum
839 3546 1028 3577 comburere
1045 3552 1076 3576 et
1096 3548 1218 3577 cineres
1241 3557 1408 3579 reservare.
1424 3563 1448 3584 75
1466 3550 1530 3579 hoc
1554 3549 1672 3579 habent
1695 3548 1857 3588 quandam
1880 3549 2122 3580 inclinationem
2145 3549 2185 3581 ad
2208 3551 2338 3581 animas.

487 3605 597 3628 sunum
616 3605 717 3629 Τηεοι..
737 3605 768 3629 D.
781 3605 896 3631 Tnoun
915 3607 947 3632 T.
967 3608 1009 3632 IX.

2335 3613 2385 3638 23*

2549 1689 2558 1698 '¹
2573 1687 2610 1709 Cf.
2626 1693 2665 1714 qu.
2680 1692 2759 1713 cxxix,

2549 1717 2590 1735 an.
2607 1721 2625 1736 ι.

2551 1914 2600 1935 ‘De
2607 1913 2663 1935 Gen.
2671 1913 2704 1934 ad
2717 1914 2761 1935 litt.

2551 1941 2590 1962 lib.
2622 1940 2681 1967 xil,
2710 1945 2759 1968 cap.

2550 1973 2620 1989 xxxv.

2550 2049 2561 2059 ·
2576 2047 2643 2068 νει-ι.
2661 2054 2691 2069 ιι.

2553 2539 2563 2549 ·
2579 2538 2636 2565 Cap.
2654 2542 2763 2558 Lxxxvm.

2555 2892 2565 2902 ·
2579 2890 2615 2912 ef.
2626 2891 2726 2911 Aristot.
2738 2889 2768 2911 de

2554 2917 2650 2943 Anima,
2668 2916 2708 2938 ub.
2723 2916 2767 2941 ιιι,

2555 2949 2703 2992 siffis:
2718 2942 2767 2990 225.

2556 3290 2564 3298 ·
2581 3289 2636 3316 Arg.
2651 3287 2700 3309 Sed
2713 3293 2768 3309 con-

2556 3317 2594 3336 tra
2611 3322 2630 3337 1-
