2918 4088
155 1158 165 1167 “
172 1156 279 1183 Ps.cxxv,
286 1161 364 1182 vers-5.

154 1242 164 1252 ²
172 1215 294 1262 Lombfxex
304 1241 364 1267 Aug.

154 1360 163 1370 ²
179 1359 244 1381 Vers.
262 1365 295 1381 ιο,

153 1578 162 1586 ·
177 1575 243 1597 Vers.
259 1581 290 1598 22.

153 1631 161 1640 ²
177 1630 242 1651 Vers.
259 1635 293 1657 27.

151 2051 161 2061 ²
176 2050 243 2072 Vers.
259 2057 290 2072 ιι.

148 2212 158 2222 ·
174 2211 239 2233 Vers.
254 2217 274 2239 5.

153 2846 162 2855 ²
184 2844 244 2866 Vide
266 2844 334 2866 Orat.

153 2871 260 2893 Manass.

153 3051 164 3061 ²
178 3048 244 3071 Vers.
261 3056 292 3078 ¹5.

404 193 477 229 292

1047 181 1310 228 QUAESTIO
1339 181 1552 227 LXXXIV,
1582 180 1876 218 ARTICULUS
1904 181 1939 217 V

397 267 477 295 tem
504 258 709 308 perficiunt
737 259 989 296 absolutionis
1018 266 1314 296 sacramentum.
1358 259 1406 295 Et
1433 257 1464 294 si
1518 258 1557 295 in
1585 257 1739 306 signum
1777 257 1884 306 quod
1921 269 1991 306 per
2018 257 2246 304 sanguinem
2283 258 2405 295 crucis
2441 258 2582 295 Christi

397 312 534 360 aliquis
554 320 660 349 actus
680 312 888 362 corporalis
909 319 1006 349 esset
1025 323 1072 348 ex
1090 319 1197 361 parte
1217 311 1423 348 sacerdotis
1432 316 1461 358 η,
1517 310 1763 347 remittuntur
1790 317 1956 359 peccata.
1986 310 2035 347 Et
2062 317 2192 347 tamen
2211 322 2291 347 non
2311 318 2366 348 est
2384 311 2432 348 de
2452 323 2582 348 neces-

399 377 480 402 non
508 365 638 402 minus
666 373 900 414 competeret
927 364 1214 413 crucesignatio,
1236 376 1336 413 quae
1356 363 1462 401 adhi-

1516 363 1622 400 sitate
1651 362 1878 400 sacramenti
1898 361 1923 409 θ,
1954 361 2050 399 sicut
2077 374 2149 399 nec
2177 363 2225 400 de
2253 363 2475 401 necessitate
2503 365 2582 402 Eu-

398 418 511 455 betur
545 418 585 455 in
619 418 877 466 Eucharistia,
915 430 1034 467 quam
1069 429 1209 454 manus
1246 416 1460 466 impositio,
1517 415 1729 454 charistiae.

450 531 477 566 η)
495 531 652 558 sacerdotis.
676 545 695 550 —
720 531 884 557 necessarius
907 530 977 555 addit
995 531 1023 556 P.
1041 544 1060 549 -
1078 530 1128 555 Pro
1151 531 1355 564 crucesignatio,
1374 530 1461 556 crucis

396 567 516 600 signatio
536 568 564 592 P.

1568 529 1593 565 θ)
1612 530 1782 556 sacramenti.
1800 543 1820 549 —
1836 529 1915 555 huius
1934 529 2096 554 sacramenti
2115 528 2143 555 P.

1181 723 1502 765 ARTICULUS
1532 723 1794 774 QUINTUS

823 827 980 858 UTRUM
1003 826 1097 857 Hoc
1122 826 1457 858 SACRAMENTUM
1481 826 1548 857 SIT
1572 827 1630 856 DE
1654 825 1954 856 NECESSITATE
1979 825 2160 856 SALUTIS

678 917 771 949 Supra,
791 924 834 948 qu.
854 923 910 946 LxV,
930 921 976 940 art.
995 922 1027 946 4;
1046 915 1080 939 IV
1100 915 1183 943 Sent„
1203 915 1261 940 dist.
1281 922 1331 945 xw,
1352 922 1396 946 qn.
1414 922 1441 945 u,
1461 919 1508 939 art.
1530 913 1543 938 5
1564 920 1590 939 et
1608 915 1703 946 Expos.
1723 914 1787 945 litt.;
1807 914 1866 939 dist.
1885 921 1946 945 xvu,
1965 920 2010 947 qu.
2030 922 2067 946 111,
2088 919 2135 940 art.
2156 914 2180 945 3,
2199 914 2249 947 qu⁸
2271 921 2300 946 1;

1281 950 1314 974 IV
1337 950 1414 975 Cont.
1436 950 1523 978 Gent„
1543 957 1599 982 cap.
1618 957 1695 975 Lxxn.

460 1059 487 1075 κι
511 1076 526 1090 ¹,
542 1064 557 1077 s·
604 1053 626 1077 D
646 1051 807 1081 QUINTUM
828 1051 880 1076 s1c
900 1050 1137 1075 PROCEDITUR.
1166 1038 1328 1075 Videtur
1351 1037 1459 1086 quod

518 1086 578 1140 ⁸5⁴³]
604 1094 679 1129 hoc
699 1099 984 1128 sacramentum
1004 1103 1084 1127 non
1104 1090 1150 1127 sit
1169 1091 1217 1127 de
1237 1090 1460 1127 necessitate

424 1178 432 1192 .-.
454 1161 522 1189 ,xm
549 1144 744 1187 (salutis.
776 1143 879 1190 Quia
908 1155 1024 1192 super
1048 1142 1141 1180 illud
1165 1143 1307 1179 Psalmi
1326 1142 1357 1189 *,
1388 1144 1462 1184 Qui

410 1189 424 1202 ”
448 1173 545 1233 g3⁶3)
559 1190 592 1234 N
602 1199 788 1234 seminant
803 1202 819 1218 α
839 1198 876 1232 in
894 1197 1060 1233 lacrimis
1075 1203 1157 1242 etc.,
1169 1195 1259 1231 dicit
1274 1194 1458 1238 Glossa*:

390 1251 485 1288 Noli
511 1262 588 1287 esse
614 1252 737 1296 tristis,
765 1251 798 1286 si
823 1249 917 1286 adsit
943 1250 1009 1285 tibi
1033 1250 1132 1285 bona
1151 1248 1332 1294 voluntas,
1363 1247 1462 1284 unde

391 1305 538 1340 metitur
559 1315 654 1352 pax.
699 1302 776 1340 Sed
803 1301 949 1338 tristitia
981 1308 1037 1337 est
1071 1301 1119 1337 de
1147 1300 1294 1337 ratione
1327 1299 1460 1349 poeni—

389 1356 546 1393 tentiae:
577 1355 794 1392 secundum
813 1355 905 1391 illud
927 1355 957 1390 II
977 1355 1063 1391 Cor.
1080 1353 1178 1390 Vl1*:
1207 1354 1313 1396 Quae
1330 1365 1459 1390 secun-

390 1411 478 1446 dum
507 1410 631 1445 Deum
664 1414 715 1445 est
742 1409 903 1454 tristitia,
936 1408 1203 1456 poenitentiam
1238 1408 1274 1443 in
1303 1407 1459 1443 salutem

388 1462 555 1499 stabilem
585 1467 772 1511 operatur.
804 1461 905 1508 Ergo
930 1460 1034 1497 bona
1052 1461 1244 1506 voluntas,
1267 1459 1347 1496 sine
1366 1471 1459 1508 poe-

390 1514 558 1562 nitentia,
588 1514 728 1551 sufficit
755 1513 803 1550 ad
833 1514 1007 1549 salutem.
1378 1536 1394 1548 x

445 1580 478 1604 2.
513 1569 752 1613 PRAETEREA,
781 1568 960 1604 Proverh.
988 1578 1012 1602 x
1039 1565 1059 1587 ²¹²
1087 1565 1241 1602 dicitur:
1277 1567 1459 1603 Universa

389 1622 519 1658 delicta
547 1622 664 1670 operit
691 1621 846 1663 caritas‚·
882 1626 917 1655 et
944 1618 1050 1666 infra,
1079 1631 1128 1655 xv
1151 1618 1185 1655 *z
1215 1619 1290 1655 Per
1317 1620 1459 1656 miseri-

388 1674 556 1712 cordiam
585 1679 618 1710 et
634 1673 757 1722 fidem
779 1678 998 1722 purgantur
1011 1677 1180 1721 peccata.
1212 1672 1289 1709 Sed
1308 1672 1385 1709 hoc
1404 1685 1459 1709 sa-

388 1734 632 1764 cramentum
660 1738 741 1763 non
769 1733 824 1762 est
852 1724 924 1761 nisi
952 1724 1001 1761 ad
1020 1725 1270 1774 purgandum
1288 1733 1458 1774 peccata.

388 1782 502 1828 Ergo,
532 1779 713 1816 habendo
742 1778 938 1815 caritatem
966 1785 1002 1814 et
1029 1777 1150 1814 fidem
1179 1785 1215 1814 et
1242 1778 1458 1816 misericor-

387 1833 511 1879 diam,
541 1840 666 1881 potest
698 1831 862 1881 quisque
897 1832 1059 1867 salutem
1093 1831 1302 1880 consequi,
1342 1831 1458 1868 etiam

387 1887 469 1923 sine
497 1884 754 1935 poenitentiae
783 1891 1036 1921 sacramento.

442 1939 475 1976 3.
515 1940 755 1984 PRAETEREA,
793 1944 1031 1974 sacramenta
1064 1936 1258 1974 Ecclesiae
1304 1937 1457 1975 initium

386 1993 530 2029 habent
557 1992 606 2028 ab
634 1990 870 2027 institutione
901 1989 1052 2027 Christi.
1084 1990 1173 2036 Sed,
1204 1989 1301 2027 sicut
1322 1991 1459 2039 legitur

386 2047 489 2082 Ioan.
511 2057 568 2081 V111
586 2043 618 2091 ²¹²,
643 2043 817 2080 Christus
837 2043 1038 2080 mulierem
1060 2043 1275 2080 adulteram
1294 2044 1458 2082 absolvit

386 2099 532 2147 absque
560 2096 806 2146 poenitentia.
837 2097 938 2144 Ergo
958 2096 1112 2133 videtur
1131 2097 1238 2145 quod
1257 2097 1456 2146 poeniten-

386 2152 436 2188 tia
465 2163 546 2188 non
574 2149 620 2186 sit
649 2150 696 2186 de
724 2149 948 2186 necessitate
978 2149 1120 2186 salutis.

441 2205 513 2241 SED
534 2215 679 2240 CONTRA
698 2215 764 2240 EsT
783 2203 890 2252 quod
910 2202 1104 2239 Dominus
1124 2202 1224 2251 dicit,
1244 2205 1341 2241 Luc.
1351 2216 1409 2241 xm
1424 2204 1454 2241 *2

387 2260 427 2295 Si
447 2258 715 2306 poenitentiam
744 2268 819 2293 non
849 2258 998 2306 egeritis
1016 2254 1050 2302 β,
1080 2268 1210 2294 omnes
1236 2258 1348 2294 simul
1369 2270 1458 2307 per-

389 2312 494 2348 ibitis.

441 2365 667 2401 RESPONDEO
691 2374 873 2399 DICENDUM
900 2362 1007 2410 quod
1036 2361 1180 2411 aliquid
1201 2370 1256 2399 est
1284 2375 1457 2400 necessa-

387 2416 490 2453 rium
509 2416 556 2452 ad
577 2416 741 2452 salutem
760 2414 981 2463 dupliciter:
1007 2427 1088 2451 uno
1108 2416 1241 2463 modo,
1262 2415 1454 2464 absolute3

388 2469 462 2506 alio
483 2468 615 2515 modo,
637 2480 683 2504 ex
703 2467 980 2516 suppositione.
1003 2467 1190 2505 Absolute
1211 2468 1371 2517 quidem
1390 2481 1456 2506 ne-

388 2520 598 2559 cessarium
618 2528 673 2557 est
687 2526 702 2548 Υ
722 2520 815 2557 illud
835 2520 916 2556 sine
937 2532 1016 2569 quo
1036 2522 1166 2558 nullus
1185 2523 1348 2558 salutem
1367 2534 1456 2559 con-

388 2573 497 2623 sequi
516 2581 658 2622 potest:
684 2572 780 2609 sicut
805 2573 923 2621 gratia
943 2572 1095 2619 Christi,
1117 2581 1152 2610 et
1171 2582 1456 2612 sacramentum

387 2626 578 2676 baptismi,
598 2638 668 2675 per
696 2626 803 2675 quod
832 2625 968 2675 aliquis
996 2626 1036 2662 in
1057 2626 1209 2664 Christo
1234 2627 1454 2665 renascitur.

388 2681 447 2717 Ex
475 2678 740 2728 suppositione
777 2686 908 2715 autem
945 2686 1000 2716 est
1037 2679 1298 2717 necessarium
1332 2693 1456 2718 sacra-

388 2740 566 2769 mentum
584 2731 859 2781 poenitentiae:
888 2731 996 2781 quod
1016 2732 1177 2781 quidem
1195 2733 1456 2771 necessarium

388 2797 469 2822 non
489 2792 544 2822 est
568 2784 762 2831 omnibus,
783 2785 850 2821 sed
878 2792 1036 2834 peccato
1066 2785 1371 2833 subiacentibus3
1401 2786 1455 2824 di-

389 2838 486 2876 citur
504 2837 606 2875 enim
627 2838 667 2874 in
681 2838 711 2874 II
721 2838 887 2888 Paralip.
905 2838 970 2874 ult.
982 2837 1016 2875 *ε
1038 2840 1085 2875 Et
1103 2845 1152 2885 tu,
1168 2840 1332 2876 Domine
1350 2841 1456 2877 iusto-

389 2903 486 2937 rum,
516 2903 591 2928 non
622 2892 778 2940 posuisti
806 2892 1073 2940 poenitentiam
1107 2893 1217 2938 iustis,
1246 2893 1454 2940 Abraham,

389 2946 500 2981 Isaac
527 2950 560 2980 et
586 2945 715 2990 Iacob,
745 2945 800 2980 his
829 2946 892 2993 qui
917 2945 983 2981 tibi
1009 2957 1083 2982 non
1108 2951 1368 2994 peccaverunt.

441 2998 639 3034 Peccatum
676 3004 827 3044 autem,
866 3010 951 3034 cum
989 3004 1288 3035 consummatum
1315 2999 1454 3046 fuerit,

390 3055 547 3099 generat
574 3055 743 3096 mortem,
769 3057 812 3086 ut
839 3050 977 3087 dicitur
999 3052 1070 3087 Iac.
1100 3063 1110 3088 1
1137 3051 1168 3088 ⁹¹³.
1198 3052 1247 3088 Et
1273 3051 1361 3089 ideo
1390 3064 1455 3089 ne-

392 3102 599 3139 cessarium
628 3110 683 3139 est
711 3102 759 3139 ad
779 3104 938 3140 salutern
966 3104 1177 3153 peccatoris
1197 3104 1305 3153 quod
1323 3117 1456 3155 pecca-

447 3231 474 3265 α)
493 3233 633 3257 seminant.
645 3246 664 3251 -
678 3233 745 3263 PA1;
764 3234 886 3259 seminat.
903 3248 923 3252 —
941 3235 991 3259 Pro
1010 3238 1068 3264 etc„
1085 3236 1110 3259 in
1126 3236 1295 3261 exultatione
1315 3240 1413 3261 metent
1427 3237 1457 3262 F.

449 3266 474 3300 β)
494 3267 610 3300 egeritis.
628 3282 647 3286 -
665 3268 811 3293 habueritis
831 3269 859 3294 P.

447 3310 463 3334 γ
494 3305 542 3327 est.
560 3316 579 3321 —
596 3303 634 3327 ad
651 3303 763 3327 salutem
783 3304 852 3328 addit
870 3304 951 3328 tertia.

448 3335 462 3360 δ
493 3338 559 3362 tales
572 3341 660 3362 autem
676 3345 727 3362 non
742 3338 847 3364 habent.
858 3353 877 3357 —
891 3340 953 3364 talis
967 3340 1037 3365 enim
1053 3338 1152 3373 (autem
1167 3340 1201 3375 G)
1215 3348 1267 3366 non
1284 3341 1362 3366 habet
1376 3342 1458 3370 tertia.

395 3372 461 3396 tales
479 3375 567 3397 autem
587 3380 639 3397 non
658 3373 736 3398 habet
754 3374 784 3398 E.

1512 1045 1597 1074 tum
1626 1045 1873 1075 removeatur
1896 1038 1945 1074 ab
1965 1050 2024 1075 eo.
2055 1038 2175 1085 Quod
2203 1038 2364 1087 quidem
2391 1038 2475 1076 fieri
2503 1051 2584 1076 non

1512 1097 1638 1139 potest
1665 1090 1746 1127 sine
1775 1090 2032 1140 poenitentiae
2057 1099 2312 1138 sacramento,
2333 1091 2373 1128 in
2392 1104 2472 1141 quo
2493 1104 2585 1142 ope-

1514 1150 1619 1179 ratur
1646 1142 1767 1180 virtus
1801 1142 1992 1192 passionis
2030 1143 2170 1180 Christi
2202 1155 2273 1192 per
2299 1144 2585 1182 absolutionem

1513 1195 1720 1232 sacerdotis
1749 1195 1865 1232 simul
1892 1207 1983 1231 cum
2012 1207 2130 1244 opere
2158 1196 2400 1244 poenitentis,
2429 1196 2497 1246 qui
2521 1209 2584 1235 co-

1513 1255 1696 1296 operatur
1722 1247 1863 1295 gratiae
1892 1247 1941 1284 ad
1970 1247 2271 1285 destructionem
2296 1249 2459 1298 peccati:
2489 1249 2586 1287 sicut

1514 1299 1619 1336 enim
1648 1299 1739 1337 dicit
1766 1299 2016 1348 Augustinus,
2041 1313 2154 1350 super
2172 1302 2281 1338 Ioan.
2301 1301 2334 1350 *,
2364 1304 2428 1351 qui
2447 1305 2588 1341 creavit

1513 1359 1547 1389 te
1573 1355 1653 1389 sine
1679 1359 1724 1399 te,
1755 1365 1830 1390 non
1860 1354 2068 1400 iustificabit
2095 1359 2130 1390 te
2155 1355 2236 1390 sine
2262 1360 2307 1390 te.
2342 1354 2455 1392 Unde
2482 1363 2587 1404 patet

1513 1406 1621 1455 quod
1650 1413 1935 1443 sacramentum
1962 1405 2220 1455 poenitentiae
2249 1414 2305 1443 est
2323 1407 2586 1450 necessarium

1513 1459 1562 1495 ad
1591 1460 1755 1496 salutem
1783 1466 1871 1508 post
1898 1467 2120 1508 peccatum:
2151 1458 2248 1496 sicut
2275 1459 2480 1498 medicatio
2502 1473 2585 1499 cor-

1512 1512 1654 1561 poralis
1682 1519 1892 1561 postquam
1913 1512 2035 1549 homo
2056 1511 2095 1549 in
2114 1512 2301 1550 morbum
2319 1513 2585 1563 periculosum

1513 1564 1700 1602 inciderit.

1566 1619 1623 1655 AD
1645 1631 1782 1656 PR1MUM
1810 1630 1908 1655 ERGO
1936 1630 2120 1656 DICENDUM
2149 1619 2258 1668 quod
2281 1621 2411 1668 glossa
2438 1619 2502 1658 illa
2528 1620 2585 1658 vi-

1512 1671 1626 1708 detur
1652 1671 1897 1720 intelligenda
1925 1671 1974 1708 de
1998 1683 2046 1708 eo
2074 1671 2137 1708 cui
2169 1673 2277 1709 adest
2308 1672 2414 1710 bona
2445 1675 2584 1711 volun-

1512 1732 1568 1762 tas
1597 1724 1678 1762 sine
1713 1724 2009 1774 interpolatione
2045 1737 2145 1774 quae
2180 1724 2224 1762 fit
2257 1738 2328 1775 per
2359 1734 2583 1775 peccatum:

1512 1779 1604 1815 tales
1633 1785 1764 1815 autem
1792 1789 1873 1815 non
1901 1778 2045 1815 habent
2065 1775 2079 1799 δ
2106 1777 2476 1817 tristitiae'causam.
2507 1779 2586 1818 Sed

1513 1843 1560 1868 ex
1597 1843 1677 1880 quo
1715 1831 1820 1868 bona
1854 1832 2035 1868 voluntas
2071 1831 2216 1868 tollitur
2251 1844 2322 1881 per
2357 1839 2584 1882 peccatum,

1510 1897 1591 1922 non
1620 1891 1745 1933 potest
1772 1883 1918 1920 restitui
1936 1883 2037 1921 sine
2065 1883 2223 1932 tristitia,
2253 1897 2332 1934 qua
2364 1885 2452 1935 quis
2481 1884 2586 1923 dolet

1510 1937 1558 1975 de
1587 1944 1747 1987 peccato
1775 1936 1999 1986 praeterito:
2039 1937 2147 1986 quod
2175 1937 2340 1987 pertinet
2372 1939 2422 1976 ad
2450 1937 2586 1988 poeni-

1511 1998 1683 2028 tentiam.

1562 2045 1620 2081 An
1635 2055 1827 2081 SECUNDUM
1842 2055 2026 2081 DICENDUM
2047 2043 2155 2093 quod
2175 2055 2222 2080 ex
2240 2056 2321 2094 quo
2341 2043 2480 2094 aliquis
2498 2057 2585 2095 pec-

1510 2105 1641 2134 catum
1673 2096 1852 2143 incurrit,
1887 2096 2022 2134 caritas
2058 2104 2094 2133 et
2121 2096 2220 2134 fides
2258 2104 2294 2134 et
2321 2097 2586 2136 misericordia

1508 2163 1589 2188 non
1617 2150 1782 2187 liberant
1810 2149 2015 2187 hominem
2043 2162 2066 2187 a
2092 2157 2252 2199 peccato
2281 2149 2363 2188 sine
2382 2151 2584 2201 poeniten-

1509 2203 1571 2241 tia.
1601 2202 1778 2253 Requirit
1806 2202 1912 2240 enim
1940 2202 2075 2240 caritas
2104 2203 2213 2252 quod
2240 2204 2364 2241 homo
2388 2204 2516 2242 doleat
2535 2205 2584 2242 de

1510 2257 1661 2294 offensa
1695 2256 1736 2293 in
1771 2255 1944 2293 amicum
1981 2255 2210 2304 commissa,
2249 2263 2286 2293 et
2318 2257 2427 2306 quod
2455 2257 2583 2295 amico

1510 2311 1632 2347 homo
1661 2308 1899 2346 reconciliari
1918 2314 1930 2330 ⁵
1959 2309 2120 2346 studeat.
2150 2309 2328 2358 Requirit
2356 2309 2472 2347 etiarn
2500 2310 2584 2360 ipsa

1509 2363 1607 2400 fides
1635 2370 1677 2399 ut
1704 2374 1774 2411 per
1801 2362 1984 2399 virtutem
2010 2362 2202 2411 passionis
2231 2362 2384 2410 Christi,
2415 2375 2516 2413 quae
2544 2363 2584 2402 in

1509 2415 1757 2453 sacramentis
1776 2414 1970 2452 Ecclesiae
1991 2422 2185 2464 operatur,
2206 2423 2367 2465 quaerat
2385 2415 2585 2454 iustificari

1509 2482 1532 2506 a
1558 2468 1736 2518 peccatis.
1770 2467 1947 2517 Requirit
1974 2468 2091 2505 etiam
2118 2468 2202 2518 ipsa
2229 2468 2495 2507 misericordia
2522 2482 2583 2508 or-

1510 2522 1640 2559 dinata
1668 2529 1711 2558 ut
1738 2522 1860 2558 homo
1890 2520 2095 2558 subveniat
2122 2521 2361 2571 poenitendo
2390 2535 2484 2560 suae
2511 2522 2583 2561 mi-

1510 2575 1650 2621 seriae,
1680 2586 1801 2623 quam
1829 2586 1899 2623 per
1925 2582 2129 2623 peccatum
2158 2575 2333 2623 incurrit,
2364 2576 2583 2614 secundum

1509 2628 1603 2666 illud
1621 2629 1800 2665 Proverb.
1820 2639 1880 2664 xiv
1898 2627 1930 2674 ²¹⁵,
1959 2629 2124 2665 Mseros
2140 2629 2242 2676 facit
2262 2629 2425 2679 populos
2446 2641 2582 2680 pecca-

1509 2688 1607 2718 tum.-
1634 2680 1739 2718 unde
1764 2688 1800 2717 et
1819 2680 1932 2717 Eccli.
1961 2693 2034 2717 xxx
2052 2680 2073 2702 '¹‘
2101 2680 2254 2719 dicitur:
2288 2683 2477 2720 Mserere
2503 2685 2582 2720 ani-

1510 2747 1596 2772 mae
1623 2740 1709 2771 tuae
1730 2734 1888 2783 placens
1914 2734 2008 2770 Deo.

1563 2788 1620 2824 AD
1639 2799 1799 2824 TERTIUM
1818 2799 2000 2824 DICENDUM
2021 2787 2129 2836 quod
2144 2787 2193 2825 ad
2212 2795 2444 2838 potestatem
2463 2790 2582 2827 excel-

1510 2840 1659 2887 lentiae,
1687 2852 1808 2889 quarn
1837 2841 1941 2876 solus
1971 2840 2146 2878 Christus
2175 2840 2322 2888 habuit,
2355 2849 2399 2878 ut
2425 2853 2543 2891 supra
2561 2841 2582 2864 ³⁸

1510 2892 1657 2931 dictum
1685 2901 1751 2940 est,
1780 2892 1963 2942 pertinuit
1991 2894 2099 2943 quod
2128 2893 2304 2931 Christus
2323 2894 2506 2932 effectum
2525 2906 2581 2932 sa-

1510 2945 1696 2984 cramenti
1723 2945 1993 2995 poenitentiae,
2023 2946 2091 2996 qui
2119 2953 2175 2983 est
2202 2946 2377 2984 remissio
2403 2954 2580 2996 peccato-

1510 3012 1611 3046 rum,
1631 2999 1792 3036 contulit
1810 2998 1962 3036 mulieri
1980 2999 2175 3036 adulterae
2194 2999 2275 3036 sine
2294 2999 2552 3049 poenitentiae
2569 2999 2581 3024 t

1510 3059 1772 3090 sacramento:
1803 3052 1888 3090 licet
1915 3064 1996 3089 non
2024 3051 2106 3089 sine
2133 3051 2304 3090 interiori
2330 3051 2579 3102 poenitentia,

1511 3118 1632 3155 quam
1660 3104 1742 3155 ipse
1770 3105 1809 3142 in
1838 3117 1883 3142 ea
1910 3117 1980 3154 per
2006 3104 2166 3153 gratiam
2195 3112 2251 3142 est
2278 3113 2471 3154 operatus.

1563 3235 1586 3270 ε)
1607 3236 1784 3262 reconciliari.
1810 3250 1829 3255 —
1854 3236 1917 3261 Om.
1942 3234 2018 3268 HpG,
2041 3234 2199 3267 satisfacere
2218 3234 2227 3258 I
2247 3239 2272 3259 et
2290 3240 2351 3267 post
2369 3235 2477 3260 studeat
2496 3236 2534 3261 sG
2554 3242 2580 3262 et

1512 3272 1648 3297 editiones.

1569 3305 1595 3340 ζ)
1610 3307 1799 3339 poenitentiae.
1818 3321 1837 3325 -
1855 3306 2000 3331 exterioris
2014 3305 2198 3337 poenitentiae
2217 3305 2299 3330 tertia.

2612 1309 2824 1364 Ᾰιῗιῖᾞεῇῑλξὲξιῖ

2612 1362 2664 1390 xv,
2674 1367 2726 1391 etp.
2740 1369 2771 1385 ιι.

2609 2641 2620 2652 ·
2633 2639 2701 2663 Ven.
2714 2646 2752 2670 ³⁴·

2609 2693 2620 2705 ²
2633 2691 2700 2715 Van.
2714 2681 2752 2720 14.

2608 2848 2618 2858 ·
2633 2845 2682 2874 Qu.
2696 2853 2762 2875 mv,
2779 2852 2822 2870 ιη.

2606 2873 2679 2922 tini?
2687 2879 2820 2924 ι’,ῗ-ἶῖιὲῗ·

2705 3002 2720 3032 ζ
