2918 4088
450 138 519 175 138

1122 140 1384 187 QUAESTIO
1413 141 1583 187 LXXIII,
1613 139 1904 177 ARTICULUS
1933 141 1947 177 Ι

824 374 1232 453 QUAESTIO
1271 375 2232 432 SEPTUAGESIMATERTIA

1021 497 1104 536 DE
1138 495 1556 537 SACRAMENTO
1591 496 2044 538 EUCHARISTIAE

1287 612 1322 637 IN
1349 612 1414 637 SEX
1442 612 1643 638 ARTICULOS
1670 613 1782 637 DIVISA

527 718 789 749 ONSEQUENTER
833 706 1159 743 considerandum
1204 713 1259 742 est
1300 706 1348 743 de
1385 718 1506 743 sacra-

526 767 657 796 mento
699 759 959 796 Eucharistiae
991 759 1022 795 ³¹².
1063 760 1110 796 Et
1151 759 1295 808 primo,
1331 759 1379 795 de
1422 758 1505 809 ipso

205 840 216 850 .
231 812 279 866 333
294 818 391 860 ffiffih·
446 820 703 859 sacramento;
742 812 933 858 secundo,
969 812 1017 848 de
1053 811 1211 849 materia
1229 811 1265 857 *;
1301 812 1428 859 tertio,
1458 812 1506 849 de

206 901 228 912 „
244 900 282 927 Qu
302 874 376 921 {nu
445 866 569 902 forma
588 865 625 911 *ς
654 873 804 914 quarto,
834 865 881 902 de
911 864 1049 901 effectu
1070 870 1087 886 ‘²
1105 864 1165 910 *³¹2
1196 864 1343 913 quinto,
1373 865 1420 901 de
1450 877 1525 909 res

205 928 215 938 ·
231 915 385 954 Qu·'n¹xx-‘
445 918 672 967 cipientibus
700 919 776 954 hoc
804 925 1087 954 sacramentum
1105 917 1141 963 *ς
1171 924 1288 965 sexto,
1319 918 1366 954 de
1395 917 1506 954 mini'-

206 967 227 1003 ἶ·
258 971 404 1014 “ι;,’·,ἷξζ;’,·,,,
446 979 522 1007 stro
542 971 579 992 *·
609 983 649 1007 se
678 970 772 1007 timo
815 971 862 1007 de
892 969 964 1006 ritu
983 969 1034 1006 *ἢῆ

232 965 267 1019 (ᾖ
447 1023 556 1060 Circa
571 982 756 1072 ’prirlrium
777 999 1023 1072 ⁷quaeruntur
1051 1034 1127 1059 sex.

206 761 216 771 ·
237 759 273 781 cf.
293 765 332 787 qu.
351 765 418 786 uvi,

205 785 293 823 {nu-od.

1615 706 1765 743 Primo:
1803 714 1934 743 utrum
1970 706 2207 744 Eucharistia
2242 706 2287 744 sit
2324 714 2620 744 sacramentum.

1617 771 1818 808 Secundo:
1848 779 1980 808 utrum
2008 771 2053 808 sit
2080 783 2205 808 unum
2233 772 2296 808 vel
2322 772 2444 820 plura.

1615 835 1769 872 Tertio:
1798 843 1929 872 utrum
1957 835 2003 872 sit
2030 836 2077 872 de
2106 834 2326 873 necessitate
2355 834 2495 872 salutis.

1616 899 1786 945 Quarto:
1816 899 1864 936 de
1892 898 2116 936 nominibus
2144 899 2238 936 eius.

1618 962 1783 1009 Quinto:
1813 963 1861 999 de
1889 962 2122 1001 institutione
2149 963 2280 1013 ipsius.

1617 1024 1752 1060 Sexto:
1783 1024 1830 1060 de
1858 1023 1990 1072 figuris
2018 1024 2110 1061 eius.

1258 1131 1576 1174 ARTICULUS
1606 1132 1813 1174 PRIMUS

1074 1219 1231 1250 UTRUM
1254 1219 1549 1250 EUCHARISTIA
1572 1219 1638 1250 SIT
1663 1219 1996 1252 SACRAMENTUM

621 1300 712 1332 Supra,
732 1307 776 1331 qu.
795 1306 853 1329 va,
872 1303 918 1324 art.
940 1305 967 1328 ¹3
989 1297 1061 1328 infra,
1081 1305 1125 1330 qu.
1145 1305 1226 1327 cxxix,
1246 1302 1292 1323 art.
1313 1297 1336 1327 5,
1357 1305 1388 1330 7;
1413 1298 1447 1322 lv
1466 1298 1549 1328 Sem„
1570 1298 1629 1322 dist.
1649 1305 1702 1329 vm,
1721 1306 1766 1331 qu.
1784 1306 1802 1328 1,
1821 1304 1868 1324 art.
1889 1306 1899 1324 π
1911 1319 1918 1331 ,
1938 1299 1987 1332 qu·
2009 1306 2039 1330 1;
2058 1300 2092 1325 IV
2113 1300 2189 1325 Cont.
2210 1301 2298 1330 Gent„
2318 1309 2372 1334 cap.
2392 1309 2447 1333 nm
2491 1299 2493 1301 ’

1331 1333 1340 1357 I
1360 1333 1397 1358 ad
1417 1334 1487 1362 Cor..
1507 1341 1564 1366 cap·
1582 1341 1620 1363 xl,
1639 1334 1698 1359 lect.
1716 1341 1740 1359 ν.
2460 1333 2465 1337 “

528 1444 533 1456 1
575 1447 612 1470 ικ-

653 1437 675 1462 D
704 1436 839 1461 PRIMUM
863 1435 914 1460 stc
943 1434 1183 1459 PROCEDrrUR.
1212 1422 1374 1459 Videtur
1401 1422 1507 1471 quod

578 1505 623 1538 x„
655 1476 895 1514 Eucharistia
923 1487 1004 1513 non
1033 1475 1080 1512 sit
1107 1483 1405 1512 sacramentum.
1448 1475 1509 1512 Ad

480 1521 760 1580 ,msaffdem
795 1529 899 1566 enim
936 1540 1017 1567 non
1052 1528 1195 1565 debent
1227 1527 1396 1565 ordinari
1429 1528 1508 1565 duo

499 1600 510 1618 s
532 1578 596 1617 Ψ)
611 1575 644 1618 Χ
657 1590 914 1621 sacramenta:
945 1581 1037 1631 quia
1054 1582 1369 1631 unumquodque
1389 1593 1509 1618 sacra-

446 1644 624 1675 mentum
659 1636 794 1674 efficax
827 1643 882 1673 est
916 1635 965 1672 ad
997 1647 1114 1672 suum
1150 1635 1331 1672 effectum
1365 1635 1509 1684 produ-

446 1691 626 1728 cendum.
671 1690 774 1726 Cum
806 1701 896 1737 ergo
931 1688 980 1725 ad
1007 1688 1281 1737 perfectionem
1314 1687 1511 1724 ordinetur

446 1742 689 1781 confirmatio
725 1750 761 1779 et
797 1740 1055 1788 Eucharistia,
1094 1748 1136 1778 ut
1169 1740 1377 1790 Dionysius
1411 1739 1509 1787 dicit,

447 1810 481 1835 1v
500 1809 582 1846 cap.
599 1796 618 1818 ’¹‘
637 1796 737 1833 Eccl.
758 1797 882 1841 Hier„
902 1794 1054 1831 videtur
1073 1794 1310 1831 Eucharistia
1329 1806 1409 1831 non
1429 1805 1510 1830 esse

447 1857 752 1887 sacramentum:
775 1860 866 1885 cum
886 1847 1129 1884 confirmatio
1149 1847 1194 1884 sit
1214 1854 1510 1891 sacramentum,

208 1908 421 1962 Rssuixss'ii’iii'i‘
447 1911 490 1940 ut
517 1902 622 1952 prius
641 1901 661 1923 *
689 1900 864 1938 habitum
893 1908 958 1938 est.

242 1950 248 1956 ’
328 1950 334 1961 ’
385 1949 420 1955 ..
504 1968 537 1992 2.
573 1957 812 2000 PRAETER-EA,
846 1954 884 1990 in
913 1953 1084 2003 quolibet
1111 1961 1350 1990 sacramento
1385 1965 1511 1989 novae

448 2009 538 2057 legis
567 2008 605 2045 id
634 2008 740 2057 quod
768 2006 963 2044 visibiliter
991 2006 1188 2043 subiicitur
1216 2006 1365 2053 sensui,
1399 2005 1514 2042 efficit

449 2061 679 2099 invisibilem
721 2061 899 2097 effectum
943 2059 1189 2097 sacramenti:
1233 2059 1328 2096 sicut
1369 2058 1512 2096 ablutio

449 2126 572 2164 aquae
614 2122 745 2151 causat
782 2121 818 2150 et
866 2114 1125 2150 characterem
1162 2112 1431 2161 baptismalem
1477 2119 1514 2148 et

210 2176 424 2224 'ngffssssr‘t‘ss‘
449 2167 686 2205 ablutionem
722 2166 976 2216 spiritualem,
1010 2174 1052 2203 ut
1079 2177 1196 2215 supra
1214 2165 1234 2187 '¹‘
1271 2165 1416 2202 dictum
1445 2173 1511 2202 est.

210 2209 265 2258 {¹1⁰}-
295 2210 326 2229 γ’
380 2210 422 2230 ”’
451 2221 527 2259 Sed
556 2219 701 2270 species
723 2219 833 2269 panis
853 2227 888 2256 et
906 2219 999 2266 vini,
1029 2231 1129 2268 quae
1159 2218 1413 2255 subiiciuntur
1432 2230 1512 2255 sen-

451 2274 510 2311 sui
529 2274 568 2310 in
588 2275 664 2310 hoc
683 2280 933 2320 sacramento,
954 2285 1034 2309 non
1049 2271 1219 2309 efficiunt
1237 2284 1364 2321 neque
1385 2271 1511 2320 ipsum

451 2339 592 2376 corpus
622 2326 760 2363 Christi
787 2338 938 2373 verum,
963 2326 1071 2375 quod
1090 2333 1145 2362 est
1164 2337 1223 2361 res
1243 2333 1280 2362 et
1299 2336 1514 2362 sacramen-

450 2388 547 2427 tum,
577 2391 704 2428 neque
733 2391 874 2427 corpus
902 2378 1120 2428 mysticum,
1150 2378 1258 2427 quod
1283 2385 1337 2414 est
1356 2390 1415 2414 res
1433 2385 1514 2414 tan-

213 2436 339 2485 giffl⁸ss·v}¹{'
349 2436 426 2490 ‘⁹‘ssss?
451 2441 536 2470 tum
555 2432 594 2469 in
614 2431 853 2469 Eucharistia
866 2431 897 2467 ²⁸.
934 2433 1036 2480 Ergo
1064 2431 1216 2468 videtur
1235 2431 1342 2480 quod
1362 2431 1514 2468 Eucha-

214 2479 426 2543 Jggficgg‘ffsgssg
452 2485 555 2523 ristia
583 2498 662 2522 non
691 2485 737 2522 sit
765 2492 1050 2521 sacramentum
1078 2496 1203 2521 novae
1232 2483 1333 2532 legis.

213 2542 425 2591 ssffg²ffg,f¹‘c‘·
509 2539 542 2575 3.
572 2539 803 2585 PRAETEREA,
833 2545 1071 2574 sacramenta
1099 2549 1224 2574 novae
1253 2536 1343 2584 legis
1371 2536 1515 2574 haben-

452 2591 504 2629 tia
531 2591 731 2628 materiam
759 2591 799 2628 in
827 2603 901 2627 usu
920 2590 1100 2627 materiae
1120 2589 1390 2639 perficiuntur:
1420 2589 1516 2626 sicut

453 2644 668 2694 baptismus
696 2644 736 2680 in
764 2643 979 2690 ablutione,
1010 2651 1046 2680 et
1073 2642 1316 2680 confirmatio
1351 2643 1390 2679 in
1419 2642 1516 2679 chri-

454 2697 584 2735 smatis
613 2696 909 2745 consignatione.
941 2696 980 2734 Si
1009 2708 1098 2744 ergo
1128 2695 1366 2733 Eucharistia
1395 2695 1440 2732 sit
1459 2708 1516 2732 sa-

454 2758 707 2797 cramentum,
732 2749 979 2799 perficeretur
998 2749 1037 2786 in
1063 2762 1137 2786 usu
1163 2748 1358 2796 materiae,
1379 2761 1459 2786 non
1478 2749 1517 2786 in

454 2803 739 2841 consecratione
773 2803 891 2852 ipsius
927 2802 1118 2839 materiae.
1159 2802 1278 2849 Quod
1305 2809 1407 2851 patet
1435 2814 1517 2839 esse

453 2858 613 2894 falsum:
644 2856 735 2905 quia
754 2856 878 2893 forma
901 2855 1016 2893 huius
1039 2854 1266 2892 sacramenti
1291 2862 1379 2892 sunt
1399 2855 1519 2892 verba

216 2917 280 2966 :Qu-
288 2922 426 2946 1-xxv¹1¹,m-
454 2923 554 2960 quae
570 2910 610 2946 in
629 2909 914 2946 consecratione
934 2908 1115 2946 materiae
1131 2908 1322 2955 dicuntur,
1334 2915 1375 2944 ut
1390 2907 1486 2945 infra
1499 2908 1519 2930 '¹‘

230 2960 235 2966 ’
454 2963 606 3013 patebit.
643 2963 744 3011 Ergo
765 2962 1004 2999 Eucharistia
1028 2974 1109 2998 non
1138 2969 1192 2998 est
1220 2969 1517 2998 sacramentum.

510 3017 583 3054 SED
604 3028 748 3053 CONTRA
770 3028 835 3052 EST
855 3015 961 3065 quod
981 3015 1020 3051 in
1040 3016 1196 3052 collecta
1209 3014 1229 3036 '¹‘
1249 3013 1404 3051 dicitur:
1430 3016 1519 3052 Hoc

456 3075 558 3106 tuum
577 3074 850 3106 sacramentum
871 3081 945 3105 non
960 3070 1004 3105 sit
1019 3070 1123 3105 nobis
1139 3074 1260 3104 reatus
1279 3067 1330 3104 ad
1341 3079 1518 3115 poenam.

510 3123 734 3158 RESPONDEO
749 3133 931 3158 DICENDUM
946 3121 1052 3170 quod
1073 3128 1310 3158 sacramenta
1328 3120 1519 3157 Ecclesiae

459 3173 683 3210 ordinantur
711 3174 759 3210 ad
787 3173 1098 3210 subveniendum
1118 3172 1269 3210 homini
1297 3172 1336 3209 in
1355 3172 1430 3209 vita
1449 3172 1520 3221 spi-

459 3226 592 3263 rituali.
622 3226 707 3262 Vita
736 3234 864 3262 autem
884 3226 1086 3275 spiritualis
1105 3226 1204 3262 vitae
1224 3225 1413 3274 corporali
1432 3237 1520 3262 con-

208 1805 219 1815 '¹
232 1803 261 1825 Et
275 1809 325 1831 cap.
341 1809 367 1826 n.

218 3015 228 3025 ·
237 3014 284 3035 Ρνο
295 3015 338 3036 viv.
347 3017 372 3036 et
380 3014 427 3043 def.

218 3040 246 3062 ad
254 3040 428 3063 Postcommun.

514 3357 542 3389 α)
561 3357 663 3391 effectu.
681 3371 700 3375 —
718 3356 850 3389 effectibus
870 3356 897 3381 P.

515 3393 529 3425 β
559 3393 706 3426 generatio.
724 3406 742 3410 —
761 3392 928 3425 regeneratio
947 3390 1059 3423 AFGpC
1080 3396 1105 3415 et
1124 3391 1162 3416 bc.

513 3392 541 3462 γζ
559 3428 738 3453 adiunctione.
757 3441 776 3446 —
793 3427 905 3452 alicuius
930 3426 1076 3451 extrinseci
1100 3426 1231 3451 hominem
1256 3424 1437 3450 conservantis
1453 3427 1521 3456 puta

1562 1422 1767 1459 formatur:
1798 1435 1845 1460 eo
1874 1423 1982 1472 quod
2009 1423 2224 1473 corporalia
2251 1424 2505 1474 spiritualium
2524 1426 2627 1464 simi·

1563 1475 1761 1512 litudinem
1791 1484 1938 1524 gerunt.
1980 1477 2228 1514 Manifestum
2257 1485 2312 1515 est
2345 1486 2475 1518 autem
2507 1480 2626 1528 quod,

1564 1527 1660 1566 sicut
1687 1529 1737 1565 ad
1764 1529 1884 1566 vitam
1911 1531 2153 1579 corporalem
2190 1530 2395 1580 requiritur
2421 1532 2626 1580 generatio,

1563 1593 1634 1630 per
1661 1594 1781 1631 quam
1818 1583 1940 1619 homo
1967 1582 2087 1620 vitam
2114 1583 2268 1633 accipit,
2297 1592 2334 1621 et
2361 1593 2626 1633 augmentum,

1564 1647 1643 1684 quo
1672 1636 1794 1672 homo
1822 1635 2044 1684 perducitur
2071 1636 2120 1673 ad
2138 1636 2412 1686 perfectionem
2430 1637 2548 1685 vitae3
2577 1638 2629 1677 ita

1565 1687 1680 1725 etiam
1707 1687 1914 1738 requiritur
1940 1688 2187 1736 alimentum,
2217 1702 2296 1739 quo
2325 1691 2446 1728 homo
2475 1703 2627 1729 conser-

1563 1749 1677 1778 vatur
1704 1741 1743 1778 in
1766 1741 1854 1778 vita.
1884 1742 1932 1779 Et
1951 1741 2051 1789 ideo,
2072 1742 2168 1779 sicut
2186 1743 2236 1780 ad
2254 1742 2374 1780 vitam
2393 1743 2628 1793 spiritualem

1566 1794 1735 1843 oportuit
1763 1807 1844 1831 esse
1873 1794 2131 1844 baptismum,
2160 1796 2227 1844 qui
2256 1804 2311 1833 est
2339 1796 2541 1845 spiritualis
2568 1810 2628 1846 ge-

1565 1847 1712 1884 neratio
1733 1846 1758 1894 β,
1788 1855 1824 1885 et
1852 1847 2200 1895 confirmationem,
2229 1861 2329 1898 quae
2353 1857 2409 1886 est
2436 1849 2629 1899 spirituale

1566 1908 1839 1948 augmentum3
1869 1900 1919 1937 ita
1938 1901 2108 1949 oportuit
2135 1913 2217 1938 esse
2246 1910 2532 1940 sacramentum
2551 1904 2629 1941 Eu-

1566 1953 1776 2000 charistiae,
1806 1954 1914 2002 quod
1942 1961 1997 1990 est
2025 1953 2216 2003 spirituale
2245 1954 2482 1992 alimentum.

1620 2007 1677 2042 AD
1706 2018 1841 2044 PmMUM
1860 2018 1959 2043 ERGO
1978 2019 2159 2044 DlCENDUM
2179 2007 2286 2056 quod
2310 2007 2452 2057 duplex
2472 2016 2527 2046 est
2544 2021 2629 2058 per-

1566 2058 1689 2096 fectio.
1711 2060 1798 2097 Una
1811 2071 1911 2109 quae
1932 2067 1988 2096 est
2001 2059 2041 2096 in
2055 2059 2140 2109 ipso
2159 2060 2330 2108 homine,
2342 2061 2392 2098 ad
2411 2073 2530 2110 quam
2544 2073 2629 2111 per-

1567 2112 1721 2149 ducitur
1734 2125 1804 2162 per
1817 2120 2081 2161 augmentum.
2110 2113 2159 2150 Et
2176 2113 2259 2150 talis
2272 2113 2452 2163 perfectio
2475 2126 2629 2165 compe-

1567 2165 1610 2202 tit
1623 2165 1919 2203 confirmationi.
1941 2188 1967 2193 -
1985 2166 2070 2203 Alia
2088 2173 2219 2204 autem
2237 2174 2294 2203 est
2310 2166 2490 2217 perfectio
2509 2178 2627 2218 quam

1568 2220 1690 2256 homo
1710 2218 1959 2268 consequitur
1977 2231 2023 2256 ex
2042 2218 2288 2256 adiunctione
2303 2225 2318 2247 Υ
2346 2219 2421 2258 cibi
2438 2221 2502 2258 vel
2518 2219 2630 2259 indu-

1568 2271 1699 2319 menti,
1727 2273 1789 2309 vel
1815 2271 1974 2309 alicuius
2002 2271 2238 2309 huiusmodi.
2268 2273 2316 2310 Et
2343 2272 2425 2310 talis
2449 2273 2630 2323 perfectio

1568 2324 1751 2374 competit
1765 2324 2038 2372 Eucharistiae,
2053 2337 2153 2374 quae
2173 2333 2229 2362 est
2248 2325 2450 2375 spiritualis
2464 2326 2629 2364 refectio.

1621 2379 1679 2414 AD
1698 2390 1887 2415 SECUNDUM
1906 2390 2087 2415 DICENDUM
2107 2379 2213 2427 quod
2233 2390 2334 2428 aqua
2352 2378 2532 2428 baptismi
2550 2391 2632 2417 non

1569 2438 1699 2468 causat
1713 2430 1882 2480 aliquem
1897 2430 2131 2480 spiritualem
2142 2432 2323 2468 effectum
2337 2439 2495 2481 propter
2507 2431 2633 2482 ipsam

1569 2496 1728 2533 aquam,
1758 2484 1825 2520 sed
1853 2491 2010 2533 propter
2036 2484 2217 2521 virtutem
2246 2484 2408 2534 Spiritus
2437 2485 2566 2522 Sancti
2592 2485 2633 2523 in

1570 2550 1671 2587 aqua
1698 2536 1938 2574 existentem:
1969 2537 2073 2574 unde
2094 2537 2395 2587 Chrysostomus
2414 2537 2504 2575 dicit
2521 2538 2552 2586 ⁸²,
2572 2551 2632 2576 su-

1569 2602 1639 2640 per
1670 2590 1764 2627 illud
1791 2591 1894 2627 Ioan.
1920 2603 1944 2627 v
1966 2589 2003 2637 ²¹⁸,
2039 2591 2208 2640 Angelus
2243 2592 2400 2628 Domini
2430 2592 2632 2629 secundum

1569 2650 1711 2693 tempus
1734 2650 1822 2680 etc.:
1866 2644 1911 2679 In
1950 2645 2138 2693 baptizatis
2175 2656 2249 2681 non
2285 2644 2499 2694 simpliciter
2534 2657 2632 2695 aqua

1571 2702 1766 2746 operatur:
1792 2696 1866 2742 sed,
1896 2708 1981 2732 cum
2010 2698 2166 2746 Spiritus
2184 2698 2311 2734 Sancti
2326 2698 2526 2747 susceperit
2541 2709 2632 2747 gra-

1570 2752 1672 2794 tiam,
1701 2755 1787 2786 tunc
1815 2751 1942 2786 omnia
1969 2749 2075 2787 solvit
2087 2756 2244 2799 peccata
2262 2748 2287 2787 δ.
2318 2749 2425 2787 Sicut
2443 2757 2573 2787 autem
2592 2761 2632 2787 se

1571 2802 1687 2840 habet
1714 2802 1834 2839 virtus
1864 2802 2025 2852 Spiritus
2054 2802 2183 2840 Sancti
2210 2802 2259 2840 ad
2278 2815 2419 2852 aquam
2441 2802 2632 2852 baptismi,

1571 2855 1622 2893 ita
1657 2867 1696 2892 se
1733 2855 1849 2892 habet
1885 2867 2025 2905 corpus
2062 2855 2200 2892 Christi
2231 2867 2370 2892 verum
2404 2855 2453 2892 ad
2488 2854 2634 2904 species

1571 2908 1682 2958 panis
1710 2915 1746 2945 et
1773 2908 1865 2945 vini.
1908 2909 2020 2946 Unde
2053 2907 2198 2958 species
2231 2908 2342 2957 panis
2373 2915 2410 2944 et
2436 2907 2517 2944 vini
2553 2920 2634 2946 non

1573 2961 1743 2999 efficiunt
1771 2961 1914 3010 aliquid
1942 2961 2014 2998 nisi
2032 2961 2169 2998 virtute
2189 2960 2360 3010 corporis
2381 2960 2521 2997 Christi
2539 2961 2632 2998 veri.

1626 3016 1683 3051 AD
1718 3026 1877 3051 TERTIUM
1911 3026 2092 3051 DICENDUM
2127 3013 2233 3063 quod
2266 3021 2550 3050 sacramentum
2578 3013 2634 3051 di-

1573 3067 1669 3104 citur
1697 3079 1743 3103 ex
1762 3079 1809 3104 eo
1837 3067 1945 3116 quod
1964 3066 2131 3104 continet
2150 3065 2293 3115 aliquid
2312 3078 2476 3103 sacrum.
2507 3067 2635 3104 Potest

1573 3127 1704 3157 autem
1728 3119 1871 3168 aliquid
1892 3131 1972 3156 esse
1993 3131 2145 3156 sacrum
2164 3118 2381 3167 dupliciter:
2411 3119 2550 3156 scilicet
2569 3120 2634 3157 ab·

1573 3174 1716 3219 solute,
1746 3180 1782 3208 et
1810 3171 1849 3209 in
1878 3171 2010 3209 ordine
2039 3172 2088 3208 ad
2115 3171 2230 3208 aliud.
2272 3172 2379 3208 Haec
2415 3180 2471 3209 est
2504 3182 2635 3210 autem

1573 3225 1787 3262 differentia
1814 3224 1911 3261 inter
1938 3223 2215 3261 Eucharistiam
2246 3232 2282 3261 et
2308 3224 2379 3262 alia
2398 3233 2636 3263 sacramenta

1577 3362 1614 3380 ex
1639 3355 1811 3380 adiunctione
1838 3355 1936 3379 addunt
1964 3354 2024 3384 PFI,
2044 3360 2069 3379 et
2092 3355 2113 3379 E
2132 3361 2233 3387 praeter
2260 3355 2308 3380 tria
2330 3356 2420 3381 ultima
2447 3356 2539 3387 verba;
2567 3357 2636 3382 idem

1577 3391 1674 3416 addunt
1693 3391 1730 3420 bc,
1751 3391 1797 3415 sed
1816 3395 1874 3414 ante
1891 3397 1970 3422 quam
1989 3390 2076 3416 homo.

1629 3424 1654 3458 ὂ)
1668 3429 1789 3458 peccata.
1801 3439 1820 3444 -
1831 3425 1910 3449 FsCE
1923 3433 1939 3449 a
1953 3430 1978 3450 et
1991 3426 2078 3456 tertia;
2095 3429 2233 3458 peccatum
2249 3430 2361 3458 peccata
2380 3427 2427 3460 pli,
2447 3435 2501 3453 om.
2521 3427 2606 3454 ceteri.
2618 3441 2638 3447 -

1574 3464 1663 3486 autem
1684 3461 1727 3491 P1;
1748 3468 1801 3485 om.
1822 3461 1853 3489 Η,
1872 3461 1941 3485 enim
1962 3461 2047 3485 ceteri.

2658 2543 2872 2598 :affimat-¹:

2657 2597 2725 2620 Ιοακ.

2658 2625 2671 2636 ·
2683 2623 2751 2647 Ver..
2766 2630 2789 2651 4.

2756 2751 2770 2777 δ
