2918 4088
469 210 518 247 92

1141 198 1402 247 QUAESTIO
1431 196 1599 242 LXVIII,
1630 194 1922 232 ARTICULUS
1951 195 1965 230 Ι

892 397 1300 476 QUAESTIO
1344 393 2218 451 SEXAGESIMAOCTAVA

1051 516 1134 556 DE
1167 512 1656 555 SUSCIPIENTIBUS
1690 513 2046 555 BAPTISMUM

1242 628 1275 653 IN

465 737 651 819 Damna
691 724 1014 798 considerandum
1052 729 1106 759 est
1145 721 1193 758 de
1226 720 1523 770 suscipientibus

225 782 236 792 '
256 781 292 803 Cf*
314 787 355 809 ‘1¹¹-
375 787 437 809 uu,
546 780 594 816 ba
623 779 780 815 tismum
822 806 829 813 .

224 807 313 830 mmd'
464 834 512 869 Et
540 791 638 869 cirga
666 832 740 868 hoc
768 835 1004 878 quaeruntur
1032 826 1252 864 duodecim.

516 884 666 922 Primo:
697 891 826 920 utrum
855 889 990 918 omnes
1014 887 1215 916 teneantur
1242 879 1291 917 ad
1313 879 1527 930 suscipiens

567 938 662 974 dum
689 934 934 985 baptismum.

517 989 713 1027 Secundo:
744 996 874 1024 utrum
895 985 1031 1035 aliquis
1051 985 1171 1035 possit
1190 985 1326 1023 salvari
1355 986 1436 1024 sine
1455 987 1520 1024 ba-

564 1042 716 1091 ptisrno.

512 1094 663 1131 Tertio:
694 1100 824 1130 utrum
852 1091 1066 1140 baptismus
1095 1091 1141 1128 sit
1168 1091 1416 1129 differendus.

513 1147 681 1193 Quarto:
711 1153 842 1182 utrum
869 1152 1089 1194 peccatores
1118 1144 1191 1182 sint
1218 1144 1447 1194 baptizandi.

511 1199 675 1246 Quinto:
697 1206 827 1235 utrum
845 1197 1110 1247 peccatoribus
1130 1197 1329 1247 baptizatis
1357 1198 1430 1235 sint
1449 1197 1518 1235 im-

562 1251 744 1301 ponenda
773 1263 891 1300 opera
919 1250 1175 1288 satisfactoria.

1303 627 1487 653 DUODECIM
1515 628 1716 654 ARTICULOS
1742 629 1856 654 DIVISA

1631 723 1765 760 Sexto:
1787 730 1919 760 utrum
1939 723 2154 773 requiratur
2172 724 2360 762 confessio
2378 720 2639 774 peccatorum.

1631 775 1822 824 Septimo:
1858 783 1990 813 utrum
2025 777 2240 827 requiratur
2267 777 2426 815 intentio
2461 790 2508 815 ex
2534 786 2641 829 parte

1682 828 1870 877 baptizati.

1631 881 1799 919 Octavo:
1829 889 1960 919 utrum
1989 882 2205 931 requiratur
2231 882 2340 920 fides.

1629 935 1768 971 Nono:
1799 943 1930 972 utrum
1957 935 2068 984 pueri
2096 936 2170 973 sint
2197 936 2426 986 baptizandi.

1629 986 1811 1024 Decimo:
1851 995 1984 1025 utrum
2018 989 2129 1038 pueri
2157 990 2392 1027 Iudaeorum
2420 989 2494 1027 sint
2520 990 2641 1041 bapfi-

1682 1040 1794 1077 zandi
1823 1040 1949 1078 invitis
1976 1041 2211 1091 parentibus.

1628 1093 1865 1153 Undecimo:
1886 1102 2018 1131 utrum
2038 1094 2155 1144 aliqui
2174 1095 2247 1132 sint
2266 1095 2482 1146 baptizandi
2501 1095 2541 1134 in
2559 1108 2641 1134 ma-

1681 1153 1797 1183 ternis
1825 1147 1942 1184 uteris
1969 1147 2182 1185 existentes.

1628 1199 1895 1236 Duodecimo:
1934 1207 2067 1237 utrum
2103 1201 2235 1238 furiosi
2280 1209 2317 1238 et
2357 1209 2530 1239 amentes
2566 1201 2640 1239 sint

1680 1251 1909 1303 baptizandi.

1269 1358 1589 1402 ARTICULUS
1620 1359 1827 1402 PRIMUS

900 1452 1057 1483 UTRUM
1081 1452 1353 1483 TENEANTUR
1377 1451 1526 1482 OMNES
1548 1451 1608 1482 AD
1633 1452 1968 1484 SUSCEPTIONEM
1991 1454 2193 1486 BAPTISMI

639 1532 729 1564 Supra,
749 1539 793 1563 qu.
813 1538 869 1561 LxV,
888 1536 935 1556 art.
954 1538 984 1562 4;
1005 1531 1077 1560 infra,
1097 1538 1140 1563 qu.
1160 1538 1215 1560 Lxx,
1235 1535 1281 1555 art.
1302 1537 1325 1559 2,
1345 1531 1376 1555 ad
1397 1530 1424 1561 3;
1445 1538 1489 1563 qu.
1508 1538 1606 1562 Lxxnv,
1627 1536 1673 1556 art.
1695 1530 1724 1562 5;
1743 1531 1778 1556 1v
1797 1532 1879 1562 Sent„
1900 1532 1958 1557 dist.
1978 1540 2012 1562 ιν,
2032 1540 2076 1565 qu.
2095 1541 2133 1564 111,
2152 1538 2199 1559 art.
2219 1533 2243 1565 3,
2263 1534 2312 1567 qu*
2333 1541 2356 1566 2,
2376 1535 2408 1560 ad
2429 1535 2457 1565 3;

842 1566 901 1591 dist.
919 1574 954 1597 w,
974 1574 1018 1599 qu.
1037 1574 1054 1597 1,
1074 1572 1121 1592 art.
1142 1573 1166 1597 1,
1185 1566 1235 1598 qu*
1256 1565 1283 1597 33
1303 1566 1362 1591 dist.
1380 1573 1413 1595 1x.
1433 1574 1477 1599 qu.
1495 1573 1513 1595 ι,
1533 1571 1580 1591 art.
1601 1565 1624 1595 5,
1643 1567 1693 1599 qu·
1711 1574 1738 1599 4,
1757 1567 1789 1592 ad
1809 1574 1839 1599 23
1859 1567 1890 1592 In
1911 1567 1998 1598 Ioum,
2019 1576 2075 1601 cap.
2094 1576 2135 1598 m.
2155 1570 2213 1595 lect.
2231 1576 2249 1595 1.
2485 1575 2491 1578 “

541 1668 547 1681 ,
573 1676 615 1698 a„
662 1659 685 1683 D
705 1658 840 1684 PRIMUM
860 1658 912 1683 sm
931 1658 1159 1684 moeson-un
1177 1646 1208 1683 ²¹⁶.
1230 1645 1392 1683 Videtur
1410 1646 1518 1695 quod

580 1699 607 1730 ’ἕ
663 1711 744 1736 non
771 1706 974 1736 teneantur
995 1711 1132 1736 omnes
1161 1699 1211 1736 ad
1233 1698 1518 1748 susceptionem

455 1860 594 1897 Christi
622 1860 834 1896 adventum
861 1867 1037 1908 poterant
1064 1859 1243 1896 homines
1271 1858 1408 1896 salvari
1436 1859 1517 1896 sine

454 1913 656 1962 baptismo.
687 1913 788 1960 Ergo
817 1912 932 1949 etiam
960 1920 1047 1962 post
1076 1912 1216 1950 Christi
1238 1913 1462 1949 adventum.

509 1978 542 2002 2.
571 1967 802 2013 PRAETEREA,
831 1966 1045 2015 baptismus
1074 1965 1242 2003 maxime
1264 1965 1417 2002 videtur
1436 1977 1517 2002 esse

454 2019 644 2056 institutus
663 2018 702 2055 in
722 2019 939 2056 remedium
958 2018 1103 2068 peccati
1123 2018 1324 2067 originalis.
1356 2018 1432 2056 Sed
1457 2018 1517 2055 ille

454 2072 520 2121 qui
541 2080 595 2109 est
613 2072 838 2121 baptizatus,
859 2085 950 2110 curn
970 2085 1050 2109 non
1070 2072 1209 2109 habeat
1228 2071 1409 2120 originale
1428 2083 1516 2120 pec-

454 2133 594 2172 catum,
624 2137 703 2162 non
731 2125 883 2162 videtur
910 2126 1018 2175 quod
1046 2125 1166 2175 possit
1193 2125 1458 2162 transfundere
1478 2124 1518 2161 in

452 2180 613 2228 prolem.
635 2179 736 2227 Ergo
755 2178 823 2215 filii
842 2179 1122 2228 baptizatorum
1142 2190 1222 2215 non
1236 2178 1417 2215 videntur
1435 2189 1517 2214 esse

453 2231 681 2281 baptizandi.

509 2285 542 2321 3.
573 2286 811 2332 menrmm,
841 2285 1054 2334 baptismus
1082 2285 1194 2322 datur
1222 2284 1271 2321 ad
1299 2285 1375 2321 hoc
1409 2283 1517 2333 quod

454 2337 588 2387 aliquis
607 2350 677 2387 per
694 2338 853 2386 gratiam
872 2350 895 2375 a
913 2345 1070 2387 peccato
1091 2337 1311 2374 mundetur.
1343 2337 1419 2374 Sed
1441 2337 1518 2373 hoc

453 2398 745 2440 consequuntur
771 2391 822 2428 illi
857 2391 924 2440 qui
953 2398 1041 2427 sunt
1069 2390 1289 2428 sanctificati
1324 2390 1364 2426 in
1393 2397 1514 2437 utero,

454 2445 534 2482 sine
563 2444 765 2493 baptismo.
796 2445 897 2492 Ergo
927 2456 1007 2481 non
1025 2451 1203 2480 tenentur
1230 2443 1278 2480 ad
1307 2442 1516 2492 suscipien-

453 2500 550 2536 dum
577 2497 826 2548 baptismum.
917 2529 919 2531 ,

508 2552 581 2588 SED
615 2563 758 2588 CONTRA
791 2562 856 2587 EsT
888 2550 995 2599 quod
1024 2550 1161 2587 dicitur
1188 2550 1291 2586 Ioan.
1313 2561 1345 2585 111
1363 2548 1401 2584 *x
1431 2549 1518 2586 Nisi

454 2606 532 2654 quis
560 2610 707 2641 renatus
731 2604 846 2650 fuerit
873 2615 922 2640 ex
942 2616 1040 2652 aqua
1062 2609 1095 2639 et
1114 2604 1249 2651 Spiritu
1270 2604 1417 2648 Sancto,
1439 2614 1514 2638 non

448 2662 566 2707 potest
593 2659 746 2694 introire
773 2658 810 2693 in
840 2668 1001 2706 regnum
1020 2657 1102 2693 Dei.
1133 2657 1181 2692 Et
1209 2655 1247 2692 in
1266 2655 1363 2692 libro
1383 2654 1428 2691 de
1445 2657 1514 2692 Ec-

453 2711 658 2747 clesiasticis
676 2711 925 2759 Dogmatihus
938 2709 957 2730 '¹‘
977 2709 1133 2746 dicitur:
1154 2710 1354 2758 Baptizatis
1371 2713 1514 2745 tantum

454 2766 521 2800 iter
547 2764 672 2800 salutis
700 2775 776 2800 esse
803 2763 997 2799 credimus.

506 2818 729 2854 RESPONDEO
763 2827 943 2853 DICENDUM
979 2815 1086 2864 quod
1124 2814 1172 2851 ad
1208 2814 1301 2850 illud
1336 2813 1514 2851 homines

453 2877 630 2906 tenentur
654 2869 735 2906 sine
755 2881 834 2918 quo
855 2870 1017 2905 salutem
1036 2867 1222 2916 consequi
1241 2879 1321 2904 non
1339 2875 1512 2917 possunt.

453 2923 700 2959 Manifestum
715 2930 770 2959 est
789 2929 919 2959 autem
939 2921 1046 2970 quod
1063 2922 1190 2958 nullus
1210 2922 1371 2957 salutem
1390 2928 1514 2970 potest

454 2976 638 3024 consequi
666 2975 738 3012 nisi
765 2987 835 3024 per
864 2974 1078 3011 Christum:
1108 2974 1212 3011 unde
1242 2981 1278 3010 et
1306 2975 1514 3023 Apostolus

455 3028 553 3074 dicit,
573 3030 682 3065 Rom.
699 3041 722 3064 v
736 3028 773 3064 *ε
804 3029 903 3065 Sicut
916 3040 988 3077 per
1007 3029 1115 3064 unius
1134 3027 1303 3064 delictum
1329 3029 1366 3064 in
1387 3039 1514 3064 omnes

454 3082 620 3118 homines
647 3083 683 3117 in
713 3081 1069 3126 condemnationem,
1098 3082 1151 3116 sic
1178 3086 1211 3117 et
1232 3092 1305 3130 per
1324 3082 1432 3117 unius
1460 3081 1513 3117 iu-

454 3134 586 3169 stitiam
615 3135 651 3170 in
681 3145 807 3169 omnes
835 3134 1000 3170 homines
1029 3135 1065 3169 in
1095 3134 1386 3181 iustificationem
1406 3135 1511 3170 uitae.

456 3185 516 3220 Ad
544 3186 619 3222 hoc
646 3193 775 3222 autem
803 3186 914 3222 datur
941 3185 1154 3234 baptismus
1188 3193 1230 3222 ut
1262 3185 1415 3234 aliquis,
1444 3197 1515 3234 per

456 3237 584 3286 ipsum
612 3245 869 3285 regeneratus,
900 3238 1166 3286 incorporetur
1195 3237 1366 3284 Christo,
1395 3238 1514 3274 factus

216 2562 227 2572 '¹
241 2560 306 2583 Vero.
321 2567 340 2589 5.

216 2719 227 2729 '¹
241 2718 297 2745 Cap.
312 2724 356 2745 xm,
371 2718 399 2740 nl.

216 2750 292 2766 Lxxiv.
310 2756 321 2761 -
340 2745 400 2767 Inter

217 2771 279 2798 Opp.
293 2771 355 2799 Aug.

218 3030 227 3040 ·
243 3028 263 3050 V
266 3035 310 3051 ers.
326 3030 359 3052 ¹8.

219 3297 228 3306 ·
243 3294 309 3317 Vero.
323 3300 357 3322 27.

456 3355 612 3392 cumque
640 3344 676 3379 in
710 3343 852 3379 Christo
881 3343 1051 3391 baptizati
1077 3344 1169 3387 estis,
1194 3344 1378 3379 Christum
1399 3343 1514 3379 indui-

510 3456 536 3490 α)
555 3460 618 3516 agre
644 3463 707 3481 vero
735 3463 822 3488 quam.
841 3469 860 3474 —
880 3458 1022 3487 antequam
1052 3462 1114 3480 vero
1142 3456 1253 3487 BEFsD,
1281 3459 1423 3488 antequam
1452 3463 1515 3481 vero
1540 3458 1543 3522 1

456 3499 534 3525 quam
554 3500 570 3525 p
597 3511 602 3517 .

456 3290 677 3326 membrum
711 3289 849 3338 ipsius:
886 3290 989 3326 unde
1025 3289 1162 3326 dicitur
1193 3290 1274 3327 Gal.
1296 3302 1328 3326 111
1350 3289 1389 3326 *t
1426 3291 1514 3332 Qui·
1563 3295 1649 3339 pter
1676 3291 1979 3338 iustificationem.
2017 3289 2129 3326 Unde
2157 3289 2393 3337 Augustinus
2421 3290 2570 3339 probat,
2590 3291 2630 3329 in
2656 3257 2872 3333 &avim-Q

1572 1648 1645 1684 stis.
1686 1647 1796 1684 Unde
1825 1647 2074 1686 manifestum
2108 1655 2163 1685 est
2191 1649 2299 1698 quod
2326 1661 2464 1687 omnes
2498 1650 2548 1688 ad
2575 1651 2647 1690 bar*

1573 1699 1761 1749 ptismum
1796 1708 1992 1747 tenentur3
2031 1709 2068 1738 et
2101 1701 2183 1739 sine
2220 1714 2268 1740 eo
2305 1714 2386 1740 non
2412 1710 2539 1753 potest
2556 1716 2640 1743 esse

1574 1754 1676 1790 salus
1704 1753 1940 1791 hominibus.
2410 1758 2413 1760 ’

1626 1807 1684 1843 An
1713 1819 1848 1845 PRIMUM
1869 1819 1967 1845 ERGO
1991 1804 2179 1846 memnon
2201 1808 2310 1858 quod
2337 1820 2544 1859 nunquam
2569 1810 2639 1848 ho-

1572 1858 1698 1896 mines
1725 1867 1936 1909 potuerunt
1963 1860 2113 1906 salvari,
2147 1860 2262 1898 etiam
2290 1869 2377 1898 ante
2406 1862 2546 1900 Christi
2573 1862 2640 1901 ad-

1572 1919 1745 1960 ventum,
1782 1912 1854 1950 nisi
1888 1913 2024 1950 fierent
2058 1914 2235 1951 membra
2265 1914 2421 1952 Christi:
2459 1915 2568 1965 quia,
2597 1924 2640 1954 ut

1573 1964 1711 2002 dicitur
1737 1966 1817 2003 Act.
1839 1978 1874 2003 1v
1892 1966 1924 2014 ³¹⁸,
1954 1979 2029 2004 non
2048 1973 2100 2004 est
2126 1967 2231 2005 aliud
2257 1980 2393 2005 nomen
2422 1968 2549 2006 datum
2576 1970 2639 2007 ho·

1572 2020 1733 2056 minibus
1761 2021 1798 2055 in
1819 2031 1891 2068 quo
1920 2026 2086 2069 oporteat
2105 2033 2172 2058 nos
2189 2020 2312 2058 salvos
2319 2022 2424 2069 fieri.
2455 2021 2532 2059 Sed
2551 2029 2638 2060 ante

1573 2072 1786 2109 adventum
1822 2071 1981 2120 Christi,
2015 2073 2194 2110 homines
2228 2073 2380 2111 Christo
2418 2073 2638 2125 incorpora-

1572 2124 1713 2162 bantur
1745 2137 1816 2175 per
1846 2124 1967 2162 fidem
2003 2125 2120 2163 futuri
2157 2126 2365 2164 adventus:
2404 2127 2515 2165 cuius
2545 2127 2638 2166 fidei

1571 2179 1808 2228 signaculum
1837 2185 1916 2215 erat
1944 2178 2200 2227 circumcisio,
2230 2187 2272 2216 ut
2298 2181 2507 2229 Apostolus
2534 2180 2637 2230 dicit,

1571 2233 1683 2268 Rom.
1712 2244 1746 2268 1v
1764 2231 1794 2268 *.
1825 2232 1924 2268 Ante
1965 2244 2059 2269 vero
2088 2244 2208 2282 quam
2228 2238 2245 2254 ‘²
2269 2232 2508 2271 circumcisio
2533 2233 2637 2272 insti·
2664 2243 2674 2254 ·
2689 2242 2757 2265 Ver·-
2773 2249 2805 2266 ιι-

1571 2291 1752 2332 tueretur,
1772 2285 1853 2321 sola
1859 2285 1945 2333 fide
1963 2283 1988 2331 β,
2009 2292 2051 2322 ut
2074 2285 2282 2333 Gregorius
2308 2285 2396 2322 dicit
2414 2285 2446 2333 ²¹³,
2467 2298 2560 2324 cum
2578 2299 2636 2325 sa·
2762 2278 2779 2296 α

2665 1977 2759 2002 ’Va-⁸.
2774 1985 2798 2001 n

1572 2337 1807 2374 crificiorum
1830 2337 2035 2384 oblatione,
2057 2338 2198 2387 quibus
2218 2350 2330 2376 suam
2348 2338 2469 2376 fidem
2490 2339 2637 2390 antiqui
2663 2338 2764 2394 '⁵¹.“m,
2780 2339 2878 2390 gfff:

1572 2391 1702 2427 Patres
1729 2390 2027 2439 profitebantur,
2065 2390 2244 2428 homines
2273 2391 2425 2428 Christo
2458 2392 2636 2443 incorpo-
2659 2397 2765 2446 „affl
2820 2399 2880 2442 cg

1571 2443 1764 2480 rabantur.
1795 2444 1886 2480 Post
1905 2443 2117 2480 adventum
2145 2443 2259 2481 etiam
2286 2444 2436 2492 Christi,
2456 2445 2636 2483 homines
2662 2450 2732 2472 Μ’
2747 2435 2800 2469 ‘¹5⁸²
2808 2445 2848 2468 Ν·

1570 2508 1640 2545 per
1657 2495 1779 2533 fidem
1799 2495 1951 2533 Christo
1969 2495 2282 2546 incorporantur:
2306 2498 2523 2535 secundum
2542 2498 2636 2537 illud
2756 2493 2762 2498 ⁶

1569 2550 1702 2598 Ephes.
1724 2561 1756 2586 111
1775 2548 1810 2586 *z
1843 2550 2030 2586 Habitare
2052 2551 2236 2587 Christum
2258 2562 2331 2599 per
2337 2551 2459 2598 fidem
2488 2553 2525 2589 in
2553 2563 2636 2590 cor·
2663 2559 2673 2570 ·
2687 2557 2754 2582 Vm·
2771 2565 2803 2586 ¹⁷·

1570 2603 1675 2639 dibus
1708 2603 1844 2640 vestris.
1889 2602 1966 2639 Sed
2001 2602 2075 2639 alio
2104 2602 2212 2651 signo
2246 2603 2508 2641 manifestatur
2538 2604 2637 2643 fides

1569 2654 1624 2692 rei
1644 2654 1722 2692 iam
1743 2655 1952 2704 praesentis
1979 2667 2099 2704 quam
2125 2656 2460 2694 demonstrabatur
2477 2658 2636 2707 quando

1569 2715 1649 2746 erat
1666 2708 1812 2745 futura:
1834 2708 1931 2745 sicut
1949 2708 2030 2745 aliis
2049 2708 2176 2746 verbis
2196 2708 2429 2757 significatur
2441 2721 2634 2759 praesens,

1568 2761 1816 2810 praeteritum
1845 2768 1881 2798 et
1908 2762 2082 2798 futurum
2105 2761 2135 2798 *.
2179 2763 2228 2799 Et
2255 2762 2364 2809 ideo,
2394 2762 2479 2799 licet
2505 2762 2635 2812 ipsum
2662 2772 2798 2800 aanor..
2820 2773 2878 2797 nm

2660 2798 2774 2822 Hermen.
2796 2799 2835 2822 lib.
2854 2801 2874 2828 1,

1569 2822 1854 2852 sacramentum
1874 2814 2052 2863 baptismi
2080 2827 2161 2852 non
2189 2827 2343 2864 semper
2367 2815 2478 2852 fuerit
2504 2827 2634 2854 neces·
2661 2825 2874 2876 geza-gfff}

1569 2867 1713 2904 sarium
1741 2867 1790 2905 ad
1812 2868 1986 2914 salutem,
2006 2867 2103 2905 fides
2131 2875 2271 2915 tamen,
2292 2867 2402 2910 cuius
2421 2868 2634 2917 baptismus
2661 2884 2700 2906 qu·
2714 2884 2762 2906 m,
2778 2883 2821 2902 m.
2835 2887 2859 2907 ⁴-
2899 2905 2902 2908 ,

1568 2927 1853 2958 sacramentum
1881 2927 1937 2957 est
1955 2920 1985 2967 *,
2015 2932 2168 2970 semper
2194 2920 2406 2957 necessaria
2432 2920 2511 2958 fuit.
2659 2936 2670 2946 ·
2692 2935 2821 2963 Anum...
2841 2936 2875 2968 ,αι

1622 2975 1679 3010 Ao
1698 2985 1889 3011 SECUNDUM
1917 2985 2100 3011 mCENDUM
2128 2973 2248 3022 quod,
2277 2973 2373 3010 sicut
2393 2972 2433 3009 in
2453 2974 2633 3011 Secunda
2658 2961 2873 3038 ζ”ἔῖᾓὲῗὲξ

1569 3028 1679 3064 Parte
1698 3026 1718 3048 ’¹‘
1745 3026 1892 3063 dictum
1916 3033 1982 3072 est,
2003 3025 2054 3063 illi
2078 3025 2145 3075 qui
2163 3025 2414 3075 baptizantur,
2444 3038 2632 3064 renovan-
2658 3041 2688 3072 ιι,
2753 3015 2877 3068 suffe&

1568 3088 1631 3116 tur
1658 3091 1727 3128 per
1753 3078 1991 3128 baptismum
2019 3078 2236 3115 secundum
2263 3077 2460 3127 spiritum,
2490 3091 2631 3129 corpus
2658 3067 2818 3122 f'sff'ffi‘iss‘
2831 3101 2872 3144 311.

1568 3140 1699 3169 tamen
1727 3139 1899 3169 remanet
1926 3130 2142 3168 subiectum
2170 3130 2346 3168 vetustati
2374 3132 2539 3180 peccati:
2573 3145 2630 3170 se·
2657 3124 2830 3150 ¹⁶¹¹¹¹⁹⁸‘'”³’¹
2850 3127 2873 3144 ⁸'

1569 3185 1743 3222 cundum
1771 3184 1865 3221 illud
1892 3185 2004 3221 Rom.
2024 3183 2137 3235 vi11*:
2179 3185 2323 3233 Corpus
2358 3184 2504 3233 quidem
2532 3197 2630 3223 mor·
2657 3194 2751 3218 'Ven-
2767 3200 2803 3218 ιο-

1568 3243 1671 3274 tuum
1700 3243 1750 3274 est
1762 3243 1919 3287 propter
1930 3242 2138 3287 peccatum,
2158 3237 2305 3286 spiritus
2322 3249 2411 3275 vero
2430 3239 2517 3275 vivit
2537 3251 2629 3288 pro·
2656 3254 2667 3263 ·
2686 3251 2738 3274 ub.
2756 3250 2799 3278 νι,

1569 3342 1665 3379 libro
1694 3349 1824 3379 contra
1851 3342 2041 3379 Iulianum
2060 3341 2092 3389 ²⁸,
2121 3342 2228 3391 quod
2257 3355 2331 3379 non
2361 3345 2565 3392 baptizatur
2591 3346 2628 3382 in
2656 3329 2797 3379 &W
2815 3330 2871 3355 ω’

1605 3455 1650 3516 ὸβ)
1663 3457 1730 3516 ξιξ.
1749 3470 1768 3475 -
1785 3456 1829 3481 EF
1848 3461 1874 3481 et
1892 3455 2032 3486 editiones3
2049 3455 2129 3488 fides.
2156 3456 2206 3480 Pro
2231 3455 2483 3488 incorporabuntur,
2508 3457 2631 3490 incorpo-

1570 3499 1602 3516 ra
1621 3495 1650 3516 at
1680 3499 1692 3516 s
1721 3511 1726 3516 .

2912 2315 2918 2363 ἰ

2911 2363 2918 2397 l

2914 2482 2918 2504 ι
