2918 4088
212 2931 222 2941 ·
236 2931 286 2952 Art.
303 2937 321 2957 1,
335 2930 364 2952 ad
381 2937 398 2952 i.

310 3073 327 3089 α

212 3100 224 3111 ·
245 3098 280 3120 De
302 3098 423 3120 Animalib.

212 3125 306 3147 Hietor.
334 3124 374 3146 lib.
398 3125 424 3151 1,

213 3157 240 3173 ca
259 3167 265 3173 .
275 3157 306 3178 iv,
316 3156 338 3173 n.
349 3157 373 3179 3;
384 3151 423 3173 lib.

213 3182 425 3235 sqqgaii'exifxcir'iib}

212 3230 322 3284 gigmssl„
340 3230 381 3252 hb.
395 3230 425 3257 11,

458 189 528 226 180

507 270 545 300 V.
570 269 610 300 Et
633 270 776 300 similiter
799 279 909 300 sensus
933 275 998 300 tam
1021 269 1179 300 secundae
1204 278 1300 308 quam
1324 269 1432 298 tertiae
1452 266 1511 297 dif-

452 314 601 344 ferentiae
625 319 671 344 est
694 313 783 354 quod
806 314 965 354 integritas
987 313 1135 353 specifica
1150 313 1341 343 substantiae
1366 317 1411 341 est
1434 316 1510 346 tota,

451 358 531 388 idest
554 357 727 388 secundum
754 367 847 388 suam
878 358 1111 399 integritatem,
1139 357 1172 386 in
1195 362 1265 386 toto
1289 355 1510 395 quantitativo‚

451 407 483 432 et
506 402 538 432 in
562 402 703 443 qualibet
726 402 907 442 quantitatis
930 407 1028 441 parte.

507 446 570 477 Sed
593 451 639 476 est
653 446 706 476 hic
727 446 931 476 dubitationis
947 445 1047 475 locus.
1073 444 1237 481 Quoniam
1256 441 1417 472 evidenter
1433 450 1511 471 con-

451 496 511 521 stat
533 491 566 521 in
590 490 769 520 substantiis
793 489 1011 528 heterogeneis
1034 497 1101 517 non
1134 496 1200 517 esse
1224 487 1278 515 has
1310 484 1511 515 conditiones

451 544 550 571 veras,
573 534 628 565 sed
643 534 676 564 in
692 534 901 573 homogeneis
917 538 1051 562 tantum.
1072 531 1161 560 Licet
1178 530 1263 560 enim
1279 529 1440 568 integritas
1455 538 1511 558 na-

451 584 540 609 turae
563 578 653 618 igniS‚
671 578 760 613 aeris,
778 577 877 616 panis,
896 582 926 606 et
950 576 1182 613 cuiuscumque
1206 573 1332 603 alterius
1356 572 1512 612 homoge-

450 623 514 658 nei,
531 623 570 652 sit
585 627 661 657 tota,
679 621 758 651 idest
781 619 958 650 secundum
975 628 1065 648 suam
1081 617 1293 656 integritatem
1318 615 1511 655 specificam,

451 667 510 697 sub
526 671 593 696 tota
609 666 783 705 quantitate
799 674 864 699 sua,
883 669 914 693 et
934 662 1076 692 similiter
1091 661 1149 691 sub
1166 660 1307 700 qualibet
1328 660 1396 689 eius
1412 665 1511 699 parte,

451 710 611 750 quaelibet
627 709 712 739 enirn
729 717 800 748 pars
823 708 903 747 ignis
927 712 973 736 est
989 706 1079 745 ignis,
1098 710 1128 734 et
1153 704 1314 744 quaelibet
1329 713 1400 743 pars
1421 704 1512 744 panis

451 760 498 784 est
513 754 613 794 panis,
628 758 701 783 etc.:
722 752 881 791 integritas
896 756 1003 780 tamen
1019 754 1150 778 naturae
1169 749 1328 778 humanae
1345 753 1391 778 est
1406 748 1449 778 ita
1464 757 1512 778 se-

451 797 593 829 cundum
610 806 700 827 suam
715 796 926 835 integritatem
942 794 975 823 in
991 798 1060 823 toto
1077 791 1167 832 quod
1182 802 1250 822 non
1266 797 1313 822 est
1333 791 1512 822 secundum

451 851 541 872 suam
565 841 774 880 integritatem
798 840 830 868 in
855 837 995 877 qualibet
1017 842 1123 877 parte;
1151 835 1237 866 unde
1260 845 1327 866 non
1352 836 1513 876 quaelibet

450 895 521 926 pars
544 885 683 915 hominis
707 888 753 913 est
776 883 887 912 homo.
919 881 959 911 Et
981 885 1151 921 propterea
1174 880 1299 911 videtur
1323 879 1413 921 quod
1435 881 1529 912 istae.

450 929 532 960 duae
556 928 747 958 differentiae
770 936 837 956 non
861 926 923 955 sint
945 925 1149 960 substantiae,
1173 924 1229 955 sed
1251 924 1443 955 substantiae
1466 930 1512 955 ta—

449 974 496 1009 lis,
521 973 583 1003 hoc
607 977 654 1002 est
676 972 914 1010 homogeneae:
948 975 978 999 et
1001 970 1127 999 incaute
1148 969 1276 999 locutus
1298 968 1423 999 videtur
1445 969 1512 999 Au-

449 1023 534 1052 ctor,
558 1025 615 1046 seu
640 1015 730 1050 false,
755 1013 955 1044 attribuendo
980 1014 1043 1043 hoc
1065 1012 1166 1043 modo
1196 1013 1390 1043 substantiae
1419 1013 1512 1044 abso-

449 1061 525 1091 lute.

502 1103 553 1133 Ad
576 1103 639 1133 hoc
663 1102 777 1132 dicitur
804 1111 987 1132 sermonem
1010 1102 1160 1132 Auctoris
1190 1110 1257 1132 esse
1282 1100 1450 1132 formalem
1473 1101 1513 1132 de

448 1147 621 1178 substantia
651 1152 682 1177 et
705 1146 896 1176 substantiae
919 1145 1019 1176 modo
1047 1145 1210 1176 absolute:
1242 1150 1277 1175 ut
1300 1151 1387 1186 patet
1411 1155 1448 1175 ex
1472 1155 1512 1176 eo

447 1191 546 1232 quod,
571 1191 636 1221 sive
660 1191 833 1221 substantia
856 1191 896 1220 sit
918 1190 1052 1230 simplex
1076 1190 1141 1220 sive
1163 1198 1200 1219 ex
1216 1190 1347 1220 materia
1363 1194 1394 1220 et
1409 1189 1513 1220 forma

447 1235 637 1276 composita,
661 1244 787 1275 semper
810 1233 959 1275 specifica
982 1235 1143 1274 integritas
1159 1234 1354 1265 substantiae
1376 1234 1513 1264 salvatur

447 1281 481 1311 in
503 1285 570 1310 tota
594 1280 769 1319 quantitate
801 1285 832 1309 et
855 1280 889 1309 in
913 1279 1053 1319 qualibet
1081 1279 1149 1309 eius
1175 1283 1274 1318 parte.
1311 1279 1352 1309 Et
1375 1278 1414 1309 de
1438 1279 1513 1309 sim-

444 1325 524 1365 plici
551 1323 682 1364 quidem
708 1324 819 1364 liquet.
855 1323 904 1354 De
931 1323 1111 1363 composita
1138 1332 1214 1353 vero
1249 1332 1287 1353 ex
1317 1323 1448 1353 materia
1482 1328 1514 1353 et

447 1369 560 1404 forma,
584 1367 802 1398 manifestatur
825 1377 863 1398 ex
887 1377 926 1398 eo
951 1366 1041 1408 quod
1063 1377 1131 1397 non
1146 1366 1320 1406 respondet
1338 1367 1440 1398 forma
1455 1367 1514 1397 uni

447 1414 527 1454 parti
544 1413 780 1452 quantitativae,
798 1417 829 1442 et
844 1412 976 1442 materia
991 1412 1079 1442 alteri
1094 1411 1175 1451 parti
1192 1412 1428 1451 quantitativae.
1444 1411 1514 1442 Nec

448 1467 486 1488 ex
507 1457 629 1487 ratione
649 1457 820 1497 compositi
836 1466 874 1486 ex
889 1457 1020 1486 materia
1037 1461 1068 1486 et
1083 1455 1187 1486 forma
1210 1455 1330 1496 aliquid
1353 1456 1514 1486 invenitur

448 1502 573 1532 obstare
589 1500 629 1531 ad
644 1502 707 1531 hoc
728 1500 817 1541 quod
840 1501 1001 1541 integrum
1024 1501 1243 1540 compositum
1266 1501 1305 1530 sit
1323 1501 1356 1530 in
1372 1500 1514 1540 qualibet

448 1551 556 1586 parte:
587 1546 731 1585 alioquin
760 1545 823 1575 hoc
853 1554 920 1575 non
944 1545 1116 1575 salvaretur
1138 1545 1172 1574 in
1192 1545 1373 1575 substantiis
1397 1545 1514 1575 homo-

447 1591 567 1630 geneis,
585 1599 663 1629 quas
687 1595 811 1620 constat
834 1590 1030 1629 compositas
1053 1598 1121 1619 esse
1145 1598 1183 1619 ex
1205 1589 1337 1619 materia
1353 1594 1384 1619 et
1399 1588 1513 1619 forma.

448 1634 542 1665 Unde
558 1633 671 1664 accidit
687 1634 878 1664 substantiae
891 1643 928 1664 ex
940 1633 1003 1663 hoc
1020 1632 1109 1673 quod
1125 1633 1338 1673 heterogenea
1354 1638 1410 1669 est,
1424 1633 1513 1673 quod

448 1688 517 1709 non
537 1679 576 1708 sit
591 1683 658 1708 tota
673 1679 706 1708 in
723 1678 864 1718 qualibet
886 1683 984 1718 parte.
1008 1678 1049 1708 Et
1072 1677 1186 1708 accidit
1208 1678 1272 1708 hoc
1289 1687 1326 1708 ex
1342 1683 1431 1718 parte
1446 1687 1513 1708 ma-

448 1723 555 1758 teriae,
580 1732 678 1762 quam
702 1727 830 1762 oportet
853 1721 1033 1752 difformem
1050 1731 1118 1752 esse
1134 1722 1166 1752 in
1183 1722 1298 1752 talibus
1321 1722 1513 1752 substantiis.

503 1767 557 1797 VI.
581 1767 726 1797 Dubium
749 1767 883 1797 alterum
907 1771 1060 1806 superest,
1077 1775 1117 1796 an
1140 1775 1198 1806 per
1218 1766 1354 1797 modum
1369 1767 1514 1796 substan-

449 1812 511 1842 tiae
534 1811 689 1851 intelligat
710 1811 834 1841 Auctor
863 1810 895 1841 id
920 1810 1010 1850 quod
1042 1811 1258 1840 communiter
1285 1810 1416 1847 dicitur,
1447 1820 1516 1841 esse

450 1855 695 1886 indivisibiliter.
731 1855 771 1885 Et
795 1860 841 1885 est
864 1855 943 1885 ratio
968 1854 1072 1891 dubii,
1103 1855 1178 1895 quia
1207 1855 1240 1884 in
1264 1855 1397 1885 articulo
1421 1855 1514 1885 tertio

448 1899 582 1945 Auctor,
608 1898 797 1930 declarando
813 1899 950 1929 modum
965 1899 1168 1935 substantiae,
1194 1898 1287 1929 dicit:
1306 1909 1370 1940 per
1385 1899 1515 1930 modum

1115 189 1378 236 QUAESTIO
1407 187 1564 224 LXXVI
1573 215 1583 234 ,
1613 184 1905 223 ARTICULUS
1933 186 1963 221 II

1564 265 1777 300 substantiae,
1810 264 1890 295 idest
1906 274 1970 304 per
1991 265 2121 295 modum
2144 274 2207 305 quo
2230 265 2409 296 substantia
2432 271 2479 297 est
2500 267 2558 297 sub
2581 266 2629 297 di-

1565 309 1790 339 mensionibus.
1815 308 1862 338 Ex
1878 309 1938 338 hac
1955 310 2041 339 enim
2057 307 2269 339 declaratione
2293 309 2426 340 habetur
2450 309 2540 350 quod
2557 320 2629 340 mo-

1565 352 1624 383 dus
1648 353 1839 382 substantiae
1863 361 1931 382 non
1954 352 2105 393 importat
2128 352 2428 384 indivisibilitatem:
2456 363 2532 384 nam
2555 354 2630 386 sub-

1565 397 1677 426 stantia
1707 396 1766 426 sub
1795 395 2048 427 dimensionibus
2078 406 2145 427 non
2177 402 2223 427 est
2255 397 2503 434 indivisibiliter,
2526 398 2629 429 immo

1565 439 1753 470 extenditur.

1619 483 1671 514 Ad
1687 484 1751 514 hoc
1774 484 1910 514 breviter
1926 484 2041 515 dicitur
2064 484 2154 525 quod
2170 494 2238 515 esse
2261 495 2318 525 per
2333 485 2469 516 modum
2484 486 2629 517 substan-

1565 528 1626 558 tiae
1650 528 1800 568 importat
1822 527 1855 558 id
1879 528 1968 568 quod
1991 530 2207 559 communiter
2230 529 2354 565 dicitur,
2371 539 2438 561 esse
2454 530 2629 562 indivisibi-

1566 572 1649 602 liter.
1674 571 1726 602 Ad
1748 572 1835 602 hunc
1859 573 1946 603 enim
1968 572 2105 604 modurn
2129 578 2273 614 spectant
2296 583 2408 604 omnes
2428 574 2630 605 conditiones

1566 621 1597 646 et
1620 615 1813 646 differentiae
1838 625 1932 656 supra
1947 617 1964 633 ⁴*
1987 618 2120 657 positae.
2145 617 2208 648 Sed
2229 623 2321 648 caute
2337 618 2567 650 attendendum
2583 624 2630 650 est

1566 659 1655 700 quod
1678 659 1907 690 indivisibilitas
1937 661 2066 702 respicit
2087 662 2251 702 propriam
2273 661 2463 692 totalitatem
2486 663 2630 693 substan-

1565 705 1637 740 tiae,
1662 704 1726 734 hoc
1750 710 1806 739 est,
1830 705 2043 744 integritatem
2066 711 2206 736 naturae.
2232 706 2277 736 Ita
2301 705 2390 746 quod
2412 706 2517 737 dicere
2541 706 2631 747 quod

1566 749 1739 778 substantia
1763 753 1810 778 est
1825 748 2066 785 indivisibiliter,
2091 755 2137 780 est
2152 749 2258 780 dicere
2277 749 2368 790 quod
2382 750 2544 790 integritas
2558 759 2631 791 spe-

1566 791 1657 823 cifica
1680 793 1872 823 substantiae
1899 802 1966 823 non
1990 792 2139 824 dividitur
2169 793 2348 825 secundum
2370 794 2560 825 divisionem
2584 794 2631 826 di—

1565 837 1771 867 mensionum
1787 846 1844 867 seu
1859 837 1998 877 partium
2015 839 2308 878 quantitativarum:
2326 839 2401 879 quia
2415 848 2483 869 non
2498 848 2631 880 respon-

1566 881 1620 911 det
1642 891 1707 911 una
1729 890 1801 921 pars
1824 880 1992 922 specificae
2015 887 2146 913 naturae
2168 883 2226 913 uni
2248 883 2329 924 parti
2350 883 2577 923 quantitativae
2600 888 2633 914 et

1567 925 1663 956 altera
1686 925 1792 962 alteri,
1824 925 1880 956 sed
1907 926 2069 966 integritas
2096 932 2227 958 naturae
2257 928 2300 957 ita
2324 932 2371 957 est
2400 927 2459 958 sub
2486 927 2561 958 totis
2584 926 2631 958 di-

1565 970 1787 1000 mensionibus
1822 969 1912 1010 quod
1935 971 2029 1001 etiam
2054 970 2176 1011 integra
2198 977 2311 1002 natura
2334 977 2381 1002 est
2407 972 2466 1002 sub
2491 971 2632 1012 qualibet

1566 1019 1655 1054 parte
1679 1013 1928 1044 dimensionum.
1953 1014 2009 1045 Est
2032 1024 2108 1055 ergo
2132 1016 2306 1046 substantia
2328 1025 2387 1056 per
2401 1015 2538 1047 modum
2556 1016 2631 1047 sub-

1566 1058 1708 1094 stantiae,
1721 1057 1812 1094 idest,
1824 1058 2055 1090 indivisibiliter
2071 1060 2249 1090 secundum
2265 1060 2478 1100 integritatem
2488 1066 2630 1097 naturae,

1566 1102 1625 1132 sub
1650 1101 1914 1133 dimensionibus.
2141 1105 2144 1108 ’

1621 1146 1663 1176 Et
1686 1155 1761 1176 cum
1784 1146 1848 1177 hoc
1871 1152 1931 1177 stat
1953 1147 2043 1188 quod
2073 1147 2260 1179 extendatur
2283 1149 2342 1179 sub
2367 1148 2630 1180 dimensionibus.

1567 1190 1732 1228 Quoniam
1762 1190 1948 1221 huiusmodi
1972 1191 2114 1221 extensio
2142 1201 2211 1222 non
2238 1192 2322 1222 tollit
2351 1192 2632 1224 indivisibilitatem

1565 1234 1751 1274 integritatis
1773 1240 1918 1271 naturae,
1943 1235 1999 1265 sed
2021 1235 2114 1275 ponit
2136 1236 2238 1266 solam
2262 1235 2453 1267 divisionem
2475 1237 2632 1276 quantita-

1566 1279 1674 1315 uvam,
1692 1288 1731 1309 ex
1746 1287 1786 1309 eo
1811 1278 1901 1318 quod
1923 1278 2020 1310 afficit
2034 1279 2122 1310 illam
2137 1280 2239 1310 solam
2255 1285 2291 1311 ut
2306 1281 2503 1311 subiectum:
2535 1289 2633 1321 quam

1567 1323 1662 1354 etiam
1694 1332 1763 1353 non
1785 1328 1921 1363 poneret
1951 1324 1984 1353 in
2007 1323 2060 1354 illa
2082 1323 2257 1355 substantia
2289 1325 2442 1355 existente
2471 1325 2530 1356 sub
2553 1325 2632 1365 ipsa,

1567 1368 1676 1398 sinon
1692 1366 1831 1398 afficeret
1846 1367 1942 1397 illam.
1967 1367 2008 1398 Et
2029 1373 2199 1408 propterea
2222 1378 2340 1409 corpus
2364 1369 2498 1406 Christi,
2522 1378 2634 1400 succe-

1568 1411 1646 1442 dens
1670 1412 1863 1442 substantiae
1881 1412 1972 1452 panis
1996 1417 2153 1452 quantum
2177 1412 2216 1443 ad
2234 1413 2364 1444 subesse
2380 1413 2633 1445 dimensionibus

1567 1456 1824 1492 remanentibus,
1857 1461 1888 1486 et
1917 1465 1986 1486 non
2017 1462 2174 1496 quantum
2206 1456 2246 1487 ad
2275 1457 2358 1488 affici
2380 1456 2634 1489 dimensionibus

1566 1500 1642 1536 illis,
1666 1509 1735 1530 non
1758 1499 1938 1530 extenditur
1960 1499 2000 1531 ad
2023 1501 2244 1532 extensionem
2267 1501 2524 1532 dimensionum:
2551 1502 2634 1533 sicut

1568 1544 1796 1575 extendebatur
1818 1554 1876 1585 per
1897 1544 1966 1574 illas
1994 1545 2167 1576 substantia
2187 1546 2278 1586 panis
2306 1555 2344 1576 ex
2366 1546 2430 1576 hoc
2454 1545 2545 1587 quod
2567 1545 2634 1577 affi-

1569 1589 1711 1619 ciebatur
1733 1589 1794 1619 illis
1817 1594 1853 1619 ut
1875 1589 2056 1619 subiectum
2074 1590 2226 1630 ipsarum.

1622 1632 1793 1664 Conclude
1817 1642 1904 1673 ergo,
1929 1638 1960 1663 et
1982 1638 2065 1670 tene,
2091 1633 2181 1674 quod
2203 1634 2489 1676 substantiamper
2503 1635 2634 1666 modum

1565 1677 1764 1708 substantiae
1779 1677 1916 1707 existere
1932 1677 1964 1707 in
1981 1678 2091 1718 aliquo
2116 1683 2163 1708 est
2178 1679 2384 1710 substantiam
2404 1679 2635 1711 indivisibiliter

1567 1731 1634 1752 esse
1657 1722 1691 1752 in
1714 1722 1780 1752 illo.
1816 1721 1857 1752 Et
1878 1731 1947 1752 non
1970 1721 2042 1752 dico
2074 1723 2281 1754 substantiam
2308 1733 2376 1754 esse
2399 1723 2633 1760 indivisibilem,

1567 1765 1633 1801 sed,
1658 1766 1866 1796 substantiam
1889 1775 1957 1797 esse
1980 1766 2218 1797 indivisibiliter
2240 1767 2273 1798 in
2298 1767 2375 1798 illo:
2396 1769 2460 1798 hoc
2479 1774 2536 1805 est,
2559 1769 2635 1799 sub-

1567 1810 1715 1840 stantiam
1738 1819 1771 1840 se
1794 1810 1911 1840 habere
1935 1809 1975 1840 ad
1998 1810 2077 1841 illud
2099 1810 2339 1848 indivisibiliter,
2365 1817 2396 1842 et
2417 1822 2486 1843 non
2507 1813 2634 1852 quanti-

1568 1855 1664 1885 tative
1687 1863 1744 1884 seu
1768 1853 1980 1890 divisibiliter,
2004 1855 2067 1885 hoc
2086 1860 2133 1885 est
2157 1861 2338 1893 coextense,
2366 1857 2449 1887 sicut
2476 1857 2636 1897 quantitas

1567 1899 1664 1929 locati
1675 1935 1677 1937 ,
1688 1898 1910 1929 coextenditur
1934 1899 2102 1939 quantitati
2125 1899 2200 1930 loci.

1215 2052 1538 2095 ARTICULUS
1568 2052 1872 2095 SECUNDUS

600 2146 758 2178 UTRUM
781 2146 861 2177 sua
885 2145 1098 2184 UTRAQUE
1123 2145 1273 2176 specus
1296 2146 1429 2178 Hunis
1453 2145 1738 2177 SACRAMENTI
1761 2146 1909 2178 Torus
1933 2146 2148 2179 efflusrus
2171 2146 2492 2179 CONTINEATUR

624 2226 699 2256 Infra,
719 2233 762 2258 qu.
782 2232 883 2255 Lxxvm,
903 2230 950 2250 art.
970 2223 994 2256 6,
1014 2225 1047 2249 ad
1067 2231 1097 2255 ις
1116 2224 1150 2249 IV
1170 2224 1254 2254 Sent„
1275 2225 1334 2250 dist.
1352 2233 1376 2255 x,
1397 2229 1444 2251 art.
1465 2232 1488 2254 2,
1509 2225 1560 2258 qu*
1580 2231 1610 2256 1;
1630 2225 1664 2250 lv
1686 2225 1763 2250 Cont.
1784 2227 1871 2254 Geni„
1891 2233 1947 2259 cap.
1966 2233 2038 2258 mv;
2059 2226 2090 2251 In
2110 2226 2195 2255 loun„
2214 2234 2271 2259 cap.
2287 2234 2323 2258 vx,
2341 2227 2400 2253 lect.
2417 2234 2459 2259 νις

1329 2261 1338 2285 1
1356 2261 1394 2286 ad
1415 2261 1492 2290 Con,
1512 2268 1568 2293 cap.
1586 2268 1621 2292 xx,
1641 2261 1700 2287 lect.
1718 2268 1753 2286 vx.

484 2352 542 2383 >1⁴⁰
565 2355 622 2383 5¹12<

478 2368 638 2451 {272}
660 2405 742 2430 non
777 2392 849 2430 sub
884 2400 1047 2442 utraque
1083 2392 1210 2441 specie
1239 2392 1355 2430 huius
1392 2404 1516 2430 sacra-

468 2445 589 2491 )Yffv,
610 2449 633 2486 ‘6
648 2442 781 2483 menti
809 2453 911 2482 totus
940 2445 1115 2482 Christus
1143 2445 1394 2483 contineatur.
1429 2446 1517 2483 Hoc

472 2489 483 2500 ”
508 2471 606 2527 ἐῢ
622 2488 767 2536 enim
786 2506 1071 2536 sacramentum
1090 2499 1139 2536 ad
1159 2500 1321 2536 salutem
1339 2498 1515 2536 fidelium

449 2552 661 2599 ordinatur,
682 2564 762 2589 non
780 2551 919 2589 virtute
939 2552 1168 2602 specierum,
1189 2552 1257 2589 sed
1275 2551 1414 2589 virtute
1434 2551 1517 2589 eius

450 2606 559 2656 quod
574 2606 646 2643 sub
661 2605 862 2655 speciebus
882 2605 1118 2642 continetur:
1139 2604 1231 2654 quia
1250 2605 1395 2655 species
1410 2613 1517 2642 erant

450 2659 566 2696 etiam
603 2666 690 2696 ante
728 2658 1080 2706 consecrationem,
1110 2670 1156 2695 ex
1188 2671 1268 2708 qua
1304 2666 1360 2696 est
1395 2658 1516 2696 virtus

449 2712 566 2749 huius
595 2711 833 2749 sacramenti.
874 2711 914 2749 Si
942 2723 1033 2760 ergo
1067 2711 1163 2748 nihil
1199 2711 1416 2749 continetur
1443 2712 1516 2749 sub

449 2777 529 2802 una
566 2765 692 2815 specie
729 2765 837 2814 quod
865 2776 946 2802 non
980 2764 1221 2802 contineatur
1248 2764 1321 2802 sub
1358 2764 1451 2813 alia,
1481 2772 1517 2802 et

448 2825 551 2855 totus
589 2818 763 2855 Christus
800 2817 1016 2855 continetur
1043 2818 1115 2855 sub
1150 2825 1314 2868 utraque
1328 2848 1337 2865 ,
1365 2818 1517 2856 videtur

450 2871 558 2921 quod
577 2873 692 2909 altera
711 2871 863 2909 illarum
882 2871 1095 2921 superfluat
1113 2871 1152 2908 in
1171 2872 1249 2909 hoc
1263 2878 1514 2909 sacramento.

505 2936 540 2961 2.
570 2926 803 2972 PRAETEREA,
824 2924 972 2962 dictum
999 2924 1094 2963 est*
1121 2925 1230 2974 quod
1255 2924 1328 2962 sub
1355 2925 1516 2962 nomine

450 2979 575 3015 carnis
603 2990 741 3016 omnes
769 2978 863 3015 aliae
891 2986 1017 3028 partes
1045 2978 1218 3028 corporis
1253 2978 1516 3026 continentur,

450 3030 547 3067 sicut
575 3043 673 3078 ossa,
694 3031 802 3068 nervi
828 3039 865 3068 et
892 3031 965 3069 alia
992 3031 1229 3069 huiusmodi.
1260 3031 1337 3069 Sed
1363 3031 1517 3081 sanguis

452 3091 508 3120 est
525 3096 605 3120 una
622 3084 789 3133 partium
809 3085 971 3122 humani
990 3084 1182 3134 corporis:
1213 3084 1309 3122 sicut
1327 3092 1430 3134 patet
1447 3097 1517 3135 per

452 3135 705 3180 Aristotelem,
725 3137 765 3174 in
784 3137 881 3174 libro
900 3138 1132 3175 Animalium
1153 3143 1170 3159 α
1188 3137 1219 3175 *.
1250 3137 1291 3176 Si
1314 3150 1405 3187 ergo
1433 3151 1517 3176 san-

452 3188 535 3237 guis
573 3189 712 3226 Christi
749 3190 964 3228 continetur
996 3192 1069 3228 sub
1106 3191 1232 3240 specie
1260 3191 1390 3240 panis,
1420 3191 1517 3229 sicut

452 3241 696 3279 continentur
714 3241 765 3278 ibi
785 3243 878 3280 aliae
906 3251 1032 3292 partes
1051 3243 1234 3293 corporis,
1256 3256 1337 3281 non
1360 3244 1517 3281 deberet

507 3381 524 3397 α
554 3373 728 3398 Animalium.
745 3386 765 3391 —
783 3373 816 3398 de
834 3373 1001 3398 Animalibus
1020 3373 1100 3399 PlsG.

507 3372 535 3441 βξ
552 3409 616 3433 αΙία.
634 3422 653 3427 -
671 3408 765 3439 GHbc3
784 3408 875 3441 aliqua
892 3409 948 3433 alia
967 3408 1045 3439 PFla,
1065 3409 1156 3442 aquua
1175 3410 1261 3435 ceteri.
1280 3409 1319 3435 Cf.
1337 3418 1360 3436 κ.

507 3442 534 3512 γζ
548 3444 662 3478 sactum.
680 3457 700 3462 -
714 3444 862 3477 perfectum
880 3444 934 3469 AB.

507 3477 521 3502 δ
552 3479 646 3504 denuo.
664 3493 683 3498 -
702 3479 735 3503 de
754 3486 821 3504 novo
839 3479 858 3503 F
879 3484 904 3503 et
921 3479 994 3503 tertia
1014 3484 1114 3511 praeter
1132 3479 1150 3504 1.

508 3514 530 3549 ε)
549 3515 665 3540 calicem.
683 3529 702 3533 —
719 3518 746 3539 et
763 3515 870 3540 calicem
889 3513 967 3545 PFIc,
985 3521 1003 3538 a
1021 3515 1129 3539 calicem
1150 3514 1179 3540 E.

633 2360 638 2370 ι
659 2353 682 2378 1)
697 2351 887 2377 SECUNDUM
902 2351 954 2376 sm
974 2351 1211 2377 PROCEDITUR.
1232 2338 1394 2376 Videtur
1407 2339 1515 2388 quod
1539 2345 1544 2385 Ι
1569 2351 1747 2378 seorsum
1766 2340 1920 2388 sanguis
1939 2340 2170 2378 consecrari:
2196 2340 2293 2379 sicut
2310 2354 2439 2392 neque
2458 2346 2636 2382 seorsum

1570 2400 1816 2431 consecratur
1843 2391 1950 2431 alia!3
1976 2406 2065 2443 pars
2093 2394 2276 2444 corporis.

1625 2446 1659 2483 3.
1689 2447 1930 2495 PRAETEREA,
1960 2447 2068 2496 quod
2095 2447 2174 2485 iam
2201 2448 2344 2486 factum
2365 2453 2381 2476 Υ
2409 2455 2475 2496 est,
2496 2448 2637 2487 iterum

1568 2498 1652 2537 fieri
1680 2511 1760 2537 non
1787 2507 1923 2549 potest.
1954 2500 2031 2538 Sed
2064 2512 2205 2550 corpus
2234 2500 2374 2539 Christi
2401 2500 2480 2539 iam
2507 2501 2636 2541 incoe-

1568 2552 1623 2602 pit
1651 2565 1734 2590 esse
1762 2552 1801 2589 in
1828 2554 1905 2590 hoc
1941 2562 2278 2604 sacramentovper
2306 2555 2637 2594 consecrationem

1568 2605 1691 2655 panis.
1722 2606 1824 2654 Ergo
1843 2618 1925 2644 non
1952 2614 2077 2656 potest
2105 2620 2187 2645 esse
2215 2608 2324 2657 quod
2352 2608 2483 2646 denuo
2502 2607 2516 2631 δ
2543 2608 2636 2647 inci-

1568 2659 1647 2709 piat
1666 2671 1748 2696 esse
1766 2671 1837 2708 per
1855 2660 2185 2698 consecrationem
2204 2661 2295 2698 vini.
2326 2662 2374 2699 Et
2392 2661 2443 2699 ita
2462 2662 2536 2699 sub
2554 2673 2637 2712 spe-

1569 2712 1626 2750 cie
1653 2712 1734 2750 vini
1762 2725 1843 2750 non
1871 2713 2128 2751 continebitur
2153 2726 2295 2764 corpus
2324 2714 2484 2763 Christi;
2513 2722 2550 2752 et
2566 2724 2637 2766 pet

1569 2778 1812 2815 consequens
1849 2778 1922 2803 nec
1948 2774 2051 2804 totus
2089 2767 2274 2806 Christus.
2317 2768 2411 2806 Non
2445 2780 2534 2817 ergo
2562 2768 2635 2807 sub

1569 2827 1732 2869 utraque
1760 2819 1885 2869 specie
1913 2827 2016 2858 totus
2045 2820 2219 2859 Christus
2246 2821 2474 2859 continetur.

1623 2873 1697 2910 SED
1726 2885 1872 2910 CONTRA
1899 2885 1964 2911 EST
1983 2874 2102 2923 quod,
2123 2875 2138 2912 Ι
2160 2875 2247 2912 Cor.
2266 2886 2322 2922 iu,
2347 2886 2464 2924 super
2490 2873 2584 2912 illud
2601 2873 2634 2924 ¹¹³,

1569 2926 1724 2964 calicem
1743 2931 1767 2973 ⁸,
1789 2925 1878 2963 dicit
1897 2926 2035 2964 Glossa
2052 2926 2073 2949 ’¹‘
2099 2927 2208 2977 quod
2233 2929 2302 2965 sub
2328 2933 2484 2977 utraque
2502 2927 2634 2977 specie,

1570 2978 1709 3017 scilicet
1735 2979 1846 3028 panis
1874 2986 1911 3016 et
1937 2979 2031 3028 vini,
2058 2980 2154 3018 idem
2180 2981 2348 3017 sumitur.
2378 2980 2427 3017 Et
2453 2979 2504 3017 ita
2530 2979 2635 3018 vide-

1569 3040 1632 3070 tur
1659 3033 1767 3082 quod
1796 3032 1868 3070 sub
1896 3040 2060 3082 utraque
2088 3032 2214 3083 specie
2242 3040 2344 3070 totus
2374 3032 2548 3070 Christus
2575 3031 2633 3071 sit.

1623 3086 1849 3123 Respommo
1875 3097 2058 3124 DICENDUM
2086 3084 2294 3123 certissime
2322 3097 2368 3123 ex
2396 3098 2514 3136 supra
2531 3085 2551 3108 *
2578 3084 2635 3124 di·
2661 3094 2672 3106 ·

1570 3137 1669 3176 ctist
1696 3138 1911 3176 tenendum
1947 3150 2029 3176 esse
2066 3138 2174 3187 quod
2201 3138 2274 3176 sub
2309 3146 2471 3188 utraque
2507 3138 2635 3189 specie

1570 3191 1798 3229 sacramenti
1832 3198 1935 3228 totus
1971 3198 2027 3228 est
2064 3191 2257 3228 Christus:
2291 3190 2398 3229 aliter
2432 3199 2562 3229 tamen
2597 3199 2636 3230 et

1570 3244 1686 3282 aliter.
1715 3245 1820 3282 Nam
1839 3244 1912 3281 sub
1941 3243 2142 3294 speciebus
2159 3243 2271 3293 panis
2290 3251 2346 3281 est
2373 3244 2533 3294 quidem
2551 3256 2635 3283 cor·
2673 3245 2683 3256 ⁸

1622 3375 1648 3407 ζ)
1668 3382 1706 3401 ex
1722 3382 1806 3408 supra
1825 3375 1912 3400 dietis.
1922 3388 1943 3394 -
1953 3377 1980 3399 et
1997 3381 2035 3399 ex
2052 3381 2136 3406 supra
2154 3374 2233 3399 dictis
2245 3375 2283 3404 bc,
2296 3382 2350 3400 orn.
2363 3375 2398 3406 Ρ;
2415 3375 2436 3400 F
2450 3375 2526 3408 legit:
2546 3375 2636 3401 dicen·

1571 3411 1634 3435 dum
1653 3411 1725 3443 quod
1742 3410 1888 3436 certissime
1901 3417 1939 3435 ex
1950 3416 2034 3442 supra
2052 3409 2131 3435 dictis
2145 3413 2224 3442 patet
2235 3413 2262 3435 et
2274 3411 2418 3436 tenendum
2431 3414 2486 3441 επ,-
2504 3411 2527 3436 1:
2546 3411 2636 3437 dioen-

1570 3446 1633 3470 dum
1652 3446 1725 3478 quod
1749 3445 1895 3471 certissime
1913 3445 2055 3470 tenendum
2083 3451 2154 3474 επις
2172 3446 2194 3470 Α
2215 3445 2292 3471 etiam
2316 3445 2393 3471 habet
2415 3446 2487 3479 quod
2506 3452 2531 3472 et
2548 3451 2636 3472 tamen

1571 3487 1636 3506 esse.

2656 622 2667 632 ·
2681 619 2752 643 Num.
2767 626 2801 643 m.

2662 2882 2673 2892 ·
2687 2880 2755 2904 Vei-⁸.
2770 2886 2803 2910 ²5·

2661 2971 2672 2981 '¹
2687 2969 2745 2992 Ord.
2757 2973 2780 2993 et
2789 2970 2875 2993 Lomb.
