2918 4088
307 634 361 647 -.
418 639 594 646 ,,,,,,
732 639 805 646 ,,,
949 642 967 656 ι,

307 677 385 708 5qu
479 665 648 697 -''⁴›-'¹=‘·⁷f
687 663 754 692 Mw
818 694 824 703 ³
851 676 869 688 -·
945 657 979 698 ’ἐν

38 799 39 802 ’
70 806 284 836 'awann-

70 834 132 859 Μ
393 808 621 839 ωεητοωω
647 799 678 836 *.
724 800 773 836 Et
803 798 950 848 primo,
984 799 1032 836 de
1067 799 1206 836 effectu
1241 799 1323 836 eius
1356 805 1373 822 ‘²

166 869 184 886 α
309 852 520 903 principali,
540 852 608 902 qui
635 859 691 889 est
717 851 854 900 gratia;
884 851 1055 889 secundo
1083 851 1132 889 de
1151 852 1290 890 effectu
1317 865 1374 889 se-

58 908 144 942 *Qt-
157 917 224 935 um·
309 905 515 952 cundario,
544 904 612 955 qui
640 912 696 942 est
722 906 918 942 character
939 904 970 942 *.

62 971 63 974 ’
311 956 422 996 Circa
447 957 620 1008 primum
648 965 888 1007 quaeruntur
915 969 992 994 sex.
1231 982 1234 983 γ

361 1009 514 1050 Primo:
557 1018 690 1048 utrum
731 1018 968 1048 sacramenta
1005 1022 1131 1048 novae
1171 1010 1262 1060 legis
1303 1011 1376 1048 sint

415 1076 532 1102 causa
558 1063 710 1113 gratiae.

363 1117 565 1156 Secundo:
604 1124 736 1154 utrum
772 1115 890 1165 gratia
923 1116 1205 1154 sacramentalis
1233 1116 1376 1167 aliquid

414 1170 530 1208 addat
557 1182 675 1220 super
700 1169 860 1218 gratiam
887 1169 1074 1207 virtutum
1102 1177 1139 1207 et
1166 1170 1374 1208 donorum.

345 1622 403 1651 Ἣ
427 1625 498 1668 „4
519 1616 543 1640 D
571 1614 708 1639 PRIMUM
736 1614 788 1639 s1c
817 1614 1053 1639 Pnocamrua.
1080 1602 1242 1639 Videtur
1269 1602 1376 1651 quod

340 1643 397 1689 ’Ἔτ’
442 1650 493 1701 ἓξ..
521 1662 760 1692 sacramenta
778 1667 859 1691 non
878 1654 952 1691 sint
971 1666 1087 1692 causa
1104 1653 1256 1704 gratiae.
1284 1655 1378 1692 Non

389 1688 512 1753 xnxbfi's'
522 1708 627 1745 enim
641 1707 746 1744 idem
755 1707 909 1744 videtur
923 1719 1004 1744 esse
1019 1707 1172 1756 signum
1187 1713 1223 1743 et
1242 1719 1375 1744 causa:

325 1740 457 1800 72‘2'}
481 1753 513 1799 Κ
521 1773 570 1798 eo
589 1761 698 1810 quod
725 1760 821 1798 ratio
843 1760 939 1809 signi
966 1760 1120 1798 videtur
1138 1760 1258 1810 magis
1287 1760 1377 1797 effe-

311 1814 390 1853 ctui
408 1821 640 1864 competere.
661 1813 739 1851 Sed
758 1821 1041 1851 sacramentum
1059 1821 1115 1850 est
1133 1813 1286 1862 signum
1300 1825 1379 1862 gra-

310 1867 397 1906 tiae.
425 1868 521 1907 Non
546 1866 660 1916 igitur
687 1874 744 1903 est
770 1878 887 1904 causa
914 1865 1009 1903 eius.

366 1933 402 1960 2.
432 1921 674 1966 PRAETEREA,
701 1920 854 1957 nullum
890 1920 1090 1969 corporale
1117 1931 1228 1968 agere
1256 1927 1381 1969 potest

310 1974 351 2012 in
379 1986 463 2012 rem
490 1973 746 2023 spiritualem:
767 1980 814 2010 eo
833 1973 945 2022 quod
970 1984 1089 2023 agens
1106 1979 1157 2010 est
1183 1973 1380 2011 honorabi-

310 2028 381 2066 lius
402 2028 580 2078 patiente,
599 2033 642 2063 ut
669 2025 907 2074 Augustinus
935 2025 1035 2072 dicit,
1056 2026 1123 2063 XII
1149 2038 1261 2075 super
1287 2026 1379 2062 Gen.

311 2080 363 2120 ad
388 2079 452 2117 litt:
470 2080 491 2115 ἲ*
528 2079 606 2117 Sed
633 2078 851 2116 subiectum
869 2078 1009 2128 gratiae
1038 2086 1093 2116 est
1117 2090 1228 2116 mens
1257 2078 1382 2116 homi-

190 2141 243 2185 ἣν·
262 2125 285 2162 v}
311 2133 383 2180 nis,
404 2145 505 2183 quae
524 2139 581 2170 est
598 2144 659 2169 res
678 2131 892 2182 spiritualis.
922 2133 1016 2169 Non
1035 2143 1125 2180 ergo
1145 2139 1383 2170 sacramenta

311 2194 476 2237 possunt
503 2185 663 2234 gratiam
691 2197 860 2223 causare.

367 2240 403 2277 3.
432 2241 672 2285 Pamrznm,
702 2238 795 2275 illud
830 2238 938 2287 quod
972 2245 1027 2275 est
1060 2237 1263 2288 proprium
1297 2238 1382 2285 Dei,

312 2304 394 2331 non
421 2292 536 2330 debet
563 2291 676 2336 alicui
703 2298 897 2328 creaturae
926 2290 1089 2328 attribui.
1121 2291 1198 2328 Sed
1225 2303 1382 2328 causare

67 2379 70 2382 .
313 2346 474 2396 gratiam
501 2352 557 2382 est
583 2344 785 2395 proprium
806 2343 896 2381 Dei:
927 2343 1141 2381 secundum
1162 2343 1255 2381 illud
1283 2345 1383 2381 Psal-

70 2424 81 2431 =
100 2399 260 2450 '⁸'2?²¹¹¹'’
313 2399 369 2438 mi
386 2399 424 2436 *z
458 2399 629 2436 Gratiam
658 2404 692 2435 et
717 2398 882 2448 gloriam
910 2397 1010 2435 dabit
1040 2398 1236 2435 Dominus.
1281 2397 1384 2435 Cum

176 2443 183 2450 ’
314 2451 674 2501 ει-Βοτεειὲτειωεηῐει
701 2449 909 2488 consistant
936 2449 976 2494 in
994 2449 1229 2499 quibusdam
1256 2450 1384 2487 verbis

315 2512 353 2542 et
379 2504 495 2542 rebus
523 2504 668 2551 creatis,
688 2516 768 2541 non
795 2502 950 2540 videtur
982 2504 1090 2552 quod
1124 2503 1271 2552 possint
1302 2515 1384 2552 gra-

315 2557 409 2595 tiam
436 2569 605 2594 causare.

371 2610 445 2648 SED
474 2621 619 2648 coma
646 2622 713 2647 Esr
741 2609 848 2658 quod
875 2608 1113 2657 Augustinus
1142 2608 1246 2655 dicit,
1273 2621 1385 2659 super

48 2700 54 2707 ,,
74 2666 178 2692 ’ΤΜ-
195 2667 289 2690 2¹¹²<-
315 2665 426 2702 Ioan.
446 2662 477 2711 ²⁸,
498 2662 606 2712 quod
633 2675 736 2712 aqua
771 2660 1006 2712 baptismalis
1043 2674 1179 2712 corpus
1205 2664 1325 2712 tangit
1352 2668 1386 2699 et

316 2730 384 2755 cor
406 2717 531 2754 abluit.
561 2715 638 2753 Sed
658 2727 726 2752 cor
742 2726 823 2752 non
850 2714 1018 2752 abluitur
1035 2714 1107 2752 nisi
1125 2727 1195 2764 per
1212 2715 1383 2763 gratiam.

317 2771 420 2819 Ergo
448 2777 580 2807 causat
607 2768 783 2817 gratiam:
814 2775 851 2804 et
877 2767 960 2817 pari
988 2767 1134 2805 ratione
1158 2767 1231 2805 alia
1258 2769 1384 2805 Eccle-

318 2823 396 2860 siae
424 2829 674 2860 sacramenta.

371 2876 597 2914 REsponnEo
632 2886 813 2911 DICENDUM
848 2873 955 2922 quod
990 2884 1145 2910 necesse
1173 2881 1229 2910 est
1260 2873 1384 2910 dicere

319 2936 558 2968 sacramenta
577 2939 702 2965 novae
730 2926 820 2975 legis
839 2938 908 2976 per
935 2925 1104 2975 aliquem
1122 2926 1289 2963 modum
1307 2938 1385 2974 gra-

318 2982 413 3020 tiam
440 2993 609 3019 causare.
638 2979 886 3017 Manifestum
906 2986 961 3015 est
989 2977 1090 3015 enim
1111 2978 1219 3027 quod
1241 2991 1311 3028 per
1329 2991 1386 3016 sa-

320 3043 516 3073 cramenta
544 3045 670 3071 novae
698 3033 788 3081 legis
823 3033 944 3069 homo
981 3031 1132 3068 Christo
1167 3031 1387 3081 incorpora—

320 3096 402 3126 tur:
424 3087 520 3125 sicut
539 3087 587 3125 de
606 3085 798 3136 baptismo
818 3084 907 3122 dicit
926 3085 1145 3134 ApostoluS,
1165 3085 1286 3122 Galat.
1302 3096 1335 3121 111
1349 3084 1386 3121 =¹²:

327 3142 512 3191 Quotquot
530 3142 567 3178 in
592 3141 737 3177 Christo
765 3139 936 3188 baptizati
953 3139 1045 3184 estis,
1065 3138 1250 3175 Christum
1270 3137 1388 3174 indui-

321 3196 394 3232 stis.
422 3194 517 3232 Non
545 3201 676 3231 autem
703 3191 865 3229 efficitur
890 3191 1011 3228 homo
1039 3189 1262 3228 membrum
1283 3189 1388 3227 Chri-

323 3247 370 3285 sti
397 3246 470 3285 nisi
496 3259 567 3297 per
592 3245 763 3295 gratiam.

378 3300 550 3348 Quidam
570 3299 591 3322 ’¹‘
617 3306 748 3336 tamen
767 3297 900 3335 dicunt
927 3297 1034 3346 quod
1054 3308 1134 3333 non
1159 3304 1248 3333 sunt
1275 3308 1391 3334 causa

193 3346 298 3386 -upauss
324 3353 464 3403 gratiae
493 3352 638 3402 aliquid
665 3351 885 3401 operando:
906 3350 983 3387 sed
1011 3349 1102 3399 quia
1129 3349 1248 3395 Deus,
1269 3361 1390 3387 sacra-

279 3407 286 3413 '
326 3405 465 3444 mentis
492 3404 682 3452 adhibitis,
702 3404 742 3442 in
770 3403 900 3441 anima
926 3402 1086 3452 gratiam
1114 3410 1304 3451 operatur.
1343 3403 1392 3439 Et

380 3527 408 3563 α)
427 3528 492 3554 eius.
508 3541 529 3547 —
546 3527 608 3553 Om.
627 3527 722 3557 ADEa,
742 3534 833 3552 eorum
852 3526 881 3552 P.

1011 212 1274 260 QUAESTIO
1302 213 1422 259 LXII,
1451 212 1742 250 ARTICULUS
1770 215 1784 251 1

393 760 499 786 amna
534 746 857 785 considerandum
894 753 950 783 est
987 746 1036 783 de
1071 746 1210 784 effectu
1243 747 1373 784 Sacra·
1399 751 1402 789 Ι

2436 232 2480 268 19

398 485 417 488 ,,
718 419 1130 497 QUAESTIO
1167 419 2085 478 SEXAGESIMASECUNDA

356 592 359 593 .
392 597 412 605 ..
438 538 523 580 DE
557 539 836 582 EFFECTU
869 539 1207 580 PRINCIPALI
1241 539 1807 590 SACRAMENTORUM,
1844 541 1948 594 QUI
1982 541 2095 583 EST
2130 544 2358 586 GRATIA

1141 653 1175 678 IN
1204 654 1269 679 SEX
1296 653 1498 679 ARTICULOS
1525 654 1638 679 DIVISA

1482 746 1635 784 Tertio:

1533 806 1637 844 tiam.

1483 866 1652 913 Quarto:
1682 874 1811 904 utrum
1833 867 1879 904 sit
1906 868 1946 905 in
1965 868 2018 905 eis
2043 869 2170 919 aliqua
2187 870 2307 909 virtus
2335 874 2383 910 ad
2402 886 2487 911 cau-

1536 926 1703 963 sandum
1729 926 1900 975 gratiam.

1483 985 1650 1032 Quinto:
1680 993 1812 1023 utrum
1838 987 1920 1024 talis
1947 987 2068 1026 virtus
2095 989 2134 1026 in
2162 992 2406 1029 sacramentis
2424 993 2488 1030 de·

1459 1054 1463 1058 ”
1536 1047 1680 1085 rivetur
1707 1062 1730 1086 a
1756 1046 1934 1099 passione
1964 1051 2113 1089 Christi.

1484 1107 1620 1145 Sexto:
1650 1115 1782 1146 utrum
1801 1118 2037 1149 sacramenta
2063 1112 2200 1150 veteris
2224 1114 2313 1163 legis
2331 1115 2489 1164 gratiam

1537 1176 1748 1206 causarent.

1688 756 1817 785 Utrum
1862 758 2097 787 sacramenta
2147 752 2363 790 contineant
2406 767 2486 804 gra·

1121 1279 1442 1323 ARTICULUS
1471 1281 1678 1324 PRIMUS

911 1372 1069 1404 UTRUM
1093 1372 1392 1406 SACRAMENTA
1416 1373 1514 1405 SINT
1537 1374 1681 1406 CAUSA
1705 1375 1898 1407 GRATIAE

469 1453 543 1483 lnfra¹
563 1458 612 1478 art.
630 1452 661 1483 63
681 1452 704 1477 1·
723 1452 779 1482 11⁸⁰,
799 1460 843 1485 qu.
863 1460 924 1482 exn,
942 1458 989 1479 art.
1011 1460 1035 1484 1,
1054 1453 1086 1477 ad
1107 1460 1136 1482 2;
1155 1453 1189 1477 lV
1209 1453 1292 1482 Sena,
1310 1453 1371 1478 dist.
1390 1459 1415 1484 ¹,
1433 1461 1480 1486 qu.
1498 1461 1516 1483 t.
1535 1459 1581 1478 art.
1599 1462 1625 1485 4,
1643 1454 1692 1486 qu·
1714 1461 1743 1485 1;
1763 1455 1822 1480 dist.
1841 1463 1911 1486 xvm,

665 1488 699 1512 IV
719 1488 796 1513 Cont.
817 1489 904 1517 Geni„
922 1496 982 1521 cap.
1001 1495 1067 1518 Lvn3
1087 1487 1129 1513 De
1151 1487 1241 1516 Ver-it„
1260 1495 1305 1520 qu.
1322 1495 1398 1518 xxvu,
1417 1493 1464 1514 art.
1481 1496 1513 1520 43
1534 1489 1630 1519 Quodl.
1647 1490 1701 1519 ΧΗ,
1720 1497 1764 1522 qu.

1191 1523 1235 1548 Ad
1255 1523 1357 1552 Galat..
1372 1531 1433 1556 cap.
1450 1531 1479 1554 n,
1498 1525 1558 1549 lect.
1577 1532 1611 1549 rv.

1931 1464 1975 1488 qu.
1993 1464 2010 1486 1,
2030 1462 2078 1482 art.
2097 1456 2120 1489 3,
2140 1459 2189 1491 qu¹
2211 1465 2235 1491 1,
2252 1460 2284 1485 ad
2304 1466 2333 1491 13

1782 1497 1811 1520 x;
1832 1490 1874 1515 De
1893 1491 1991 1516 Eccles.
2010 1492 2147 1523 Sacram„-

1429 1611 1582 1651 ponunt
1600 1606 1823 1652 exemplum
1842 1605 1889 1641 de
1918 1605 1980 1641 illo
2007 1606 2086 1654 qui,
2106 1607 2269 1644 afferens
2292 1609 2493 1646 denarium

1430 1655 1673 1704 plumbeum,
1693 1656 1828 1705 accipit
1863 1665 2015 1694 centum
2052 1658 2165 1696 libras
2193 1672 2238 1697 ex
2266 1661 2361 1709 regis
2394 1662 2493 1699 ordi-

1432 1707 1607 1745 natione:
1637 1721 1717 1746 non
1737 1710 1844 1758 quod
1864 1710 2042 1747 denarius
2069 1711 2128 1748 ille
2148 1711 2290 1762 aliquid
2317 1722 2495 1763 operetur

1433 1761 1482 1797 ad
1510 1761 1736 1799 habendum
1763 1762 1978 1812 praedictae
2005 1764 2191 1812 pecuniae
2227 1767 2493 1815 quantitatem3

1433 1813 1502 1850 sed
1528 1814 1606 1851 hoc
1634 1822 1815 1864 operatur
1842 1816 1923 1852 sola
1956 1817 2134 1854 voluntas
2169 1818 2278 1866 regis.
2319 1819 2431 1858 Unde
2460 1828 2496 1857 et

1434 1867 1653 1904 Bernardus
1690 1867 1797 1914 dicit,
1825 1867 1864 1905 in
1902 1869 2072 1917 quodam
2111 1882 2289 1908 sermone
2324 1874 2361 1909 in
2394 1874 2495 1910 Cena

1434 1920 1590 1957 Domini
1606 1919 1646 1957 *z
1676 1922 1777 1958 Sicut
1804 1922 1993 1959 investitur
2019 1925 2220 1961 canonicus
2252 1937 2323 1974 per
2348 1925 2494 1972 librum,

1435 1974 1550 2010 abbas
1572 1985 1645 2022 per
1670 1974 1856 2020 baculum,
1876 1975 2066 2025 episcopus
2087 1988 2159 2025 per
2186 1978 2352 2025 anulum,
2369 1980 2422 2015 sic
2445 1979 2496 2015 di·
2523 1973 2534 1987 ⁸

1435 2027 1593 2063 visiones
1618 2028 1829 2076 gratiarum
1867 2027 2034 2065 diversae
2066 2035 2150 2066 sunt
2184 2030 2340 2068 traditae
2371 2043 2497 2068 sacra-

1437 2080 1577 2116 mentis.

2522 1941 2533 1950 ·
2546 1940 2583 1961 Al.
2603 1939 2632 1960 de
2650 1939 2734 1967 Bapti-

2536 1972 2572 1987 mo
2587 1969 2629 1988 etc.
2654 1972 2676 1988 n.
2691 1972 2711 1988 2.

1492 2132 1569 2169 Sed
1597 2132 1627 2169 si
1655 2132 1741 2182 quis
1768 2141 1868 2170 recte
1901 2133 2124 2182 consideret,
2154 2134 2222 2172 iste
2249 2137 2390 2174 modus
2417 2150 2498 2175 non

1436 2185 1667 2222 transcendit
1694 2185 1882 2223 rationem
1910 2186 2016 2235 signi.
2045 2188 2149 2225 Nam
2168 2188 2345 2226 denarius
2371 2191 2498 2240 plum-

1437 2238 1534 2274 beus
1561 2250 1642 2275 non
1670 2246 1725 2275 est
1752 2238 1824 2276 nisi
1843 2240 2043 2288 quoddam
2071 2240 2220 2288 signum
2248 2242 2370 2290 regiae
2398 2243 2498 2280 ordi-

1438 2290 1602 2328 nationis
1630 2291 1678 2328 de
1706 2292 1782 2328 hoc
1801 2292 1907 2341 quod
1934 2292 2099 2342 pecunia
2117 2293 2320 2344 recipiatur
2345 2295 2394 2332 ab
2413 2295 2496 2333 isto.

1440 2343 1619 2381 Similiter
1637 2344 1732 2381 liber
1758 2352 1813 2381 est
1832 2345 2031 2394 quoddam
2059 2345 2211 2394 signum
2230 2359 2309 2396 quo
2328 2348 2498 2397 designa-

1438 2404 1501 2434 tur
1533 2397 1682 2434 traditio
1720 2397 1976 2435 canonicatus.
2020 2399 2244 2436 Secundum
2280 2401 2356 2437 hoc
2389 2400 2500 2449 igitur

1439 2458 1676 2487 sacramenta
1709 2462 1835 2488 novae
1866 2451 1957 2499 legis
1985 2451 2080 2489 nihil
2115 2453 2202 2501 plus
2230 2461 2354 2490 essent
2381 2466 2500 2503 quam

1439 2502 1545 2551 signa
1571 2503 1730 2552 gratiae:
1760 2515 1852 2540 cum
1878 2511 2008 2541 tamen
2037 2516 2083 2541 ex
2110 2505 2239 2542 multis
2271 2507 2500 2544 Sanctorum

1439 2556 1724 2593 auctoritatibus
1752 2556 1939 2594 habeatur
1966 2558 2072 2606 quod
2107 2566 2342 2596 sacramenta
2375 2572 2500 2597 novae

1439 2608 1529 2657 legis
1556 2621 1637 2645 non
1665 2610 1791 2646 solum
1819 2608 2042 2658 significant,
2062 2611 2129 2648 sed
2157 2619 2314 2649 causant
2330 2612 2499 2660 gratiam.

1492 2663 1542 2699 Et
1560 2661 1647 2699 ideo
1667 2661 1773 2699 aliter
1785 2661 2011 2700 dicendum:
2032 2664 2139 2712 quod
2153 2664 2294 2714 duplex
2313 2673 2369 2701 est
2386 2677 2501 2702 causa

1440 2727 1573 2764 agens,
1609 2714 1828 2764 principalis
1865 2723 1901 2752 et
1936 2715 2243 2754 instrumentalis
2281 2717 2501 2767 Principalis

1440 2767 1599 2817 quidem
1628 2775 1809 2817 operatur
1834 2780 1905 2817 per
1930 2768 2111 2806 virtutem
2139 2781 2230 2806 suae
2257 2770 2415 2816 formae,
2439 2770 2501 2807 cui

1440 2819 1670 2858 assimilatur
1696 2820 1873 2857 effectus:
1903 2820 1999 2858 sicut
2025 2821 2121 2870 ignis
2149 2834 2220 2859 suo
2255 2823 2379 2860 calore
2406 2824 2501 2860 cale-

1440 2873 1536 2911 facit.
1570 2873 1618 2910 Et
1645 2873 1722 2910 hoc
1748 2873 1868 2910 modo
1896 2885 1976 2910 non
2003 2882 2127 2923 potest
2162 2887 2317 2912 causare
2344 2875 2499 2923 gratiam

1441 2925 1514 2964 nisi
1531 2926 1638 2962 Deus
1656 2925 1693 2962 ²⁸:
1714 2925 1806 2974 quia
1823 2926 1940 2974 gratia
1954 2926 2048 2963 nihil
2062 2934 2116 2963 est
2129 2927 2233 2964 aliud
2251 2939 2371 2976 quam
2389 2940 2501 2976 quae-

1442 2979 1534 3016 dam
1547 2977 1769 3027 participata
1787 2977 1995 3016 similitudo
2015 2978 2166 3016 divinae
2185 2987 2354 3027 naturae,
2370 2992 2501 3017 secun-

2528 2941 2538 2949 “
2554 2938 2580 2959 D.
2595 2938 2650 2959 680.

1443 3031 1539 3068 dum
1573 3030 1666 3067 illud
1694 3031 1724 3067 ΙΙ
1749 3031 1824 3067 Pet.
1854 3043 1864 3067 1
1892 3030 1931 3068 *τ
1960 3033 2112 3081 Magna
2149 3034 2253 3069 nohis
2279 3038 2314 3070 et
2338 3035 2503 3082 pretiosa
2529 3043 2539 3052 “
2577 3047 2614 3063 er⁸

1437 3085 1624 3134 promissa
1653 3083 1813 3129 donavit,
1842 3089 1880 3120 ut
1907 3084 2054 3122 divinae
2079 3086 2192 3122 simus
2218 3091 2404 3123 consortes
2437 3098 2502 3123 na-

1443 3142 1559 3174 turae.
1579 3158 1605 3163 —
1635 3135 1762 3173 Causa
1787 3147 1882 3173 vero
1910 3136 2204 3175 instrumentalis
2231 3149 2311 3175 non
2337 3138 2410 3187 agit
2435 3151 2505 3188 per

1444 3189 1622 3227 virtutem
1644 3200 1736 3226 suae
1754 3188 1912 3236 formae,
1932 3190 1999 3226 sed
2018 3191 2146 3228 solum
2163 3202 2234 3239 per
2254 3198 2405 3228 motum
2424 3204 2503 3240 quo

1445 3249 1624 3279 movetur
1651 3253 1674 3278 a
1700 3241 1899 3291 principali
1925 3250 2070 3291 agente.
2103 3243 2214 3281 Unde
2241 3243 2398 3281 effectus
2424 3256 2504 3281 non

1446 3294 1674 3332 assimilatur
1710 3294 1962 3332 instrumento
1975 3324 1984 3340 ‚
2022 3296 2089 3332 sed
2125 3295 2323 3346 principali
2359 3296 2502 3345 agenti:

1447 3348 1543 3385 sicut
1570 3349 1688 3384 lectus
1707 3359 1787 3384 non
1806 3347 2034 3385 assimilatur
2060 3348 2194 3396 securi,
2215 3349 2282 3386 sed
2309 3349 2377 3386 arti
2405 3361 2503 3399 quae

1447 3409 1502 3438 est
1529 3401 1568 3438 in
1596 3407 1725 3438 mente
1753 3399 1916 3438 artificis.
1945 3401 1994 3438 Et
2020 3401 2096 3438 hoc
2122 3401 2242 3440 modo
2271 3410 2504 3439 sacramenta
