2918 4088
990 215 1253 262 QUAESTIO
1281 214 1451 261 LXVIII,
1481 214 1771 253 ARTICULUS
1799 217 1850 253 IX

331 291 509 329 bentibus
536 299 679 329 rectam
706 292 840 340 fidem,
869 292 950 329 sine
970 305 1047 342 qua
1075 304 1155 330 non
1179 300 1234 329 est
1261 291 1391 328 remis-

331 343 388 381 sio
422 352 682 393 peccatorum.
726 346 774 382 Et
807 353 965 395 propter
998 346 1074 382 hoc
1105 344 1308 392 interrogat
1342 345 1391 381 ad

330 396 567 446 baptismum
585 397 820 445 accedentes,
841 410 891 435 an
909 398 1076 435 credant.
1106 397 1147 434 Si
1165 405 1295 434 tamen
1310 396 1390 433 sine

330 457 432 487 recta
458 449 536 487 fide
564 449 699 500 aliquis
728 451 964 500 baptismum
991 450 1171 499 suscipiat
1197 457 1302 486 extra
1320 451 1391 486 Ec-

331 501 497 549 clesiam,
513 514 594 540 non
612 503 772 553 percipit
785 504 877 540 illud
896 503 946 540 ad
959 515 1071 539 suam
1086 504 1258 539 salutem.
1279 503 1390 539 Unde

90 557 164 605 {mss‘
175 557 303 606 ffl‘fflf·
330 555 567 603 Augustinus
594 556 684 593 dicit
701 555 741 593 *t
778 557 944 594 Ecclesia
968 555 1146 605 paradiso
1173 562 1392 604 comparata

91 610 131 632 'ss'-
146 609 186 638 ¹V=
201 615 254 638 οφ·
267 600 303 632 ¹-’
331 608 467 646 indicat
486 610 590 646 nobis
603 621 713 658 posse
727 609 873 658 quidem
892 610 1111 658 baptismum
1131 609 1208 644 eius
1225 609 1392 645 homines

331 662 441 698 etiam
464 662 561 708 foris
583 663 763 711 accipere,
782 662 848 698 sed
863 661 1017 698 salutem
1036 661 1265 698 beatitudinis
1284 667 1391 699 extra

331 725 415 751 eam
444 716 630 752 neminem
651 715 847 764 percipere
873 713 932 751 vel
957 719 1092 750 tenere.

383 767 441 804 An
468 779 627 805 ’ri-:nrum
653 778 835 804 memnon
867 766 975 815 quod
1002 766 1117 803 etiam
1145 778 1225 803 non
1245 767 1390 804 habens

330 827 472 856 rectam
500 819 622 857 fidem
649 819 749 857 circa
775 819 870 856 alios
897 818 1086 866 articulos,
1106 827 1231 868 potest
1249 820 1390 857 habere

89 871 101 884 ⁸
114 870 143 893 ⁰·
157 870 212 898 ⁶⁰⁴⁴
330 879 473 909 rectam
500 872 621 909 fidem
653 871 752 909 circa
779 879 1063 909 sacramentum
1091 871 1270 921 baptismi
1288 873 1324 910 *ε
1355 881 1391 910 et

380 983 407 1018 ζ)
426 992 489 1010 non.
506 999 526 1005 -
543 985 611 1010 DEF
629 990 656 1010 et
673 985 762 1015 tertiam
781 992 836 1011 nec.

2433 229 2499 254 101

1446 291 1495 329 ita
1514 304 1594 330 non
1613 292 1820 343 impeditur
1843 295 1937 344 quin
1955 295 2074 344 possit
2092 296 2233 332 habere
2253 296 2504 333 intentionem

1446 345 1676 394 suscipiendi
1691 355 1974 385 sacramentum
1986 347 2173 397 baptismi.
2192 348 2232 386 Si
2246 356 2375 386 tamen
2389 348 2504 386 etiam

1445 397 1543 435 circa
1571 399 1646 436 hoc
1667 408 1950 447 sacramentum
1978 412 2058 437 non
2078 400 2089 426 ἶ
2109 408 2208 437 reete
2233 401 2379 448 sentiat,
2400 401 2503 439 suffi-

1444 450 1493 487 cit
1511 452 1560 488 ad
1584 452 1871 501 perceptionem
1890 453 2115 490 sacramenti
2142 454 2326 501 generalis
2346 454 2503 492 intentio

1445 516 1522 552 qua
1550 504 1709 542 intendit
1736 506 1927 555 suscipere
1953 505 2189 555 baptismum
2216 506 2312 543 sieut
2331 506 2504 544 Christus

1446 556 1613 603 instituit,
1643 565 1679 594 et
1707 557 1803 595 sicut
1830 558 2000 596 Ecclesia
2026 558 2147 596 tradit.

1497 611 1554 646 AD
1575 622 1746 652 QUARTUM
1764 623 1946 649 memnon
1965 611 2083 660 quod,
2105 611 2201 648 sicut
2220 619 2504 648 sacramentum

1445 661 1623 711 baptismi
1657 675 1737 700 non
1766 671 1821 700 est
1848 664 2126 701 conserendum
2154 663 2190 701 ei
2222 664 2289 713 qui
2316 676 2396 701 non
2423 666 2505 701 vult

1445 714 1493 751 ab
1522 715 1602 752 aliis
1630 716 1793 764 peccatis
1821 717 2017 764 recedere,
2051 716 2100 754 ita
2128 728 2200 754 nec
2229 716 2342 754 etiam
2370 717 2406 754 ei
2436 717 2504 766 qui
2543 744 2545 747 .

1445 779 1525 804 non
1552 770 1634 805 vult
1661 768 1922 806 infidelitatem
1950 770 2135 807 deserere.
2179 770 2347 819 Uterque
2374 777 2505 807 tamen

1445 821 1599 870 suscipit
1626 830 1909 858 sacramentum
1936 821 1968 859 si
1995 822 2029 859 ei
2057 823 2283 867 conferatur,
2313 822 2397 860 licet
2423 834 2504 860 non

1445 874 1494 910 ad
1522 875 1695 911 salutem.

1001 1066 1337 1098 commentaria
1358 1066 1609 1099 Cardinalis
1630 1067 1830 1100 Caietam

357 1152 379 1173 u
407 1143 542 1174 articulo
571 1148 703 1180 octavo,
734 1143 861 1175 adverte
888 1145 984 1175 verba
1013 1145 1163 1176 Auctoris
1185 1146 1319 1186 intelligi
1348 1145 1388 1176 de
1441 1147 1543 1182 vulos,
1560 1148 1592 1177 in
1617 1149 1732 1187 quibus
1755 1159 1814 1180 nec
1834 1150 1968 1179 intentio
1991 1159 2052 1180 nec
2080 1149 2159 1180 fides
2182 1159 2220 1180 ex
2242 1156 2330 1190 parte
2354 1151 2502 1191 baptizati

358 1186 487 1219 adultis:
507 1188 662 1227 quoniam
676 1193 796 1219 rectam
810 1188 909 1220 fidem
923 1190 1100 1221 necessario
1119 1191 1238 1230 requiri
1257 1189 1296 1220 ad
1315 1190 1389 1220 ulti-

161 1252 165 1265 :
184 1251 228 1266 ,M
246 1246 267 1266 „2
295 1246 303 1254 -
326 1240 419 1263 mum
441 1231 592 1263 effectum
614 1232 763 1272 baptismi
777 1238 902 1264 sonant.
927 1234 968 1264 Et
990 1234 1054 1264 hoc
1077 1233 1149 1264 dico
1165 1239 1296 1274 propter
1318 1244 1389 1274 par-

1442 1192 1620 1230 requiritur.

321 1374 342 1379 Ι
519 1344 537 1349 ”
571 1332 596 1335 ⁷*
761 1379 763 1381 ·
1141 1369 1459 1412 ARTICULUS
1491 1371 1690 1413 NONUS

959 1460 1153 1491 UTRUM
1184 1461 1349 1492 PUERI
1381 1461 1500 1493 SINT
1534 1463 1868 1495 BAPTIZANDI

394 1541 418 1566 1·
436 1541 492 1572 11⁸⁸,
511 1548 555 1573 qu.
574 1547 644 1571 exin,
664 1545 712 1564 art.
731 1539 755 1570 3,
773 1540 805 1564 ad
826 1546 836 1564 1
847 1547 855 1569 ;
874 1539 908 1564 1V
928 1539 1010 1568 Seni„
1030 1540 1089 1565 dist.
1106 1547 1141 1571 iv,
1161 1547 1204 1572 qu.
1223 1547 1260 1570 111,
1280 1546 1325 1565 art.
1347 1547 1370 1571 1,
1389 1541 1439 1573 qu’²
1460 1548 1489 1572 ις
1509 1542 1566 1566 dist.
1586 1550 1618 1571 ix,
1638 1548 1683 1568 art.
1704 1542 1727 1573 5,
1747 1544 1796 1576 qua
1815 1551 1840 1575 4,
1860 1545 1891 1568 ad
1912 1552 1941 1574 2;
1961 1545 2018 1570 dist.
2037 1552 2105 1574 xv111,
2125 1553 2168 1578 qu.
2187 1553 2204 1574 1,
2224 1551 2270 1570 art.
2291 1545 2313 1575 3,
2333 1547 2382 1578 qu*
2403 1553 2430 1577 1;

895 1575 936 1600 De
955 1574 1037 1604 Malo.
1057 1582 1102 1607 qu.
1120 1582 1155 1605 tv,
1174 1581 1221 1610 art.
1242 1582 1271 1605 1;
1292 1576 1388 1606 Quodl.
1408 1576 1450 1607 IV,
1470 1579 1514 1609 qu.
1533 1585 1576 1606 vn,
1595 1583 1641 1602 art.
1662 1585 1672 1602 1
1683 1585 1692 1607 ;
1711 1586 1756 1610 qu.
1774 1586 1822 1609 xix,
1845 1585 1892 1604 art.
1913 1586 1935 1604 ι.

362 1675 421 1698 ,4
442 1678 512 1716 „w
538 1667 560 1692 ι)
589 1666 717 1694 NONUM
744 1665 796 1691 sic
825 1665 1060 1692 pnocssnrrua.
1094 1654 1254 1691 Videtur
1281 1656 1388 1705 quod

331 1718 339 1721 ·’
355 1694 443 1758 {fils
457 1702 508 1753 ἵὶο
538 1707 650 1758 pueri
676 1718 758 1743 non
786 1706 860 1743 sint
887 1706 1114 1757 baptizandi.
1145 1708 1187 1744 In
1208 1719 1256 1744 eo
1285 1708 1388 1745 enim

348 1759 387 1814 {gs
475 1748 527 1810 'kf
539 1759 607 1811 qui
643 1759 856 1809 baptizatur
892 1760 1097 1810 requiritur
1132 1760 1291 1798 intentio
1326 1774 1388 1798 su-

351 1800 479 1852 ΛΨ
496 1809 525 1850 M
539 1810 724 1863 scipi'endi
752 1821 1052 1859 sacramentum,
1083 1821 1125 1850 ut
1153 1825 1269 1862 supra
1287 1814 1307 1836 ’¹‘
1334 1814 1388 1851 di-

327 1875 434 1906 ctum
471 1875 537 1905 est.⁴
582 1865 819 1903 Huiusmodi
855 1873 986 1903 autem
1022 1862 1272 1904 intentionem
1309 1879 1389 1905 non

325 1928 489 1970 possunt
503 1919 627 1970 pueri
654 1919 817 1956 habere:
851 1930 943 1956 cum
970 1931 1052 1956 non
1079 1919 1246 1957 habeant
1272 1933 1389 1958 usum

326 1973 435 2011 liberi
468 1972 621 2010 arbitrii.
664 1973 766 2020 Ergo
799 1971 951 2009 videtur
987 1973 1094 2021 quod
1129 1985 1209 2010 non
1243 1974 1390 2023 possint

325 2026 519 2076 suscipere
547 2033 832 2062 sacramentum
859 2025 1050 2075 baptismi.

381 2091 416 2117 2.
446 2080 685 2122 PRAETEREA,
721 2078 935 2128 baptismus
970 2086 1025 2116 est
1047 2079 1146 2126 fidei
1177 2091 1389 2117 sacramen-

0 2121 3 2128 ¹
35 2151 41 2154 ¹*
85 2127 300 2183 {nm-14:132}
326 2139 423 2178 tum,
451 2140 495 2169 ut
522 2144 638 2181 supra
655 2131 675 2152 '¹‘
703 2131 849 2168 dictum
877 2139 942 2168 est.
974 2132 1050 2169 Sed
1078 2132 1188 2180 pueri
1216 2144 1296 2169 non
1323 2134 1389 2170 ha-

279 2187 289 2204 ί

39 1827 40 1830 ,
83 1810 199 1838 ·Αη.7.

0 2208 4 2240 4
36 2215 39 2218 ⁴
83 2184 264 2230 ssff'hm
292 2197 300 2209 ’
326 2185 419 2223 bent
445 2184 583 2232 fidem,
613 2196 713 2234 quae
742 2184 911 2221 consistit
944 2184 983 2221 in
1011 2185 1236 2222 credentium
1264 2187 1390 2223 volun-

0 2243 2 2262 ?
83 2240 300 2265 *rr-mxxvi.-

86 2267 124 2291 α
326 2244 410 2285 tate,
430 2245 472 2274 ut
491 2237 728 2286 Augustinus
747 2237 847 2285 dicit,
867 2250 979 2287 super
996 2240 1105 2274 Ioan.
1125 2237 1146 2259 ³⁸
1173 2239 1256 2275 Nec
1276 2238 1390 2276 etiam

83 2293 300 2345 ’fflffi‘fflgl-
326 2298 451 2341 potest
488 2290 561 2328 dici
602 2291 710 2340 quod
747 2292 940 2328 salventur
975 2290 1015 2327 in
1049 2290 1127 2328 fide
1163 2299 1389 2339 parentum:

131 2336 139 2343 ⁸
168 2336 176 2349 ¹
327 2344 420 2394 quia
447 2343 684 2393 quandoque
717 2352 894 2393 parentes
927 2351 1015 2380 sunt
1046 2343 1237 2391 infideles,
1276 2353 1312 2382 et
1339 2345 1392 2382 sic

327 2397 448 2446 magis
462 2407 533 2447 pei:
546 2409 682 2434 eorum
698 2396 961 2434 infidelitatem
975 2397 1261 2434 damnarentur.
1289 2399 1390 2446 Ergo

326 2449 480 2487 videtur
507 2451 614 2498 quod
641 2450 752 2500 pueri
780 2462 861 2487 non
888 2449 1036 2499 possint
1062 2449 1255 2499 baptizari.

332 2528 334 2530 v
383 2502 418 2539 3.
447 2503 679 2549 PRAETEREA,
708 2504 723 2539 I
742 2504 821 2540 Pet.
838 2515 871 2540 111
889 2503 909 2525 ²¹⁸
930 2502 1067 2539 dicitur
1085 2504 1193 2552 quod
1212 2503 1391 2540 homines

326 2555 448 2593 salvos
455 2555 555 2603 facit
573 2557 765 2604 baptisma,
785 2568 860 2593 non
880 2557 1006 2593 carnis
1024 2556 1198 2605 depositio
1211 2557 1389 2602 sordium,

326 2607 392 2645 sed
416 2610 660 2645 conscientiae
686 2610 807 2645 bonae
829 2611 1071 2658 interrogatio
1091 2611 1129 2646 in
1148 2611 1282 2646 Deum.
1314 2610 1391 2647 Sed

327 2660 438 2710 pueri
465 2672 592 2710 neque
612 2661 883 2699 conscientiam
903 2662 1047 2699 habent
1065 2663 1212 2699 bonam
1229 2664 1292 2700 vel
1310 2675 1390 2700 ma-

327 2715 424 2760 lam,
460 2725 549 2750 cum
587 2725 667 2750 non
701 2714 868 2751 habeant
901 2726 1018 2751 usum
1050 2715 1224 2752 rationis:
1263 2727 1391 2764 neque

328 2766 444 2804 etiam
472 2766 746 2804 convenienter
772 2767 844 2816 ipsi
872 2766 1162 2815 interrogantur,
1191 2779 1282 2805 cum
1310 2781 1391 2806 non

328 2819 544 2868 intelligant.
574 2820 676 2867 Ergo
704 2831 786 2856 non
813 2819 954 2856 debent
980 2820 1090 2868 pueri
1117 2820 1310 2868 baptizari.

383 2873 457 2910 SED
477 2885 622 2910 CONTRA
641 2884 706 2909 esT
734 2873 841 2921 quod
868 2872 1077 2921 Dionysius
1105 2872 1206 2919 dicit,
1226 2874 1290 2909 ult.
1306 2885 1389 2922 cap.

48 2951 49 2954 =
89 2925 102 2936 ²
114 2924 174 2948 ⁹¹¹¹·
188 2931 229 2953 ¹¹¹⁹
243 2926 253 2952 ³
269 2932 301 2949 ¹¹·
328 2927 430 2963 Eccl.
446 2927 555 2963 Hier.
571 2926 606 2962 *ε
629 2927 759 2962 Divini
776 2927 892 2962 nostri
908 2925 1028 2971 duces,
1049 2924 1187 2961 scilicet
1205 2925 1389 2974 Apostoli,

52 2979 53 2982 ’
216 2987 218 2989 “
323 2981 581 3029 probaverunt
609 2980 768 3027 infantes
795 2980 911 3027 recipi
936 2978 987 3015 ad
1011 2978 1267 3027 baptismum.-

382 3033 607 3070 Rl-:sponmzo
622 3044 802 3069 mOENDUM
818 3031 936 3080 quod,
957 3030 1054 3067 sicut
1067 3031 1276 3079 Apostolus
1290 3029 1391 3076 dicit,

328 3087 441 3123 Rom.
456 3097 481 3122 v
494 3085 525 3132 ²⁸,
545 3087 578 3122 si
595 3087 704 3122 unius
722 3085 850 3122 delicto
869 3096 970 3120 mors
989 3084 1160 3132 regnavit
1171 3095 1244 3132 per
1263 3095 1391 3129 unum,

330 3137 470 3176 scilicet
496 3151 566 3188 per
584 3138 722 3184 Adam,
742 3138 857 3174 multo
876 3138 998 3186 magis
1017 3135 1283 3173 abundantiam
1301 3147 1391 3185 gra-

329 3193 402 3228 tiae
436 3198 469 3229 et
500 3192 707 3229 donationis
741 3197 774 3227 et
808 3191 962 3227 iustitiae
998 3190 1215 3238 accipientes
1249 3190 1286 3225 in
1318 3190 1392 3226 vita

85 2503 98 2514 ·
111 2500 179 2523 Vera.
193 2506 228 2523 ιι.

45 3071 48 3122 Ξ
90 3085 101 3097 ·
115 3084 182 3108 vm,
197 3091 231 3114 ¹7.

1443 1657 1560 1694 hunt:
1595 1659 1701 1707 quod
1728 1667 1831 1708 patet
1858 1672 1903 1697 ex
1931 1661 2008 1697 hoc
2035 1662 2142 1710 quod
2170 1670 2259 1699 sunt
2286 1663 2501 1701 mortalitati

1443 1710 1620 1757 subiecti,
1655 1723 1754 1760 quae
1789 1724 1859 1761 per
1884 1721 2085 1762 peccatum
2121 1714 2235 1763 primi
2266 1715 2435 1753 hominis
2462 1718 2499 1754 in

1443 1775 1570 1800 omnes
1598 1767 1832 1813 pertransiit,
1871 1773 1913 1802 ut
1947 1765 2091 1803 ibidem
2113 1766 2134 1788 '¹‘
2161 1769 2368 1817 Apostolus
2400 1769 2498 1807 dicit.

1443 1816 1554 1852 Unde
1581 1818 1703 1854 multo
1731 1817 1851 1866 magis
1882 1818 1993 1867 pueri
2019 1827 2182 1868 possunt
2207 1833 2277 1870 per
2305 1821 2502 1859 Christum

1442 1868 1600 1916 gratiam
1619 1869 1822 1919 suscipere,
1843 1878 1885 1907 ut
1903 1879 2060 1918 regnent
2078 1872 2118 1909 in
2135 1872 2213 1910 vita
2231 1881 2395 1911 aeterna.
2417 1875 2500 1923 Ipse

1443 1929 1572 1958 autem
1600 1922 1793 1960 Dominus
1820 1923 1920 1970 dicit,
1949 1925 2052 1961 Ioan.
2073 1937 2106 1962 111
2124 1925 2161 1962 ²⁸:
2191 1927 2278 1963 Nisi
2296 1928 2375 1976 quis
2394 1939 2501 1964 rena-

1443 1980 1498 2011 tus
1515 1975 1636 2022 fuerit
1667 1988 1716 2013 ex
1742 1989 1840 2026 aqua
1867 1982 1901 2025 et
1928 1978 2063 2026 Spiritu
2092 1980 2245 2025 Sancto,
2281 1992 2355 2017 non
2384 1986 2503 2030 potest

1444 2029 1597 2064 introire
1623 2029 1660 2064 in
1690 2041 1850 2079 regnum
1877 2030 1959 2066 Dei.
2002 2031 2114 2067 Unde
2148 2032 2404 2069 necessarium
2434 2032 2502 2070 fuit

1444 2092 1585 2129 pueros
1613 2081 1803 2130 baptizare
1829 2087 1857 2129 α,
1887 2090 1939 2128 ut,
1965 2082 2060 2119 sicut
2093 2096 2163 2132 per
2190 2085 2316 2121 Adam
2340 2085 2501 2124 damna-

1444 2133 1591 2170 tionem
1619 2133 1860 2171 incurrerunt
1887 2136 2101 2183 nascendo,
2131 2136 2181 2173 ita
2207 2149 2278 2186 per
2306 2138 2501 2175 Christum

1445 2187 1607 2223 salutem
1635 2195 1920 2236 consequantur
1947 2189 2194 2226 renascendo.

1498 2239 1586 2276 Fuit
1614 2240 1728 2277 etiam
1755 2241 1991 2278 conveniens
2018 2253 2160 2290 pueros
2188 2242 2369 2291 baptizari
2396 2252 2450 2291 ut,
2479 2257 2501 2281 a

1445 2291 1607 2340 pueritia
1625 2292 1754 2330 nutriti
1773 2293 1813 2330 in
1832 2293 1890 2330 his
1910 2306 2010 2343 quae
2030 2302 2118 2331 sunt
2134 2295 2369 2333 Christianae
2389 2297 2500 2343 vitae,

1445 2345 1595 2382 firmius
1610 2345 1649 2382 in
1664 2358 1709 2382 ea
1727 2355 1990 2395 perseverent:
2012 2346 2136 2384 iuxtass
2154 2347 2247 2384 illud
2261 2350 2371 2386 Pron.
2383 2350 2500 2387 xxffl‘:

1444 2398 1667 2435 Adolescens
1695 2401 1798 2436 iuxta
1825 2401 1925 2437 viam
1952 2412 2071 2446 suam,
2098 2402 2206 2437 etiam
2228 2413 2312 2437 cum
2330 2404 2500 2449 senuerit,

1447 2463 1521 2488 non
1551 2451 1693 2488 recedet
1726 2453 1773 2489 ab
1801 2464 1856 2489 ea.
1901 2453 1949 2489 Et
1982 2453 2083 2489 hanc
2117 2453 2305 2490 rationem
2341 2455 2503 2503 assignat

1446 2503 1667 2553 Dionysius,
1688 2506 1753 2541 ult.
1774 2517 1856 2555 cap.
1877 2506 2133 2543 Ecclesiastiae
2149 2507 2400 2544 H'ierarchiae
2417 2507 2448 2544 ³¹⁶.

1499 2558 1556 2594 AD
1581 2569 1715 2596 PRIMUM
1734 2570 1832 2595 ERGO
1851 2570 2032 2596 DICENDUM
2051 2559 2158 2608 quod
2178 2560 2410 2607 regeneratio
2430 2560 2503 2610 spi-

1446 2609 1599 2657 ritualis,
1615 2622 1716 2659 quae
1735 2610 1778 2647 fit
1795 2623 1865 2660 per
1882 2611 2130 2660 baptismum,
2146 2613 2439 2661 quodammodo
2459 2613 2503 2650 si-

1446 2662 1546 2700 milis
1564 2671 1620 2700 est
1638 2663 1822 2700 nativitati
1840 2664 1991 2711 carnali,
2012 2672 2201 2713 quantum
2220 2665 2268 2701 ad
2287 2666 2363 2703 hoc
2382 2667 2500 2715 quod,

1446 2716 1543 2753 sicut
1569 2716 1680 2765 pueri
1707 2716 1747 2753 in
1774 2717 1955 2754 maternis
1975 2717 2091 2754 uteris
2111 2717 2300 2754 constituti
2328 2730 2407 2755 non
2434 2730 2504 2767 per

1446 2769 1592 2818 seipsos
1610 2769 1890 2806 nutrimentum
1907 2769 2109 2818 accipiunt,
2125 2771 2192 2806 sed
2210 2782 2256 2807 ex
2270 2771 2502 2808 nutrimento

1445 2821 1576 2858 matris
1603 2828 1871 2868 sustentantur,
1886 2821 1937 2859 ita
1964 2821 2076 2859 etiam
2098 2822 2207 2871 pueri
2229 2835 2308 2859 non
2327 2828 2343 2852 Υ
2362 2823 2502 2860 haben-

1445 2881 1500 2910 tes
1524 2885 1641 2910 usum
1659 2873 1825 2921 rationis,
1846 2874 1956 2922 quasi
1974 2874 2013 2910 in
2032 2882 2141 2911 utero
2162 2874 2292 2911 matris
2311 2875 2501 2912 Ecclesiae

1446 2925 1648 2971 constituti,
1669 2938 1749 2963 non
1776 2938 1846 2974 per
1865 2926 2020 2974 seipsos,
2041 2927 2107 2963 sed
2134 2939 2204 2976 per
2227 2935 2354 2964 actum
2374 2929 2501 2964 Eccle-

1446 2977 1522 3014 siae
1541 2979 1703 3014 salutem
1722 2978 1943 3026 suscipiunt.
1965 2979 2075 3016 Unde
2094 2979 2329 3026 Augustinus
2348 2979 2446 3026 dicit,
2462 2980 2501 3016 in

1445 3029 1541 3067 libro
1561 3031 1606 3067 de
1623 3032 1865 3067 Peccatorum
1883 3029 1897 3052 ὃ
1919 3033 2066 3068 Meritis
2083 3037 2117 3068 et
2134 3033 2289 3069 Remiss.
2310 3031 2347 3068 *ε
2374 3034 2502 3070 Mater

1444 3083 1609 3120 Ecclesia
1637 3095 1677 3120 os
1704 3089 1913 3120 maternum
1935 3084 2103 3133 parvulis
2124 3086 2294 3133 praebet,
2324 3091 2362 3121 ut
2386 3087 2502 3122 sacris

1445 3137 1629 3184 mysteriis
1652 3137 1883 3172 imbuantur.-
1910 3138 1996 3185 quia
2024 3137 2188 3174 nondum
2211 3143 2365 3186 possunt
2390 3138 2502 3175 corde

1440 3189 1598 3238 proprio
1625 3188 1776 3225 credere
1794 3188 1845 3225 ad
1861 3190 2043 3234 iustitiam,
2073 3201 2141 3226 nec
2159 3202 2226 3226 ore
2237 3192 2396 3240 proprio
2414 3203 2501 3228 con-

330 3246 543 3295 regnabunt
563 3257 637 3295 per
664 3256 791 3289 unum,
819 3245 944 3280 Iesum
968 3243 1163 3279 Christum.
1194 3241 1308 3278 Pueri
1327 3254 1391 3278 au·
1435 3243 1542 3289 fiteri
1567 3241 1618 3278 ad
1633 3241 1797 3278 salutem.
1827 3242 1868 3278 Si
1884 3247 2006 3278 autem
2024 3241 2045 3264 *
2066 3248 2266 3291 propterea
2294 3248 2390 3280 recte
2405 3243 2501 3292 fide-

329 3305 410 3335 tem
437 3310 484 3335 ex
502 3305 660 3347 peccato
681 3297 787 3334 Adae
815 3303 1016 3345 peccatum
1036 3294 1216 3342 originale
1245 3301 1392 3331 contra-

384 3415 413 3446 α)
432 3411 578 3445 baptizare.
594 3425 614 3430 -
631 3411 764 3443 baptizari
784 3410 861 3435 PFla.

385 3446 411 3481 β)
431 3447 521 3472 iuxta.
538 3462 557 3466 -
574 3447 718 3472 secundum
737 3447 818 3471 tertia.
1341 3478 1346 3484 ·

383 3484 411 3516 γ)
431 3483 469 3508 ita
487 3483 567 3508 etiam
590 3482 670 3514 pueri
692 3489 753 3507 non.
771 3496 791 3501 -
809 3482 849 3506 vel
867 3481 947 3506 etiam
972 3480 1088 3505 nondum
1109 3479 1153 3507 bc,·
1172 3479 1289 3504 nondum
1315 3483 1391 3503 etiam

331 3523 416 3544 cetera
434 3518 517 3543 tertia.

1446 3294 1497 3331 les
1514 3300 1695 3331 vocantur
1714 3295 1889 3343 quoniam
1897 3294 2019 3342 fidem
2032 3307 2105 3344 per
2122 3297 2236 3332 verba
2250 3300 2262 3317 ⁸
2280 3298 2500 3345 gestantium

1500 3407 1525 3441 ὂ)
1545 3407 1726 3433 Peccatorum.
1744 3421 1763 3426 -
1782 3407 1816 3438 1²3
1835 3408 1954 3433 Peccatis
1977 3411 2011 3433 et.
2036 3409 2125 3441 Margo
2144 3409 2178 3434 P:
2197 3409 2280 3437 Alias,
2300 3410 2333 3435 de
2357 3410 2459 3435 meritis
2477 3413 2501 3435 et

1448 3443 1601 3469 remissione
1615 3446 1795 3475 peccatorum.
1815 3443 1834 3467 F
1853 3451 1906 3467 om.
1924 3446 1951 3468 et
1968 3443 2080 3468 Remiss-

1499 3478 1522 3513 ε)
1535 3479 1618 3512 fidem
1633 3486 1685 3510 per
1702 3478 1789 3503 verba.
1807 3493 1827 3497 —
1844 3478 1911 3510 PE13
1925 3486 1978 3510 per
1997 3479 2076 3504 verba
2095 3479 2132 3508 bc,
2148 3487 2199 3511 per
2213 3479 2298 3511 fidem
2319 3481 2397 3505 verba
2417 3480 2501 3505 ceteri.

2527 1777 2538 1787 '¹
2552 1777 2618 1799 vers.
2635 1783 2666 1799 ¹2.

2528 1939 2539 1949 ·
2554 1938 2620 1960 Vers.
2634 1945 2653 1966 5.

2530 2387 2540 2397 '¹
2554 2386 2620 2407 Vers.
2634 2385 2656 2407 6.

2530 2513 2540 2523 ⁶
2550 2511 2605 2533 Loc.
2615 2511 2653 2534 cit.
2664 2518 2740 2539 supra.

2529 3044 2678 3098 ·1.ib.1‚2ap.
2685 3076 2738 3092 xxv.

2528 3247 2538 3256 ‘
2553 3245 2610 3272 Cap.
2624 3251 2671 3267 xix.
