2878 4088
182 327 191 337 ·
198 325 233 347 Ad
238 325 303 352 Her„
314 331 364 352 cap.
372 331 395 351 v,

182 358 242 374 vers,
258 358 278 374 2.

184 769 193 778 ·
209 767 260 788 Ast.
279 774 297 793 i,
313 766 341 788 nd
358 774 376 790 ι.

188 2284 198 2295 ·
206 2283 240 2305 Cf.
250 2289 288 2311 qu.
298 2289 351 2309 xvn,
364 2283 398 2305 ln·

188 2310 247 2332 trod.

191 2417 200 2426 ·
217 2415 263 2442 Qu.
279 2421 333 2437 xxu.

191 2460 200 2469 '
216 2455 263 2486 Qu.
279 2465 342 2480 xxm.

192 2500 201 2509 ·
218 2499 264 2526 Qu.
280 2505 340 2521 xxiv.

201 3298 211 3308 ·
231 3295 321 3318 nefinit.
337 3296 412 3318 lurist.
440 3291 507 3321 siae

202 3333 212 3338 -
226 3322 263 3345 Cf.
275 3323 298 3344 b.
314 3323 366 3344 Alb.
383 3323 413 3343 IV

203 3349 414 3398 §gntssffismmh
443 3336 526 3365 enim
543 3336 703 3367 Ecclesiae
726 3338 831 3368 valent
855 3340 899 3368 eis
923 3349 980 3378 pro
1010 3341 1126 3380 quibus
1146 3339 1237 3371 fiunt.
1270 3340 1334 3371 Sed
1359 3341 1503 3371 Ecclesia
1517 3353 1543 3373 70
1558 3346 1796 3371 eramentorum
1820 3345 1851 3370 et
1874 3349 1912 3369 ex
1936 3338 2086 3369 convictu
2109 3336 2264 3367 fidelium.

423 212 471 247 42

477 280 539 310 SED
564 290 703 316 CONTRA,
728 280 873 320 superior
903 280 1060 320 praelatus
1085 281 1180 311 etiam
1203 279 1420 311 circumdatus
1443 284 1490 309 est

423 324 609 365 infirmitate
624 325 657 357 ἦ.
683 329 714 354 et
737 325 893 364 contingit
921 325 1027 365 ipsum
1049 333 1193 365 peccare.
1225 324 1287 355 Sed
1310 323 1488 354 remedium

423 374 533 399 contra
556 374 725 409 peccatum
742 374 788 399 est
804 374 943 409 potestas
960 369 1107 400 clavium.
1133 369 1228 409 Ergo,
1247 378 1321 399 cum
1337 369 1404 408 ipse
1421 377 1488 397 non

422 414 523 453 possit
545 414 578 443 in
602 414 743 453 seipsum
767 414 854 444 clave
877 414 941 450 uti,
967 414 1041 453 quia
1069 423 1135 443 non
1164 419 1269 453 potest
1298 422 1365 443 esse
1394 411 1488 442 simul

422 457 518 488 iudex
542 463 574 488 et
595 467 678 494 reus,
695 457 819 489 videtur
840 458 929 498 quod
953 459 1054 498 possit
1076 457 1206 488 inferior
1222 458 1254 487 in
1270 458 1377 497 ipsum
1394 456 1488 486 clavis

424 507 581 542 potestate
604 503 661 533 uti.

481 556 509 577 2.
534 546 729 583 PRAETEREA,
755 547 924 582 absolutio,
942 556 1024 587 quae
1044 545 1079 576 fit
1095 556 1151 586 per
1166 546 1315 576 virtutem
1340 545 1487 580 clavium,

425 590 588 621 ordinatur
604 591 643 621 ad
658 592 900 631 perceptionem
917 591 1142 621 Eucharistiae.
1160 590 1222 620 Sed
1238 589 1368 620 inferior
1384 594 1490 628 potest

424 636 580 676 superiori
596 636 826 666 Eucharistiam
843 635 1034 675 dispensare,
1047 635 1072 665 si
1090 640 1185 675 petat.
1203 635 1288 674 Ergo
1305 640 1336 664 et
1352 633 1489 663 clavium

424 686 581 720 potestate
604 681 638 710 in
661 681 767 720 ipsum
791 681 847 715 uti,
872 681 897 710 si
921 689 954 710 se
978 680 1006 709 ei
1030 679 1207 709 subiecerit.

477 725 666 755 RESPONDEO
691 734 850 754 memnon
874 723 963 764 quod
986 729 1126 764 potestas
1155 723 1306 758 clavium,
1332 727 1489 762 quantum

425 774 473 799 est
488 769 527 799 de
543 779 587 805 se,
605 768 744 799 extendit
759 778 793 799 se
809 768 848 798 ad
865 778 988 804 omnes,
1005 773 1040 798 ut
1057 767 1178 798 dictum
1203 773 1249 798 est
1264 768 1297 796 ⁴⁶:
1322 766 1378 797 sed
1401 765 1490 806 quod

424 814 458 844 in
474 814 614 853 aliquem
637 812 784 843 sacerdos
799 822 867 843 non
882 813 983 853 possit
1004 818 1160 852 potestate
1185 812 1322 842 clavium
1338 811 1396 846 uti,
1412 820 1490 840 con-

425 859 517 898 tingit
540 868 577 888 ex
600 858 663 887 hoc
688 857 777 897 quod
801 857 868 887 eius
892 862 1031 897 potestas
1048 862 1094 887 est
1110 856 1149 886 ad
1165 857 1290 896 aliquos
1314 855 1491 895 specialiter

425 903 566 932 limitata.
590 901 683 932 Unde
707 902 759 931 ille
783 902 839 940 qui
862 901 1017 936 limitavit,
1034 906 1140 940 potest
1158 900 1327 930 extendere
1343 900 1376 929 in
1392 908 1491 939 quem

425 947 570 977 voluerit.
595 946 636 975 Et
650 951 781 985 propter
805 946 867 975 hoc
891 946 986 974 etiarn
1010 950 1201 984 potestatem
1220 945 1279 974 sibi
1296 944 1368 974 dare
1385 949 1491 983 potest

425 992 458 1020 in
475 991 631 1030 seipsum:
657 990 802 1028 quamvis
825 989 892 1028 ipse
908 989 942 1018 in
959 989 1100 1028 seipsum
1117 989 1163 1018 uti
1180 989 1317 1018 clavium
1334 993 1491 1028 potestate

424 1045 492 1064 non
515 1034 624 1073 possit,
643 1034 718 1072 quia
741 1038 881 1072 potestas
905 1032 1042 1062 clavium
1066 1033 1198 1072 requirit
1213 1041 1272 1071 pro
1289 1033 1419 1062 materia
1436 1032 1492 1061 ali-

425 1088 522 1118 quem
546 1078 736 1111 subiectum,
754 1077 843 1106 etita
866 1077 981 1111 alium;
1006 1077 1065 1105 sibi
1089 1077 1150 1115 ipsi
1174 1076 1260 1106 enim
1284 1076 1398 1115 aliquis
1416 1076 1491 1105 sub-

424 1124 525 1152 iectus
549 1131 616 1151 esse
639 1130 707 1150 non
730 1125 845 1160 potest.

478 1166 528 1196 An
552 1174 668 1194 ramum
699 1174 781 1194 ERoo
813 1173 972 1193 meis-unuin
1004 1162 1109 1203 quod,
1143 1163 1288 1202 quamvis
1319 1163 1491 1203 episcopus

425 1219 521 1250 quern
538 1209 671 1248 simplex
687 1207 833 1238 sacerdos
850 1207 994 1243 absolvit,
1007 1208 1046 1238 sit
1065 1207 1211 1247 superior
1233 1216 1273 1237 eo
1297 1207 1490 1247 simpliciter,

425 1260 470 1284 est
482 1260 588 1284 tamen
600 1252 731 1283 inferior
743 1262 782 1282 eo
795 1252 987 1291 inquantum
1000 1252 1029 1282 ei
1045 1261 1078 1282 se
1092 1257 1126 1281 ut
1138 1257 1342 1291 peccatorem
1354 1251 1490 1281 subiicit.

478 1299 528 1328 An
553 1307 715 1327 SECUNDUM
738 1306 898 1326 memnon
923 1295 1013 1336 quod
1035 1296 1068 1326 in
1093 1295 1211 1335 angelis
1235 1305 1302 1325 non
1318 1301 1424 1335 potest
1440 1305 1491 1325 ac-

425 1342 528 1373 cidere
552 1342 665 1381 aliquis
689 1340 831 1371 defectus
854 1341 977 1370 ratione
1001 1341 1093 1371 cuius
1123 1339 1327 1370 inferioribus
1351 1340 1415 1370 suis
1439 1349 1492 1370 su-

424 1388 564 1427 periores
581 1385 765 1420 subdantur,
782 1385 864 1415 sicut
880 1384 994 1415 accidit
1009 1385 1042 1415 in
1058 1385 1252 1415 hominibus.
1277 1385 1318 1414 Et
1333 1383 1407 1414 ideo
1423 1393 1491 1414 non

426 1436 472 1461 est
495 1431 607 1460 simile.
1175 1460 1181 1464 ⁷

478 1476 528 1505 An
553 1484 687 1504 TERTIUM
710 1483 869 1503 DICENDUM
885 1472 975 1513 quod
990 1473 1146 1503 iudicium
1163 1473 1299 1503 exterius
1316 1477 1362 1502 est
1378 1482 1491 1503 secun-

425 1520 502 1550 dum
518 1519 680 1549 homines:
706 1518 762 1548 sed
777 1517 933 1548 iudicium
958 1517 1169 1548 confessionis
1186 1522 1232 1547 est
1249 1516 1358 1557 quoad
1373 1517 1490 1553 Deum,

424 1563 509 1604 apud
537 1573 634 1603 quern
662 1562 774 1602 aliquis
806 1561 947 1592 redditur
976 1562 1083 1592 minor
1107 1572 1144 1592 ex
1169 1562 1231 1591 hoc
1256 1561 1345 1601 quod
1369 1567 1490 1602 peccat,

423 1618 491 1638 non
515 1613 622 1638 autem
646 1606 732 1647 apud
755 1607 925 1637 hominum
949 1606 1170 1646 praelationes.
1195 1606 1236 1636 Et
1247 1605 1325 1636 ideo
1349 1607 1383 1636 in
1407 1612 1492 1636 exte-

423 1653 498 1683 riori
513 1652 643 1686 iudicio,
660 1652 742 1681 sicut
757 1651 864 1681 nullus
881 1652 914 1681 in
929 1651 1071 1691 seipsum
1087 1651 1277 1681 sententiam
1294 1650 1367 1680 dare
1386 1656 1493 1691 potest

425 1696 776 1732 excommunicationis,
801 1696 843 1726 ita
866 1705 926 1725 nec
951 1696 1038 1726 alteri
1063 1696 1274 1731 committere,
1297 1704 1358 1725 nec
1382 1705 1415 1725 se
1439 1705 1492 1725 ex-

425 1741 672 1771 communicare.
698 1740 761 1771 Sed
776 1741 810 1770 in
826 1739 898 1770 foro
922 1740 1137 1770 conscientiae
1160 1745 1267 1780 potest
1290 1739 1378 1770 alteri
1402 1749 1492 1770 com—

423 1787 548 1816 mittere
571 1795 661 1815 suam
686 1785 939 1815 absolutionem:
966 1794 1030 1824 qua
1052 1785 1120 1825 ipse
1144 1785 1191 1815 uti
1214 1794 1281 1815 non
1305 1785 1415 1824 possit.

479 1830 538 1860 Vel
562 1829 735 1860 dicendum
759 1829 849 1869 quod
872 1829 1032 1859 absolutio
1056 1829 1089 1859 in
1114 1828 1185 1859 foro
1210 1828 1422 1859 confessionis
1446 1834 1493 1859 est

424 1874 640 1915 principaliter
662 1875 827 1914 potestatis
851 1874 1000 1910 clavium,
1018 1879 1049 1904 et
1068 1883 1106 1904 ex
1130 1874 1342 1913 consequenti
1365 1873 1494 1914 respicit

423 1918 685 1950 iurisdictionem.
710 1918 774 1949 Sed
790 1919 1081 1949 excommunicatio
1106 1918 1233 1958 respicit
1249 1918 1387 1948 totaliter
1402 1918 1493 1948 iuris—

425 1964 609 1994 dictionem.
634 1963 801 2001 Quantum
826 1969 933 1993 autem
957 1962 997 1993 ad
1019 1968 1212 2003 potestatem
1237 1962 1356 1992 ordinis
1379 1972 1493 1992 omnes

425 2014 498 2039 sunt
521 2008 680 2048 aequales,
696 2018 764 2038 non
788 2013 896 2038 autem
920 2013 1079 2048 quantum
1102 2007 1142 2038 ad
1165 2006 1428 2037 iurisdictionem.
1453 2007 1494 2038 Et

425 2053 498 2084 ideo
522 2062 590 2083 non
614 2058 660 2082 est
684 2052 796 2082 simile.

618 2135 871 2179 QUAESTIO
901 2134 1301 2168 VIGESIMAPRIMA

746 2202 790 2226 DE
813 2202 1173 2227 EXCOMMUNJCATIONE

493 2284 715 2305 oxsuouex‘rssx
735 2273 911 2304 videndum
932 2279 978 2303 est
999 2272 1038 2303 de
1055 2273 1390 2304 excommunicatione
1402 2274 1428 2303 ’ἃ
1446 2273 1495 2305 De

430 2286 556 2360 Cqua
586 2320 692 2360 primo
723 2317 992 2349 considerandum
1017 2324 1063 2348 est
1087 2317 1126 2348 de
1150 2317 1338 2348 definitione
1366 2327 1495 2349 excom-

427 2364 662 2399 municationis,
684 2368 715 2393 et
739 2363 948 2402 congruitate,
966 2368 997 2392 et
1016 2372 1129 2399 causa;
1154 2362 1308 2398 secundo,
1327 2362 1365 2392 de
1383 2372 1422 2393 eo
1439 2364 1496 2403 qui

428 2415 532 2449 potest
555 2408 835 2439 excommunicare
856 2413 886 2437 et
903 2407 1174 2437 excommunicari
1190 2408 1223 2443 *3
1248 2408 1352 2442 tertio,
1370 2406 1409 2437 de
1425 2417 1496 2448 par-

1071 201 1334 248 QUAESTIO
1365 200 1777 249 XX1,ART1CULUS
1807 201 1820 236 l

1543 280 1628 319 Ergo
1645 289 1702 319 per
1718 278 2087 309 excommunicationem
2110 287 2176 308 non
2200 284 2363 318 separatur
2381 278 2495 318 aliquis
2511 287 2528 308 a
2544 276 2609 308 suf-

1543 323 1648 363 fragiis
1672 323 1832 353 Ecclesiae
1857 322 2095 352 communibus.
2415 325 2422 328 '

1600 368 1629 398 3.
1653 367 1849 402 Pamisum,
1874 366 1996 396 fructus
2020 365 2181 396 Ecclesiae
2201 375 2268 396 non
2284 365 2410 396 videtur
2433 375 2500 396 esse
2525 365 2610 396 aliud

1544 421 1641 452 quam
1665 410 1830 451 suffragia:
1855 420 1923 441 non
1942 411 2028 440 enirn
2052 415 2158 450 potest
2181 410 2314 450 intelligi
2329 409 2368 440 de
2384 409 2490 441 fructu
2506 410 2610 440 bono-

1511 467 1519 486 ς
1544 465 1615 486 rum
1638 455 1883 495 temporalium,
1909 455 1984 495 quia
2011 454 2090 484 haec
2119 455 2404 484 excommunicatis
2430 464 2499 485 non
2522 454 2610 484 aufe-

1543 505 1665 530 runtur.
1690 500 1776 539 Ergo
1801 499 2064 530 inconvenienter
2086 503 2261 538 utrumque
2284 498 2425 538 ponitur.

1598 553 1629 583 4.
1654 544 1850 579 PRAETEREA,
1869 543 2160 574 excommunicatio
2183 543 2291 572 minor
2307 541 2465 582 quaedam
2481 552 2611 572 excom-

1543 589 1719 619 municatio
1744 594 1799 618 est.
1832 587 1895 618 Sed
1918 597 1975 628 per
1998 597 2069 618 eam
2099 587 2200 616 homo
2232 596 2299 616 non
2330 586 2435 626 perdit
2465 585 2612 627 suffragia

1543 633 1715 663 Ecclesiae.
1743 633 1828 672 Ergo
1852 631 1996 663 definitio
2020 641 2087 662 non
2112 636 2159 661 est
2182 631 2387 661 conveniens.

1599 678 1788 708 Raspoxmzo
1812 686 1972 707 memnon
1996 675 2086 716 quod
2113 675 2166 705 ille
2195 676 2251 715 qui
2280 684 2338 715 per
2360 675 2555 715 baptismum
2578 675 2611 704 in

1544 722 1687 753 Ecclesia
1714 722 1859 762 ponitur,
1884 721 1923 751 ad
1947 720 2013 751 duo
2037 719 2241 750 adscribitur:
2275 719 2396 749 scilicet
2418 718 2458 749 ad
2481 724 2612 749 coetum

1544 766 1708 803 fidelium;
1733 771 1764 797 et
1780 765 1819 796 ad
1835 765 2112 806 participationem
2128 769 2411 794 sacramentorum.
2428 763 2470 793 Et
2483 763 2548 793 hoc
2564 772 2611 794 se-

1545 811 1688 842 cundum
1711 810 1943 851 praesupponit
1965 810 2123 850 primum:
2149 809 2224 849 quia
2240 809 2273 843 in
2289 806 2493 838 sacramentis
2516 807 2612 848 parti-

1545 855 1687 896 cipandis
1711 856 1807 885 etiam
1828 854 1937 885 fideles
1954 854 2205 884 communicant.
2230 853 2271 883 Et
2287 852 2360 882 ideo
2377 852 2491 892 aliquis
2507 857 2614 892 potest

1506 908 1528 928 ις
1546 905 1631 930 extra
1654 899 1831 930 Ecclesiam
1859 898 1927 929 lieri
1954 908 2011 939 per
2034 898 2404 928 excommunicationem
2435 895 2612 936 dupliciter.

1545 945 1620 975 Uno
1636 943 1747 980 modo,
1761 945 1803 974 ita
1819 943 1909 983 quod
1925 948 2121 983 separaretur
2136 947 2261 972 tantum
2278 951 2295 972 a
2307 941 2550 981 participatione
2565 950 2614 971 sa-

1546 994 1792 1019 cramentorum.
1817 988 1858 1018 Et
1873 988 1952 1017 haec
1973 987 2030 1017 erit
2055 986 2346 1017 excommunicatio
2369 986 2485 1015 minor.
2502 1003 2524 1007 -
2539 985 2614 1015 Alio

1545 1032 1657 1068 modo,
1673 1033 1716 1062 ita
1732 1031 1822 1072 quod
1839 1031 2024 1062 excludatur
2039 1031 2077 1061 ab
2101 1036 2250 1071 utroque.
2284 1030 2325 1060 Et
2345 1030 2390 1060 sic
2406 1030 2464 1060 erit
2486 1039 2615 1060 excom-

1545 1077 1721 1106 municatio
1745 1077 1858 1111 maior,
1876 1085 1958 1116 quae
1981 1076 2033 1105 hic
2058 1074 2216 1105 definitur.
2232 1093 2255 1097 -
2278 1075 2354 1105 Non
2379 1080 2487 1104 autem
2508 1079 2615 1114 potest

1506 1127 1532 1140 ²0
1547 1129 1614 1150 esse
1630 1120 1770 1155 tertium,
1787 1120 1907 1150 scilicet
1929 1119 2019 1159 quod
2040 1118 2225 1149 excludatur
2248 1129 2266 1148 a
2289 1119 2521 1149 communione
2537 1118 2616 1149 fide-

1546 1164 1626 1194 lium
1650 1169 1681 1193 et
1707 1173 1775 1193 non
1802 1173 1819 1193 a
1843 1163 2086 1203 participatione
2110 1167 2393 1198 sacramentorum,
2409 1163 2532 1193 ratione
2552 1163 2616 1193 iam

1547 1207 1646 1238 dicta:
1672 1208 1748 1247 quia
1763 1207 1883 1237 scilicet
1906 1206 2015 1237 fideles
2039 1207 2072 1236 in
2093 1207 2295 1236 sacramentis
2319 1207 2570 1237 communicant.

1602 1251 1665 1282 Sed
1697 1251 1949 1281 communicatio
1981 1249 2126 1280 fidelium
2157 1255 2204 1280 est
2231 1249 2368 1290 duplex:
2401 1250 2559 1290 quaedam
2582 1251 2615 1281 in

1546 1295 1771 1335 spiritualibus,
1794 1295 1876 1326 sicut
1898 1299 2030 1325 mutuae
2054 1294 2224 1330 orationes,
2250 1299 2280 1324 et
2304 1299 2482 1324 conventus
2506 1293 2546 1324 ad
2569 1304 2616 1324 sa-

1506 1351 1529 1371 25
1546 1350 1598 1370 cra
1627 1339 1848 1380 percipienda;
1881 1337 2040 1379 quaedam
2070 1339 2104 1368 in
2136 1338 2355 1378 corporalibus
2387 1338 2509 1368 actibus
2539 1338 2618 1379 legi·

1545 1385 1640 1414 timis.
1672 1384 1738 1422 Qui
1762 1383 1894 1424 quidem
1925 1383 2058 1423 legitimi
2082 1388 2170 1413 actus
2194 1388 2225 1412 et
2248 1382 2333 1413 licita
2357 1383 2546 1413 communio
2567 1383 2616 1413 his

1544 1429 1687 1459 versibus
1711 1429 1935 1459 continentur:
1960 1427 1996 1457 Si
2014 1437 2081 1468 pro
2108 1427 2232 1458 delictis
2258 1426 2430 1457 anathema
2452 1427 2524 1468 quis
2547 1426 2617 1468 effi—

1545 1473 1672 1504 ciatur:
1699 1472 1758 1508 Os,
1783 1482 1896 1507 orare,
1922 1472 2003 1507 vale,
2030 1471 2224 1508 communio,
2252 1481 2362 1502 mensa
2386 1476 2536 1513 negatur.
2571 1470 2616 1503 Os

1546 1517 1684 1553 scilicet,
1716 1526 1757 1547 ne
1781 1517 1930 1548 osculum
1954 1516 2065 1553 detur;
2098 1526 2206 1552 orare,
2230 1525 2271 1546 ne
2295 1525 2370 1546 cum
2395 1516 2617 1546 excommuni-

1507 1573 1532 1593 30
1547 1562 1623 1592 catis
1651 1571 1795 1598 oremus;
1821 1561 1901 1597 vale,
1926 1571 1967 1591 ne
1990 1561 2185 1596 salutentur;
2213 1560 2407 1595 communio,
2432 1569 2474 1590 ne
2497 1560 2617 1591 scilicet

1545 1607 1580 1637 in
1603 1607 1807 1637 sacramentis
1831 1615 1906 1636 cum
1929 1606 2005 1646 ipsis
2029 1605 2143 1645 aliquis
2167 1605 2403 1641 communicen
2427 1614 2538 1635 mensa
2562 1614 2616 1636 ne-
2642 1605 2646 1608 '

1545 1656 1656 1693 gutur,
1681 1661 1722 1681 ne
1747 1650 1861 1690 aliquis
1885 1659 1961 1681 cum
1986 1650 2030 1680 eis
2054 1649 2203 1680 comedat
2218 1650 2245 1680 *.
2265 1670 2268 1673 -

1601 1696 1776 1726 Praemissa
1797 1704 1872 1735 ergo
1889 1694 2033 1725 definitio
2057 1695 2210 1735 importat
2232 1693 2467 1734 separationem
2481 1703 2500 1723 a
2515 1703 2618 1724 sacra-

1546 1741 1673 1776 mentis,
1689 1741 1723 1770 in
1737 1740 1802 1770 hoc
1818 1739 1907 1779 quod
1923 1738 2008 1775 dicit,
2025 1743 2181 1779 quantum
2200 1738 2244 1768 ad
2256 1738 2432 1780 sructum;
2447 1743 2479 1768 et
2494 1747 2512 1768 a
2527 1747 2619 1769 com-

1507 1794 1530 1814 ῖς
1547 1785 1703 1815 munione
1730 1783 1875 1814 fidelium
1906 1789 2063 1823 quantum
2091 1782 2131 1814 ad
2158 1782 2347 1823 spiritualia,
2376 1783 2410 1812 in
2435 1783 2500 1813 hoc
2527 1781 2618 1823 quod

1547 1829 1633 1865 dicit,
1657 1834 1689 1859 et
1709 1828 1874 1870 suffragia
1897 1828 2063 1858 Ecclesiae
2085 1827 2279 1858 communia.

1602 1873 1675 1903 Alia
1704 1878 1812 1903 autern
1843 1871 1988 1903 definitio
2018 1873 2179 1902 invenitur
2205 1881 2288 1912 quae
2316 1870 2407 1901 datur
2437 1870 2617 1902 secundum

1547 1918 1781 1958 separationem
1805 1917 1844 1947 ab
1867 1917 2011 1956 utrisque
2035 1917 2167 1952 actibus,
2192 1925 2275 1956 quae
2297 1915 2367 1946 talis
2386 1920 2451 1946 est:
2475 1915 2618 1948 Excom—

1548 1962 1723 1993 municatio
1748 1966 1795 1992 est
1817 1971 1837 1992 a
1860 1961 2001 2002 qualibet
2028 1961 2117 1992 licita
2143 1960 2370 1991 communione
2392 1960 2443 1990 vel
2472 1959 2617 2001 legitimo

1507 2021 1534 2040 40
1548 2012 1623 2037 actu
1646 2006 1809 2046 separatio
1826 2007 1852 2036 ’ἦ

1603 2051 1654 2081 An
1678 2060 1796 2080 Panum
1819 2059 1902 2080 exuo
1926 2059 2086 2079 mmmmm
2110 2048 2200 2089 quod
2223 2058 2282 2089 pro
2301 2047 2483 2078 infidelibus
2499 2053 2617 2085 oratur,

1549 2095 1604 2126 sed
1628 2096 1689 2135 ipsi
1713 2095 1866 2125 orationis
1895 2093 2037 2124 fructum
2066 2103 2135 2123 non
2165 2093 2348 2134 percipiunt
2373 2093 2435 2122 nisi
2458 2091 2498 2123 ad
2520 2091 2619 2123 fidem

1550 2145 1784 2170 convertantur.
1806 2139 1957 2170 Similiter
1973 2143 2003 2168 et
2017 2147 2077 2178 pro
2095 2137 2380 2168 excommunicatis
2397 2138 2480 2167 orari
2495 2140 2618 2177 potest:

1550 2185 1697 2224 quamvis
1720 2193 1787 2214 non
1811 2184 1894 2214 inter
1917 2183 2077 2213 orationes
2101 2191 2184 2223 quae
2207 2191 2266 2222 pro
2290 2181 2442 2212 membris
2457 2181 2619 2212 Ecclesiae

1509 2242 1533 2262 45
1549 2228 1640 2259 fiunt.
1672 2229 1713 2259 Et
1736 2233 1844 2258 tamen
1871 2227 2012 2258 fructum
2038 2236 2106 2257 non
2129 2227 2312 2267 percipiunt
2341 2225 2485 2266 quandiu
2507 2226 2542 2256 in
2566 2234 2620 2256 ex-

1551 2273 1847 2304 communicatione
1870 2277 2018 2302 manent:
2043 2270 2098 2301 sed
2122 2276 2230 2302 oratur
2252 2276 2289 2301 ut
2312 2269 2404 2301 detur
2427 2271 2472 2300 eis
2492 2270 2620 2311 spiritus

1549 2318 1778 2358 poenitentiae,
1802 2322 1838 2347 ut
1862 2317 1900 2347 ab
1925 2315 2260 2347 excommunicatione
2284 2314 2457 2345 solvantur.

1605 2363 1656 2392 An
1684 2371 1847 2392 SECUNDUM
1873 2370 2034 2391 mmmmm
2064 2359 2154 2400 quod
2180 2359 2327 2400 suffragia
2354 2359 2488 2390 alicuius
2514 2359 2621 2390 valent

1551 2407 1645 2437 alicui
1669 2405 1848 2436 secundum
1872 2405 1961 2446 quod
1977 2405 2006 2435 ei
2023 2405 2260 2435 continuantur.
2285 2403 2394 2434 Potest
2412 2409 2520 2434 tamen
2537 2404 2620 2435 actio

428 2454 612 2493 ticipatione
636 2462 711 2483 cum
733 2452 1018 2482 excommunicatis
1033 2453 1068 2488 ἢ
1096 2457 1221 2492 quarto,
1238 2451 1277 2482 de
1294 2452 1496 2483 absolutione
1512 2463 1537 2483 50
1551 2452 1647 2482 unius
1670 2451 1759 2481 alteri
1783 2450 1964 2481 continuari
1987 2449 2165 2489 dupliciter.
2190 2448 2266 2479 Uno
2289 2447 2401 2484 modo,
2426 2458 2464 2478 ex
2486 2449 2518 2478 vi
2541 2449 2620 2479 cari-

430 2499 467 2528 ab
492 2497 826 2528 excommunicatione
845 2497 871 2526 θ.

430 2542 522 2573 Circa
545 2543 685 2582 primum
710 2546 907 2581 quaeruntur
931 2547 1079 2581 quatuor.

484 2587 609 2617 Primo:
635 2592 743 2617 utrum
760 2587 988 2616 convenienter
1008 2586 1300 2616 excommunicatio
1318 2584 1496 2617 definiatur.

486 2631 654 2662 Secundo:
679 2636 789 2661 utrum
820 2630 963 2661 Ecclesia
994 2630 1107 2661 debeat
1137 2630 1278 2670 aliquem
1310 2639 1497 2661 excommu-

519 2677 634 2706 nicare.

487 2721 615 2750 Tertio:
640 2726 748 2750 utrum
773 2720 886 2759 aliquis
911 2729 970 2759 pro
995 2719 1103 2760 aliquo
1131 2718 1300 2759 temporali
1324 2718 1442 2750 damno
1460 2720 1499 2750 sit

539 2764 877 2795 excommunicandus.

488 2809 628 2846 Quarto:
657 2815 764 2839 utrum
796 2809 1087 2839 excommunicatio
1119 2809 1235 2839 iniuste
1266 2808 1327 2838 lata
1358 2808 1499 2849 aliquem

522 2853 671 2883 effectum
694 2854 817 2884 habeat.

731 2924 830 2954 ART.
849 2923 870 2953 l.
889 2934 994 2954 UTRUM
1018 2933 1198 2954 conparens

615 2978 660 2997 srr
683 2978 764 2997 HAEC
788 2978 945 2998 narmrno
971 2978 1313 2999 exconmuxlcanoms:

470 3024 483 3036 α
503 3021 775 3042 axcoMMUNmAuo
792 3023 846 3042 EST
863 3023 1030 3043 samum-10
1048 3024 1067 3043 A
1085 3022 1289 3043 connexione
1306 3022 1469 3043 acctnsxAE

579 3066 685 3085 ouoan
710 3067 852 3086 FRUCTUM
876 3067 913 3087 m·
938 3068 1109 3087 surrRAom
1133 3067 1307 3087 GENERALIA
1335 3070 1348 3084 >

591 3110 599 3131 l
614 3110 647 3131 ad
661 3110 724 3137 Cor„
740 3117 789 3138 cap.
805 3118 826 3137 v,
843 3113 894 3133 lect.
910 3118 925 3138 ι,
941 3118 980 3137 m:
996 3112 1005 3133 1
1021 3112 1054 3133 ad
1070 3112 1137 3139 Tim„
1153 3118 1203 3140 cap.
1220 3117 1235 3138 ι,
1251 3112 1302 3134 lect.
1319 3118 1348 3134 nv.

441 3170 521 3232 An
545 3170 660 3190 prunum
693 3171 737 3191 su:
770 3172 972 3192 paocanxrun.
1001 3162 1135 3193 Videtur
1163 3162 1252 3203 quod
1278 3163 1501 3203 incompetens

503 3204 540 3233 sit
563 3205 640 3234 haec
662 3205 805 3236 definitio
835 3208 1176 3238 excommunicationis
1192 3218 1210 3238 a
1226 3206 1419 3247 quibusdam
1442 3217 1501 3247 po-

439 3247 511 3277 sita:
529 3248 829 3280 Excommunicatio
855 3256 901 3281 est
923 3251 1085 3291 separatio
1106 3261 1126 3281 a
1150 3252 1376 3282 communione
1391 3252 1502 3282 Eccle-

533 3293 639 3332 quoad
653 3294 804 3333 fructum
837 3300 867 3325 et
895 3296 1059 3337 suffragia
1090 3297 1260 3337 generalia
1286 3297 1312 3326 ⁹.
1349 3296 1503 3336 Suffragia

443 3385 510 3408 orat
526 3390 584 3419 pro
602 3381 645 3410 eis
662 3382 717 3420 qui
742 3387 825 3411 extra
842 3383 1016 3413 Ecclesiam
1041 3390 1132 3414 sunt:
1161 3385 1243 3415 sicut
1258 3394 1318 3425 pro
1339 3385 1502 3415 haereticis

444 3428 474 3451 et
490 3425 629 3462 paganis.
653 3425 738 3464 Ergo
756 3427 851 3455 etiam
867 3436 926 3466 pro
951 3429 1246 3465 excommunicatis,
1264 3430 1320 3469 qui
1341 3435 1427 3460 extra
1442 3430 1503 3460 Ec-

445 3466 571 3496 clesiam
595 3474 677 3498 sunt.
702 3469 742 3498 Et
766 3470 809 3499 sic
834 3470 877 3499 eis
901 3470 1046 3510 suffragia
1070 3472 1231 3503 Ecclesiae
1254 3474 1370 3504 valent.

502 3519 529 3540 2.
555 3511 747 3547 PRAETEREA,
771 3513 878 3543 nullus
901 3515 1015 3544 amittit
1035 3515 1179 3555 suffragia
1196 3517 1356 3548 Ecclesiae
1372 3518 1432 3548 nisi
1448 3527 1505 3558 per

1550 2497 1632 2532 tatis,
1657 2505 1740 2535 quae
1764 2504 1878 2525 omnes
1901 2493 2011 2524 fideles
2035 2494 2198 2524 connectit
2221 2498 2257 2523 ut
2279 2493 2342 2523 sint
2362 2501 2464 2523 unum
2480 2493 2514 2523 in
2530 2492 2619 2524 Deo:

1551 2542 1633 2571 sicut
1656 2540 1771 2570 dicitur
1786 2540 1819 2569 in
1835 2539 1963 2569 Psalmo
1979 2539 2013 2568 *1
2038 2538 2203 2578 Particeps
2221 2547 2283 2579 ego
2299 2546 2380 2573 sum,
2398 2542 2457 2567 etc.
2481 2537 2524 2567 Et
2537 2537 2620 2568 hanc

1552 2585 1830 2615 continuationem
1851 2583 2144 2614 excommunicatio
2161 2590 2228 2612 non
2243 2582 2413 2622 intercipit.
2438 2581 2523 2619 Quia
2538 2582 2621 2612 iuste

1553 2630 1624 2670 quis
1648 2628 1920 2660 excommunicari
1951 2637 2019 2658 non
2049 2631 2156 2668 potest
2181 2627 2242 2657 nisi
2271 2635 2331 2667 pro
2361 2626 2456 2666 culpa
2482 2626 2620 2663 mortali,

1513 2685 1536 2705 55
1553 2684 1609 2715 per
1633 2683 1731 2714 quam
1755 2683 1773 2703 a
1796 2673 1924 2703 caritate
1947 2673 2011 2703 iam
2036 2671 2155 2702 divisus
2179 2677 2235 2707 est,
2252 2671 2348 2701 etiam
2364 2671 2473 2700 sinon
2492 2679 2622 2701 excom-

1553 2719 1744 2749 municetur.
1770 2718 1888 2748 Iniusta
1908 2722 2016 2747 autem
2033 2716 2325 2747 excommunicatio
2349 2715 2511 2745 caritatem
2527 2715 2623 2746 alicui

1553 2763 1676 2794 auferre
1700 2772 1767 2793 non
1791 2767 1916 2802 potest:
1942 2771 2018 2792 cum
2041 2761 2080 2791 sit
2103 2760 2142 2791 de
2159 2760 2310 2791 maximis
2333 2759 2434 2795 bonis,
2452 2769 2535 2800 quae
2554 2769 2622 2791 non

1553 2812 1690 2848 possunt
1712 2807 1806 2837 alicui
1829 2807 1930 2836 invito
1957 2804 2072 2836 auferri
2088 2806 2114 2835 ¹².

1609 2852 1684 2882 Alio
1707 2851 1819 2887 modo,
1836 2860 1893 2891 per
1908 2850 2121 2880 intentionem
2145 2848 2292 2889 suffragia
2314 2848 2468 2884 facientis,
2485 2857 2568 2888 quae
2589 2847 2623 2878 in

1513 2905 1541 2925 6ο
1555 2897 1696 2937 aliquem
1720 2895 1820 2926 fertur
1839 2904 1899 2936 pro
1916 2904 1983 2935 quo
1999 2894 2091 2925 fiunt.
2116 2894 2158 2924 Et
2172 2894 2254 2924 hanc
2278 2893 2554 2924 continuationem
2570 2900 2623 2923 ex-

1555 2941 1808 2972 communicatio
1832 2939 2011 2980 intercipit:
2037 2938 2112 2979 quia
2133 2938 2276 2969 Ecclesia
2290 2947 2348 2978 per
2362 2937 2624 2968 excommunica-

1554 2986 1651 3016 tionis
1675 2985 1865 3015 sententiam
1888 2989 2011 3024 separat
2039 2983 2335 3014 excommunicatos
2358 2981 2397 3012 ab
2421 2981 2624 3012 universitate

1555 3029 1711 3064 fidelium,
1728 3039 1787 3069 pro
1813 3029 1929 3069 quibus
1953 3027 2100 3068 suffragia
2123 3026 2216 3063 facit;
2240 3025 2327 3057 unde
2350 3024 2498 3066 suffragia
2513 3025 2624 3056 Eccle-

1556 3075 1619 3105 siae
1644 3075 1674 3104 ei
1696 3083 1764 3104 non
1788 3078 1933 3114 prosunt.
1951 3082 2033 3113 quae
2057 3081 2116 3112 pro
2140 3076 2207 3102 tota
2222 3070 2365 3102 Ecclesia
2387 3069 2479 3100 fiunt.
2503 3069 2572 3100 Nec
2587 3079 2624 3100 ex

1515 3126 1539 3151 σς
1556 3128 1694 3159 persona
1717 3118 1878 3148 Ecclesiae
1906 3117 2008 3148 oratio
2032 3125 2091 3157 pro
2117 3116 2161 3146 eis
2184 3116 2266 3146 inter
2288 3115 2432 3145 membra
2463 3114 2624 3145 Ecclesiae

1556 3163 1625 3194 fieri
1647 3168 1771 3203 potest:
1797 3162 1943 3203 quamvis
1967 3161 2074 3201 aliqua
2097 3169 2233 3200 persona
2248 3159 2485 3200 privata'possit
2500 3158 2540 3189 ad
2557 3158 2625 3189 eius

1557 3208 1802 3238 conversionem
1825 3205 1957 3246 aliquod
1976 3204 2162 3245 suffragium
2176 3213 2234 3244 per
2249 3203 2461 3234 intentionem
2481 3202 2624 3243 dirigere.

1611 3252 1662 3282 An
1686 3261 1821 3281 mamm
1844 3259 2004 3280 memnon
2027 3248 2117 3290 quod
2140 3247 2262 3279 fructus
2277 3247 2447 3288 spiritualis
2463 3246 2625 3278 Ecclesiae

1556 3306 1624 3327 non
1648 3296 1755 3326 solum
1778 3301 1825 3326 est
1848 3304 1886 3325 ex
1910 3293 2074 3334 suffragiis,
2093 3292 2149 3323 sed
2173 3293 2268 3323 etiam
2292 3302 2330 3323 ex
2353 3292 2562 3332 perceptione
2577 3301 2626 3322 sa-

1613 3385 1664 3415 An
1682 3393 1830 3414 QUARTUM
1848 3392 2007 3414 mcexnun
2023 3381 2113 3422 quod
2128 3382 2235 3412 minor
2250 3381 2542 3412 excommunicatio
2558 3389 2626 3411 non

1557 3430 1653 3460 habet
1676 3428 1850 3469 perfectam
1873 3427 2030 3458 rationem
2053 3426 2406 3462 excommunicationis,
2428 3425 2484 3456 sed
2507 3423 2627 3465 aliquid

1558 3474 1659 3514 ipsius
1689 3473 1865 3513 participat.
1897 3472 1939 3502 Et
1964 3471 2038 3501 ideo
2065 3480 2133 3501 non
2160 3475 2287 3510 oportet
2317 3469 2407 3510 quod
2437 3469 2575 3500 totaliter
2597 3469 2627 3499 ei

1561 3517 1903 3548 excommunicationis
1927 3515 2071 3546 definitio
2100 3515 2287 3551 conveniat,
2312 3514 2367 3545 sed
2390 3513 2496 3544 solum
2519 3512 2628 3553 quoad

446 3553 583 3594 culpam.
615 3555 678 3585 Sed
701 3559 989 3588 excommunicatio
1013 3569 1079 3589 non
1103 3566 1149 3589 est
1173 3561 1280 3600 culpa,
1305 3562 1360 3592 sed
1387 3571 1503 3602 poena.
1519 3574 1543 3594 75
1562 3561 1691 3602 aliquid.

2644 1655 2716 1678 ‘Cam
2724 1655 2858 1678 &commu-

2643 1682 2744 1738 m?
2750 1688 2813 1705 αιιι.
2817 1683 2856 1709 Xl,

2645 2011 2729 2066 lili'm,
2734 2038 2769 2061 tit.
2775 2027 2859 2064 xxxin..

2646 2065 2859 2126 ffigsssseeiitviiti

2647 2119 2692 2147 (cf.
2703 2119 2726 2142 b.
2740 2119 2796 2142 Alb.
2813 2118 2857 2141 loc.

2647 2145 2685 2169 cit.
2701 2148 2786 2175 snpra).

2648 2547 2706 2603 ἐξ..
2715 2552 2793 2575 cxvm,
2799 2553 2860 2590 vers.

2649 2809 2862 2862 :affil'issf'x‘ifgl'l

2650 2869 2700 2889 xix:
2723 2863 2755 2886 de
2777 2863 2818 2886 uo
2857 2879 2863 2886 .

2650 2889 2714 2912 Eccl.
2728 2889 2796 2913 Cau.
2810 2893 2863 2918 ete„

2650 2916 2732 2965 Lipul,
2749 2922 2817 2946 capp.
2832 2923 2864 2943 m,

2675 2959 2681 2970 ,
2718 2959 2725 2966 .
