2918 4088
961 205 1225 251 QUAESTIO
1255 208 1415 254 LXXX,
1445 210 1737 249 ARTICULUS
1766 215 1816 250 XI

2402 222 2474 268 243

1047 341 1370 384 ARTICULUS
1403 343 1739 386 UNDECIMUS

790 443 791 446 ¹
829 434 986 466 UTRUM
1009 434 1170 465 LICEAT
1195 434 1386 465 CESSARE
1410 435 1583 466 OMNINO
1607 438 1637 467 A
1662 438 1962 472 COMMUNIONE

870 513 904 537 IV
923 513 1007 542 Sent„
1027 514 1086 538 dist.
1104 520 1148 542 xii,
1168 520 1213 545 qu.
1232 520 1270 542 ιιι,
1290 518 1337 538 art.
1358 521 1382 545 2,
1402 514 1452 546 qu⁸
1471 521 1501 544 ¹3
1522 515 1550 539 In
1572 515 1656 545 loun„
1676 524 1732 549 cap.
1751 525 1785 547 Vl,
1805 519 1864 543 lect.
1883 527 1927 543 vn.

418 617 469 635 ’,μ’

328 624 492 707 557³}ss
516 646 624 683 liceat
658 659 805 683 cessare
834 646 995 683 omnino
1025 659 1047 683 a
1075 647 1365 684 communione.

321 703 324 708 '
356 685 714 749 QVJQJLamiatur
742 699 846 736 enim
876 699 1059 736 Centurio
1088 700 1136 736 de
1165 701 1241 736 hoc
1261 701 1367 749 quod

377 745 605 789 “Ndicit
625 759 652 800 α,
681 752 948 789 Matth.v111*:
979 753 1151 799 Domine,
1183 766 1256 790 non
1285 766 1366 790 sum

305 805 440 854 dignus
467 810 506 840 ut
532 808 644 845 intres
670 808 737 842 sub
764 811 897 842 tectum
934 818 1069 842 meum.
1111 805 1184 842 Cui
1213 818 1368 855 compa-

304 865 409 894 ratur
439 857 499 894 ille
532 858 599 907 qui
635 866 783 907 reputat
817 858 887 895 sibi
920 870 942 895 a
970 859 1248 896 communione
1287 872 1367 896 esse

303 910 596 956 abstinendum,
626 919 668 948 ut
695 911 841 949 dictum
870 919 924 948 est
942 911 973 948 ²¹⁶.
1012 912 1114 948 Cum
1143 924 1232 960 ergo
1270 925 1368 949 nun-

303 974 423 1012 quam
451 964 596 1011 legatur
615 963 812 1004 Christum
840 964 880 1001 in
909 964 991 1002 eius
1019 965 1185 1002 domum
1204 965 1366 1012 venisse,

302 1014 454 1053 videtur
472 1017 580 1065 quod
599 1015 708 1054 liceat
727 1016 840 1054 alicui
858 1025 938 1054 toto
958 1025 1132 1067 tempore
1152 1018 1251 1055 vitae
1276 1031 1367 1056 suae

303 1080 325 1106 a
353 1069 631 1107 communione
660 1069 861 1107 abstinere.

31 790 34 793 ’
63 791 74 800 ·
90 789 156 810 vers.
171 789 193 809 8.

32 893 36 939 ¹⁷
63 912 75 923 '¹
89 911 140 932 Art.
151 916 185 937 ιο,
201 910 228 932 nd
243 916 263 938 3.

358 1132 392 1158 2.
422 1122 662 1170 PRAETEREA,
692 1122 846 1160 cuilibet
882 1123 967 1160 licet
1003 1123 1192 1161 abstinere
1225 1125 1273 1161 ab
1309 1124 1368 1161 his

302 1186 403 1224 quae
437 1187 518 1212 non
556 1183 644 1213 sunt
678 1176 726 1214 de
754 1176 974 1214 necessitate
1004 1175 1144 1214 salutis.
1184 1177 1260 1214 Sed
1293 1179 1369 1214 hoc

302 1236 588 1276 sacramentum
622 1241 703 1266 non
732 1237 786 1266 est
822 1230 870 1266 de
899 1230 1121 1267 necessitate
1150 1230 1298 1276 salutis,
1327 1238 1369 1267 ut

302 1282 419 1330 snpra
433 1280 454 1302 ’³‘
471 1281 618 1319 dictum
638 1290 703 1319 est.
725 1284 826 1330 Ergo
847 1282 931 1320 licet
950 1296 972 1320 a
991 1282 1233 1332 susceptione
1253 1283 1368 1321 huius

302 1334 530 1383 sagramenti
558 1336 720 1373 omnino
749 1348 908 1373 cessare.

284 1381 336 1390 ’κ
357 1386 391 1423 3.
418 1387 655 1434 PRAETEREA,
684 1396 903 1437 peccatores
941 1401 1021 1426 non
1054 1396 1231 1426 tenentur
1263 1401 1368 1426 com-

301 1436 525 1481 municare:
555 1442 659 1479 unde
688 1442 882 1480 Fabianus
909 1443 1015 1491 Papa
1032 1442 1063 1488 ³⁸,
1093 1454 1184 1478 curn
1203 1442 1367 1488 dixisset,

74 1290 93 1301 ¹¹³
102 1286 105 1287 ’
128 1287 276 1313 amarm-

158 1368 171 1392 t

77 1442 117 1467 Cf.
125 1443 171 1465 loe.
181 1443 220 1465 cit.
231 1446 274 1465 art.

48 1475 50 1478 ·
63 1470 66 1471 ⁷
80 1483 88 1497 ¹-
145 1470 168 1491 d.
177 1485 183 1497 ,
198 1469 226 1491 nd
241 1476 260 1498 5.

268 1580 270 1582 ,
290 1539 398 1594 forte
415 1548 496 1596 quis
513 1549 717 1587 maioribus
736 1550 951 1586 criminibus
970 1548 1201 1598 impediatur.
1224 1548 1263 1586 Si
1278 1561 1367 1597 ergo

300 1592 353 1648 illi
371 1598 440 1649 qui
458 1599 539 1637 nc'm
559 1609 647 1639 sunt
665 1600 705 1638 in
724 1609 894 1649 peccato,
910 1609 1088 1641 tenentur
1107 1601 1367 1639 communica-

299 1645 353 1701 re,
367 1651 520 1689 videtur
538 1654 646 1703 quood
665 1654 833 1703 melioris
848 1653 1076 1691 conditionis
1097 1653 1169 1690 sint
1193 1662 1367 1703 peccato-

299 1703 360 1741 res
380 1716 500 1753 quam
515 1705 618 1743 iusti:
641 1707 748 1755 quod
768 1715 823 1744 est
837 1706 1123 1744 inconveniens.
1146 1707 1247 1755 Ergo
1262 1707 1366 1744 vide-

299 1758 485 1812 Qsquod
499 1758 614 1797 etiam
627 1759 734 1797 iustis
754 1760 862 1797 liceat
876 1773 899 1797 a
913 1759 1191 1797 communione
1206 1772 1363 1797 cessare.

297 1804 316 1867 J
335 1810 340 1827 ⁵
372 1823 429 1864 ,Ep
447 1823 595 1850 cONTRA
612 1824 678 1849 EST
697 1813 804 1861 quod
823 1813 1017 1850 Dominus
1037 1812 1136 1858 dicit,
1157 1814 1259 1850 Ioan.
1281 1813 1363 1850 V1*:

296 1907 308 1911 -
340 1863 388 1918 isi
412 1865 723 1904 manducaveritis
748 1879 901 1903 carnem
922 1867 1007 1903 Filii
1023 1867 1183 1903 hominis
1210 1872 1243 1902 et
1269 1867 1364 1903 bibe-

58 1936 65 1968 3
296 1913 364 1971 ΕΤ
381 1916 489 1970 ”(εε“αε’
507 1921 744 1969 sanguinem,
766 1931 839 1957 non
859 1920 1036 1956 habebitis
1062 1921 1175 1957 vitam
1194 1921 1231 1956 in
1251 1921 1363 1956 vohis.

50 1967 66 2020 'sp
94 1992 107 2019 ·.-
130 1982 264 2021 δικ..
295 2006 319 2018 ,ἵ
335 1929 578 2019 ,ἓξ-ΞΕΡΟΝΒΕΟ
611 1984 792 2010 DICENDUM
826 1973 950 2022 quod,
989 1972 1085 2009 sicut
1117 1984 1232 2021 supra
1256 1971 1275 1992 '³⁶
1310 1972 1365 2009 di-

47 2016 265 2077 Qnffissnffi'gss
299 2011 406 2061 dium
434 2032 501 2070 est,
531 2025 673 2074 duplex
701 2033 756 2061 est
785 2025 926 2062 modus
953 2022 1187 2074 percipiendi
1209 2025 1284 2061 hoc
1307 2038 1364 2062 sa-

155 2092 170 2108 e
292 2085 563 2186 ffienmm⁷
593 2077 794 2127 spiritualis
830 2077 969 2115 scilicet
1003 2086 1039 2114 et
1071 2077 1362 2115 sacramentalis.

79 1812 202 1872 mr

292 2171 304 2176 ,
326 2119 375 2184 ,Μ
395 2129 547 2182 lfestum
567 2138 623 2167 est
641 2139 771 2168 autem
800 2131 906 2180 quod
936 2143 1071 2168 omnes
1091 2138 1267 2168 tenentur
1294 2132 1364 2168 sal-

55 2218 58 2223 .
292 2189 378 2234 ,ῖριζῐι
398 2182 639 2233 spiritualiter
656 2184 909 2224 manducare:
934 2182 1024 2232 quia
1043 2185 1118 2220 hoc
1138 2192 1192 2220 est
1213 2183 1363 2220 Christo

60 2230 66 2263 ἶ
82 2239 182 2289 Δι’-«ἐῶ.
198 2239 272 2288 :12³³
291 2232 548 2291 jffcbrporari,
565 2245 610 2274 ut
627 2249 743 2286 supra
756 2237 777 2258 ‘¹‘
804 2236 950 2274 dictum
969 2244 1034 2273 est.
1066 2236 1277 2286 Spiritualis
1297 2249 1363 2274 au-

51 2282 123 2316 7¹·
176 2282 184 2295 '
234 2273 272 2295 ’δ’
291 2296 378 2337 tem
396 2289 652 2337 ,manducatio
681 2289 839 2328 includit
866 2298 1002 2327 votum
1035 2302 1103 2326 seu
1131 2289 1364 2326 desiderium

336 2403 379 2437 fc)
396 2403 468 2436 quod
487 2403 561 2437 dig-it.
578 2417 597 2422 —
615 2404 662 2428 Ed.
681 2411 713 2433 a;
732 2403 804 2436 quod
824 2403 898 2428 dixit
916 2404 934 2431 Ι,
949 2411 1002 2428 om.
1019 2404 1045 2435 Ρ,
1065 2404 1136 2436 quod
1155 2404 1256 2429 dicitur
1274 2405 1360 2430 ceteri.

292 2437 303 2440 ’
343 2430 378 2472 ·β)
396 2438 495 2464 Matth.
513 2438 617 2464 XXVI.
634 2454 653 2458 -
671 2439 735 2464 Luc.
754 2439 842 2464 XXII
857 2439 903 2464 Pa.
922 2439 962 2465 Cf.
982 2447 1026 2471 qu.
1046 2447 1131 2465 Lxxm.
1150 2445 1196 2464 art.
1218 2440 1240 2465 5.
1260 2448 1284 2464 α.

291 2487 298 2502 -,
349 2473 377 2509 γ)
395 2475 445 2501 εἰ...
463 2475 571 2507 aliquis.
587 2489 607 2493 -
624 2475 697 2500 sed...
714 2475 812 2508 aliquis
830 2476 862 2505 Α,
880 2475 953 2500 sed...
971 2475 995 2499 si
1012 2475 1109 2507 aliquis
1128 2475 1220 2505 BCDa,
1239 2476 1311 2501 sed...

305 1491 381 1531 Ter
407 1494 444 1530 in
473 1506 575 1531 anno
604 1508 732 1533 omnes
759 1497 1052 1541 communicent,
1082 1494 1268 1532 adiunxit:
1299 1497 1394 1533 nisi*

517 606 537 630 D
552 606 761 631 UNDECIMUM
776 606 828 630 SIC
839 605 1074 630 PROOEmTUR.
1086 593 1247 630 Videtur
1261 595 1368 643 quod
1423 597 1658 646 percipiendi
1687 599 1762 635 hoc
1782 609 2078 648 sacramentum,
2099 612 2140 640 ut
2160 617 2273 652 supra
2293 607 2311 628 ’³‘
2340 608 2479 645 dictum
2511 618 2589 658 7-.‘*“‘
2609 626 2624 638 ι»
2648 618 2674 638 ad
2696 625 2722 646 π

1424 658 1489 687 est.
1520 652 1567 687 Et
1595 650 1682 688 ideo
1703 651 1783 688 sine
1803 661 1895 689 voto
1924 655 2158 703 percipiendi
2178 658 2252 694 hoc
2272 672 2482 696 sacramen·
2512 649 2529 661 Ἠ
2548 659 2551 662 ’
2569 649 2587 663 ²

1423 710 1518 750 tum,
1549 716 1629 740 non
1656 712 1780 753 potest
1809 706 1957 743 homini
1987 720 2068 744 esse
2095 711 2206 745 salus.
2238 711 2391 748 Frustra
2419 727 2482 749 an-

1421 763 1498 792 tem
1520 764 1617 793 esset
1644 765 1780 794 votum
1808 758 1880 795 nisi
1910 759 2131 808 impleretur
2158 764 2314 811 quando
2344 778 2483 814 oppor—

1422 809 1562 846 tunitas
1599 810 1757 847 adesset.
1797 811 1844 847 Et
1880 811 1967 848 ideo
2006 814 2249 852 manifestum
2288 825 2341 853 est
2379 820 2481 866 quod

1423 862 1545 899 homo
1582 870 1732 899 tenetur
1768 865 1844 900 hoc
1881 875 2164 904 sacramentum
2203 881 2376 915 sumere,
2406 884 2481 907 non

1424 916 1550 951 solum
1571 928 1617 952 ex
1637 923 1774 953 statuto
1804 918 1995 955 Ecclesiae
2015 919 2045 966 ²¹²,
2066 921 2133 957 sed
2162 921 2276 958 etiam
2305 935 2349 959 ex
2377 935 2483 959 man·
2513 933 2722 970 'fssav-vu1s11ss2u-

1423 968 1512 1004 dato
1533 968 1702 1014 Domini,
1724 969 1892 1016 dicentis,
1912 972 2047 1008 Matth.
2068 985 2150 1010 xxvi
2171 973 2234 1011 5³²³:
2264 977 2354 1012 Hoc
2366 977 2485 1023 facilc¹
2514 962 2724 1022 lgiftsszfnsz'ssz:

1424 1022 1460 1057 in
1497 1034 1620 1058 meam
1652 1026 2054 1062 commemorationem.
2094 1027 2151 1063 Ex
2183 1035 2320 1065 statuto
2356 1036 2482 1066 autem
2514 1017 2574 1031 ’Μ’

1424 1074 1614 1111 Ecclesiae
1651 1083 1739 1112 sunt
1776 1076 2025 1114 determinata
2059 1086 2234 1128 tempora
2271 1083 2483 1130 exequendi
2512 1072 2723 1127 Ilz¹¹³1'*5§¹·2232².³;

1426 1126 1564 1163 Christi
1591 1136 1851 1177 praeceptum.
2512 1131 2602 1178 {}P·⁸'‘
2618 1132 2723 1153 v“⁵'²⁴'

1476 1180 1532 1216 AD
1562 1192 1696 1217 pannum
1725 1193 1822 1218 ERGO
1850 1194 2031 1220 DICENDUM
2069 1185 2188 1233 quod,
2218 1185 2313 1223 sicut
2341 1187 2483 1235 Grego-

1425 1231 1502 1269 rius
1530 1232 1632 1280 dicit,
1662 1233 1701 1270 in
1729 1235 1967 1282 Pastorali*,
1997 1236 2060 1273 illa
2089 1243 2139 1274 est
2166 1251 2255 1275 vera
2287 1241 2482 1287 humilitas,
2512 1249 2581 1267 ’Μ’
2604 1249 2618 1269 ¹-
2631 1255 2680 1275 cuv-
2693 1256 2723 1271 v1.

1424 1297 1508 1321 cum
1536 1286 1586 1322 ad
1612 1287 1856 1336 respuendum
1875 1289 1945 1324 hoc
1964 1290 2063 1338 quod
2088 1290 2220 1327 utiliter
2242 1295 2482 1341 praecipitur,

1418 1340 1596 1387 pertinax
1624 1352 1697 1375 non
1727 1346 1787 1376 est.
1818 1341 1865 1377 Et
1893 1340 1979 1378 ideo
2000 1354 2079 1378 non
2098 1351 2221 1391 potest
2244 1357 2325 1382 esse
2353 1347 2482 1384 lauda—

1423 1390 1507 1427 bilis
1542 1392 1734 1429 humilitas
1763 1393 1807 1430 si,
1830 1402 1961 1431 contra
1993 1404 2240 1444 praeceptum
2277 1397 2414 1435 Christi
2448 1410 2479 1435 et

1425 1444 1614 1481 Ecclesiae
1641 1445 1775 1494 aliquis
1795 1451 1809 1473 Υ
1838 1459 1860 1482 a
1880 1448 2156 1485 communione
2181 1450 2375 1487 abstineat.
2406 1453 2480 1489 Ne·
2606 1462 2620 1486 τ

1424 1509 1499 1546 que
1528 1497 1631 1534 enim
1670 1498 1893 1535 Centurioni
1925 1509 2174 1550 praeceptum
2208 1502 2277 1539 suit
2305 1511 2345 1540 ut
2375 1505 2481 1541 Chri—

1424 1558 1525 1586 stum
1552 1550 1591 1586 in
1620 1563 1688 1587 sua
1717 1551 1836 1588 domo
1866 1553 2059 1601 reciperet.

1475 1604 1531 1639 AD
1569 1615 1757 1640 SECUNDUM
1793 1617 1974 1642 DICENDUM
2011 1607 2118 1654 quod
2155 1607 2230 1644 hoc
2271 1621 2480 1646 sacramen-

1421 1663 1504 1692 tum
1524 1655 1661 1692 dicitur
1679 1669 1758 1693 non
1782 1669 1864 1693 esse
1888 1658 2117 1695 necessitatis
2141 1659 2236 1696 sicut
2259 1661 2480 1710 baptismus,

1422 1716 1611 1757 quantum
1630 1709 1678 1745 ad
1697 1721 1850 1758 pueros,
1872 1710 2013 1758 quibus
2031 1720 2156 1760 potest
2175 1725 2256 1750 esse
2282 1716 2382 1751 salus
2402 1714 2480 1752 sinc

1421 1762 1495 1798 hoc
1524 1770 1774 1808 sacramento,
1795 1774 1875 1800 non
1895 1771 2024 1800 autem
2053 1764 2133 1801 sine
2158 1775 2396 1804 sacramento
2418 1769 2480 1804 ba-

1419 1813 1559 1863 ptismi.
1590 1815 1791 1860 Quantum
1819 1828 1912 1852 vero
1942 1817 1990 1853 ad
2019 1817 2179 1864 adultos,
2201 1827 2407 1869 utrumque
2428 1831 2477 1857 est

1419 1874 1662 1904 necessstatls.

1471 1921 1529 1956 An
1548 1932 1706 1957 TERTHJM
1725 1933 1906 1958 DlCENDUM
1926 1923 2033 1970 quod
2059 1931 2278 1972 peccatores
2296 1937 2480 1974 magnum

1420 1972 1692 2011 detrimentum
1719 1973 1916 2023 patiuntur
1943 1987 1988 2012 ex
2017 1975 2093 2012 hoc
2112 1977 2218 2025 quod
2247 1980 2480 2027 repelluntur

1419 2037 1442 2063 a
1468 2026 1712 2075 perceptione
1749 2026 1865 2063 huius
1893 2029 2133 2066 sacramenti:
2171 2031 2275 2068 unde
2302 2044 2372 2080 per
2405 2034 2479 2068 hoc

1419 2091 1499 2116 non
1527 2086 1615 2115 sunt
1633 2078 1800 2116 melioris
1820 2081 2059 2118 conditionis.
2090 2084 2138 2120 Et
2156 2082 2240 2120 licet
2258 2083 2298 2120 in
2316 2084 2478 2133 peccatis

1418 2139 1687 2181 permanentes
1707 2144 1786 2169 non
1807 2142 2035 2171 excusentur
2052 2143 2210 2185 propter
2228 2137 2303 2174 hoc
2322 2150 2344 2174 a
2362 2145 2478 2174 trans-

1418 2184 1610 2233 gressione
1639 2185 1842 2234 praecepti,
1862 2187 2062 2235 poenitens
2090 2196 2230 2235 tamen,
2251 2189 2329 2239 qui,
2351 2198 2393 2227 ut
2421 2193 2477 2227 ln-
2498 2195 2615 2243 3²¹¹}ssss
2631 2196 2705 2223 ὑπ’·

2537 2228 2588 2241 nms
2617 2223 2705 2243 utrius-

1418 2237 1618 2274 nocentius
1637 2237 1657 2259 ’¹‘
1690 2237 1798 2286 dicit,
1826 2240 2027 2277 secundum
2056 2242 2249 2280 consilium
2280 2245 2478 2280 sacerdotis
2505 2255 2559 2295 {1¹¹⁶}-
2572 2248 2705 2285 “ervenit-

2543 2275 2551 2294 Ι
2561 2281 2639 2296 emis-x.

1418 2292 1571 2328 abstinet
1589 2289 1614 2335 δ,
1644 2299 1856 2328 excusatur.
2602 2302 2615 2325 ὀ

1415 2408 1455 2429 est
1479 2405 1503 2429 si
1527 2405 1624 2437 aliquis
1648 2406 1678 2435 E,
1702 2406 1777 2431 sed...
1801 2405 1826 2430 si
1848 2406 1945 2438 aliquis
1970 2406 2078 2431 omnino
2106 2407 2173 2439 HpG
2197 2413 2222 2432 et
2241 2409 2278 2436 bc,
2302 2409 2353 2434 si...
2380 2410 2476 2441 aliquis

1414 2440 1523 2465 omnino
1544 2440 1644 2465 PFlsG.

1467 2474 1492 2507 δ)
1510 2476 1631 2501 abstinet.
1657 2490 1676 2494 —
1700 2476 1735 2505 Ἐς
1753 2476 1778 2500 si
1793 2477 1939 2501 abstineret
1957 2477 1988 2506 Α,
2006 2477 2031 2502 si
2048 2477 2163 2503 abstinet
2188 2479 2284 2509 BCDE,
2304 2479 2328 2504 si
2344 2480 2475 2505 abstineat

1413 2511 1453 2535 ed.
1472 2519 1497 2540 a,
1517 2511 1698 2542 (Paenitentes
1717 2512 1787 2536 PlsG
1806 2517 1831 2536 et
1849 2512 1917 2544 bc...)
1936 2513 2071 2538 abstinent
2089 2514 2279 2546 (excusantur)
2298 2516 2380 2541 tertia.

971 2589 1306 2623 Commentaria
1328 2589 1579 2623 cardinalis
1599 2590 1802 2623 Caietam

11 2685 14 2687 >
52 2661 55 2691 }
82 2671 108 2694 ¹¹¹
123 2676 229 2700 eorpore.
302 2694 307 2710 ,Ι
329 2680 350 2700 n
373 2669 507 2700 articulo
531 2668 706 2700 undecimo
730 2669 874 2700 eiusdem
898 2670 1104 2710 quaestionis,
1130 2671 1212 2700 circa
1239 2670 1318 2700 illud
1333 2671 1359 2706 *‚

58 2709 62 2712 ’
303 2681 468 2753 IFrustra
492 2719 703 2749 autem-esset
725 2719 834 2745 votum
858 2714 920 2744 nisi
943 2715 1131 2755 impleretur
1153 2714 1281 2755 quando
1305 2724 1359 2754 op-

291 2758 481 2800 portunitas
504 2758 637 2794 adesset,
663 2758 789 2789 adverte
813 2758 903 2798 quod
926 2760 1149 2799 opportunitas
1172 2769 1239 2788 non
1263 2759 1360 2789 sumi-

68 2800 70 2803 ’
94 2792 175 2813 ”””””
296 2808 349 2834 tur
363 2803 416 2833 hic
431 2812 490 2842 pro
515 2798 745 2833 commoditate
762 2803 839 2839 sola,
856 2802 912 2833 sed
930 2804 1038 2834 iuncta
1061 2803 1256 2833 necessitati:
1282 2813 1318 2833 ac
1334 2803 1359 2832 si

1414 2671 1508 2701 huius
1521 2671 1708 2701 sacramenti
1724 2672 1763 2701 sit
1779 2671 1818 2701 de
1830 2673 2015 2702 necessitate
2028 2673 2146 2709 salutis,
2158 2673 2303 2713 procedit
2311 2684 2319 2710 ;
2336 2675 2472 2705 secunda

1414 2721 1521 2745 autem
1545 2724 1583 2745 ex
1606 2715 1757 2746 mandato
1782 2715 1924 2752 Domini,
1947 2716 2023 2746 Hoc
2037 2717 2145 2758 facite
2169 2717 2200 2747 in
2221 2727 2322 2748 meam
2339 2728 2472 2749 comme—

1413 2759 1636 2789 morationem.
1661 2759 1736 2789 Non
1761 2765 1887 2799 oportet
1909 2765 2079 2800 propterea
2101 2762 2244 2802 accipere
2266 2763 2320 2792 has
2336 2764 2473 2793 rationes

1413 2808 1448 2832 ut
1471 2803 1638 2833 coactivas,
1674 2803 1838 2841 Quoniam
1866 2805 2001 2844 primam
2028 2811 2136 2845 posset
2160 2807 2230 2845 quis
2255 2806 2470 2846 subterfugere

297 2846 464 2883 diceretur,
489 2847 618 2887 quando
643 2857 723 2887 opus
746 2852 835 2877 esset.
860 2847 942 2877 Dico
967 2853 1074 2878 autem
1096 2848 1159 2877 hoc
1184 2848 1258 2886 quia
1282 2856 1358 2877 con—
1384 2860 1386 2903 Ι
1413 2846 1549 2877 dicendo
1566 2847 1665 2886 quod,
1682 2847 1755 2877 licet
1770 2848 1974 2878 manducatio
1991 2850 2158 2889 spiritualis
2177 2851 2270 2880 huius
2287 2853 2470 2881 sacramenti

297 2897 357 2922 stat
381 2893 647 2922 communionem
675 2901 742 2922 non
766 2901 833 2921 esse
859 2892 894 2921 in
916 2898 1088 2932 praecepto
1120 2892 1246 2931 quoties
1270 2901 1359 2922 com·
1413 2891 1538 2921 claudat
1569 2892 1602 2921 in
1632 2901 1665 2921 se
1696 2897 1808 2922 votum
1838 2892 2093 2923 manducationis
2124 2895 2373 2930 sacramentalis,
2405 2905 2469 2925 non

5 2950 8 2971 η,
60 2963 62 2965 ,
295 2935 434 2966 moditas
451 2936 713 2966 communicandi
731 2935 832 2966 adest:
858 2945 933 2966 cum
949 2937 988 2966 sit
1002 2941 1209 2976 praeceptum
1226 2935 1359 2966 affirma-

295 2981 409 3016 tivum,
423 2980 567 3020 obligans
589 2990 627 3010 ex
650 2986 761 3010 natura
784 2989 839 3010 sua
855 2985 1011 3020 tempore,
1028 2990 1095 3010 non
1112 2979 1358 3016 commoditatis,

286 3023 353 3055 sed
375 3025 581 3055 necessitatis.

5 3091 9 3107 ,
94 3103 97 3106 Α
352 3068 452 3107 Quod
475 3074 583 3099 autem
607 3069 646 3099 sit
668 3068 747 3098 illud
763 3074 890 3108 tempus
906 3069 1109 3103 necessitatis,
1127 3077 1200 3098 curn
1218 3068 1359 3098 Ecclesia

6 3105 11 3145 ,J
55 3115 89 3142 -ἑ,
103 3111 271 3161 &washu-
296 3113 360 3144 iam
384 3113 639 3143 determinaverit
654 3113 693 3143 ad
708 3113 805 3143 semel
829 3113 860 3142 in
885 3121 972 3142 anno
990 3113 1015 3148 θ’,
1032 3122 1099 3142 non
1123 3117 1250 3152 oportet
1273 3112 1358 3142 solli-

6 3164 8 3191 2'
114 3156 165 3188 aet‘·
190 3179 191 3182 ,
205 3145 272 3188 tuf*
297 3157 397 3188 citum
418 3167 496 3188 esse.
521 3157 676 3188 Curiosus
692 3163 799 3187 tamen
815 3156 991 3196 disputator
1007 3166 1044 3186 ex
1060 3157 1108 3186 his
1125 3165 1206 3195 quae
1223 3155 1262 3186 de
1277 3161 1357 3186 tem-

6 3229 12 3239 ,,
51 3200 69 3228 ³3
81 3204 217 3254 ffl‘'¹¹¹’
227 3209 270 3228 art.
296 3211 376 3242 pore
391 3207 524 3242 urgente
540 3201 667 3233 adultos
683 3201 722 3232 ad
738 3201 932 3241 baptismum
948 3201 1062 3240 scripta
1078 3205 1151 3230 sunt
1163 3201 1189 3235 “’,
1206 3200 1355 3230 inveniet.

53 3240 65 3265 'r
154 3236 225 3254 '‘⁰‘'
352 3245 389 3276 11.
413 3245 552 3276 Adverte
574 3246 637 3276 hoc
660 3247 694 3276 in
717 3245 792 3276 loco
818 3245 900 3275 hanc
923 3245 1087 3274 materiam
1113 3253 1180 3274 non
1207 3253 1357 3284 apparere

296 3298 530 3330 usquequaque
554 3290 680 3320 claram.
705 3289 869 3327 Quoniam
892 3288 985 3319 multi
1001 3288 1157 3324 doctores,
1183 3293 1213 3317 et
1236 3288 1358 3318 Auctor

295 3333 330 3365 in
353 3333 396 3364 tv
411 3333 509 3370 Sent„
534 3333 604 3364 dist.
623 3344 665 3370 1x,
690 3343 744 3373 qu.
762 3343 782 3369 1,
799 3339 855 3363 art.
877 3341 887 3363 1
909 3334 935 3369 ⁹,
959 3337 1069 3362 tenent
1092 3332 1357 3362 communionem

295 3386 363 3409 non
388 3387 456 3409 esse
479 3387 517 3408 ex
540 3377 668 3414 Christi,
692 3377 747 3408 sed
763 3377 923 3408 Ecclesiae
944 3381 1115 3416 praecepto
1138 3377 1356 3406 necessariam.

296 3421 338 3452 Et
359 3423 496 3452 rationes
519 3423 552 3452 in
568 3422 669 3452 littera
693 3421 802 3452 allatae
823 3421 992 3451 inferentes
1009 3421 1273 3451 communionem
1290 3429 1356 3451 esse

296 3466 355 3496 sub
381 3472 553 3506 praecepto
585 3465 717 3500 Christi,
747 3465 927 3505 probabiles
957 3471 1039 3495 sunt.
1074 3464 1157 3494 Nam
1186 3465 1288 3504 prima
1319 3474 1357 3495 ex

297 3511 511 3541 communiter
535 3508 697 3546 confessis,
722 3509 842 3540 scilicet
865 3508 954 3549 quod
969 3508 1173 3539 manducatio
1189 3508 1356 3548 spiritualis

50 3306 61 3370 ,¹
83 3333 137 3362 Qu*
150 3339 171 3356 2.

1413 2941 1540 2974 oportet
1563 2941 1668 2965 tamen
1689 2935 1778 2975 quod
1793 2937 1999 2967 manducatio
2015 2938 2194 2978 spiritualis
2213 2939 2332 2969 Christi
2347 2939 2468 2969 claudat

1412 2979 1444 3009 in
1475 2989 1508 3009 se
1535 2985 1648 3009 votum
1679 2979 1933 3010 manducationis
1964 2982 2205 3012 sacramentalis.
2239 2983 2354 3022 Angeli
2386 2985 2470 3013 enim

1412 3023 1606 3053 manducant
1628 3024 1829 3063 spiritualiter
1853 3024 2031 3055 Christum:
2057 3031 2087 3055 et
2109 3035 2176 3056 non
2192 3026 2386 3057 manducant
2409 3029 2469 3066 spi-

1412 3067 1563 3097 ritualiter
1582 3068 1645 3097 hoc
1661 3073 1904 3104 sacramentum,
1921 3079 1980 3099 nec
1996 3069 2113 3099 habent
2128 3076 2241 3100 votum
2257 3070 2467 3101 manducandi

1412 3112 1685 3142 sacramentaliter.
1721 3112 1761 3142 Et
1791 3113 1932 3143 similiter
1962 3113 2080 3143 habens
2110 3114 2301 3154 baptismum
2333 3116 2365 3144 in
2393 3122 2469 3144 voto

1411 3161 1546 3191 tantum,
1571 3155 1742 3186 manducat
1764 3157 1965 3196 spiritualiter
1989 3157 2170 3188 Christum:
2195 3164 2226 3188 et
2249 3161 2315 3188 non
2339 3159 2396 3189 nisi
2423 3169 2468 3189 re·

1411 3200 1587 3230 motissime
1618 3200 1712 3230 habet
1734 3201 1768 3230 in
1791 3206 1867 3231 voto
1895 3201 2178 3233 manducationem
2200 3204 2467 3233 sacramentalem.

1412 3244 1568 3274 Doctores
1592 3250 1709 3279 autem,
1734 3246 1947 3276 communiter
1962 3246 2138 3286 loquendo,
2159 3246 2338 3278 indistincte
2354 3256 2466 3278 vocam

1411 3288 1605 3327 spiritualem
1628 3288 1909 3320 manducationem
1926 3289 2051 3326 Christi,
2076 3296 2108 3320 et
2125 3291 2319 3330 spiritualem
2335 3292 2470 3321 mandu-

1412 3333 1571 3362 cationem
1602 3333 1789 3363 sacramenti
1819 3333 2050 3370 Eucharistiae,
2082 3344 2118 3365 ac
2142 3335 2167 3365 si
2198 3344 2299 3365 unum
2327 3341 2358 3366 et
2383 3335 2466 3366 idem

1411 3382 1524 3412 essent,
1549 3377 1715 3407 communi
1730 3378 1862 3408 nomine
1878 3378 2068 3418 appellando
2085 3384 2254 3419 utramque
2269 3379 2467 3419 spiritualem

1411 3420 1689 3451 manducationem
1706 3421 1853 3461 corporis
1869 3427 1900 3452 et
1909 3423 2080 3464 sanguinis
2091 3423 2245 3454 Domini:
2260 3433 2334 3454 cum
2350 3430 2467 3454 tamen.

1410 3464 1583 3495 formaliter
1598 3465 1774 3505 loquendo,
1787 3465 2019 3506 distinguantur
2034 3466 2216 3503 formaliter,
2234 3468 2388 3507 quoniam
2404 3478 2468 3498 unu

1410 3509 1536 3549 respicit
1559 3519 1675 3550 corpus
1692 3509 1808 3540 Christi
1823 3511 1994 3551 mysticum
2011 3511 2164 3548 absolute,
2181 3512 2275 3542 altera
2290 3521 2366 3542 vero
2382 3511 2465 3543 idem
