2918 4088
69 777 81 786 ¹
95 774 132 797 ef.
146 779 210 796 num.
225 779 254 796 vi.

56 1784 71 1796 ⁸
84 1783 120 1807 ct.
137 1789 201 1807 nnn.
215 1790 256 1807 vn.

17 1896 19 1898 -
54 1918 203 1944 ‘Nm-iu.

52 2183 134 2207 wia.

0 2213 6 2266 ,⁷
52 2215 148 2260 ῗηι
200 2220 273 2266 ἧι·

0 2269 5 2285 :
54 2266 167 2292 namq

141 2189 158 2212 ι,
166 2189 218 2213 cap.

53 2493 66 2506 *
79 2492 148 2516 Num.
169 2498 204 2520 ιιι,
218 2493 266 2516 De-

0 2540 5 2542 .
52 2519 140 2542 clarat.

1004 215 1267 262 QUAESTIO
1297 215 1414 262 LXII,
1445 214 1737 253 ARTICULUS
1765 217 1780 252 1
2442 229 2484 255 21

370 292 516 323 Declarat
538 297 646 323 autem
669 293 742 328 hoc,
761 293 880 323 scilicet
904 292 993 333 quod
1016 294 1083 324 sine
1099 303 1172 324 vera
1195 293 1376 324 causalitate

313 337 415 376 possit
430 335 492 367 dici
507 345 602 367 causa
624 337 880 367 instrumentalis.
897 337 985 367 Tum
1001 338 1076 377 quia
1093 338 1243 368 meritum
1263 336 1377 366 dicitur

313 389 408 411 causa
439 381 588 420 praemii:
614 386 645 411 et
666 386 774 411 tamen
803 390 871 411 non
900 381 995 411 efficit
1026 381 1114 411 illud.
1136 398 1160 403 -
1182 381 1270 410 Tum
1301 380 1376 420 quia

313 430 422 455 motus
444 423 559 455 dicitur
582 434 676 455 causa
698 425 840 455 termini:
865 430 896 455 et
912 430 1020 455 tamen
1034 434 1102 454 non
1118 424 1214 454 efficit
1236 424 1337 454 illurn.
1352 441 1375 446 -

313 468 400 498 Tum
424 468 499 508 quia
521 478 594 499 vere
618 468 753 499 dicimus
777 468 866 508 quod
888 478 946 508 per
968 473 1094 498 motum
1117 468 1290 507 acquiritur
1313 473 1374 498 ter-

312 513 435 548 minus,
459 517 491 542 et
513 522 571 552 per
592 513 742 543 meritum
774 513 947 552 acquiritur
978 513 1175 551 praemium:
1207 517 1238 542 et
1267 516 1374 542 tamen

310 561 462 586 neutrum
485 561 533 586 est
555 566 649 587 causa
669 565 742 587 vere
765 556 1021 587 instrumentalis.
1046 556 1086 586 Et
1102 555 1165 585 hoc
1181 555 1299 586 directe
1313 556 1374 586 mi-

310 600 379 630 litat
393 605 504 630 contra
526 601 684 631 rationem
706 601 826 631 litterae
848 605 1009 640 sumptam
1033 609 1071 630 ex
1094 599 1195 629 modo
1218 599 1373 639 loquendi

311 652 386 674 cum
409 644 462 674 illa
483 645 720 684 praepositione
738 653 810 685 per.

366 688 418 718 IV.
442 687 556 728 Arguit
578 693 740 728 praeterea
761 693 872 718 contra
895 687 1138 719 conclusionem
1164 687 1372 727 principalem

310 732 406 762 huius
423 731 554 768 litterae,
571 732 700 768 scilicet,
716 732 961 762 Sacramentum
975 736 1024 762 est
1041 740 1115 761 vere
1130 740 1230 761 causa
1254 731 1373 761 instru-

309 776 493 806 mentaliter
514 785 617 818 agens
638 776 683 806 ad
702 776 847 817 gratiam
862 776 888 805 *.
914 775 955 805 Et
970 780 1195 815 argumentum
1215 784 1310 806 suum
1327 780 1373 805 est

310 829 348 850 ex
370 825 459 860 parte
482 819 623 850 effectus.
654 820 721 850 Aut
743 824 977 850 sacramentum
1004 819 1127 858 attingit
1148 820 1372 849 instrumenta-

308 864 378 894 liter
393 863 518 904 agendo
539 864 642 903 ipsam
664 864 796 903 gratiam
818 869 943 903 gratum
966 863 1145 898 facientem,
1162 868 1217 893 aut
1232 863 1372 903 aliquam

308 907 551 948 dispositionem
582 908 753 948 praeviam.
786 907 862 938 Non
884 913 991 947 potest
1020 906 1081 937 dici
1113 907 1271 947 primum:
1297 908 1372 947 quia

305 951 405 991 gratia
427 956 566 987 creatur,
591 956 623 981 et
645 951 733 982 nulla
760 956 902 982 creatura
931 956 1039 991 potest
1062 951 1157 981 etiam
1179 951 1371 982 instrumen-

305 995 408 1025 taliter
431 1003 546 1026 creare.

361 1039 429 1069 Nec
451 1044 558 1079 potest
581 1038 643 1069 dici
665 1038 854 1070 secundum.
888 1039 976 1069 Tum
1005 1039 1082 1079 quia
1112 1038 1278 1079 dispositio
1307 1039 1369 1075 illa,

306 1091 381 1113 cum
411 1084 450 1114 sit
479 1082 583 1113 forma
615 1084 877 1123 supematuralis‚
902 1089 949 1114 est
979 1092 1082 1123 aeque
1115 1083 1258 1113 creabilis
1289 1084 1371 1114 sicut

305 1127 412 1167 gratia.
446 1145 471 1150 -
508 1127 595 1157 Tum
627 1129 702 1168 quia
733 1128 914 1158 subiectum
947 1133 993 1158 est
1025 1136 1127 1167 aeque
1161 1128 1194 1157 in
1226 1128 1370 1168 potentia

305 1170 509 1202 obedientiali
532 1170 572 1201 ad
594 1171 680 1202 illam
711 1171 965 1212 dispositionem.
995 1190 1019 1193 —
1042 1171 1129 1201 Tum
1159 1172 1235 1211 quia
1263 1171 1370 1212 dispo-

304 1215 377 1245 sitio
407 1214 460 1245 illa
491 1215 681 1255 producitur
703 1216 737 1246 in
759 1216 905 1246 instanti:
940 1221 1134 1246 sacramenta
1165 1221 1272 1246 autem
1301 1225 1369 1246 non

302 1264 440 1299 possunt
462 1268 554 1300 agere
577 1260 611 1290 in
634 1260 771 1290 instanti.
799 1260 840 1290 Et
864 1261 889 1290 si
913 1265 1051 1300 ponatur
1073 1258 1209 1300 produci
1232 1261 1266 1290 in
1289 1265 1370 1290 tem-

302 1312 393 1343 pore,
417 1303 524 1334 Deum
547 1313 641 1343 agere
663 1305 696 1334 in
720 1309 866 1344 tempore
888 1305 1084 1334 inconvenit.

358 1347 473 1388 Arguit
494 1353 657 1390 praeterea
686 1353 797 1378 contra
825 1348 912 1379 idem
942 1348 1166 1379 descendendo
1193 1348 1369 1388 specialiter

302 1390 343 1422 ad
370 1397 605 1422 sacramentum
636 1392 861 1425 Eucharistiae.
894 1392 981 1430 Quia
1013 1393 1303 1423 transubstantiatio
1332 1392 1369 1423 fit

302 1435 371 1466 sola
385 1434 510 1466 infinita
532 1437 666 1466 virtute:
691 1445 759 1466 non
774 1437 881 1467 minus
905 1446 1003 1476 quam
1026 1437 1153 1467 creatio.
1178 1437 1246 1466 Nec
1261 1441 1369 1476 potest

302 1478 380 1520 fingi
408 1480 443 1510 in
465 1489 548 1520 pane
579 1480 746 1520 dispositio
776 1481 969 1511 necessitans
997 1480 1036 1511 ad
1063 1481 1368 1510 transubstantiatio-

301 1532 396 1554 nem:
422 1525 577 1564 quoniam
597 1524 764 1564 dispositio
788 1525 980 1555 necessitans
997 1530 1043 1555 est
1058 1525 1091 1554 in
1108 1524 1224 1554 eodem
1239 1525 1372 1554 instanti

301 1576 376 1601 cum
399 1569 549 1598 termino.

354 1611 529 1647 Praeterea,
546 1613 579 1642 in
601 1611 669 1642 aliis
692 1613 895 1642 sacramentis
919 1617 1081 1651 oporteret
1103 1612 1260 1651 assignare
1284 1621 1367 1651 quae

299 1655 340 1686 sit
361 1655 420 1686 ista
442 1655 610 1695 dispositio
638 1663 722 1695 quae
744 1656 1025 1686 instrumentaliter
1055 1660 1202 1686 causatur
1224 1665 1242 1685 a
1265 1664 1367 1685 sacra-

298 1699 425 1730 mentis.

306 1780 309 1782 K
353 1743 496 1774 Demum
523 1743 626 1784 arguit
653 1743 743 1784 quod
774 1743 935 1784 superflue
965 1744 1098 1783 ponitur
1119 1744 1178 1773 ista
1202 1744 1366 1774 causalitas

297 1787 332 1818 in
347 1788 549 1818 sacramentis
561 1788 588 1818 *.
605 1787 690 1825 Quia
705 1788 777 1819 sine·
792 1788 870 1828 ipsa,
888 1797 925 1818 ex
941 1788 1116 1818 assistentia
1134 1786 1239 1818 divina
1255 1788 1365 1818 Eccle-

298 1831 521 1865 siaerevelata
544 1831 578 1862 in
601 1832 841 1873 operationibus
865 1831 1153 1866 sacramentalibus,
1173 1832 1283 1862 omnia
1306 1831 1365 1862 sal-

296 1876 413 1906 vantur
434 1874 474 1906 ad
495 1881 692 1906 sacramenta
713 1880 745 1906 et
768 1880 882 1906 eorum
906 1875 1037 1906 effectus
1060 1875 1220 1915 requisita.

340 1919 392 1950 'V.
415 1918 468 1950 Ad
489 1921 595 1960 primo
618 1920 743 1951 obiecta
763 1920 851 1951 Scoti
867 1921 884 1937 ⁹
907 1921 1042 1950 breviter
1064 1919 1301 1960 respondendo,
1318 1920 1366 1951 di-

297 1964 379 1999 citur
394 1963 494 2004 quod,
511 1973 587 1996 cum
601 1965 670 2005 ipse
685 1973 755 1995 non
770 1964 869 1995 salvet
887 1969 1121 1995 sacramentum
1141 1973 1269 1995 causam
1285 1974 1364 2001 esse,

266 2043 272 2051 ι
296 2007 353 2040 sed
368 2017 497 2043 causam
520 2008 602 2046 dici;
626 2014 658 2039 et
674 2009 709 2039 in
723 2009 854 2039 veritate
875 2018 944 2039 non
966 2009 1028 2039 nisi
1050 2009 1178 2048 signum
1199 2008 1363 2039 infallibile

295 2052 504 2093 praeceptum
527 2053 646 2093 suscipi
669 2058 808 2093 ponatur
831 2052 871 2083 ad
894 2052 1044 2084 effectum
1067 2053 1270 2083 sacramenti:
1295 2063 1362 2084 non

295 2095 408 2127 satisfit
429 2096 669 2128 auctoritatibus
699 2097 891 2128 Sanctorum
921 2096 1099 2128 dicentibus
1129 2102 1362 2128 sacramentum

296 2148 365 2171 esse
387 2141 515 2181 signum
538 2146 570 2172 et
592 2149 721 2172 causam
750 2141 941 2172 efficientem
968 2141 1137 2181 signatum,
1161 2146 1198 2171 ut
1220 2146 1307 2181 patet
1329 2142 1362 2172 in

295 2180 339 2215 IV
361 2184 601 2216 Sententiarum
617 2187 644 2216 ⁶.

351 2229 438 2260 Cum
466 2239 542 2270 ergo
572 2230 721 2261 obiicitur
750 2231 855 2270 primo
887 2229 977 2270 quod
1004 2235 1239 2260 sacramentum
1267 2230 1363 2260 habet

293 2274 452 2305 rationem
474 2274 702 2315 dispositionis,
724 2273 937 2314 respondetur
959 2273 1049 2314 quod
1071 2283 1139 2304 non
1156 2279 1238 2304 esset
1253 2273 1361 2314 dispo—

294 2317 367 2348 sitio
390 2317 451 2348 nisi
479 2317 602 2349 ratione
630 2318 830 2349 obedientiae
861 2328 926 2358 qua
953 2324 1161 2359 praeceptum
1192 2318 1362 2358 suscipitur

293 2362 431 2402 signum.
453 2361 494 2392 Et
509 2367 679 2403 propterea
694 2361 810 2393 falsum
826 2367 873 2393 est
889 2361 979 2403 quod
994 2362 1100 2403 ipsum
1116 2367 1359 2399 sacramentum,

293 2415 351 2436 seu
373 2405 458 2437 illius
481 2407 658 2447 susceptio,
683 2406 917 2440 secundum,se
942 2412 1023 2437 esset
1045 2406 1212 2446 dispositio
1235 2406 1269 2436 in
1293 2415 1360 2437 esse

293 2450 379 2486 reali,
402 2451 626 2491 nisi-Iponatur
647 2451 771 2482 realiter
794 2460 898 2481 causa.

348 2494 400 2526 Ad
414 2494 592 2526 secundum
607 2505 696 2531 vero,
713 2495 753 2526 de
768 2496 882 2526 merito
898 2496 925 2531 θ,
942 2495 1057 2526 dicitur
1081 2494 1179 2535 quod,
1196 2495 1271 2525 licet
1292 2505 1359 2525 me-

293 2538 391 2568 ritum
414 2539 454 2569 sit
476 2548 571 2569 causa
593 2545 630 2570 ut
652 2540 732 2570 ratio
764 2549 827 2580 qua
855 2540 1000 2579 operanti
1029 2544 1076 2569 est
1103 2539 1247 2569 debitum
1270 2548 1360 2579 prae-

293 2583 407 2618 mium,
431 2587 463 2613 et
484 2589 655 2624 propterea
677 2583 791 2614 dicitur
814 2593 909 2614 causa
931 2583 1080 2624 praemii,
1105 2588 1229 2614 constat
1252 2588 1359 2613 tamen

293 2626 444 2656 meritum
476 2635 544 2656 non
577 2626 702 2658 efficere
733 2628 931 2668 praemium:
965 2627 1119 2667 quoniam
1152 2627 1279 2658 aliunde
1313 2633 1359 2658 est

292 2671 417 2706 mereri,
435 2675 465 2700 et
480 2670 608 2701 aliunde
630 2672 814 2711 praemiare.
838 2671 880 2701 Et
893 2677 1062 2711 propterea
1085 2681 1153 2701 non
1174 2671 1277 2702 obstat
1295 2671 1358 2702 hoc

292 2715 478 2755 proposito,
514 2715 570 2744 ubi
604 2714 644 2745 de
679 2725 773 2746 causa
807 2715 964 2746 efficiente
997 2715 1176 2746 secundum
1210 2725 1278 2746 rem
1312 2721 1359 2746 est

294 2759 450 2799 quaestio.

347 2803 399 2833 Ad
422 2804 561 2839 tertium,
578 2802 618 2834 de
641 2808 744 2840 motu,
768 2802 883 2834 dicitur
906 2803 1005 2843 quod,
1023 2804 1099 2843 quia
1120 2809 1229 2834 motus
1251 2809 1358 2844 potest

292 2847 377 2878 sumi
406 2848 507 2878 active
530 2847 580 2878 vel
612 2848 734 2888 passive
756 2847 807 2877 vel
839 2847 1002 2883 absolute;
1034 2853 1065 2877 et
1093 2857 1151 2888 per
1175 2849 1357 2878 motionem

292 2891 428 2922 activam
459 2892 573 2932 procul
604 2891 703 2922 dubio
735 2891 878 2921 effective
900 2890 936 2920 fit
959 2891 1127 2927 terminus3
1151 2901 1209 2931 per
1230 2896 1356 2922 motum

292 2941 400 2966 autem
423 2935 608 2976 simpliciter
629 2936 680 2966 vel
703 2936 825 2975 passive
849 2944 916 2965 non
941 2933 1100 2970 effective,
1125 2934 1180 2965 sed
1203 2939 1356 2975 tanquam

291 2988 350 3020 per
383 2980 468 3010 viam
501 2979 675 3020 acquiritur
709 2980 883 3010 terminus:
923 2978 997 3009 ideo
1032 2984 1255 3018 argumentum
1288 2989 1357 3009 non

292 3024 397 3054 obstat
424 3025 640 3064 propositioni
670 3033 734 3064 qua
763 3024 862 3054 utitur
885 3024 1008 3053 Auctor
1030 3023 1063 3053 in
1086 3022 1150 3053 hoc
1177 3023 1355 3063 proposito,

291 3068 429 3099 scilicet:
463 3067 552 3100 Illud
577 3069 715 3109 proprie
745 3068 864 3098 dicitur
895 3068 1157 3103 instrumentum,
1181 3076 1245 3107 per
1271 3067 1358 3108 quod

292 3122 395 3154 agens
417 3112 560 3154 effective
584 3117 748 3153 operatur.

346 3154 388 3187 Et
410 3165 469 3197 per
490 3157 554 3188 hoc
577 3161 664 3197 patet
686 3157 852 3197 responsio
877 3155 916 3186 ad
939 3155 1103 3191 ultimum,
1129 3159 1239 3185 contra
1262 3156 1356 3185 ratio-

291 3209 367 3231 nem
383 3199 423 3231 de
438 3200 539 3231 modo
562 3200 727 3241 loquendi.
751 3200 916 3239 Quoniam
931 3209 998 3230 non
1015 3199 1111 3230 sumit
1132 3204 1355 3239 argumentum

292 3245 416 3275 Auctor
439 3254 476 3276 ex
500 3245 532 3286 ly
549 3254 614 3286 per
635 3245 790 3281 absolute,
815 3244 871 3275 sed
894 3244 1053 3285 applicato
1077 3243 1116 3274 ad
1139 3243 1172 3273 id
1194 3252 1251 3283 per
1267 3243 1356 3283 quod

293 3288 433 3320 efficiens
456 3295 616 3330 operatur.

347 3333 401 3364 Vl.
423 3333 476 3364 Ad
498 3338 685 3374 argumenta
707 3332 850 3364 secundo
874 3333 949 3363 loco
972 3331 1118 3368 inducta,
1142 3337 1253 3362 contra
1276 3341 1354 3363 con—

1430 293 1532 331 priam
1563 295 1767 330 sententiam,
1798 295 1893 335 longe
1926 296 2017 326 altius
2050 298 2161 332 sensit,
2191 307 2334 337 expresse
2365 307 2489 338 ponens

1430 337 1561 374 gratiam
1584 343 1708 377 gratum
1732 338 1910 375 facientem,
1929 349 1991 378 qua
2007 340 2125 370 scilicet
2141 341 2241 371 homo
2258 341 2293 371 fit
2308 343 2488 373 membrum

1430 379 1557 416 Christi,
1582 386 1613 411 et
1636 391 1700 421 qua
1722 391 1833 412 sumus
1863 383 1987 413 divinae
2018 389 2147 414 naturae
2179 391 2352 421 consortes,
2377 396 2394 415 a
2418 386 2487 416 Deo

1429 425 1643 464 principaliter
1666 432 1696 455 et
1720 435 1738 456 a
1760 432 1957 457 sacramento
1988 428 2265 458 instrumentaliter
2289 429 2379 459 effici.
2403 448 2426 452 —
2449 430 2489 460 Et

1429 467 1635 499 confirmatur
1666 470 1747 506 clare
1777 471 1858 500 hanc
1890 479 1956 500 esse
1987 480 2077 501 suam
2100 472 2311 502 intentionem
2334 483 2371 503 ex
2395 474 2487 504 titulo

1429 513 1640 552 quaestionis,
1670 514 1725 543 ubi
1755 513 1918 554 distinguit
1948 515 2030 545 hanc
2060 517 2280 555 quaestionem
2303 526 2320 546 a
2343 519 2488 556 sequenti

1426 565 1484 596 per
1507 557 1570 587 hoc
1594 557 1683 597 quod
1706 567 1793 588 nunc
1817 559 1978 598 quaeritur
2001 558 2039 589 de
2063 558 2252 590 sacramenti
2273 560 2387 590 effectu
2403 563 2487 600 prin-

1428 600 1539 640 cipali,
1564 602 1620 641 qui
1651 606 1698 631 est
1726 602 1840 641 gratia,
1870 607 1948 632 tunc
1977 608 2084 633 autem
2115 609 2284 643 quaeretur
2311 603 2349 634 de
2373 604 2487 636 effectu

1427 644 1633 681 secundario,
1658 646 1714 685 qui
1744 651 1791 676 est
1820 646 1994 682 character,
2020 646 2059 676 de
2090 656 2156 686 quo
2185 653 2216 678 et
2242 653 2356 678 ornatu
2386 649 2487 679 simile

1427 688 1542 718 dicitur
1573 698 1641 719 esse
1672 689 1827 720 iudicium
1856 691 1889 720 in
1918 690 1960 720 IV
1983 690 2069 721 Sent.
2087 692 2120 727 *,
2152 691 2260 731 quoad
2288 698 2486 732 praesentem

1427 733 1659 772 quaestionem.
1682 751 1705 755 —
1728 733 1769 763 Et
1784 733 1990 765 confirmatur
2012 735 2075 765 hoc
2098 735 2184 765 idem
2201 745 2238 765 ex
2253 737 2398 775 sequenti
2415 738 2486 767 arti-

1426 776 1501 806 culo
1525 777 1620 807 huius
1643 778 1854 817 quaestionis,
1878 779 1934 808 ubi
1956 779 2054 818 gratia
2083 780 2315 810 sacramentalis
2336 789 2404 810 non
2427 790 2486 820 po-

1426 821 1512 850 nitur
1542 820 1718 860 dispositio,
1752 821 1824 857 sed,
1849 827 1886 852 ut
1907 823 2027 862 patebit
2041 824 2067 858 ⁴,
2091 823 2216 854 nullum
2247 824 2405 854 habituale
2429 824 2486 855 do-

1425 873 1506 894 num
1529 864 1615 895 addit
1637 874 1732 905 supra
1754 866 1886 905 gratiam
1909 872 2032 906 gratum
2057 866 2236 897 facientem.

1480 908 1531 938 Ad
1548 910 1763 940 obiectionem
1782 915 1890 940 autem
1906 910 1995 950 quod
2010 911 2098 940 nulla
2114 916 2255 941 creatura
2270 917 2375 951 potest
2391 913 2485 943 etiam

1425 953 1705 983 instrumentaliter
1728 963 1843 989 creare,
1859 954 2070 994 respondetur
2092 955 2154 985 hoc
2179 955 2406 986 concedendo:
2430 956 2486 987 sed

1425 996 1572 1036 negando
1597 997 1686 1037 quod
1708 999 1806 1037 gratia
1831 999 1960 1038 proprie
1988 1004 2120 1029 creetur.
2153 999 2252 1037 Quod
2275 1005 2361 1039 patet
2384 1009 2422 1030 ex
2445 1010 2484 1030 eo

1425 1040 1523 1080 quod,
1540 1050 1615 1071 cum
1639 1041 1753 1072 desinit
1768 1051 1845 1077 esse,
1862 1051 1930 1072 non
1946 1043 2151 1073 annihilatur:
2175 1052 2260 1079 nam,
2277 1044 2303 1073 si
2319 1049 2484 1079 crearetur,

1424 1086 1500 1124 quia
1523 1086 1640 1115 creatio
1661 1091 1708 1116 est
1724 1095 1762 1116 ex
1777 1086 1888 1122 nihilo,
1906 1095 1981 1116 cum
2005 1086 2161 1117 desineret
2183 1088 2371 1123 conservari,
2389 1097 2485 1128 opor-

1424 1134 1503 1159 teret
1532 1129 1621 1169 quod
1654 1130 1721 1160 eius
1753 1129 1866 1160 desitio
1899 1136 1980 1161 esset
2009 1131 2203 1161 annihilatio.
2238 1131 2344 1162 Deum
2377 1137 2484 1162 autem

1424 1173 1582 1204 credimus
1605 1183 1773 1214 nunquam
1797 1174 1917 1214 aliquid
1940 1175 2122 1205 annihilare.

1479 1217 1519 1247 Et
1542 1218 1616 1248 licet
1638 1218 1701 1248 hoc
1725 1217 1858 1248 sufficiat
1881 1224 2079 1258 argumento,
2096 1228 2155 1259 pro
2179 1220 2353 1250 reverentia
2376 1225 2483 1250 tamen

1423 1262 1606 1292 communis
1638 1261 1730 1298 dicti,
1755 1272 1829 1292 sane
1861 1262 2072 1302 intelligendi,
2097 1263 2136 1293 de
2161 1264 2320 1293 creatione
2349 1265 2481 1303 gratiae.

1423 1304 1615 1345 distinguere
1645 1311 1738 1346 potes
1772 1306 1861 1346 quod
1891 1307 2030 1337 causatio
2060 1307 2175 1346 gratiae
2206 1307 2373 1347 dupliciter
2399 1309 2482 1338 sumi

1422 1355 1538 1388 potest.
1571 1350 1631 1380 Vel
1661 1355 1818 1390 quatenus
1851 1356 1898 1380 est
1928 1351 2063 1381 mutatio
2095 1351 2219 1381 animae
2247 1351 2286 1381 de
2314 1358 2483 1391 non-grata

1422 1394 1455 1423 in
1475 1399 1594 1433 gratam
1618 1394 1707 1424 Deo:
1734 1400 1764 1424 et
1787 1395 1831 1425 sic
1855 1395 2017 1434 attingitur
2039 1395 2318 1425 instrumentaliter
2341 1405 2359 1425 a
2381 1405 2482 1426 sacra-

1421 1443 1542 1468 mento.
1567 1438 1627 1468 Vel
1643 1443 1800 1478 quatenus
1821 1439 1938 1468 creatio
1954 1439 1998 1468 ibi
2013 1439 2122 1478 aliquo
2146 1438 2246 1469 modo
2269 1440 2480 1470 immiscetur:

1422 1486 1453 1511 et
1473 1482 1518 1511 sic
1541 1480 1576 1511 fit
1598 1483 1696 1521 gratia
1719 1482 1901 1512 immediate
1917 1492 1935 1512 a
1951 1482 2032 1512 Deo.
2056 1482 2211 1513 Probatur
2234 1489 2341 1513 autem
2364 1493 2482 1514 conve-

1421 1525 1545 1555 nienter
1567 1526 1612 1555 sic
1635 1526 1708 1562 dici,
1733 1526 1808 1565 quia
1824 1526 1992 1562 Christus,
2017 1532 2113 1566 caput
2140 1526 2300 1557 Ecclesiae
2323 1533 2359 1557 ut
2380 1527 2480 1558 homo

1422 1568 1579 1608 (alioquin
1594 1579 1661 1599 non
1679 1575 1760 1599 esset
1784 1569 1926 1600 eiusdem
1949 1575 2079 1600 naturae
2097 1580 2171 1600 cum
2186 1571 2361 1610 membris),
2378 1570 2482 1610 influit

1420 1612 1528 1648 vitam,
1545 1613 1659 1652 procul
1676 1612 1774 1643 dubio
1794 1614 1910 1652 gratiae
1925 1619 2049 1653 gratum
2073 1613 2225 1650 facientis,
2242 1615 2391 1645 membris
2406 1616 2480 1646 suis.

1421 1655 1556 1686 Constat
1578 1662 1686 1686 autem
1709 1657 1940 1687 humanitatem
1957 1657 2073 1687 Christi
2089 1657 2169 1687 infra
2191 1658 2390 1688 latitudinem
2404 1668 2481 1689 con-

1419 1700 1512 1730 tineri
1535 1706 1758 1731 creaturarum.
1783 1701 1858 1730 Non
1881 1701 2067 1731 inconvenit
2083 1710 2158 1740 ergo
2175 1701 2281 1732 Deum
2297 1711 2354 1741 per
2368 1703 2481 1733 huma-

1419 1744 1551 1774 nitatem
1575 1743 1692 1774 Christi
1716 1750 1752 1774 ut
1774 1745 2021 1775 instrumentum
2052 1746 2276 1781 coniunctum,
2301 1751 2333 1776 et
2356 1755 2412 1786 per
2434 1757 2481 1776 sa-

1421 1793 1619 1819 cramentum
1642 1794 1678 1818 ut
1701 1789 1948 1819 instrumentum
1979 1795 2174 1829 separatum,
2198 1790 2329 1829 gratiam
2356 1796 2481 1830 gratum

1419 1831 1589 1862 facientem
1612 1833 1645 1862 in
1668 1833 1800 1863 homine
1831 1842 1977 1863 causare:
2010 1838 2045 1863 ut
2068 1833 2150 1863 clare
2179 1833 2276 1863 habes
2303 1834 2355 1863 hic
2378 1834 2411 1864 in
2433 1844 2481 1864 re-

1419 1876 1593 1915 sponsione
1610 1876 1649 1906 ad
1665 1877 1793 1907 tertium
1816 1877 1898 1907 bene
1921 1882 2086 1917 perspecta
2110 1887 2145 1907 ac
2162 1877 2275 1907 collata
2298 1887 2372 1908 cum
2389 1888 2480 1918 argu-

1417 1925 1528 1950 mento
1552 1925 1583 1950 et
1607 1930 1742 1960 corpore
1766 1921 1899 1957 articuli,
1923 1921 1963 1951 ad
1987 1921 2076 1961 quod
2099 1930 2133 1951 se
2156 1922 2295 1951 remittit.

1472 1965 1513 1995 Et
1535 1974 1592 2004 per
1615 1965 1679 1995 hoc
1702 1970 1789 2005 patet
1811 1966 1978 2005 responsio
2002 1965 2042 1996 ad
2065 1966 2190 1996 obiecta
2218 1965 2340 2005 reliqua
2370 1972 2481 1997 contra

1416 2008 1641 2050 dispositiones
1663 2010 1805 2049 praevias
1822 2009 1995 2040 causabiles
2009 2019 2067 2049 per
2082 2015 2277 2040 sacramenta
2290 2010 2324 2040 in
2340 2010 2478 2050 speciali.

1417 2053 1465 2083 De
1488 2053 1689 2093 singulorum
1712 2054 1798 2084 enim
1821 2054 1957 2094 propriis
1981 2053 2145 2084 effectibus
2167 2054 2200 2084 in
2216 2059 2349 2084 tractatu
2372 2055 2479 2095 singu-

1415 2097 1522 2127 lorum
1552 2102 1660 2137 patere
1691 2098 1819 2138 poterit.
1851 2097 1946 2128 Nunc
1977 2098 2063 2128 enim
2093 2103 2139 2128 sat
2169 2103 2215 2127 est
2243 2099 2411 2138 proposito
2440 2098 2478 2129 de

1416 2140 1531 2172 effectu
1555 2142 1611 2181 qui
1635 2146 1681 2171 est
1703 2142 1801 2181 gratia
1824 2141 2072 2178 sacramentalis,
2097 2147 2248 2172 tractare:
2280 2151 2377 2182 quam
2400 2141 2478 2173 dixi-

1415 2195 1497 2222 mus,
1522 2191 1553 2226 et
1575 2185 1857 2221 manifestabimus,
1881 2195 1948 2216 non
1973 2191 2121 2226 oportere
2145 2195 2212 2216 esse
2235 2185 2478 2226 dispositionem

1415 2229 1555 2269 aliquam
1582 2230 1743 2269 praeviam
1769 2229 1809 2260 ad
1838 2230 1980 2269 gratiam.
2013 2230 2120 2267 Quare
2155 2229 2270 2260 falsum
2301 2235 2348 2260 est
2376 2240 2478 2261 sacra-

1414 2279 1560 2304 mentum
1583 2283 1651 2303 non
1673 2283 1768 2314 posse
1798 2283 1927 2304 causare
1953 2274 1987 2304 in
2009 2274 2146 2304 instanti.
2177 2273 2342 2312 Quoniam
2364 2275 2398 2305 in
2416 2280 2478 2305 ter-

1414 2318 1504 2348 mino
1520 2318 1673 2358 temporis
1696 2317 1883 2358 prolationis
1906 2318 2077 2348 verborum
2100 2323 2332 2348 sacramentum
2348 2328 2476 2349 causare

1415 2361 1564 2392 effectum
1597 2371 1692 2392 suum
1724 2367 1839 2401 potest.
1863 2380 1886 2384 -
1908 2362 1975 2392 Nec
2008 2362 2103 2392 etiam
2135 2362 2321 2392 inconvenit
2352 2362 2475 2398 Deum,

1414 2406 1592 2436 voluntarie
1614 2405 1736 2436 utendo
1760 2411 1852 2436 motu
1869 2411 2039 2441 creaturae,
2056 2415 2147 2445 agere
2162 2407 2196 2436 in
2212 2411 2376 2445 tempore:
2401 2416 2475 2437 curn

1414 2450 1520 2480 nullus
1544 2450 1624 2481 adeo
1649 2450 1782 2490 desipiat
1805 2451 1862 2490 qui
1884 2457 1979 2490 neget
2001 2450 2108 2480 Deum
2131 2459 2226 2490 posse
2249 2450 2390 2480 localiter
2405 2460 2476 2481 mo-

1413 2504 1496 2530 vere,
1522 2494 1612 2534 quod
1635 2500 1682 2524 est
1704 2504 1797 2534 agere
1819 2495 1853 2525 in
1875 2499 2032 2534 tempore.

1467 2539 1535 2569 VII.
1559 2539 1611 2569 Ad
1633 2538 1765 2569 demum
1796 2539 1920 2568 obiecta
1950 2538 2039 2578 quod
2070 2537 2231 2578 superflue
2260 2539 2391 2578 ponitur
2418 2539 2476 2569 ista

1414 2583 1577 2614 causalitas
1600 2584 1634 2614 in
1657 2583 1859 2613 sacramentis
1874 2583 1900 2618 ἦ
1925 2581 2135 2622 respondetur
2162 2582 2252 2622 quod
2274 2592 2342 2613 non
2365 2592 2474 2622 super-

1412 2626 1487 2664 flue,
1512 2627 1566 2657 sed
1590 2627 1767 2658 necessario
1791 2627 1931 2666 ponitur.
1963 2625 2050 2656 Tum
2073 2626 2258 2656 necessitate
2282 2627 2474 2657 reverentiae

1412 2671 1451 2701 ad
1474 2672 1677 2702 auctoritates
1708 2671 1915 2701 Sanctorum:
1947 2679 2026 2710 quas
2055 2671 2191 2710 ipsemet
2221 2670 2336 2700 Scotus
2362 2671 2474 2701 volens

1411 2716 1547 2751 salvare,
1571 2716 1706 2755 glossat:
1743 2728 1757 2741 ‹
1777 2724 1876 2745 causa
1895 2728 1927 2750 ›,
1952 2714 2033 2745 idest
2058 2727 2071 2741 α
2090 2715 2220 2755 signum
2251 2714 2422 2755 infallibile
2439 2722 2475 2752 ›;

1411 2761 1466 2790 ubi
1489 2765 1576 2800 patet
1598 2759 1784 2790 manifestus
1800 2768 1887 2789 error
1901 2759 1935 2789 in
1950 2758 2132 2798 glossando.
2147 2777 2171 2780 —
2186 2758 2274 2788 Tum
2288 2759 2474 2789 necessitate

1411 2803 1570 2844 dignitatis
1585 2809 1857 2834 sacramentorum
1873 2812 1975 2833 novae
1991 2803 2078 2842 legis.
2100 2803 2212 2842 Longe
2229 2803 2314 2832 enim
2330 2802 2474 2842 digniora

1410 2853 1484 2878 sunt
1507 2849 1533 2878 si
1555 2848 1702 2878 locantur
1724 2848 1758 2877 in
1780 2856 1896 2886 genere
1920 2856 2043 2883 causae,
2068 2856 2165 2886 quam
2188 2847 2213 2876 si
2232 2846 2313 2876 infra
2335 2846 2473 2877 latitudi-

1410 2901 1485 2922 nem
1509 2892 1673 2932 signorum
1702 2890 1949 2926 concludantur,
1974 2896 2009 2920 ut
2032 2895 2226 2920 sacramenta
2248 2891 2361 2920 veteris
2383 2891 2471 2930 legis.

1410 2935 1514 2965 Fateri
1537 2936 1623 2966 enim
1647 2940 1775 2975 oportet
1796 2939 1992 2965 sacramenta
2014 2943 2117 2964 novae
2140 2934 2217 2973 legis
2237 2933 2381 2973 digniora
2405 2943 2472 2964 esse

1410 2980 1613 3009 sacramentis
1635 2979 1748 3009 veteris
1772 2979 1866 3018 legis:
1891 2983 1922 3008 et
1938 2978 2089 3008 excedere
2112 2983 2217 3007 vetera
2239 2978 2272 3007 in
2295 2978 2359 3007 hoc
2382 2978 2471 3017 quod

1409 3033 1494 3053 nova
1516 3022 1661 3063 efficiunt
1683 3022 1770 3063 quod
1790 3023 1954 3063 figurant,
1972 3027 2077 3052 vetera
2100 3027 2207 3052 autem
2229 3030 2307 3057 non,
2331 3027 2367 3052 ut
2385 3027 2472 3062 patet

1409 3068 1442 3097 in
1466 3067 1508 3097 IV
1531 3067 1629 3102 Sent„
1653 3066 1723 3097 dist.
1752 3074 1762 3096 1
1784 3066 1810 3096 θ.

1464 3111 1494 3141 Α
1516 3111 1675 3150 glossante
1706 3115 1813 3140 autem
1844 3110 1958 3146 Scot0‚
1983 3115 2037 3140 aut
2065 3118 2274 3149 quocumque
2304 3109 2413 3146 altero,
2438 3111 2470 3140 in

1410 3160 1595 3185 extraneum
1624 3164 1770 3190 sensum,
1800 3153 2019 3193 quaerendum
2050 3159 2096 3183 est
2127 3154 2243 3193 quibus
2272 3153 2391 3190 verbis,
2416 3160 2471 3184 aut

1410 3199 1526 3239 quibus
1549 3199 1698 3234 articulis,
1715 3203 1770 3228 aut
1793 3207 1859 3238 quo
1884 3207 2041 3233 sermone,
2061 3197 2249 3233 Sancti‚·aut
2272 3197 2469 3238 quicumque

1409 3243 1471 3279 alii,
1488 3242 1670 3273 debuissent
1693 3248 1748 3273 aut
1769 3243 1948 3282 potuissent
1970 3242 2127 3282 explicare
2150 3242 2222 3277 hoc,
2244 3242 2363 3272 scilicet
2380 3242 2470 3282 quod

1409 3293 1604 3318 sacramenta
1626 3287 1689 3317 sint
1712 3296 1807 3317 causa
1833 3285 1977 3316 effectiva
1999 3286 2133 3326 gratiae,
2157 3286 2182 3316 si
2205 3295 2273 3316 non
2297 3286 2470 3326 explicatur

1409 3341 1465 3372 per
1487 3332 1556 3368 ista,
1579 3331 1738 3372 Efficiunt
1763 3330 1850 3372 quod
1866 3331 2039 3372 figurant,
2064 3335 2095 3360 et
2117 3339 2224 3360 rursus
2246 3339 2303 3370 per
2325 3330 2393 3366 ista,
2417 3330 2468 3360 Ita

2514 698 2523 707 ¹
2543 696 2600 717 Dist.
2616 702 2631 720 1.
2654 703 2691 723 qu.
2708 704 2723 723 ι,

2513 727 2554 744 ari.
2569 730 2591 748 4·
2610 723 2653 750 qu¹
2670 731 2687 745 ι.

2513 832 2522 841 ·
2539 830 2669 853 Comment.

2513 863 2575 878 num.
2592 863 2615 878 ιι.

2495 2594 2511 2608 ι·
2526 2591 2595 2613 Num.
2615 2598 2644 2619 iv,
2663 2590 2710 2614 De-

2500 2624 2568 2639 mum.

2605 3074 2653 3096 lan
2675 3075 2709 3096 vr*-

2600 3101 2635 3124 cf.
2651 3102 2706 3123 ibid.

2497 3134 2515 3149 s.
2527 3128 2570 3149 Th.
2586 3134 2624 3155 qu.
2636 3134 2651 3153 ι,
2666 3133 2706 3150 art.

2496 3161 2519 3180 4.
2535 3155 2577 3182 quR
2594 3162 2611 3176 ι.

2498 3076 2508 3086 '
2527 3075 2582 3102 Cap.

2497 3101 2561 3123 dere.
2576 3112 2587 3116 -

53 3375 64 3387 ⁸
77 3373 147 3398 Num.
162 3381 194 3398 Ν·
262 3399 269 3406 .
293 3377 471 3408 elusionem
489 3377 697 3418 principalem
713 3378 740 3413 ’ξ
757 3377 871 3408 dicitur
887 3376 976 3417 quod
992 3381 1225 3406 sacramentum
1240 3376 1355 3406 instru-
1410 3381 1445 3406 ut
1468 3375 1640 3417 imaginem
1663 3380 1760 3417 gerat
1783 3380 1814 3405 et
1835 3384 1934 3405 causa
1962 3375 2101 3405 existat:
2131 3383 2212 3414 quae
2240 3374 2348 3404 omnia
2371 3374 2469 3414 expli-

53 3446 64 3457 .
80 3445 132 3468 m„
155 3451 163 3468 Ι
210 3452 224 3468 u
247 3452 255 3468 Ι
291 3421 470 3453 mentaliter
492 3423 616 3462 attingit
637 3422 768 3462 gratiam
791 3421 1069 3456 sacramentalem;
1095 3426 1125 3451 et
1140 3429 1208 3450 non
1227 3426 1355 3460 oportet
1409 3425 1520 3451 cantur
1542 3421 1575 3450 in
1599 3419 1722 3457 Quarto
1745 3418 1983 3450 Sententiarum
2006 3420 2032 3448 ἦ
2068 3419 2214 3448 Doceant
2236 3427 2306 3454 nos,
2331 3427 2467 3458 quaeso,
2496 3424 2704 3471 '9¹⁵‘·¹·¹0⁸‡1·d-5“¹·

53 3475 95 3495 ιπ-
118 3460 148 3499 4’,
166 3452 264 3500 ’‘1133'2}
291 3474 451 3496 recurrere
467 3465 507 3497 ad
522 3466 766 3507 dispositionem
788 3466 949 3506 praeviam
967 3465 1007 3495 ad
1022 3465 1163 3505 gratiam.
1188 3463 1355 3504 Quidquid
1408 3465 1524 3504 quibus
1552 3464 1715 3494 vocabulis
1745 3462 1968 3503 explicandum
1995 3461 2114 3493 fuerat:
2147 3468 2178 3493 et
2201 3462 2244 3491 sic
2274 3468 2469 3502 cognoscant
2495 3457 2652 3504 fssfffsss‘ffi'c
2667 3457 2705 3498 ’ἐζ-ζ

53 3498 265 3554 ᾖξ’·ζῗἮαῖὛζ
292 3510 394 3546 enim,
425 3509 604 3541 secundum
636 3510 773 3540 aliorum
804 3510 993 3550 opinionem
1023 3514 1059 3540 ut
1088 3508 1353 3549 probabiliorem,
1407 3518 1440 3539 se
1464 3509 1514 3538 vel
1537 3518 1605 3538 non
1628 3509 1719 3548 sequi
1735 3507 1912 3538 doctrinam
1939 3507 2128 3537 Sanctorum
2147 3507 2180 3536 in
2203 3505 2262 3535 hac
2284 3511 2382 3546 parte,
2402 3505 2468 3536 col·
2495 3504 2588 3525 cendum
2603 3506 2644 3525 ‘⁶¹-

52 3550 82 3573 ⁸⁶
97 3558 116 3574 ¹·
1407 3553 1521 3583 lectam
1545 3562 1563 3582 a
1586 3552 1736 3592 Magistro
1760 3551 2004 3582 Sententiarum.

292 3552 403 3584 dixerit
425 3554 548 3585 Auctor
570 3555 604 3585 in
627 3554 670 3585 IV
685 3554 771 3585 Sent.
789 3555 815 3590 “,
840 3554 903 3584 hoc
926 3554 960 3584 in
983 3553 1067 3589 loco,
1085 3552 1262 3584 secundum
1278 3562 1353 3593 pro-

0 3613 6 3685 -n-v
0 3424 7 3596 -m-e--qw-v
0 3340 9 3394 x--r
0 3240 5 3322 -Ἲ-ψ--
0 3201 4 3225 2*
0 3139 1 3142 „
0 3099 7 3111 v.
0 3081 2 3084 <
0 3062 3 3066 v

0 3810 9 4088 ——‹v.”—*-w=›.,-2-v
0 3771 3 3780 -
0 3727 3 3758 .-..
0 3699 4 3702 .
