2918 4088
19 299 193 326 :·Ver·.²4.

39 1347 43 1350 '
68 1319 168 1374 aar,
175 1345 266 1369 Tertio.

53 1618 67 1631 ¹
101 1616 134 1640 id.
150 1622 215 1640 num.
228 1624 252 1641 x.

39 3207 42 3210 ’
54 3201 68 3215 ·
79 3201 180 3225 Ari-tot.
189 3201 268 3225 Heu-

14 3251 15 3287 ]
62 3265 67 3289 j
88 3260 114 3278 n.
131 3228 267 3278 “RQ-*2³⁰3

47 3300 49 3302 .
62 3292 65 3298 ι
160 3281 215 3310 lect.
227 3287 254 3305 n.

946 175 1208 222 QUAESTlO
1236 176 1396 222 Lxxx,
1425 174 1716 212 ARTICULUS
1744 176 1810 212 ΧΗ

290 250 414 287 dixisse,
430 250 507 281 Hoc
513 250 621 291 facite
636 250 669 280 in
682 260 785 281 meam
797 254 1143 284 commemorationem.
1154 272 1177 276 —
1189 253 1349 290 Secundo,

290 295 478 326 auctoritate
497 294 588 325 Pauli
602 294 762 334 Apostoli,
779 295 791 325 1
811 296 854 326 ad
872 297 947 327 Cor.
964 307 995 327 xi
1014 299 1041 334 *,
1058 298 1113 328 ubi
1129 297 1223 328 refert
1238 298 1350 328 Domi-

290 348 371 370 num
392 337 524 369 dixisse:
547 338 689 378 Accipite
711 344 741 369 et
755 340 910 371 comedite
917 348 929 377 ‚·
951 341 1012 372 hoc
1035 347 1081 372 est
1103 351 1220 382 corpus
1235 352 1349 378 meum,

290 382 377 423 quod
393 392 459 422 pro
482 382 571 413 vobis
595 382 760 419 tradetur;
782 384 844 414 hoc
857 385 964 425 facite
987 386 1019 415 in
1043 396 1146 416 meam
1162 395 1351 417 commemo-

291 426 461 457 rationem.
495 426 572 456 Post
599 427 874 458 consecrationem
902 434 1009 459 autem
1033 430 1154 466 calicis,
1184 430 1288 460 Lucas
1311 430 1351 461 de

290 470 354 501 hoe
369 470 448 500 nihil
463 469 573 500 refert:
598 469 715 500 Paulus
734 476 842 501 autem
858 472 1034 512 Apostolus
1049 473 1144 504 refert
1155 475 1171 490 ⁴*
1188 473 1351 505 Christum

291 513 422 544 dixisse:
445 513 522 544 Hoc
535 513 652 555 facite,
676 514 934 555 quotiescumque
956 517 1074 553 bibetis,
1099 518 1131 548 in
1148 527 1250 548 meam
1267 528 1351 549 com-

290 558 565 588 memorationem.
589 557 652 588 Ubi
676 567 714 587 ex
736 558 806 598 ipsa
829 558 1005 591 diversitate
1024 562 1196 592 verborum
1219 572 1237 592 a
1251 562 1351 592 Paulo

290 607 508 637 narratorum,
537 600 706 632 manifeste
729 608 860 642 apparet
890 604 979 643 quod
1003 604 1042 635 de
1065 611 1263 636 sacramento
1294 607 1352 636 sub

291 646 398 686 specie
419 646 511 686 panis
533 645 694 676 Dominus
717 645 794 676 dixit
817 647 972 684 absolute,
996 648 1072 679 Hoc
1078 650 1185 690 facite
1201 650 1233 680 in
1250 659 1352 680 meam

292 689 646 721 commemorationem:
661 689 700 720 de
712 689 829 720 eodem
841 696 948 721 autem
962 699 1159 724 sacramento
1176 695 1234 723 sub
1247 695 1353 733 specie

290 734 357 764 vini
379 743 447 764 non
470 733 548 764 dixit
570 733 734 770 absolute,
758 733 835 764 Hoc
848 735 971 776 facite,
996 736 1052 766 sed
1075 736 1151 767 dixit
1178 737 1267 777 quod
1290 738 1353 768 hoc

291 777 442 813 facerent,
465 777 724 818 quotiescumque
742 777 892 814 biberent,
916 780 950 809 in
966 789 1056 810 suam
1073 782 1353 812 commemoratio-

290 830 378 852 nem.
409 821 473 852 Ubi
495 820 669 852 meridiana
691 821 762 852 luce
787 822 900 852 clarius
923 829 1010 863 patet
1034 825 1122 864 quod
1144 835 1211 855 non
1234 826 1353 865 praeci-

291 866 378 905 pitur
399 865 518 901 bibere,
542 864 599 895 sed
621 865 721 905 quod,
746 866 1016 907 quotiescumque
1039 869 1187 905 bibimus,
1211 870 1244 899 in
1263 879 1353 899 suam

292 909 637 940 commemorationem
651 909 716 939 hoc
731 909 895 940 faciamus.
911 929 934 933 -
949 912 990 942 Et
1005 913 1079 942 hinc
1095 913 1238 952 sequitur
1253 913 1352 952 quod,

290 953 318 983 si
340 961 379 982 ex
402 953 466 982 hoc
488 958 660 993 praecepto
679 953 821 990 Domini,
845 954 922 985 Hoc
927 956 1035 996 facite
1050 956 1082 986 in
1100 966 1202 987 meam
1219 966 1353 987 comme-

291 996 517 1032 morationem,
535 996 647 1027 efficax
661 1003 887 1037 argumentum
903 999 943 1030 ad
959 1001 1224 1031 communionem
1240 1001 1353 1040 populi

291 1040 437 1076 sumitur,
461 1041 583 1080 optime
606 1042 760 1081 sequitur,
784 1042 905 1083 absque
928 1043 993 1073 ulla
1016 1045 1240 1080 controversia,
1265 1044 1354 1084 quod

290 1093 360 1115 non
383 1090 430 1115 est
451 1089 622 1124 praecepta
648 1087 836 1116 communio
860 1087 974 1127 populi
1004 1088 1064 1118 nisi
1087 1089 1146 1119 sub
1170 1089 1276 1128 specie
1298 1098 1354 1128 pa-

290 1128 351 1160 niS.
374 1146 397 1150 -
420 1128 461 1159 Et
485 1127 691 1159 confirmatur
713 1130 771 1160 iste
794 1140 904 1161 sensus
928 1141 966 1161 ex
985 1141 1025 1162 eo
1049 1132 1139 1172 quod
1161 1132 1194 1162 in
1217 1142 1353 1163 numero

291 1172 443 1212 singulari
466 1172 598 1209 dicitur,
621 1172 698 1204 Hoc
711 1173 835 1214 facite,
861 1180 892 1204 et
914 1185 981 1205 non
1004 1175 1097 1212 dixit,
1121 1176 1215 1207 Haec
1227 1177 1354 1218 facite:

291 1215 375 1247 sicut
397 1225 454 1256 per
478 1217 666 1257 oppositum
689 1217 842 1254 Ecclesia,
866 1219 977 1249 volens
993 1225 1162 1260 utramque
1178 1220 1354 1260 significare

291 1260 434 1300 speciem
456 1262 660 1297 sacramenti,
685 1262 821 1302 explicat
847 1263 881 1292 in
908 1273 1045 1294 numero
1068 1264 1203 1303 plurali,
1227 1264 1353 1300 dicens,

290 1303 386 1335 Haec
408 1305 667 1346 quotiescumque
680 1305 840 1346 feceritis,
866 1307 898 1337 in
922 1308 984 1337 mei
1007 1308 1194 1338 memoriam
1208 1308 1353 1349 facietis.

444 1348 636 1379 Adtertium
651 1355 876 1389 argumentum
888 1351 904 1367 ⁴*
917 1350 1032 1382 dicitur
1043 1351 1253 1382 concedendo
1266 1352 1354 1392 quod

291 1397 359 1423 tam
380 1392 535 1432 perfectio
552 1395 740 1424 sacramenti
754 1395 788 1424 in
804 1396 1054 1431 consecratione,
1079 1405 1177 1435 quam
1199 1395 1354 1436 perfectio

293 1436 438 1468 eiusdem
461 1437 495 1467 in
517 1447 590 1473 usu,
614 1443 661 1468 est
683 1438 742 1468 sub
765 1445 955 1478 praecepto;
987 1444 1018 1469 et
1040 1440 1104 1469 hoc
1127 1445 1258 1480 propter
1281 1440 1354 1470 alla-

292 1485 359 1511 tam
381 1481 565 1512 obiiciendo
588 1482 756 1517 rationem,
780 1482 900 1512 scilicet
923 1483 1012 1522 quod
1035 1489 1268 1514 sacramentum
1290 1484 1354 1514 hoc

292 1529 406 1565 suapte
427 1530 540 1556 natura
562 1530 610 1555 est
631 1531 763 1565 propter
785 1535 897 1562 usum,
930 1532 961 1557 et
986 1526 1140 1567 perfectio
1167 1528 1354 1558 sacramenti

273 1573 342 1599 ‘est
362 1573 495 1609 propter
516 1568 749 1609 perfectionem
775 1579 869 1606 usus;
900 1570 986 1601 unde
1014 1576 1045 1601 et
1069 1572 1197 1612 grande
1222 1571 1354 1602 sacrile-

291 1612 385 1654 gium
408 1622 476 1643 esse
500 1612 577 1644 dixit
593 1612 739 1644 Gelasius
754 1614 771 1630 ⁸*
794 1613 934 1644 dividere
958 1615 1147 1655 mysterium
1166 1616 1230 1645 hoc
1246 1614 1354 1655 quoad

293 1665 400 1687 usum.
435 1656 498 1688 Sed
527 1666 596 1688 non
624 1662 794 1699 propterea
825 1664 1050 1697 argumentum
1079 1659 1155 1689 hinc
1187 1664 1353 1699 sumptum

292 1705 386 1740 urget
407 1699 448 1731 ad
469 1710 566 1731 usum
588 1701 754 1740 utriusque
777 1702 896 1741 speciei
918 1702 952 1732 in
975 1703 1206 1733 communione
1229 1702 1353 1743 populi.

293 1743 336 1775 Et
354 1745 434 1775 ratio
451 1750 498 1775 est
520 1745 596 1785 quia
610 1744 764 1785 perfectio
780 1746 968 1776 sacramenti
983 1746 1161 1777 secundum
1176 1755 1271 1777 usum
1286 1755 1355 1776 non

293 1787 454 1828 dependet
475 1789 536 1819 nisi
558 1798 577 1819 a
599 1798 656 1828 per
670 1798 705 1819 se
720 1795 931 1820 concurrente
954 1789 995 1820 ad
1009 1796 1243 1821 sacramentum
1257 1789 1354 1820 illud:

293 1831 570 1872 quemadmodum
593 1838 769 1863 ceterarum
791 1842 898 1864 rerum
921 1833 1133 1874 perfectiones
1162 1844 1230 1864 non
1253 1839 1354 1864 atten-

293 1875 413 1907 duntur
435 1876 614 1907 secundum
630 1886 667 1907 ea
682 1886 765 1916 quae
780 1882 855 1908 sunt
869 1886 926 1917 per
941 1877 1097 1914 accidens,
1122 1878 1178 1908 sed
1193 1879 1226 1908 in
1242 1877 1354 1909 ordine

293 1919 335 1951 ad
357 1929 395 1951 ea
417 1929 500 1960 quae
523 1926 719 1951 concurrunt
741 1929 799 1961 per
821 1930 870 1957 se;
894 1921 1037 1961 alioquin
1052 1931 1220 1962 nunquam
1235 1931 1284 1952 res
1300 1921 1355 1952 ali-

294 1973 359 2005 qua
380 1973 471 1994 suam
494 1963 725 2004 perfectionem
748 1965 921 1995 sortiretur.
956 1965 1051 1996 Solus
1074 1971 1182 1996 autem
1208 1965 1355 1996 sacerdos

294 2009 456 2040 concurrit
477 2017 535 2048 per
557 2017 591 2038 se
619 2008 659 2038 ad
680 2007 912 2048 perfectionem
934 2009 1031 2040 huius
1053 2010 1260 2046 sacramenti,
1290 2014 1355 2040 tam

293 2051 512 2084 consecrando
536 2061 634 2092 quam
657 2052 788 2083 utendo.
817 2053 858 2083 Et
880 2058 1059 2093 propterea,
1083 2054 1165 2083 sicut
1186 2053 1356 2093 sacrilegus

294 2102 376 2128 esset
397 2095 544 2127 sacerdos
568 2096 785 2126 consecrando
808 2105 926 2136 panem
949 2102 980 2127 et
1002 2106 1070 2127 non
1092 2098 1218 2134 vinum,
1241 2098 1286 2128 ita
1308 2107 1355 2128 se-

293 2140 413 2181 crilegii
427 2150 501 2171 reus
516 2145 598 2170 esset
613 2139 771 2170 sumendo
782 2149 900 2180 panem
912 2146 1057 2171 sanctum
1073 2147 1104 2172 et
1118 2150 1186 2172 non
1197 2140 1355 2171 sumendo

294 2185 437 2216 calicem.

348 2229 391 2260 Et
413 2227 545 2269 quidem
568 2227 658 2267 quod
680 2227 827 2258 sacerdos
855 2233 1022 2259 concurrat
1043 2238 1101 2268 per
1123 2238 1156 2259 se
1179 2228 1219 2259 ad
1242 2238 1355 2260 conse-

293 2273 470 2304 crationem
498 2277 530 2302 et
551 2281 647 2302 usum
674 2272 770 2302 huius
793 2273 994 2308 sacramenti,
1021 2272 1104 2302 clare
1126 2278 1222 2312 patet.
1256 2273 1356 2311 Quod

293 2322 403 2348 autem
425 2316 514 2348 solus
529 2321 697 2346 concurrat
711 2325 769 2356 per
783 2325 827 2352 se,
851 2321 938 2356 patet
959 2322 1029 2346 tum
1045 2325 1083 2346 ex
1099 2325 1139 2346 eo
1163 2316 1253 2357 quod
1267 2317 1354 2347 solus

293 2360 410 2393 sufficit
427 2359 468 2392 ad
483 2359 715 2400 perfectionem
730 2361 928 2396 sacramenti,
943 2365 1010 2390 tam
1025 2360 1241 2391 consecrando
1258 2370 1355 2401 quam

293 2404 428 2437 utendo.
450 2422 474 2426 —
494 2404 584 2435 Tum
606 2413 645 2434 ex
668 2413 708 2434 eo
733 2403 823 2444 quod
845 2404 959 2444 populi
975 2405 1164 2434 communio
1187 2410 1261 2445 post
1277 2414 1354 2435 con-

293 2453 492 2481 summatum
506 2447 698 2479 sacrificium
708 2453 804 2488 atque
816 2453 1058 2484 sacramentum,
1075 2453 1140 2478 tam
1156 2448 1264 2488 quoad
1279 2458 1356 2479 con-

294 2493 506 2525 sectationem
529 2501 627 2532 quam
650 2491 759 2532 quoad
774 2491 971 2522 oblationem
988 2497 1018 2522 et
1033 2502 1139 2528 usum,
1155 2493 1354 2532 supervenit:

294 2535 442 2568 sacerdos
471 2536 558 2567 enim
587 2545 645 2576 per
673 2537 815 2576 seipsum
844 2535 977 2576 perfecit
1002 2536 1080 2566 haec
1104 2537 1222 2567 omnia.
1257 2536 1356 2574 Quod

295 2586 404 2613 autem
425 2581 609 2621 supervenit
631 2580 726 2611 alicui
747 2585 822 2620 post
844 2580 928 2610 illius
950 2579 1196 2620 perfectionem,
1219 2590 1287 2611 non
1311 2586 1357 2611 est

295 2625 336 2658 de
359 2625 622 2656 concurrentibus
651 2633 709 2665 per
731 2634 766 2654 se
791 2623 831 2654 ad
853 2624 937 2654 illius
960 2623 1201 2664 perfectionem.
1223 2642 1247 2646 —
1269 2624 1356 2655 Tum

295 2679 334 2701 ex
358 2678 398 2700 eo
422 2667 512 2709 quod
535 2668 769 2700 accidentaliter
787 2668 993 2708 coniungitur
1015 2667 1157 2708 perfecto
1174 2669 1246 2698 usui
1261 2669 1356 2698 huius

294 2713 483 2746 sacramenti
512 2712 603 2753 quod
625 2712 739 2752 aliquis
758 2713 1031 2743 circumstantium
1054 2713 1093 2742 sit
1116 2713 1357 2743 communican-

295 2757 365 2788 dus.
411 2756 511 2794 Quod
534 2766 572 2787 ex
596 2766 635 2787 eo
659 2761 746 2796 patet
769 2756 859 2796 quod
880 2756 959 2786 nihil
981 2757 1087 2786 minus
1110 2755 1288 2796 perfectum
1311 2762 1357 2786 est

294 2806 539 2837 sacramentum,
556 2805 588 2832 et
605 2801 639 2831 in
661 2810 696 2831 se
719 2806 750 2831 et
773 2801 807 2831 in
825 2810 895 2836 usu,
920 2801 947 2830 si
961 2800 1068 2830 nullus
1084 2800 1356 2830 circumstantium

294 2845 530 2878 communicet:
550 2845 577 2875 si
593 2845 680 2875 enim
694 2843 849 2885 perfectio
866 2853 942 2874 usus
958 2843 1151 2884 dependeret
1166 2845 1204 2874 ab
1221 2844 1356 2875 aliorum

295 2889 538 2925 communione,
562 2898 630 2920 non
648 2894 758 2929 posset
773 2889 893 2929 absque
908 2888 1062 2928 sacrilegii
1076 2888 1154 2918 vitio
1170 2889 1357 2918 sacramenti

294 2934 392 2966 huius
413 2942 491 2964 usus
515 2942 583 2964 esse
614 2933 675 2964 nisi
699 2933 812 2973 aliquis
843 2942 881 2963 ex
905 2932 1180 2963 circumstantibus
1210 2941 1356 2962 commu-

293 2978 431 3014 nicar-en
463 2978 545 3008 sicut
574 2987 642 3008 non
670 2982 777 3017 potest
808 2977 927 3017 absque
954 2976 1117 3016 sacrilegio
1149 2977 1216 3006 eius
1239 2985 1315 3006 usus
1339 2986 1357 3006 a

295 3022 474 3053 celebrante
498 3022 604 3052 omitti
628 3027 683 3051 aut
706 3020 815 3051 dividi.

350 3065 512 3104 Quocirca
542 3064 748 3096 manifestum
779 3070 826 3095 est
855 3064 945 3104 quod
974 3073 1012 3094 ex
1039 3063 1235 3103 perfectione
1261 3064 1356 3094 huius

294 3111 494 3146 sacramenti,
510 3115 576 3140 tarn
595 3109 704 3150 quoad
719 3109 994 3140 consecrationem
1014 3117 1111 3147 quam
1127 3106 1236 3147 quoad
1250 3117 1355 3143 usum,

294 3163 353 3195 per
374 3163 409 3184 se
432 3154 485 3195 (ea
507 3154 595 3185 enim
617 3162 700 3194 quae
721 3158 799 3184 sunt
813 3163 877 3193 per
898 3151 1055 3187 accidens,
1080 3156 1111 3182 et
1133 3151 1173 3182 ab
1191 3156 1262 3182 arte
1285 3156 1315 3182 et
1336 3161 1356 3182 a

293 3198 429 3230 scientia
453 3197 681 3238 relinquuntur
695 3197 726 3237 ⁴²)
751 3206 820 3228 non
848 3197 982 3227 habetur
1011 3196 1180 3226 necessitas
1210 3204 1356 3226 commu-

294 3241 423 3274 nicandi
446 3242 607 3282 populum
629 3242 688 3273 sub
704 3246 840 3281 utraque
856 3241 973 3281 specie,
997 3239 1053 3270 sed
1075 3239 1244 3270 necessitas
1267 3249 1357 3270 com-

294 3285 481 3317 municandi
503 3286 646 3326 seipsum
669 3285 882 3316 celebrantem
905 3285 963 3315 sub
987 3290 1122 3323 utraque
1145 3284 1260 3323 specie.

350 3329 392 3361 Et
413 3330 493 3360 haec
516 3329 556 3360 de
578 3330 681 3370 prima
703 3330 892 3370 quaestione
915 3328 998 3359 dicta
1021 3327 1187 3358 sufficiant.

435 3479 546 3506 suun
564 3479 667 3506 Tutor..
685 3480 716 3506 D.
729 3480 845 3506 Tuom
860 3479 893 3506 Τ.
912 3479 953 3505 ΙΧ.

2387 189 2461 226 249

1404 319 1617 359 Quaestio
1640 322 1848 354 secunda.
1870 340 1894 344 -
1915 321 1998 354 An
2020 323 2167 355 utilius
2199 325 2254 355 sit:
2286 333 2463 357 sumere

1491 364 1821 397 Eucharistiam
1842 367 1924 397 sub
1947 369 2142 407 utraque
2160 370 2306 408 speeie
2329 378 2463 409 quam

1492 410 1575 441 sub
1597 411 1745 450 specie
1767 410 1896 450 panis
1918 412 2103 442 tantum.

1482 563 1540 592 sub
1570 567 1704 602 utraque
1734 563 1840 602 specie
1871 572 1969 603 quam
1996 564 2054 594 sub
2083 564 2188 604 specie
2218 566 2308 604 panis
2331 571 2464 596 tantum.

1489 612 1502 637 t
1515 605 1640 637 videtur
1656 605 1746 646 quod
1761 606 1814 637 sic.
1839 607 1958 643 Primo,
1975 616 2013 637 ex
2029 613 2117 647 parte
2133 609 2319 639 sacramenti
2330 610 2357 639 ’ἢ
2381 609 2466 647 Quia

1405 651 1514 682 utilius
1543 655 1590 680 est
1619 659 1746 680 sumere
1775 657 2008 681 sacramentum
2036 652 2213 691 integrum,
2245 662 2301 683 seu
2326 654 2464 693 integre,

1406 704 1504 735 quam
1526 693 1763 734 imperfectum,
1787 704 1846 725 seu
1867 695 2048 735 partialiter.

1461 739 1502 769 Et
1524 739 1550 768 si
1573 737 1696 768 dicatur
1723 738 1813 778 quod
1835 748 1903 769 non
1926 745 1973 769 est
2001 739 2053 769 hic
2084 739 2259 770 differentia
2287 740 2465 772 secundum

1406 782 1585 822 perfectum
1609 787 1640 812 et
1662 781 1897 822 imperfectum,
1920 783 2079 823 integrum
2102 789 2157 814 aut
2180 783 2392 820 diminutum,
2416 790 2466 815 to-

1405 831 1475 856 tum
1489 826 1541 857 vel
1556 831 1689 866 partem,
1705 826 1766 856 nisi
1780 826 1815 856 in
1830 826 2049 866 significando,
2070 833 2194 858 contra:
2219 845 2240 851 -
2255 828 2465 859 Sacramenta

1406 870 1551 911 efficiunt
1564 869 1651 910 quod
1665 870 1851 911 significant
1861 871 1887 901 *.
1900 870 1986 911 Ergo
2001 870 2200 911 imperfectio
2212 872 2245 902 in
2258 872 2464 912 significando

1405 914 1561 944 redundat
1582 914 1616 944 in
1638 913 1917 953 imperfectionem
1932 915 1966 945 in
1982 915 2195 946 conferendo:
2220 916 2364 956 alioquin
2380 917 2465 947 aliud

1407 957 1545 988 efficeret
1568 963 1599 988 et
1621 957 1708 988 aliud
1731 957 1937 998 significaret,
1966 959 2044 989 dum
2071 959 2261 999 significaret
2282 966 2405 1000 partem
2435 966 2466 991 et

1407 1001 1545 1032 efficeret
1566 1007 1683 1032 toturn.

1462 1046 1499 1076 11.
1523 1044 1684 1081 Secundo,
1709 1054 1747 1075 ex
1769 1051 1857 1086 parte
1881 1056 2014 1086 quoque
2037 1048 2223 1078 sacramenti
2238 1049 2264 1078 *.
2288 1048 2404 1079 Utilius
2420 1054 2467 1079 est

1405 1090 1492 1129 tangi
1514 1099 1533 1119 a
1551 1089 1679 1120 Christo
1702 1089 1847 1129 pluribus
1864 1090 2058 1121 diversarum
2073 1092 2233 1122 rationum
2249 1093 2466 1123 instrumentis

1407 1143 1505 1173 quam
1527 1143 1594 1164 uno
1617 1138 1753 1163 tantum.
1777 1133 1840 1164 Sed
1863 1135 2105 1166 communicans
2128 1136 2186 1166 sub
2210 1141 2344 1176 utraque
2360 1137 2466 1176 specie

1405 1178 1544 1217 tangitur
1559 1187 1578 1207 a
1593 1176 1721 1208 Christo
1737 1178 1955 1209 instrumentis
1970 1178 2164 1209 diversarum
2179 1180 2356 1210 rationum:
2377 1189 2466 1210 com-

1406 1222 1574 1252 municans
1597 1227 1705 1252 autem
1728 1222 1787 1251 sub
1810 1222 1906 1252 altera
1928 1228 2053 1253 tantum
2067 1224 2205 1263 tangitur
2221 1233 2239 1254 a
2255 1223 2382 1254 Christo
2398 1234 2465 1254 uno

1406 1270 1532 1296 tantum
1553 1266 1778 1295 instrumento.
1802 1266 1899 1306 Ergo.

1462 1309 1566 1339 Maior
1589 1314 1636 1340 est
1658 1317 1715 1348 per
1737 1318 1771 1339 se
1794 1315 1880 1340 nota.
1905 1310 2070 1348 Quoniam
2094 1310 2287 1341 diversarum
2305 1312 2466 1342 rationum

1406 1354 1617 1383 instrumenta
1646 1353 1686 1382 ad
1713 1352 1850 1383 diversas
1879 1354 2029 1384 utilitates
2058 1363 2116 1394 per
2138 1363 2171 1385 se
2198 1354 2399 1386 ordinantur:
2430 1361 2467 1386 ut

1406 1402 1494 1437 patet
1517 1397 1551 1427 in
1573 1396 1798 1428 artificialibus.

1462 1441 1570 1471 Minor
1585 1446 1693 1472 autem
1708 1440 1936 1471 manifestatur.
1961 1441 2045 1479 Quia
2060 1442 2182 1482 species
2197 1442 2272 1478 vini,
2289 1443 2339 1473 vel
2355 1443 2466 1473 saltem

1408 523 1635 637 quanm-run
1658 517 1812 554 secundo,
1836 528 1877 549 an
1896 519 2006 549 utilius
2027 519 2067 549 sit
2093 529 2217 550 sumere
2236 521 2465 552 Eucharistiam

1397 1485 1530 1524 ⁴potatio
1554 1485 1632 1524 ipsa,
1656 1486 1906 1515 instrumentum
1929 1490 1976 1515 est
1999 1485 2162 1525 quoddam
2180 1486 2279 1525 ipsius
2296 1486 2412 1517 Christi
2427 1487 2467 1518 ad

1407 1527 1645 1558 laetificandum
1675 1530 1814 1559 animam
1834 1530 1867 1565 *3
1902 1534 1933 1559 et
1961 1529 2103 1559 similiter
2132 1531 2253 1570 species
2282 1531 2389 1570 panis,
2416 1531 2467 1561 vel

1407 1572 1519 1602 saltem
1541 1572 1746 1603 manducatio
1768 1573 1847 1612 ipsa,
1870 1573 2118 1603 instrumentum
2140 1578 2187 1603 est
2202 1573 2318 1604 Christi
2334 1573 2374 1605 ad
2390 1584 2467 1604 con-

1406 1615 1601 1646 firmandum
1629 1617 1770 1647 hominis
1801 1617 1945 1646 animum
1960 1617 1994 1652 *3
2024 1617 2106 1647 sicut
2138 1617 2178 1647 de
2207 1626 2290 1657 aqua
2319 1618 2468 1658 baptismi

1406 1660 1606 1700 Augustinus
1628 1660 1704 1690 dicit
1720 1661 1737 1677 ⁴*
1760 1659 1850 1700 quod
1873 1669 1990 1700 corpus
2009 1661 2115 1702 tangit
2131 1666 2162 1691 et
2176 1670 2234 1691 cor
2249 1661 2358 1691 abluit.
2382 1680 2405 1684 —
2427 1662 2468 1692 Et

1407 1703 1624 1734 confirmatur.
1664 1704 1749 1742 Quia
1780 1709 1878 1743 potus
1907 1704 2140 1734 sacramentalis
2169 1704 2324 1744 significat
2352 1711 2468 1745 potum

1407 1748 1614 1788 spiritualem.
1637 1748 1761 1788 Regula
1775 1753 1884 1778 autem
1902 1748 2056 1787 generalis
2079 1753 2126 1778 est
2149 1748 2238 1788 quod
2261 1755 2468 1780 sacramenta-

1407 1792 1453 1822 les
1476 1797 1565 1822 actus
1587 1797 1662 1822 sunt
1683 1793 1903 1827 instrumenta,
1927 1797 1981 1822 aut
1997 1793 2087 1832 quasi
2101 1793 2320 1829 instrumenta,
2344 1792 2469 1824 divinae

1407 1836 1540 1866 virtutis.
1556 1854 1580 1858 -
1593 1836 1635 1866 Et
1649 1835 1857 1867 confirmatur
1878 1845 1986 1866 rursus
2002 1845 2040 1866 ex
2056 1845 2096 1866 eo
2112 1836 2211 1876 quod,
2235 1837 2261 1866 si
2276 1836 2469 1876 significatus

1409 1879 1540 1910 effeetus
1573 1889 1630 1920 per
1659 1881 1877 1920 sumptionem
1909 1880 2126 1913 Eucharistiae
2159 1889 2227 1910 non
2257 1881 2405 1920 provenit
2433 1882 2468 1911 in

1409 1929 1606 1960 sumentem,
1637 1923 1771 1954 dicimus
1795 1923 1884 1964 quod
1907 1924 1970 1954 hoc
1992 1933 2060 1954 non
2084 1929 2131 1954 est
2157 1933 2195 1954 ex
2218 1923 2345 1955 defectu
2367 1934 2468 1955 sacra-

1409 1968 1519 2004 menti,
1543 1969 1622 2008 quin
1646 1967 1804 1998 conferret
1827 1967 1917 2008 quod
1939 1967 2138 2007 significaret,
2155 1968 2236 1998 sicut
2255 1974 2286 1998 et
2302 1973 2405 1999 cetera
2420 1978 2468 1999 sa-

1410 2017 1570 2042 cramenta
1592 2011 1762 2042 conferunt
1785 2011 1875 2051 quod
1889 2011 2078 2051 significant,
2102 2010 2157 2042 sed
2173 2021 2210 2041 ex
2225 2011 2468 2052 indispositione

1410 2056 1573 2086 sumentis.
1596 2073 1620 2078 -
1642 2056 1731 2086 Haec
1747 2056 1834 2086 enim
1850 2056 1958 2085 omnia
1974 2060 2158 2086 attestantur
2174 2055 2263 2095 quod
2282 2056 2469 2086 huiusmodi

1409 2099 1687 2130 sacramentalibus
1712 2099 1856 2130 Christus
1874 2100 1974 2129 utitur
1987 2104 2024 2129 ut
2038 2099 2274 2129 instrumentis:
2298 2099 2388 2139 quod
2403 2105 2469 2130 erat

1410 2149 1619 2183 assumptum.
1644 2142 1778 2173 Constat
1796 2143 1882 2173 enim
1904 2143 1993 2177 haec,
2017 2143 2136 2173 scilicet
2159 2143 2298 2183 speciem
2321 2144 2412 2183 panis
2435 2149 2469 2174 et

1409 2188 1484 2223 vini,
1509 2197 1565 2217 seu
1587 2186 1869 2217 manducationem
1889 2191 1920 2216 et
1935 2187 2124 2217 bibitionem
2147 2187 2397 2223 sacramentales,
2421 2187 2468 2218 di-

1409 2240 1571 2261 versarum
1593 2240 1661 2261 esse
1683 2231 1862 2261 rationum:
1890 2231 1972 2260 sicut
1994 2230 2188 2261 diversarum
2210 2236 2285 2261 sunt
2306 2231 2467 2262 rationum

1409 2276 1443 2305 in
1467 2284 1534 2305 esse
1557 2275 1702 2305 naturali.

1464 2319 1515 2349 111.
1539 2319 1661 2354 Tertio,
1678 2328 1716 2349 ex
1739 2317 1911 2348 effectuum
1934 2317 2108 2360 differentia
2123 2319 2149 2348 ὓ.
2173 2317 2289 2349 Utilius
2310 2323 2356 2349 est
2378 2327 2467 2349 com-

1410 2362 1503 2393 edere
1520 2362 1720 2402 spiritualiter
1743 2367 1774 2392 et
1794 2362 1903 2392 bibere
1919 2362 2120 2402 spiritualiter
2140 2368 2373 2393 sacramentum
2392 2363 2466 2399 hoc,

1410 2416 1507 2447 quam
1529 2406 1608 2437 illud
1631 2406 1833 2446 spiritualiter
1855 2405 2024 2436 comedere
2045 2411 2180 2436 tantum.

1463 2450 1505 2481 Et
1536 2451 1561 2480 si
1594 2449 1715 2481 dicatur
1747 2449 1836 2489 quod
1866 2449 2036 2480 comedere
2068 2450 2269 2489 spiritualiter
2302 2455 2333 2480 et
2359 2450 2467 2481 bibere

1409 2494 1610 2534 spiritualiter
1632 2499 1706 2524 sunt
1728 2493 1830 2524 idem:
1847 2511 1869 2516 -
1885 2499 2004 2524 contra.
2025 2493 2113 2524 Turn
2129 2494 2204 2534 quia
2220 2493 2388 2524 comedere
2403 2495 2467 2534 spi-

1409 2538 1561 2569 ritualiter
1587 2543 1634 2568 est
1655 2543 1745 2568 actus
1766 2537 1962 2574 intellectus,
1996 2542 2110 2577 utpote
2135 2543 2281 2578 spectans
2308 2538 2347 2568 ad
2369 2537 2467 2568 fidem

1410 2587 1441 2612 et
1464 2582 1784 2622 contemplationem:
1808 2582 1895 2611 iuxta
1916 2581 1997 2612 illud
2010 2581 2111 2612 Eccli.
2130 2591 2171 2611 xv
2186 2583 2213 2618 ¹*‚
2236 2582 2361 2612 Cibauit
2376 2582 2466 2612 illum

1402 2634 1492 2666 pane
1514 2626 1599 2656 vitae
1624 2631 1655 2657 et
1677 2625 1874 2661 intellectus,
1906 2630 1938 2656 et
1962 2625 2042 2655 illud
2064 2625 2235 2665 Augustini
2253 2626 2285 2662 *‚
2312 2626 2415 2656 Crede
2437 2631 2468 2656 et

1410 2669 1620 2700 manducasti.
1639 2670 1758 2700 'Bibere
1772 2678 1849 2699 vero
1873 2673 1920 2700 est
1942 2674 2031 2699 actus
2046 2668 2207 2699 affectivae
2226 2670 2330 2710 partis,
2354 2675 2467 2710 utpote

1410 2719 1555 2754 spectans
1578 2713 1617 2744 ad
1640 2713 1843 2744 dulcedinem
1864 2713 1998 2743 caritatis
2015 2718 2045 2743 et
2064 2712 2308 2744 delectationem
2323 2714 2466 2754 spiritus:

1408 2759 1495 2788 iuxta
1517 2757 1606 2793 illud,
1632 2757 1676 2787 E't
1698 2757 1807 2787 vinum
1831 2757 1986 2798 laetificat
2006 2766 2065 2787 cor
2086 2757 2225 2787 hominis
2244 2758 2270 2793 ’ζ
2295 2763 2326 2788 et
2347 2767 2465 2794 rursus,

1414 2803 1570 2832 Torrente
1591 2801 1765 2841 voluptatis
1787 2806 1862 2831 tuae
1877 2801 2007 2841 potabis
2030 2809 2084 2831 eos
2099 2801 2126 2830 ἦ

1465 2845 1506 2876 Et
1529 2844 1735 2876 confirmatur
1757 2845 1820 2875 hoc
1851 2853 1889 2875 ex
1910 2845 1980 2885 ipsa
2000 2843 2180 2875 diversitate
2202 2845 2376 2885 signorum.
2412 2845 2468 2875 Di-

1408 2898 1498 2919 versa
1528 2889 1614 2920 enim
1644 2889 1733 2929 signa
1762 2889 1999 2919 sacramentalia
2029 2893 2158 2928 oportet
2187 2888 2309 2919 diversa
2335 2898 2468 2929 quoque

1409 2933 1526 2963 habere
1547 2932 1732 2973 significata.
1755 2932 1797 2962 Et
1814 2937 1993 2972 propterea,
2018 2933 2093 2972 quia
2107 2931 2300 2963 manducare
2314 2938 2346 2963 et
2361 2933 2468 2963 bibere

1408 2982 1484 3007 sunt
1507 2976 1629 3007 diversa
1650 2977 1739 3016 signa
1754 2976 2000 3012 sacramentalia,
2017 2976 2219 3016 consequens
2235 2982 2282 3006 est
2296 2982 2332 3007 ut
2347 2976 2469 3007 diversa

1411 3030 1543 3061 quoque
1573 3021 1710 3051 habeant
1735 3019 1917 3060 significata.
1953 3019 1986 3050 Si
2013 3020 2099 3050 enim
2125 3019 2211 3050 idem
2238 3018 2467 3060 significarent,

1410 3065 1544 3095 alterum
1567 3063 1766 3104 superfluum
1790 3069 1872 3094 esset
1893 3064 1927 3094 in
1950 3063 2170 3104 significando.

1463 3109 1505 3139 Et
1527 3107 1734 3139 confirmatur
1755 3117 1864 3138 rursus
1894 3117 1932 3138 ex
1957 3108 2152 3148 proprietate
2177 3108 2401 3139 attributorum
2427 3108 2468 3138 si-

1409 3158 1590 3192 gnatorum.
1613 3152 1697 3182 Nam
1711 3151 1802 3182 calici
1821 3152 2039 3182 sacramentali
2061 3152 2239 3182 attribuitur
2261 3151 2351 3192 quod
2373 3152 2469 3192 signi-

1409 3195 1483 3227 ficat
1506 3205 1652 3236 expresse
1669 3201 1808 3226 mortem
1831 3195 1958 3232 Christi,
1974 3195 2295 3236 redemptionemque
2312 3205 2371 3236 per
2384 3196 2469 3226 illius

1409 3241 1598 3280 sanguinem
1619 3245 1791 3280 peractam,
1814 3239 1912 3270 vitam
1934 3240 2069 3276 animae,
2095 3240 2246 3270 laetitiam
2269 3239 2383 3276 cordis,
2407 3245 2467 3270 etc.

1465 3284 1517 3315 IV.
1542 3284 1665 3322 Quarto
1686 3284 1827 3324 arguitur
1845 3283 1993 3314 ducendo
2009 3283 2050 3314 ad
2063 3284 2294 3314 inconveniens
2309 3285 2336 3314 *.
2360 3283 2469 3315 Sacer-

1409 3327 1469 3359 dos
1492 3328 1663 3364 celebrans,
1687 3333 1817 3369 sumpto
1833 3333 2031 3358 sacramento
2047 3328 2106 3359 sub
2121 3329 2228 3368 specie
2245 3329 2347 3368 panis,
2371 3336 2469 3368 quae—

2295 3477 2325 3503 32

2493 615 2502 625 ·
2522 613 2557 636 Cf.
2574 619 2636 636 num.
2651 621 2702 642 xm,

2493 875 2543 898 ·Cf.
2551 879 2701 904 qu.1.xn,art.

2495 910 2513 929 i,
2526 902 2555 924 ad
2571 910 2589 924 ι.

2494 1053 2503 1062 ·
2519 1051 2554 1073 Cs.
2567 1056 2632 1073 num.
2641 1057 2689 1073 xiv.

2494 1533 2546 1554 ‘Ps.
2553 1538 2703 1561 ci¹1,vers.=5.

2494 1624 2505 1634 '¹
2518 1622 2577 1645 Ibid.

2495 1663 2505 1674 ·
2510 1662 2535 1683 In
2540 1662 2605 1683 toan.
2612 1662 2704 1690 Evang.

2494 1692 2559 1710 tract.
2574 1688 2665 1710 Lxxx.

2494 2322 2505 2334 ·
2519 2321 2555 2344 Cf.
2569 2327 2633 2344 unm.
2647 2327 2685 2344 xv.

2494 2586 2504 2596 '¹
2517 2584 2584 2606 Vei-s.
2598 2590 2619 2613 3.

2494 2628 2535 2650 ‘In
2539 2628 2606 2650 Ioan.
2613 2627 2704 2656 Euang.

2494 2654 2704 2681 tract.XXV,num.

2495 2687 2526 2703 η.
2537 2692 2546 2697 -
2560 2681 2595 2703 Cf.
2610 2687 2660 2703 can.
2678 2680 2706 2701 Ut

2494 2707 2558 2735 quid,
2573 2707 2602 2728 de
2616 2707 2704 2729 Conse-

2494 2735 2563 2760 crat„
2577 2733 2630 2755 dist.
2645 2733 2674 2756 11.

2494 2762 2505 2771 ·
2512 2760 2548 2781 Ps.
2557 2765 2666 2787 «Ἡμεῖς.
2674 2766 2704 2788 ¹5.

2494 2800 2505 2810 ·
2518 2798 2556 2820 Pu.
2566 2804 2635 2826 xxxv,
2645 2803 2705 2820 vers.

2495 2830 2517 2852 9.

2495 3286 2505 3296 ·
2519 3284 2554 3307 cf.
2571 3289 2634 3306 num.
2645 3289 2693 3305 xvi.
