2878 4088
104 613 116 623 ·
130 612 223 634 Comm.
237 617 317 638 xxxvi,

105 638 203 666 dign-ess.
222 642 281 666 part.
296 644 315 660 2.

107 886 117 894 ·
129 883 226 905 Aristot.
243 883 273 905 de
285 883 318 905 A·

105 910 189 937 nima,
209 910 250 932 ub.
270 910 316 936 111,

105 942 156 985 33⁹.
104 942 246 1012 ...⁸5¹3
254 942 317 985 Ριὶέιῐ

104 995 214 1070 11111-
222 1015 288 1064 a.

105 1321 306 1377 &Egimvn
229 1355 281 1378 esp.
296 1356 318 1372 v.

109 2212 174 2236 'Cf-
189 2213 273 2235 Arm.
289 2212 322 2234 m

108 2297 167 2321 pm.
181 2282 202 2322 ᾖ.

117 3181 248 3237 ὃΜὲιξ-οὴ,
253 3185 321 3204 met.

1045 175 1310 223 QUAESTIO
1339 173 1451 220 XCII,
1481 173 1775 211 ARTICULUS
1804 174 1817 208 Ι

343 254 387 284 113
401 253 588 294 philosophi
607 260 787 294 posuerunt
809 255 956 285 ultimam
979 255 1119 285 hominis
1142 254 1326 284 felicitatem
1342 262 1410 283 esse

342 298 519 338 intelligere
544 299 733 329 substantias
757 309 774 329 a
796 299 928 329 materia
950 304 1108 339 separatas
1131 297 1310 329 secundum
1332 306 1409 328 esse.

344 342 385 372 Et
399 341 474 372 ideo
492 343 575 373 circa
590 343 673 373 hanc
694 344 917 383 quaestionem
942 342 1054 373 eadem
1077 342 1245 373 difficultas
1262 347 1292 372 et
1309 341 1410 372 diver-

344 387 417 416 sitas
439 387 600 417 invenitur
623 387 709 428 apud
732 387 945 428 philosophos
968 392 1000 417 et
1019 387 1105 427 apud
1123 387 1305 426 theologos.
1330 385 1410 423 Qui-

345 430 418 461 dam
443 432 529 461 enim
552 432 739 472 philosophi
768 437 948 472 posuerunt
978 431 1067 471 quod
1095 431 1275 461 intellectus
1301 435 1411 460 noster
1433 439 1442 459 5

344 475 504 515 possibilis
532 485 701 516 nunquam
730 481 838 517 potest
861 475 900 506 ad
923 476 986 506 hoc
1009 476 1175 516 pervenire
1199 480 1235 505 ut
1258 474 1412 514 intelligat

345 520 535 550 substantias
559 526 733 560 separatas:
758 521 840 550 sicut
857 520 1070 560 Alpharabius
1089 521 1122 550 in
1141 519 1206 550 fine
1230 528 1306 549 suae
1320 518 1412 548 Ethi-

345 571 425 601 cae;
449 565 594 604 quamvis
619 565 814 595 contrarium
839 564 951 595 dixerit
969 565 1003 594 in
1027 564 1109 594 libro
1126 563 1166 594 de
1180 563 1359 598 Intellecta,
1376 567 1412 592 ut

346 608 594 639 Commentator
616 609 722 645 refert,
741 610 775 639 in
798 609 840 638 111
863 608 903 639 de
924 608 1042 638 Anima
1058 609 1085 638 *.
1110 608 1151 638 Et
1174 607 1317 637 similiter
1341 606 1411 646 qui-

346 652 419 683 dam
443 653 587 693 theologi
613 658 793 694 posuerunt
821 652 911 692 quod
938 652 1118 683 intellectus
1145 652 1306 682 humanus
1329 660 1412 680 nun·
1428 659 1453 674 ¹⁰

346 706 445 737 quam
467 703 575 738 potest
605 697 644 728 ad
671 698 735 728 hoc
764 697 931 737 pervenire
960 702 997 727 ut
1024 696 1131 726 Deum
1158 705 1216 736 per
1244 695 1412 725 essentiam

345 741 460 772 videat.
491 742 532 772 Et
554 747 710 781 utrosque
734 741 774 772 ad
796 741 860 771 hoc
882 746 993 770 movet
1016 739 1163 770 distantia
1185 740 1267 769 inter
1289 738 1413 768 intelle-

347 791 435 816 ctum
458 791 605 816 nostrum
629 791 660 816 et
683 785 854 816 essentiam
876 784 1027 820 divinam,
1050 783 1102 814 vel
1125 783 1201 814 alias
1225 783 1414 813 substantias

346 835 514 870 separatas.
539 829 626 860 Cum
645 830 732 859 enim
752 829 931 859 intellectus
954 828 986 858 in
1007 833 1081 858 actu
1105 828 1144 858 sit
1168 825 1412 867 quodammodo

347 883 450 905 unum
465 883 540 904 cum
556 873 754 914 intelligibili
777 873 810 903 in
834 877 908 902 actu

345 918 491 948 tellectus
515 922 639 948 creatus
662 917 772 957 aliquo
795 915 896 947 modo
915 915 971 947 fiat
990 916 1124 947 essentia
1147 917 1296 946 increata.
1321 915 1415 946 Unde

347 962 598 1002 Chrysostomus
614 960 729 991 dicitff:
746 960 916 997 Quomodo
934 961 1073 991 creabile
1087 960 1174 992 videt
1189 959 1416 991 increabile?—

345 1006 388 1036 Et
401 1006 505 1036 maior
528 1005 695 1036 difficultas
711 1006 744 1036 in
761 1005 824 1036 hoc
841 1011 887 1036 est
902 1005 964 1036 illis
986 1006 1042 1046 qui
1065 1010 1195 1046 ponunt
1216 1005 1416 1035 intellectum

345 1049 532 1091 possibilem
555 1059 624 1080 esse
647 1050 863 1090 generabilem
887 1055 918 1080 et
942 1050 1193 1090 corruptibilem,
1218 1054 1331 1090 utpote
1354 1049 1415 1078 vir-

345 1099 448 1125 tutem
464 1104 482 1125 a
498 1103 635 1134 corpore
652 1093 899 1135 dependentem,
914 1104 983 1125 non
999 1095 1105 1125 solum
1121 1099 1269 1134 respectu
1284 1093 1416 1124 visionis
1430 1100 1456 1114 ²⁰

346 1138 489 1175 divinae,
513 1138 569 1169 sed
591 1144 739 1179 respectu
761 1139 894 1169 visionis
922 1148 1204 1179 quarumcumque
1227 1138 1415 1169 substantia-

346 1193 419 1214 rum
441 1189 668 1223 separatarum.

402 1227 465 1258 Sed
487 1228 567 1258 haec
590 1228 710 1268 positio
727 1228 863 1258 omnino
880 1233 961 1258 stare
976 1237 1045 1258 non
1060 1232 1176 1268 potest.
1200 1227 1320 1263 Primo,
1341 1227 1415 1267 quia

346 1277 516 1312 repugnat
522 1273 705 1302 auctoritati
729 1271 911 1312 Scripturae
934 1272 1128 1303 canonicae:
1158 1277 1194 1302 ut
1216 1272 1416 1322 Augustinus

312 1314 440 1352 ‚dicit,
464 1317 498 1347 in
521 1316 603 1347 libro
626 1316 666 1347 de
694 1316 835 1347 Videndo
859 1317 964 1347 Deo*

347 1361 522 1401 intelligere
546 1361 585 1391 sit
607 1361 746 1391 maxime
776 1362 906 1401 propria
937 1361 1082 1401 operatio
1105 1361 1263 1396 hominis,
1288 1365 1417 1400 oportet

925 873 952 908 θ’,
969 871 1094 902 videtur
1113 870 1240 902 difficile
1258 870 1348 911 quod
1366 871 1414 901 in-
1430 879 1452 899 ¹5

2445 186 2520 222 2¹9

1464 257 1689 293 separatarum.
1714 252 1755 282 Et
1777 253 1820 282 ita
1843 261 1900 292 per
1923 253 1986 283 hoc
2011 254 2099 293 quod
2126 255 2305 285 intellectus
2333 261 2441 286 noster
2456 257 2525 286 abs-

1464 297 1559 327 trahit
1582 296 1773 337 quidditates
1794 305 1900 326 rerum
1920 298 2130 328 materialium
2147 305 2178 329 et
2194 300 2359 339 cognoscit
2380 309 2441 336 035,
2458 310 2524 330 11011

1465 342 1609 381 5001111111
1621 340 1711 381 quod
1727 346 1900 380 cognoscat
1917 341 2126 380 quidditatem
2142 344 2333 374 substantiae
2350 350 2524 384 separatae:

1466 391 1497 416 et
1511 386 1684 426 praecipue
1708 384 1848 415 divinam
1872 386 2051 421 essentiam,
2069 396 2151 426 quae
2174 389 2310 418 maxime
2335 394 2381 418 est
2400 389 2526 418 alterius

1464 430 1594 460 rationis
1618 430 1657 460 ab
1681 429 1771 460 omni
1795 428 1970 469 quidditate
1995 435 2106 460 creata.
2131 449 2153 452 —
2176 431 2325 462 Secundo
2350 433 2435 472 quia,
2453 433 2526 463 dato

1466 474 1556 514 quod
1580 480 1661 505 esset
1690 474 1786 504 unius
1814 473 1958 509 rationis,
1983 479 2105 510 tamen,
2131 477 2257 514 cognita
2285 476 2459 516 quidditate
2483 478 2527 507 rei

1466 519 1675 559 compositae,
1691 527 1760 548 non
1776 523 2024 558 cognosceretur
2047 518 2205 558 quidditas
2229 521 2419 551 substantiae
2439 531 2528 561 sepa-

1465 568 1550 593 ratae
1573 563 1634 593 nisi
1657 562 1836 592 secundum
1859 571 1962 602 genus
1984 563 2249 599 remotissimum,
2274 565 2363 603 quod
2386 571 2432 595 est
2455 566 2528 595 sub-

1466 607 1588 637 stantia.
1606 607 1696 637 Haec
1711 612 1820 637 autem
1837 606 1979 646 cognitio
1996 612 2043 636 est
2058 606 2254 646 imperfecta,
2270 609 2330 638 nisi
2347 608 2530 639 deveniatur

1467 650 1506 681 ad
1528 651 1659 691 propria
1681 651 1744 681 rei:
1770 651 1827 690 qui
1855 651 1941 681 enim
1971 651 2136 690 cognoscit
2164 652 2330 681 hominem
2354 653 2459 682 solum
2482 654 2530 683 in—

1468 700 1625 734 quantum
1649 700 1696 725 est
1723 695 1856 730 animal,
1881 704 1948 725 non
1973 696 2140 735 cognoscit
2168 705 2243 726 eum
2269 697 2329 726 nisi
2353 697 2530 727 secundum

1468 738 1547 779 quid
1563 744 1594 769 et
1609 740 1642 769 in
1658 739 1818 779 potentia;
1844 744 1875 769 et
1890 739 1993 769 multo
2017 740 2124 770 minus
2149 741 2315 780 cognoscit
2332 750 2407 770 eum
2423 742 2449 771 si
2464 751 2531 771 non

1468 789 1643 822 cognoscat
1665 783 1727 813 nisi
1750 784 1943 814 substantiae
1967 789 2113 814 naturam
2137 785 2170 814 in
2193 785 2274 825 ipso.
2300 784 2393 815 Unde
2417 786 2462 815 sic
2478 795 2532 815 co-

1467 836 1622 867 gnoscere
1653 827 1759 858 Deum
1788 827 1839 857 vel
1871 828 1946 858 alias
1978 829 2167 859 substantias
2198 835 2355 870 separatas
2386 839 2454 859 non
2487 836 2533 860 est

1467 871 1575 902 videre
1599 872 1768 902 essentiam
1792 871 1931 903 divinam
1955 872 2006 903 vel
2030 873 2239 913 quidditatem
2269 874 2462 904 substantiae
2485 883 2533 904 se-

1468 921 1614 956 paratae:
1646 916 1702 947 sed
1732 922 1779 947 est
1809 926 2003 957 cognoscere
2034 927 2091 958 per
2121 917 2287 954 effectum,
2318 924 2349 948 et
2379 919 2470 959 quasi
2501 918 2532 948 in

1468 961 1597 1001 speculo
1614 962 1640 991 *.
2045 958 2047 961 ’

1525 1005 1566 1035 Ε1
1589 1004 1662 1036 ideo
1687 1005 1766 1036 alius
1789 1005 1907 1036 modus
1935 1006 2132 1046 intelligendi
2159 1008 2348 1037 substantias
2378 1012 2534 1047 separatas

1469 1050 1602 1089 ponitur
1624 1050 1662 1080 ab
1678 1050 1854 1086 Avicenna,
1871 1051 1904 1081 in
1921 1060 1977 1081 sua
2001 1051 2226 1093 Metaphysica
2242 1053 2277 1082 *t
2303 1052 2422 1082 scilicet
2446 1051 2535 1092 quod

1470 1094 1663 1125 substantiae
1687 1100 1847 1135 separatae
1871 1095 2091 1135 intelliguntur
2111 1105 2128 1125 a
2147 1096 2240 1126 nobis
2263 1106 2320 1136 per
2341 1097 2535 1127 intentiones

1470 1148 1601 1169 suarum
1625 1138 1849 1179 quidditatum‚
1871 1149 1953 1179 quae
1976 1145 2050 1170 sunt
2074 1140 2232 1180 quaedam
2257 1150 2366 1171 earum
2390 1141 2535 1171 similitu-

1471 1182 1571 1219 dines,
1594 1193 1662 1213 non
1687 1184 1859 1214 abstractae
1884 1185 1922 1214 ab
1947 1185 2001 1220 eis,
2019 1185 2094 1224 quia
2117 1185 2272 1225 ipsaemet
2295 1191 2368 1215 sunt
2391 1186 2536 1216 immate-

1470 1227 1571 1263 riales,
1596 1227 1652 1258 sed
1675 1228 1847 1268 impressae
1871 1229 1909 1258 ab
1934 1229 1978 1259 eis
2001 1229 2034 1259 in
2059 1229 2225 1259 animabus
2247 1230 2374 1260 nostris.

1526 1271 1589 1302 Sed
1611 1272 1664 1302 hic
1694 1272 1812 1302 modus
1843 1274 1939 1303 etiam
1962 1282 2029 1303 non
2053 1273 2177 1303 videtur
2206 1274 2299 1304 nobis
2329 1273 2474 1304 sufficere
2497 1274 2537 1304 ad

967 1340 974 1347 .
1002 1334 1025 1339 —
1049 1315 1199 1347 Secundo
1224 1317 1315 1356 quia,
1341 1325 1416 1346 cum
1430 1325 1454 1345 ες
1469 1316 1628 1346 visionem
1652 1315 1792 1346 divinam
1816 1326 1914 1357 quam
1943 1318 2136 1357 quaerimus.
2173 1317 2309 1348 Constat
2338 1319 2424 1349 enim
2448 1318 2537 1358 quod

1471 1369 1567 1390 omne
1586 1360 1673 1401 quod
1689 1361 1844 1401 recipitur
1867 1361 1900 1391 in
1925 1362 2045 1402 aliquo,
2063 1367 2109 1392 est
2125 1362 2157 1392 in
2174 1372 2212 1392 eo
2229 1372 2294 1403 per
2308 1363 2438 1393 modum
2456 1363 2536 1394 reci-

347 1404 438 1445 quod
461 1404 641 1436 secundum
671 1415 742 1436 eam
771 1406 947 1445 assignetur
969 1405 1029 1436 sibi
1052 1415 1110 1435 sua
1131 1404 1315 1441 beatitudo,
1340 1414 1416 1444 curn
1463 1404 1586 1444 pientis
1600 1406 1627 1435 ξ.
1651 1405 1693 1435 Et
1712 1405 1786 1435 ideo
1803 1405 1977 1436 similitudo
2002 1406 2128 1436 divinae
2144 1407 2298 1437 essentiae
2321 1408 2474 1448 impressa
2498 1408 2535 1437 ab

346 1449 426 1480 haec
442 1450 588 1489 operatio
603 1450 638 1480 in
652 1450 724 1490 ipso
740 1449 881 1490 perfecta
897 1449 1002 1480 fuerit.
1027 1449 1113 1480 Cum
1129 1455 1237 1480 autem
1261 1448 1415 1489 perfectio
1469 1449 1539 1488 ipsa
1553 1449 1587 1479 in
1603 1449 1767 1480 intellectu
1790 1455 1912 1486 nostro,
1930 1451 1987 1481 erit
2003 1460 2060 1490 per
2078 1450 2214 1481 modum
2231 1452 2331 1482 nostri
2347 1452 2536 1482 intellectus.

346 1493 562 1534 intelligentis,
578 1494 773 1534 inquantum
796 1493 993 1530 huiusmodi,
1011 1494 1050 1524 sit
1072 1494 1180 1534 ipsum
1202 1493 1415 1533 intelligibile;

1471 1492 1589 1523 Modus
1620 1499 1728 1524 autem
1761 1494 1941 1524 intellectus
1973 1496 2072 1525 nostri
2106 1494 2257 1525 deficiens
2288 1502 2335 1526 est
2358 1507 2375 1526 a
2398 1496 2538 1536 perfecta

347 1538 374 1568 si
389 1539 422 1568 in
437 1537 669 1578 perfectissima
691 1539 879 1578 operatione
902 1538 1082 1568 intellectus
1103 1539 1205 1568 homo
1220 1547 1288 1568 non
1304 1547 1416 1578 perve-
1432 1546 1458 1566 ³⁰
1470 1538 1656 1577 receptione
1681 1538 1806 1568 divinae
1829 1539 2053 1569 similitudinis.
2078 1539 2230 1570 Defectus
2249 1546 2357 1570 autem
2380 1540 2538 1580 perfectae

347 1582 414 1613 niat
437 1582 477 1612 ad
499 1581 671 1613 videndam
702 1583 872 1613 essentiam
902 1582 1060 1619 divinam,
1085 1581 1141 1612 sed
1168 1581 1289 1622 aliquid
1319 1581 1415 1618 aliud,

348 1627 511 1667 oportebit
534 1626 639 1657 dicere
656 1626 753 1666 >quod
776 1626 898 1667 aliquid
926 1626 1012 1657 aliud
1035 1627 1075 1657 sit
1098 1626 1282 1657 beatificans
1308 1627 1416 1666 ipsum

347 1671 515 1702 hominem
538 1680 636 1711 quam
653 1671 752 1701 Deus.
776 1671 909 1701 Etcum
931 1671 1045 1701 ulfima
1067 1670 1222 1711 perfectio
1248 1671 1417 1701 cuiuslibet

347 1715 387 1745 sit
408 1715 443 1746 in
466 1715 698 1745 coniunctione
722 1714 762 1746 ad
785 1724 881 1746 suum
904 1715 1110 1755 principium,
1135 1715 1279 1755 sequitur
1302 1720 1338 1745 ut
1362 1715 1417 1744 ali-

347 1758 427 1799 quid
450 1758 538 1790 aliud
555 1759 596 1790 sit
610 1759 806 1799 principium
831 1758 1015 1790 effectivum
1038 1759 1179 1790 hominis
1203 1768 1301 1799 quarn
1317 1759 1416 1789 Deus.
1433 1766 1455 1786 ις

348 1802 448 1842 Quod
472 1809 519 1834 est
541 1803 716 1834 absurdum
744 1803 924 1834 secundum
947 1813 1018 1834 nos.
1051 1803 1092 1834 Et
1118 1803 1262 1834 similiter
1290 1809 1336 1834 est
1363 1804 1417 1834 ab·

348 1847 481 1879 surdum
508 1847 596 1888 apud
622 1848 837 1888 philosophos
870 1849 927 1889 qui
950 1853 1079 1889 ponunt
1108 1849 1229 1878 animas
1253 1853 1376 1878 nostras
1400 1858 1418 1878 a

348 1892 530 1924 substantiis
546 1893 696 1932 separatis
712 1902 861 1924 emanare
876 1898 912 1923 ut
926 1893 960 1923 in
976 1891 1041 1923 fine
1057 1902 1109 1923 eas
1124 1893 1286 1933 possimus
1302 1892 1417 1923 intelli—

347 1945 432 1977 gere.
456 1936 551 1968 Unde
567 1942 696 1977 oportet
710 1946 833 1977 ponere
849 1936 1029 1968 secundum
1044 1946 1115 1973 1105,
1133 1936 1223 1977 quod
1237 1937 1418 1967 intellectus

347 1986 456 2012 noster
479 1981 678 2022 quandoque
700 1982 866 2022 perveniat
888 1982 928 2012 ad
950 1981 1121 2012 videndam
1146 1982 1315 2012 essentiam
1339 1980 1418 2012 divi·
1433 1992 1459 2012 4⁰

347 2034 441 2062 nam;
467 2031 498 2056 et
521 2025 701 2057 secundum
724 2026 949 2066 philosophos,
967 2025 1058 2066 quod
1073 2026 1237 2066 perveniat
1253 2025 1293 2056 ad
1308 2024 1418 2056 viden-

349 2069 423 2101 dam
447 2071 617 2101 essentiam
641 2070 889 2100 substantiarum
912 2075 1138 2110 separatarum.

403 2114 584 2152 Quomodo
609 2119 717 2145 autem
733 2115 797 2145 hoc
812 2115 915 2155 possit
938 2113 1091 2150 accidere,
1108 2119 1203 2145 restat
1226 2114 1419 2154 investigan-

349 2158 438 2189 dum.
473 2158 615 2196 Quidam
639 2159 726 2189 enim
749 2158 912 2194 dixerunt,
937 2164 973 2189 ut
996 2158 1207 2199 Alpharabius
1238 2164 1270 2189 et
1298 2159 1418 2189 Avem-

348 2212 430 2243 pace
445 2203 472 2238 *‚
497 2202 587 2243 quod
603 2212 642 2233 ex
657 2203 720 2233 hoc
736 2203 807 2242 ipso
825 2203 914 2243 quod
937 2203 1118 2234 intellectus
1140 2209 1250 2234 noster
1272 2203 1419 2243 intelligit
1433 2214 1457 2234 45

314 2255 576 2288 ‘quaecumque
598 2247 819 2287 intelligibilia,
834 2248 986 2288 pertingit
1001 2247 1041 2278 ad
1056 2247 1228 2278 videndam
1250 2249 1419 2278 essentiam

349 2291 544 2324 substantiae
566 2297 738 2332 separatae.
766 2291 807 2322 Et
830 2291 870 2322 ad
892 2292 956 2322 1100
979 2291 1215 2322 ostendendum
1239 2292 1420 2332 procedunt

350 2335 484 2366 duobus
493 2335 608 2366 modis.
633 2335 784 2387 Quorum
803 2337 927 2376 primus
943 2341 990 2366 est
1006 2335 1106 2376 quod,
1123 2337 1205 2367 sicut
1220 2342 1332 2367 natura
1348 2346 1419 2377 spe-

351 2380 411 2410 ciei
429 2389 498 2410 11011
522 2379 774 2411 diversificatur
765 2390 800 2410 111
815 2379 949 2411 diversis
968 2380 1140 2412 individuis
1159 2382 1221 2412 nisi
1240 2381 1419 2412 secundum

350 2423 441 2464 quod
461 2425 668 2464 coniungitur
689 2425 854 2465 principiis
877 2424 1161 2462 individuantibus,
1178 2426 1220 2456 ita
1243 2425 1348 2456 forma
1371 2427 1460 2456 111-ςο

350 2468 476 2499 tellecta
498 2469 639 2499 hominis
662 2478 730 2499 non
754 2468 983 2500 diversificatur
998 2469 1085 2510 apud
1107 2479 1161 2500 me
1185 2475 1217 2500 et
1239 2475 1271 2500 te
1293 2471 1419 2501 1115150-

351 2512 496 2543 cundum
518 2512 609 2553 quod
632 2514 838 2553 coniungitur
861 2513 991 2544 diversis
1017 2513 1129 2545 formis
1152 2515 1419 2555 imaginabilibus.

350 2557 393 2587 Et
410 2556 495 2593 ideo,
521 2557 652 2597 quando
675 2557 856 2588 intellectus
880 2563 1004 2599 separat
1026 2558 1164 2589 formam
1187 2559 1383 2590 intellectam
1402 2570 1420 2590 a

351 2600 463 2632 formis
479 2602 725 2641 imaginationis,
742 2607 886 2633 remanet
906 2602 1066 2643 quidditas
1086 2603 1256 2640 intellecta,
1274 2613 1357 2643 quae
1374 2609 1420 2634 est

350 2655 416 2676 una
433 2651 464 2676 et
480 2645 592 2676 eadem
608 2646 695 2686 apud
710 2646 851 2677 diversos
869 2647 1091 2687 intelligentes.
1115 2647 1156 2678 Et
1170 2647 1358 2678 huiusmodi
1373 2653 1421 2679 est
1435 2659 1458 2680 55

352 2689 512 2730 quidditas
527 2691 721 2721 substantiae
737 2696 909 2731 separatae.
933 2691 975 2721 Et
989 2691 1075 2728 ideo,
1093 2691 1223 2731 quando
1240 2692 1420 2724 intellectus

350 2739 461 2765 noster
482 2735 628 2775 pervenit
651 2734 692 2765 ad
714 2744 875 2765 summam
899 2735 1144 2766 abstractionem
1167 2735 1352 2776 quidditatis
1371 2738 1419 2768 in-

351 2779 523 2819 telligibilis
542 2779 788 2820 cuiuscumque,
804 2779 951 2820 intelligit
966 2789 1023 2820 per
1038 2780 1102 2810 hoc
1118 2780 1330 2821 quidditatem
1345 2782 1420 2812 sub-

352 2823 485 2854 stantiae
509 2829 670 2863 separatae
701 2833 783 2864 quae
807 2829 854 2854 est
877 2824 907 2854 ei
930 2824 1050 2855 similis.
1070 2843 1093 2846 —
1113 2824 1280 2856 Secundus
1303 2825 1420 2856 modus

353 2873 400 2898 est
416 2868 492 2908 quia
506 2868 687 2898 intellectus
710 2873 820 2898 noster
834 2873 928 2899 natus
944 2873 992 2899 est
1007 2869 1186 2900 abstrahere
1210 2869 1420 2909 quidditatem
1434 2879 1462 2899 ⁶0

353 2912 392 2942 ab
409 2912 560 2943 omnibus
575 2912 826 2952 intelligibilibus
842 2913 1033 2943 habentibus
1049 2913 1269 2953 quidditatem.
1294 2913 1328 2945 Si
1344 2924 1419 2955 ergo

353 2955 513 2997 quidditas
537 2966 636 2997 quam
659 2957 810 2987 abstrahit
825 2957 865 2987 ab
880 2957 944 2987 hoc
960 2957 1111 2997 singulari
1133 2957 1271 2988 habente
1294 2958 1420 2998 quiddi—

353 3005 462 3037 tatem,
485 3001 526 3031 sit
549 3000 709 3041 quidditas
731 3011 799 3032 non
822 3001 943 3032 habens
967 3001 1189 3042 quidditatem,
1213 3002 1420 3043 intelligendo

355 3054 426 3076 eam
448 3045 604 3085 intelliget
627 3045 838 3086 quidditatem
861 3046 1055 3076 substantiae
1079 3051 1241 3086 separatae
1269 3056 1352 3087 quae
1375 3053 1422 3078 est

353 3089 423 3119 talis
439 3088 671 3130 dispositionis:
689 3099 729 3120 eo
746 3089 836 3130 quod
852 3091 1045 3120 substantiae
1061 3095 1222 3130 separatae
1238 3097 1313 3122 sunt
1328 3091 1421 3131 quid-
1435 3100 1459 3125 ες

355 3132 467 3164 ditates
499 3134 705 3165 subsistentes
734 3144 802 3165 non
832 3134 985 3165 habentes
1017 3133 1227 3179 quidditates;
1260 3135 1422 3176 quidditas

356 3177 443 3207 enim
465 3177 618 3218 simplicis
641 3183 687 3210 est
711 3179 813 3219 ipsum
836 3179 982 3220 simplex,
998 3184 1035 3209 ut
1057 3175 1223 3210 Avicenna
1246 3179 1322 3210 dicit
1337 3181 1364 3210 *.
1389 3180 1422 3211 Si

357 3226 466 3251 autem
494 3221 652 3261 quidditas
683 3223 837 3254 abstracta
860 3224 898 3253 ab
922 3223 986 3254 hoc
1009 3223 1190 3264 particulari
1219 3224 1360 3255 sensibili
1383 3225 1423 3255 sit

357 3264 517 3305 quidditas
538 3266 659 3297 habens
683 3267 904 3308 quidditatem,
929 3277 1005 3308 ergo
1030 3267 1241 3308 quidditatem
1264 3268 1352 3299 illam
1374 3270 1422 3299 in-

356 3308 502 3340 tellectus
525 3314 619 3340 natus
641 3316 688 3342 est
711 3312 898 3343 abstrahere.
930 3312 972 3343 Et
994 3313 1047 3348 ita,
1075 3322 1151 3343 cum
1176 3322 1245 3343 non
1271 3313 1311 3343 sit
1337 3313 1423 3344 abire
1437 3326 1473 3346 70

357 3353 391 3383 in
413 3352 588 3390 infinitum,
612 3355 670 3385 erit
693 3354 842 3387 devenire
865 3356 905 3387 ad
928 3356 1138 3397 quidditatem
1161 3366 1229 3387 non
1252 3357 1423 3388 habentem

358 3396 579 3437 quidditatem,
602 3407 660 3438 per
683 3408 781 3439 quam
803 3400 990 3441 intelligitur
1013 3401 1171 3441 quidditas
1195 3407 1347 3442 separata.

413 3440 477 3472 Sed
499 3442 558 3472 iste
576 3441 694 3472 modus
707 3452 777 3474 non
791 3444 916 3475 videtur
932 3454 1000 3476 esse
1016 3445 1187 3476 sufficiens.
1211 3446 1330 3482 Primo,
1348 3447 1424 3487 quia

358 3484 518 3525 quidditas
541 3485 734 3517 substantiae
755 3489 924 3520 materialis
948 3499 1047 3530 quam
1067 3490 1247 3521 intellectus
1263 3491 1422 3528 abstrahit,

1471 1582 1686 1612 similitudinis
1703 1588 1809 1623 potest
1824 1588 1872 1613 tot
1895 1583 2000 1614 modis
2016 1583 2159 1614 accidere
2183 1590 2263 1624 quot
2283 1584 2388 1615 modis
2405 1585 2539 1615 dissimi-

1470 1626 1574 1656 litudo
1597 1627 1767 1657 invenitur.
1792 1627 1867 1658 Uno
1893 1629 1979 1658 enim
2002 1627 2102 1658 modo
2119 1634 2166 1659 est
2189 1628 2341 1659 deficiens
2364 1629 2539 1660 similitudo

1472 1670 1603 1710 quando
1635 1672 1842 1711 participatur
1873 1671 1976 1702 forma
2006 1672 2185 1702 secundum
2217 1673 2351 1703 eandem
2382 1674 2539 1704 rationem

1471 1715 1600 1754 speciei,
1621 1715 1676 1745 sed
1699 1725 1766 1745 non
1790 1715 1968 1746 secundum
1993 1716 2132 1747 eundem
2156 1717 2362 1756 perfectionis
2385 1718 2538 1748 modum:

1472 1759 1555 1789 sicut
1570 1764 1617 1789 est
1632 1759 1807 1790 similitudo
1824 1759 1976 1791 deficiens
2000 1761 2069 1791 eius
2085 1761 2140 1801 qui
2156 1770 2269 1801 parum
2289 1762 2385 1792 habet
2401 1761 2440 1792 de
2457 1763 2541 1792 albe—

1473 1802 1557 1839 dine,
1575 1803 1615 1833 ad
1630 1804 1722 1834 illum
1739 1805 1795 1844 qui
1818 1805 1958 1835 multum
1974 1805 2079 1835 habet.
2104 1806 2178 1835 Alio
2194 1806 2295 1836 modo
2320 1806 2424 1836 adhuc
2441 1808 2541 1846 magis

1473 1847 1634 1884 deficiens,
1652 1848 1783 1888 quando
1799 1858 1867 1879 non
1883 1850 2067 1889 pervenitur
2082 1850 2122 1880 ad
2146 1850 2280 1880 eandem
2296 1852 2454 1881 rationem
2470 1861 2540 1891 spe-

1473 1893 1543 1928 ciei,
1560 1892 1616 1922 sed
1639 1898 1764 1923 tantum
1788 1893 1827 1923 ad
1851 1893 1986 1924 eandem
2009 1895 2166 1925 rationem
2185 1895 2325 1934 generis:
2350 1896 2432 1925 sicut
2455 1896 2541 1926 simi-

1472 1936 1575 1966 litudo
1600 1937 1681 1967 inter
1703 1937 1796 1967 illum
1826 1939 1882 1977 qui
1905 1938 2001 1969 habet
2034 1939 2177 1969 colorem
2202 1940 2368 1975 citrinum,
2396 1945 2427 1970 et
2449 1940 2540 1970 illum

1474 1981 1530 2020 qui
1553 1981 1648 2011 habet
1671 1981 1815 2012 colorem
1839 1982 1957 2013 album.
1989 1983 2064 2013 Alio
2087 1983 2187 2013 modo
2212 1983 2316 2014 adhuc
2339 1985 2439 2024 magis
2463 1984 2541 2015 defi-

1474 2026 1571 2061 ciens,
1588 2025 1718 2065 quando
1743 2025 1782 2056 ad
1805 2027 1963 2057 rationem
1987 2027 2122 2058 eandem
2146 2029 2270 2067 generis
2293 2029 2461 2068 pertingit,
2485 2029 2541 2059 sed

1473 2069 1580 2100 solum
1604 2070 1783 2101 secundum
1800 2071 1997 2111 analogiam:
2023 2072 2105 2102 sicut
2126 2078 2173 2102 est
2192 2072 2367 2103 similitudo
2387 2072 2541 2104 albedinis

1474 2113 1513 2144 ad
1536 2114 1703 2145 hominem
1726 2115 1759 2145 in
1781 2124 1820 2146 eo
1845 2115 1935 2155 quod
1950 2121 2124 2156 utrumque
2149 2122 2195 2146 est
2211 2126 2277 2147 ens.
2301 2117 2342 2147 Et
2361 2118 2424 2147 hoc
2439 2117 2540 2148 modo

1474 2164 1521 2188 est
1544 2157 1696 2189 deficiens
1712 2160 1818 2190 omnis
1834 2160 2008 2191 similitudo
2026 2170 2108 2200 quae
2133 2166 2179 2191 est
2194 2161 2228 2191 in
2251 2167 2392 2192 creatura
2413 2168 2541 2202 recepta

1473 2208 1620 2243 respectu
1637 2203 1762 2234 divinae
1775 2205 1938 2235 essentiae.
1957 2204 2009 2235 Ad
2021 2206 2084 2236 hoc
2100 2211 2208 2236 autem
2221 2205 2310 2246 quod
2321 2207 2407 2236 visus
2420 2216 2541 2246 cogno-

1474 2253 1540 2282 scat
1563 2247 1754 2284 albedinem,
1778 2254 1907 2288 oportet
1930 2249 2019 2289 quod
2051 2250 2221 2290 recipiatur
2243 2251 2277 2280 in
2301 2260 2340 2280 eo
2364 2251 2540 2281 similitudo

1474 2291 1628 2322 albedinis
1652 2292 1831 2323 secundum
1854 2293 2012 2324 rationem
2036 2304 2111 2324 suae
2142 2295 2260 2335 speciei
2285 2294 2451 2335 (quamvis
2473 2305 2541 2326 non

1473 2335 1653 2367 secundum
1686 2337 1826 2368 eundem
1858 2337 1994 2368 modum
2019 2338 2141 2369 essendi
2154 2363 2161 2375 ,
2188 2339 2263 2379 quia
2285 2339 2380 2370 habet
2414 2340 2541 2370 alterius

1473 2381 1564 2411 modi
1579 2391 1648 2412 esse
1663 2380 1767 2412 forma
1781 2382 1815 2412 in
1839 2391 1944 2418 sensu,
1962 2389 1993 2413 et
2008 2383 2041 2413 in
2058 2393 2091 2413 re
2108 2388 2192 2414 extra
2208 2384 2381 2424 animam):
2406 2385 2432 2414 si
2455 2385 2541 2415 enim

1473 2425 1564 2456 fieret
1586 2426 1619 2456 in
1644 2426 1742 2456 oculo
1765 2426 1869 2456 forma
1893 2427 2006 2464 citrini,
2022 2437 2089 2458 non
2113 2427 2270 2458 diceretur
2298 2428 2412 2459 oculus
2434 2429 2541 2459 videre

1474 2470 1664 2501 albedinem.
1689 2471 1731 2501 Et
1753 2471 1896 2502 similiter
1918 2471 1958 2502 ad
1980 2472 2044 2502 hoc
2068 2472 2158 2512 quod
2181 2472 2360 2503 intellectus
2388 2473 2542 2513 intelligat

1474 2515 1615 2555 aliquam
1639 2514 1867 2555 quidditatem,
1893 2521 2022 2556 oportet
2045 2516 2135 2556 quod
2164 2515 2219 2547 fiat
2242 2518 2275 2547 in
2299 2527 2339 2547 eo
2367 2517 2541 2548 similitudo

1474 2558 1620 2590 eiusdem
1641 2560 1773 2590 rationis
1804 2560 1982 2591 secundum
2006 2562 2164 2601 speciem:
2196 2563 2342 2601 quamvis
2365 2561 2447 2592 forte
2474 2572 2542 2592 non

1474 2605 1514 2634 sit
1535 2603 1623 2634 idem
1645 2603 1763 2634 modus
1787 2604 1912 2635 essendi
1934 2605 2128 2645 utrobique;
2151 2615 2219 2636 non
2242 2607 2328 2636 enim
2351 2605 2455 2636 forma
2478 2608 2542 2637 exi—

1474 2654 1560 2679 stens
1590 2649 1625 2678 in
1656 2648 1821 2679 intellectu
1844 2649 1896 2679 vel
1928 2659 2024 2680 sensu
2048 2655 2095 2680 est
2123 2651 2318 2691 principium
2349 2651 2542 2690 cognitionis

1474 2692 1654 2723 secundum
1676 2692 1813 2723 modum
1837 2693 1962 2724 essendi
1985 2703 2084 2734 quern
2099 2695 2194 2725 habet
2216 2695 2399 2734 utrobique,
2416 2694 2472 2725 sed
2495 2705 2542 2725 se-

1475 2737 1619 2768 cundum
1642 2738 1800 2767 rationem
1824 2738 1857 2768 in
1881 2747 1945 2778 qua
1975 2739 2194 2769 communicat
2224 2748 2299 2769 cum
2322 2749 2355 2769 re
2386 2740 2541 2769 exteriori.

1474 2782 1516 2812 Et
1538 2782 1582 2811 ita
1604 2787 1692 2822 patet
1715 2781 1805 2822 quod
1827 2791 1885 2822 per
1907 2782 2030 2813 nullam
2053 2782 2293 2813 similitudinem
2325 2789 2486 2823 receptam
2509 2784 2542 2813 in

1475 2826 1640 2856 intellectu
1657 2831 1762 2856 creato
1778 2831 1885 2866 potest
1900 2826 1988 2857 Deus
2004 2827 2137 2867 intelligi
2159 2827 2202 2857 ita
2218 2827 2308 2867 quod
2324 2828 2459 2858 essentia
2475 2828 2543 2858 eius

1474 2870 1619 2901 videatur
1633 2870 1827 2901 immediate.
1847 2870 1942 2902 Unde
1958 2871 2053 2901 etiam
2070 2871 2211 2911 quidam,
2228 2877 2386 2912 ponentes
2402 2871 2543 2902 divinam

1476 2915 1645 2946 essentiam
1667 2924 1726 2955 per
1748 2915 1835 2945 hunc
1868 2914 2005 2945 modum
2035 2915 2153 2952 videri,
2179 2915 2326 2946 dixerunt
2358 2916 2448 2956 quod
2476 2917 2543 2957 ipsa

1476 2960 1612 2990 essentia
1634 2968 1702 2989 non
1726 2958 1903 2995 videbitur,
1929 2959 1984 2990 sed
2009 2959 2140 3000 quidam
2172 2959 2298 3000 fulgor,
2324 2961 2415 3000 quasi
2437 2961 2543 2991 radius

1475 3004 1575 3044 ipsius
1591 3004 1618 3033 ἦ
1652 3002 1747 3034 Unde
1776 3013 1838 3033 nec
1860 3003 1918 3033 iste
1941 3003 2059 3034 modus
2082 3003 2198 3035 sufficit
2221 3004 2261 3035 ad
2284 3005 2441 3035 visionem
2466 3005 2543 3035 divi-

1475 3057 1550 3078 nam
1575 3057 1673 3087 quam
1697 3048 1889 3087 quaerimus.

1531 3091 1573 3122 Et
1595 3091 1669 3122 ideo
1693 3091 1899 3132 accipiendus
1923 3097 1969 3123 est
1985 3092 2065 3123 alius
2087 3092 2215 3128 modus,
2233 3102 2331 3133 quem
2355 3094 2450 3124 etiam
2473 3095 2544 3134 qui-

1477 3135 1551 3166 dam
1573 3136 1761 3176 philosophi
1778 3142 1967 3176 posuerunt,
1988 3137 2108 3167 scilicet
2123 3137 2303 3168 Alexander
2325 3143 2357 3168 et
2375 3138 2543 3174 Averroes,

1475 3181 1511 3210 in
1533 3180 1575 3210 111
1591 3180 1631 3210 de
1653 3180 1771 3210 Anima
1786 3181 1813 3210 ⁴².
1847 3180 1934 3211 Cum
1957 3181 2043 3211 enim
2067 3182 2100 3211 in
2124 3182 2266 3222 qualibet
2296 3183 2481 3222 cognitione
2504 3183 2544 3212 sit

1476 3225 1653 3255 necessaria
1675 3224 1781 3264 aliqua
1804 3224 1908 3255 forma
1924 3235 1988 3266 qua
2006 3235 2055 3256 res
2079 3232 2292 3266 cognoscatur
2310 3232 2366 3257 aut
2387 3226 2542 3262 videatur,

1476 3269 1581 3300 forma
1603 3270 1663 3299 ista
1686 3278 1750 3309 qua
1772 3269 1952 3300 intellectus
1974 3269 2138 3310 perficitur
2160 3269 2200 3301 ad
2222 3270 2374 3301 videndas
2397 3272 2542 3301 substan-

1477 3315 1535 3344 tias
1558 3318 1726 3353 separatas,
1742 3322 1811 3344 non
1834 3319 1881 3344 est
1904 3313 2062 3354 quidditas
2079 3323 2176 3354 quam
2199 3315 2379 3346 intellectus
2395 3315 2544 3346 abstrahit

1478 3368 1496 3388 a
1510 3358 1606 3388 rebus
1622 3358 1820 3398 compositis,
1837 3363 1874 3388 ut
1889 3357 2014 3389 dicebat
2035 3359 2138 3399 prima
2154 3359 2284 3399 opinio;
2307 3369 2414 3400 neque
2438 3360 2544 3400 aliqua

1477 3403 1644 3443 impressio
1667 3402 1776 3432 relicta
1792 3412 1809 3432 a
1833 3402 2006 3433 substantia
2021 3409 2163 3443 separata
2186 3404 2399 3434 inintellectu
2421 3409 2543 3440 nostro,
2565 3403 2568 3406 ⁴

1477 3452 1514 3477 ut
1537 3446 1662 3477 dicebat
1685 3446 1842 3483 secunda;
1866 3446 1922 3477 sed
1946 3452 1992 3478 est
2014 3448 2083 3488 ipsa
2105 3448 2279 3478 substantia
2296 3454 2439 3489 separata
2462 3458 2543 3489 quae

1479 3491 1685 3531 coniungitur
1707 3491 1882 3522 intellectui
1905 3497 2016 3522 nostro
2040 3498 2076 3522 ut
2099 3491 2218 3529 forma,
2243 3497 2279 3523 ut
2301 3493 2369 3533 ipsa
2393 3493 2432 3523 sit
2455 3493 2544 3533 quod

358 3538 426 3560 non
450 3534 497 3560 est
525 3530 622 3560 unius
650 3530 782 3561 rationis
811 3541 887 3562 cum
916 3533 1145 3573 quidditatibus
1177 3535 1423 3566 substantiarum
1437 3550 1461 3570 75
1478 3535 1663 3575 intelligitur
1687 3541 1718 3566 et
1741 3545 1808 3576 quo
1823 3535 2018 3576 intelligitur.
2043 3537 2084 3567 Et
2100 3536 2258 3577 quidquid
2276 3537 2316 3567 sit
2331 3536 2371 3568 de
2387 3537 2454 3567 aliis
2469 3538 2543 3567 sub-

2562 966 2572 975 '
2587 965 2623 987 Cf.
2639 965 2649 986 1
2663 964 2696 986 ad
2709 964 2772 989 Cor„

2563 998 2612 1019 cap.
2619 997 2666 1018 xm,
2673 997 2733 1013 vers.
2741 997 2772 1013 12.

2563 1060 2572 1069 ·
2581 1057 2659 1079 Τηει.
2672 1056 2712 1083 111,
2723 1062 2774 1084 cap.

2562 1090 2612 1106 vm.

2566 1414 2575 1423 ·
2599 1412 2636 1433 De
2662 1411 2763 1437 causis,

2566 1444 2634 1466 prop.
2649 1444 2691 1460 ιιι.
2701 1438 2764 1459 -1n—

2565 1465 2703 1519 ἑῗὲιοΡΡ
2700 1464 2763 1486 ΑΡ

2571 3011 2638 3034 ‘et
2655 3017 2707 3051 arg.
2728 3011 2775 3033 Sed

2571 3038 2688 3067 contra25.

2572 3191 2581 3200 ·
2595 3189 2678 3211 Averr.
2695 3194 2783 3210 00111111.

2571 3222 2641 3237 xxxvi
2652 3232 2657 3242 ,
2685 3215 2783 3242 digress.

2571 3246 2628 3270 part.
2646 3250 2664 3269 1,
2679 3248 2698 3270 5.
