2918 4088
0 212 14 335 affin-um>
8 175 12 190 .-
7 147 9 151 Δ
3 99 8 104 ,

79 602 90 613 ·
108 601 172 624 loun.
192 607 243 630 αρ.
259 608 290 629 vr,

77 633 138 650 vers.
152 634 187 656 54.

73 1114 87 1127 ⁶
93 1113 148 1136 vid.
154 1113 287 1136 comment.

75 1139 149 1164 ωσι
170 1144 225 1168 pon
243 1144 286 1164 ιη.

74 1173 96 1195 ι,
108 1171 174 1194 aun.
189 1173 208 1189 ι.

986 217 1248 264 QUAESTIO
1278 217 1455 263 LXXIX,
1485 217 1776 255 ARTICULUS
1805 219 1834 254 II

320 295 395 325 hinc
418 294 596 325 verificatur
615 300 646 326 et
670 295 759 336 quod
783 296 916 336 quilibet
948 295 1179 336 quodcumque
1206 303 1383 325 sacramen-

319 344 389 369 tum
412 340 587 379 suscipiens
611 345 700 376 actu,
724 341 856 380 suscipit
879 340 942 370 hoc
969 346 1203 370 sacramentum
1225 345 1320 369 voto:
1353 343 1384 368 et

319 382 409 422 quod
431 388 544 413 votum
568 384 724 423 cuiusque
748 385 935 414 sacramenti
959 389 1005 414 est
1027 389 1141 414 votum
1163 383 1253 413 istius
1283 391 1384 412 sacra-

318 427 429 456 menti.
462 427 546 457 Nam
569 433 723 467 appetens
754 438 810 458 seu
833 429 942 458 sitiens
965 427 1005 458 ad
1028 427 1125 457 fontis
1147 427 1302 462 rivulum,
1327 435 1383 456 seu

318 470 429 500 bibens
454 480 491 501 ex
514 471 635 507 rivulo,
660 471 699 502 ad
722 471 846 502 fontem
867 472 975 512 ipsum
1000 472 1100 511 magis
1129 471 1206 506 sitit,
1231 475 1384 510 tanquam

318 513 358 544 ad
387 514 592 555 principium.
627 515 667 545 Et
694 521 862 556 propterea
885 515 918 546 in
941 515 1043 545 littera
1065 514 1180 544 dicitur
1203 513 1292 554 quod
1316 514 1383 543 sine

317 557 413 588 huius
429 560 617 590 sacramenti
633 565 710 590 voto
726 561 828 600 prima
850 569 918 590 non
941 559 1075 589 habetur
1089 559 1196 598 gratia.
1221 558 1262 588 Et
1281 557 1383 587 simile

318 607 365 632 est
395 603 458 633 hoc
490 603 518 633 ei
543 602 632 643 quod
663 604 823 634 Dominus
853 603 976 634 dicit*:
1009 602 1083 633 Nisi
1112 601 1384 632 manducaveritis

317 655 448 677 carnem
477 647 555 677 Filii
583 647 722 678 hominis
751 653 782 678 et
810 647 951 678 biberitis
982 647 1051 677 eius
1077 646 1287 687 sanguinem,
1317 654 1382 675 non

316 690 469 722 habebitis
492 691 590 722 vitam
607 691 639 722 in
656 691 763 722 vobis:
785 691 930 732 loquitur
946 691 1032 721 enim
1055 690 1216 721 Dominus
1239 689 1279 720 de
1294 699 1384 719 man-

2427 230 2497 257 221

1438 293 1608 324 ducatione
1633 295 1786 334 spirituali
1814 296 1846 326 in
1870 302 1946 326 voto
1972 307 2028 327 seu
2046 299 2079 327 in
2102 298 2225 334 habitu,
2250 300 2283 329 in
2309 309 2374 339 quo
2399 301 2501 330 conti-

1437 343 1530 368 netur
1553 338 1758 369 manducatio
1783 340 1950 379 spiritualis
1974 341 2102 371 actualis
2126 342 2158 371 in
2182 348 2269 372 voto.

1492 382 1525 412 Si
1548 391 1624 412 vero
1649 382 1867 413 consideretur
1890 393 1966 413 usus
1990 386 2176 415 sacramenti
2199 387 2303 421 huius,
2321 397 2387 427 quo
2408 388 2500 418 nobis

1437 426 1703 456 sacramentaliter
1725 427 1875 466 iungitur,
1900 428 1944 457 sic
1967 428 2069 467 prima
2090 430 2188 468 gratia
2210 440 2277 460 non
2301 436 2347 460 est
2370 431 2500 462 effectus

1437 470 1533 500 huius
1561 471 1758 506 sacramenti,
1782 471 1843 501 nisi
1865 481 1922 511 per
1952 471 2098 502 accidens
2121 482 2159 502 ex
2182 479 2268 512 parte
2293 475 2440 510 subiecti,
2465 481 2501 506 ut

1436 513 1635 553 praedictum
1651 519 1698 544 est
1708 515 1742 544 *z
1768 515 1842 554 quia
1858 514 1949 545 datur
1965 524 2021 554 per
2036 515 2171 546 modum
2187 518 2381 554 nutrimenti,
2400 519 2498 558 quod,

1438 557 1513 597 quia
1536 567 1603 588 non
1627 564 1674 588 est
1697 559 1758 588 nisi
1780 559 1924 594 viventis,
1941 568 2009 588 non
2025 559 2099 589 facit
2122 561 2258 599 primam
2277 562 2419 602 gratiam,
2437 572 2500 602 qua

1436 601 1542 641 primo
1558 602 1692 631 habetur
1714 602 1778 632 vita
1801 603 1938 642 spiritus,
1958 602 2014 633 sed
2037 605 2267 644 praesupponit
2285 605 2381 635 illam.
2406 606 2498 636 Unde

1436 646 1470 676 in
1493 645 1626 676 articulo
1651 647 1761 682 tertio,
1786 646 1826 676 ad
1848 647 1986 682 tertium,
2010 647 2149 683 Auctor,
2174 648 2311 688 loquens
2335 649 2374 679 de
2397 650 2498 689 prima

1435 690 1544 729 gratia,
1562 689 1656 720 dicit:
1681 689 1735 720 Sic
1758 695 1864 720 autem
1889 700 1953 720 non
1979 690 2077 721 datur
2100 692 2132 721 in
2156 692 2217 722 hoc
2239 698 2453 723 sacramento.

1074 844 1395 886 ARTICULUS
1426 844 1728 887 SECUNDUS

712 938 869 970 UTRUM
892 937 1118 969 EFFECTUS
1141 937 1273 969 nulus
1296 937 1578 968 SACRAMENTI
1602 938 1668 969 sn*
1691 938 1882 970 ADEPTIO
1908 939 2099 971 GLORIAE

1207 1019 1237 1043 In
1259 1018 1342 1047 Ioan„
1363 1026 1417 1050 cap.
1437 1025 1471 1047 vr,
1490 1018 1548 1044 lect.
1567 1026 1611 1044 vu.

339 1142 460 1219 'QAN
500 1179 502 1182 ·
525 1161 632 1210 quod
652 1161 810 1198 effectus
838 1159 955 1196 huius
984 1159 1210 1196 sacramenti
1234 1171 1315 1196 non
1334 1159 1380 1196 sit

330 1196 451 1264 παρη
461 1200 493 1261 “⁹¹5
507 1214 513 1219 ’
525 1213 678 1264 adeptio
693 1213 845 1262 gloriae.
861 1213 1032 1250 Effectus
1047 1211 1151 1250 enim
1165 1211 1378 1262 proportio-

336 1258 345 1268 *
368 1262 466 1301 ‚stiffi-⁹⁴²5
481 1261 638 1304 &natur
665 1279 757 1303 suae
786 1278 935 1303 causae.
966 1265 1043 1303 Sed
1069 1266 1144 1303 hoc
1164 1277 1378 1303 sacramen-

313 1327 398 1359 tum
416 1319 599 1369 competit
617 1318 845 1357 viatoribus:
866 1319 970 1356 unde
988 1326 1024 1356 et
1037 1320 1210 1356 viaticum
1230 1318 1376 1356 dicitur.

314 1372 426 1411 CunY
428 1370 548 1421 igitur
566 1372 730 1410 viatores
749 1372 928 1409 nondum
956 1371 1030 1409 sint
1047 1383 1206 1421 capaces
1225 1371 1376 1419 gloriae,

312 1425 465 1463 videtur
492 1426 600 1476 quod
627 1426 703 1463 hoc
731 1432 1015 1463 sacramentum
1042 1436 1124 1462 non
1151 1432 1281 1462 causet
1313 1425 1378 1462 ad-

313 1477 511 1529 eptionem
537 1478 690 1528 gloriae.

399 1127 407 1139 =
449 1138 470 1149 ,ι
496 1132 501 1141 s
523 1121 546 1146 D
581 1120 771 1146 SECUNDUM
808 1119 860 1144 s1c
898 1118 1123 1144 PROCEDrrUR
1149 1106 1179 1143 ²¹².
1218 1105 1380 1143 Videtur
1403 1104 1407 1157 ὶ
1432 1105 1592 1155 quidem
1611 1106 1650 1144 in
1674 1107 1874 1157 praesenti,
1895 1108 1962 1145 sed
1982 1108 2218 1158 imperfecte:
2248 1111 2411 1160 perfecte
2430 1125 2497 1150 au-

1433 1167 1512 1196 tem
1546 1159 1586 1196 in
1618 1167 1716 1197 statu
1751 1159 1902 1209 gloriae.
1941 1162 2052 1199 Unde
2087 1163 2321 1211 Augustinus
2350 1164 2439 1202 dicit
2456 1164 2495 1213 ⁹¹²,

1434 1225 1550 1262 super
1577 1212 1670 1250 illud
1698 1214 1801 1251 Ioan.
1822 1226 1857 1251 vl
1880 1213 1916 1261 ²¹⁶,
1950 1215 2050 1252 Caro
2078 1228 2162 1253 mea
2189 1229 2276 1254 vere
2303 1223 2353 1254 est
2380 1219 2498 1255 cibus:

1437 1266 1532 1303 Cum
1569 1268 1650 1304 cibo
1685 1272 1718 1303 et
1745 1273 1836 1316 potu
1875 1267 1914 1304 id
1943 1274 2116 1317 appetant
2152 1270 2319 1307 homines
2351 1276 2389 1307 ut
2421 1284 2495 1308 non

1433 1320 1597 1356 esuriant
1625 1331 1743 1369 neque
1768 1321 1901 1366 sitiant,
1930 1321 2000 1357 hoc
2027 1323 2209 1358 veraciter
2237 1335 2312 1359 non
2332 1329 2497 1372 praestat

1433 1373 1506 1408 nisi
1531 1373 1594 1408 iste
1621 1374 1722 1409 cibus
1750 1378 1783 1409 et
1804 1379 1926 1422 potus,
1957 1375 2019 1423 qui
2046 1386 2108 1411 eos
2135 1387 2158 1411 a
2186 1377 2314 1424 quibus
2340 1378 2498 1413 sumitur

1433 1425 1660 1463 immortales
1700 1431 1733 1462 et
1773 1426 2067 1475 incorruptibiles
2101 1428 2201 1475 facit
2246 1430 2283 1465 in
2328 1430 2498 1466 societate

1391 1496 1393 1499 ·
1431 1483 1661 1524 sanctorum,
1701 1480 1765 1516 ubi
1793 1491 1878 1528 pax
1914 1481 1981 1516 erit
2018 1485 2050 1516 et
2087 1482 2207 1518 unitas
2237 1482 2353 1530 plena
2390 1488 2497 1532 atque

367 1543 402 1568 2.
432 1532 664 1577 PRAETEREA,
684 1530 808 1580 posita
835 1543 952 1568 causa
979 1529 1193 1576 sufficienti,
1221 1529 1380 1579 ponitur
1426 1531 1607 1579 perfecta.

311 1583 481 1622 effectus.
520 1584 598 1622 Sed
625 1583 736 1621 multi
763 1583 956 1632 accipiunt
990 1583 1067 1620 hoc
1094 1590 1376 1620 sacramentum

311 1636 380 1687 qui
411 1649 616 1687 nunquam
649 1635 875 1686 pervenient
909 1635 959 1673 ad
985 1635 1166 1684 gloriam:
1203 1642 1245 1672 ut
1275 1642 1378 1684 patet

309 1701 381 1739 per
397 1689 672 1738 Augustinum,
684 1689 772 1727 XXI
787 1689 832 1725 de
850 1690 927 1726 Civ.
943 1689 1018 1726 Dei
1029 1688 1059 1725 ⁵¹⁶.
1079 1688 1172 1724 Non
1192 1699 1282 1736 ergo
1301 1688 1378 1724 hoc

308 1749 595 1781 sacramentum
622 1749 677 1778 est
705 1753 821 1779 causa
848 1740 1062 1790 adeptionis
1089 1740 1241 1788 gloriae.

306 1831 309 1833 ,
364 1794 399 1832 3.
429 1796 668 1840 ΡΚΑΕΤΕΚΕΑ,
697 1793 823 1831 maius
857 1806 939 1832 non
971 1793 1133 1831 efficitur
1165 1805 1187 1830 a
1214 1793 1373 1831 minori:

309 1847 402 1899 quia
428 1847 522 1885 nihil
551 1847 625 1896 agit
652 1848 750 1885 ultra
778 1859 890 1884 suam
918 1846 1098 1896 speciem.
1134 1846 1211 1884 Sed
1245 1846 1376 1884 minus

271 1934 275 1939 ,
308 1908 365 1942 est
390 1900 587 1951 percipere
617 1899 814 1938 Christum
842 1899 914 1937 sub
943 1899 1069 1949 specie
1098 1899 1238 1947 aliena,
1268 1900 1375 1949 quod

66 2115 85 2129 ⁶*
92 2114 159 2139 Vm.
173 2121 207 2145 32.

37 2743 39 2747 ’
62 2750 76 2765 ’
89 2749 157 2773 vern.
173 2756 204 2779 ¹5·

306 1953 352 1994 fit
377 1953 418 1992 in
445 1955 522 1992 hoc
549 1960 788 1991 sacramento
801 1983 810 2000 ,
839 1965 960 2003 quam
993 1952 1067 1990 frui
1095 1965 1142 1990 eo
1177 1952 1216 1990 in
1249 1952 1375 2002 specie

305 2007 476 2062 propria,
505 2006 613 2056 quod
639 2006 803 2056 pertinet
829 2007 879 2044 ad
897 2005 1070 2054 gloriam.
1100 2006 1202 2054 Ergo
1222 2006 1298 2043 hoc
1317 2018 1374 2043 sa-

307 2068 550 2098 cramentum
577 2071 659 2098 non
687 2067 816 2097 causat
843 2059 1090 2108 adeptionem
1117 2058 1270 2106 gloriae.

361 2114 435 2152 SED
454 2125 600 2151 CONTRA
618 2124 684 2150 EST
703 2112 812 2162 quod
830 2111 968 2149 dicitur
985 2113 1089 2148 Ioan.
1110 2123 1145 2148 v1
1163 2111 1202 2148 ³¹²:
1233 2113 1274 2148 Si
1296 2113 1374 2160 quis

306 2166 587 2205 manducaverit
605 2178 654 2202 ex
671 2166 743 2203 hoc
754 2177 869 2214 pane,
889 2166 983 2203 vivet
1005 2166 1043 2201 in
1063 2170 1266 2202 aeternum.
1297 2164 1373 2202 Sed

305 2219 385 2258 vita
411 2227 565 2257 aeterna
593 2226 648 2256 est
674 2217 753 2256 vita
772 2217 924 2266 gloriae.
954 2218 1056 2266 Ergo
1076 2217 1233 2254 effectus
1256 2217 1373 2255 huius

307 2271 536 2311 sacramenti
563 2278 619 2308 est
647 2271 800 2320 adeptio
827 2270 980 2319 gloriae.

358 2326 583 2363 REsPONDEo
616 2336 798 2362 DICENDUM
826 2324 934 2374 quod
961 2322 1001 2360 in
1029 2324 1105 2360 hoc
1132 2331 1372 2361 sacramento

305 2386 431 2428 potest
458 2377 692 2416 considerari
720 2384 757 2414 et
783 2376 823 2414 id
851 2389 898 2414 ex
925 2388 1005 2426 quo
1034 2375 1150 2413 habet
1177 2376 1370 2424 effectum,

305 2430 445 2469 scilicet
481 2426 562 2480 ip‘se
598 2429 771 2468 Christus
807 2437 1027 2477 contentus,
1057 2437 1093 2466 et
1129 2429 1256 2478 passio
1290 2429 1371 2467 eius

305 2491 604 2533 repraesentata;
642 2490 679 2520 et
712 2482 752 2520 id
788 2494 858 2532 per
891 2482 999 2532 quod
1033 2482 1149 2520 habet
1177 2483 1370 2531 effectum,

305 2536 445 2575 scilicet
463 2549 557 2574 usus
585 2534 811 2573 sacramenti
830 2543 866 2572 et
885 2534 1031 2585 species
1055 2535 1148 2572 eius.
1178 2536 1227 2572 Et
1249 2548 1370 2585 quan-

303 2597 391 2628 tum
403 2589 452 2627 ad
471 2597 681 2638 utrumque
700 2588 883 2638 competit
896 2588 988 2626 huic
1007 2596 1244 2626 sacramento
1263 2589 1370 2638 quod

304 2650 435 2681 causet
453 2641 700 2692 adeptionem
713 2641 813 2678 vitae
833 2648 1020 2679 aeternae.
1040 2642 1146 2679 Nam
1165 2641 1245 2691 ipse
1262 2642 1370 2679 Chri-

304 2703 384 2733 stus
411 2707 482 2746 per
508 2707 621 2733 suam
647 2694 865 2744 passionem
896 2693 1045 2743 aperuit
1075 2694 1188 2732 nobis
1223 2694 1367 2732 aditum

303 2748 403 2787 vitae
431 2756 627 2786 aeternae:
661 2747 878 2786 secundum
906 2747 999 2785 illud
1026 2749 1126 2784 Heb.
1147 2760 1182 2784 1x
1195 2747 1232 2784 *ε
1267 2749 1373 2786 Novi

307 2802 531 2840 Testamenti
560 2801 743 2839 mediator
770 2806 840 2847 est,
870 2806 926 2847 ut,
954 2806 1074 2838 morte
1105 2801 1368 2848 intercedente,

304 2857 368 2904 qui
392 2856 515 2892 vocati
530 2860 614 2905 sunt
640 2855 824 2904 accipiant
847 2855 1169 2903 repromissionem
1197 2860 1371 2903 aeternae

302 2908 520 2944 hereditatis.
563 2907 675 2945 Unde
710 2915 746 2944 et
774 2906 813 2943 in
841 2907 965 2943 forma
992 2906 1108 2944 huius
1143 2907 1370 2944 sacramenti

303 2959 460 2998 dicitur:
497 2961 576 2997 Hic
602 2966 653 2997 est
680 2961 781 2997 calix
807 2961 1002 3010 sanguinis
1032 2961 1108 2996 mei
1134 2961 1222 2997 novi
1248 2966 1281 2997 et
1307 2973 1368 2998 ae-

303 3015 400 3050 terni
430 3015 661 3051 Testamenti.

358 3065 538 3104 Similiter
557 3066 672 3104 etiam
691 3066 843 3104 refectio
864 3065 1066 3116 spiritualis
1085 3065 1169 3114 cibi,
1190 3074 1227 3103 et
1244 3065 1369 3103 unitas

304 3118 512 3168 significata
547 3131 617 3169 per
652 3119 797 3169 species
831 3119 941 3169 panis
976 3127 1012 3156 et
1048 3118 1143 3167 vini,
1178 3118 1370 3156 habentur

1484 1583 1542 1620 AD
1576 1595 1711 1621 PmMUM
1746 1596 1844 1621 ERGO
1872 1597 2054 1622 DICENDUM
2087 1586 2209 1633 quod,
2240 1586 2336 1624 sicut
2368 1588 2495 1637 passio

1433 1635 1585 1683 Christi,
1615 1648 1661 1672 ex
1689 1636 1798 1673 cuius
1826 1636 1963 1673 virtute
1992 1638 2068 1674 hoc
2096 1647 2379 1677 sacramentum
2405 1653 2495 1690 ope-

1432 1696 1557 1735 ratur,
1587 1696 1642 1725 est
1670 1689 1829 1738 quidem
1857 1701 1972 1727 causa
2007 1690 2199 1728 sufficiens
2227 1692 2386 1740 gloriae,
2416 1705 2496 1730 non

1430 1748 1560 1778 tamen
1588 1741 1639 1778 ita
1666 1742 1773 1791 quod
1802 1742 1927 1779 statim
1954 1755 2024 1792 per
2050 1742 2175 1792 ipsam
2206 1743 2497 1784 introducamur

1430 1793 1470 1831 in
1504 1793 1682 1843 gloriam,
1712 1795 1780 1831 sed
1815 1803 1965 1844 oportet
1996 1803 2038 1833 ut
2064 1796 2170 1845 prius
2204 1798 2315 1834 simul
2346 1811 2495 1848 compa-

1429 1848 1585 1894 tiamur,
1613 1855 1656 1884 ut
1682 1855 1816 1897 postea
1842 1849 1953 1886 simul
1978 1849 2252 1899 glorificemur,
2282 1850 2378 1888 sicut
2405 1852 2495 1889 dici-

1429 1907 1491 1937 tur
1517 1901 1628 1938 Rom.
1649 1900 1762 1938 V111*:
1792 1900 1843 1938 ita
1861 1901 1937 1938 hoc
1965 1910 2250 1940 sacramentum
2267 1915 2348 1941 non
2371 1904 2496 1942 statim

1429 1965 1501 1990 nos
1529 1953 1569 1990 in
1595 1953 1757 2002 gloriam
1790 1953 2010 2001 introducit,
2039 1955 2106 1992 sed
2142 1955 2205 1993 dat
2238 1956 2351 1994 nobis
2378 1957 2494 1995 virtu-

1428 2014 1507 2044 tem
1540 2006 1791 2056 perveniendi
1825 2007 1874 2044 ad
1908 2007 2079 2056 gloriam.
2118 2009 2166 2045 Et
2197 2008 2285 2047 ideo
2321 2012 2495 2048 viaticum

1429 2059 1577 2097 dicitur.
1610 2061 1653 2098 In
1681 2059 1791 2097 cuius
1817 2059 2003 2108 figuram,
2032 2060 2168 2110 legitur
2193 2063 2240 2099 III
2266 2063 2364 2113 Reg.
2384 2075 2443 2100 xrx
2461 2063 2492 2112 ²³²,

1428 2112 1535 2161 quod
1564 2112 1666 2149 Elias
1694 2113 1852 2150 comedit
1879 2119 1912 2150 et
1939 2115 2036 2160 bibit,
2066 2120 2099 2151 et
2126 2115 2327 2153 ambulavit
2349 2117 2387 2152 in
2405 2117 2493 2164 for-

1426 2166 1577 2202 titudine
1604 2167 1677 2203 cibi
1702 2166 1798 2202 illius
1834 2166 2084 2216 quadraginta
2121 2167 2246 2204 diebus
2273 2173 2306 2204 et
2333 2169 2492 2218 quadra-

1425 2220 1532 2268 ginta
1561 2219 1737 2264 noctibus,
1767 2231 1879 2268 usque
1906 2219 1957 2256 ad
1982 2225 2144 2257 montem
2172 2221 2248 2258 Dei
2272 2222 2416 2258 Horeb.

1479 2272 1537 2308 AD
1556 2283 1746 2309 SECUNDUM
1763 2283 1945 2309 DICENDUM
1964 2272 2083 2321 quod,
2104 2272 2200 2310 sicut
2226 2273 2354 2323 passio
2384 2274 2491 2312 Chri·

1427 2324 1473 2361 sti
1500 2336 1582 2362 non
1610 2324 1725 2362 habet
1760 2337 1876 2361 suum
1911 2325 2091 2363 effectum
2118 2325 2159 2363 in
2186 2325 2245 2363 his
2274 2326 2341 2375 qui
2373 2339 2413 2364 se
2441 2327 2490 2364 ad

1427 2389 1514 2414 eam
1541 2389 1622 2414 non
1658 2377 1802 2414 habent
1828 2385 1871 2414 ut
1897 2377 2057 2425 debent,
2086 2378 2137 2416 ita
2164 2386 2201 2415 et
2226 2391 2296 2428 per
2330 2380 2406 2417 hoc
2434 2392 2490 2417 sa-

1425 2438 1667 2467 cramentum
1694 2442 1775 2467 non
1803 2430 2066 2479 adipiscuntur
2091 2431 2251 2479 gloriam
2286 2432 2352 2482 qui
2384 2432 2489 2470 inde-

1426 2491 1553 2521 center
1579 2483 1709 2533 ipsum
1737 2483 1959 2533 suscipiunt.
1989 2484 2100 2522 Unde
2124 2485 2360 2533 Augustinus
2388 2485 2488 2532 dicit,

1423 2549 1535 2586 super
1561 2538 1670 2574 Ioan.
1690 2536 1728 2583 ²⁸,
1758 2548 1955 2586 exponens
1983 2536 2045 2574 illa
2071 2538 2190 2575 verba
2214 2537 2270 2575 *ἢ
2299 2539 2414 2575 Aliud
2440 2545 2490 2576 est

1423 2595 1718 2635 sacramentum,
1747 2589 1851 2626 aliud
1883 2591 1998 2628 virtus
2033 2593 2266 2628 sacramenti.
2303 2592 2419 2629 Multi
2445 2592 2490 2629 de

1424 2643 1537 2680 altari
1562 2644 1756 2692 accipiunt,
1786 2649 1819 2679 et
1845 2643 2058 2692 accipiendo
2091 2645 2311 2681 moriuntur.
2346 2646 2488 2682 Panem

1424 2708 1517 2746 ergo
1550 2696 1741 2733 caelestem
1772 2696 2008 2745 spiritualiter
2042 2697 2280 2734 manducate.-
2313 2699 2488 2735 innocen-

1422 2751 1512 2786 tiam
1540 2749 1591 2786 ad
1616 2750 1735 2786 altare
1761 2755 1964 2798 apportate.
2002 2749 2114 2787 Unde
2142 2762 2222 2787 non
2258 2758 2313 2787 est
2343 2751 2488 2788 mirum

1423 2801 1454 2839 si
1473 2801 1524 2839 illi
1538 2801 1606 2851 qui
1620 2801 1880 2839 innocentiani
1898 2814 1979 2839 non
1998 2810 2161 2850 servant,
2177 2803 2358 2841 effectum
2371 2803 2487 2840 huius

1423 2854 1650 2903 sacramenti
1677 2867 1758 2892 non
1786 2863 2086 2903 consequuntur.

1476 2909 1534 2945 AD
1552 2919 1712 2945 TERTIUM
1730 2920 1911 2946 D1CEND1JM
1940 2909 2047 2957 quod
2079 2909 2155 2946 hoc
2182 2909 2290 2958 quod
2313 2908 2486 2946 Christus

1423 2960 1495 2997 sub
1524 2960 1647 2997 aliena
1675 2960 1800 3009 specie
1828 2960 2003 3007 sumitur,
2031 2960 2194 3010 pertinet
2221 2961 2270 2998 ad
2298 2961 2485 2999 rationem

1422 3013 1660 3060 sacramenti,
1689 3014 1796 3062 quod
1823 3013 2158 3051 instrumentaliter
2176 3013 2259 3062 agit.
2289 3013 2396 3051 Nihil
2418 3026 2484 3051 au-

1421 3073 1500 3104 tem
1528 3066 1706 3115 prohibet
1733 3078 1890 3103 causam
1918 3066 2246 3103 instrumentalem
2270 3067 2484 3116 producere

1421 3119 1612 3168 potiorem
1641 3119 1831 3166 effectum,
1861 3127 1903 3156 ut
1931 3132 1977 3156 ex
2005 3119 2154 3169 supra*
2181 3119 2289 3157 dictis
2315 3128 2428 3170 patet.

2527 522 2537 531 '
2548 520 2629 547 Supra,
2638 526 2701 543 num.
2711 527 2738 548 ιι,

2527 546 2558 567 Et
2571 547 2634 574 quia.

2526 1167 2564 1188 'In
2570 1166 2635 1189 Ioan.
2642 1166 2736 1195 Evang.

2525 1197 2591 1215 tract.
2609 1193 2698 1221 XXVI,
2714 1200 2727 1215 n

2525 1226 2616 1268 ῃῆἐτε.
2632 1246 2666 1274 56.

2524 1910 2533 1919 ·
2549 1909 2614 1930 Vei-s.
2632 1915 2663 1937 17.

2522 2066 2532 2075 “
2547 2063 2614 2085 Vers.
2630 2065 2651 2086 8.

2517 2544 2527 2554 ·
2552 2543 2608 2565 Loc.
2636 2543 2675 2565 cit.
2703 2545 2726 2566 in

2516 2575 2680 2644 fens-523.

2516 2628 2574 2643 vvvvv
2590 2629 2628 2650 49.
2661 2626 2727 2645 atres

2516 2650 2590 2670 vestri
2603 2654 2646 2671 ete.

2513 3106 2522 3116 ·
2534 3105 2580 3132 Qu.
2591 3109 2723 3131 unman-

2511 3137 2531 3160 3,
2546 3132 2575 3153 ad
2589 3138 2608 3160 3.
