2878 4088
420 185 490 220 128
694 184 957 231 QUAESTIO
986 185 1099 231 LXII,
1121 184 1413 222 ARTICULUS
1441 184 1491 220 VI
1510 205 1535 209 -
1556 183 1820 229 QUAESTIO
1847 184 1978 228 LXIII,
2000 183 2292 220 ARTICULUS
2321 184 2335 219 I

470 265 660 295 Raspoumzo
684 273 845 295 meannuu
861 265 951 305 quod
973 265 1053 296 nihil
1077 265 1248 296 adveniens
1266 273 1362 305 supra
1377 265 1484 294 matri—
1539 273 1596 303 per
1611 265 1844 303 poenitentiam
1859 273 1941 294 uxor
1957 273 2032 293 eum
2048 264 2088 293 ab
2105 263 2308 294 accusatione
2331 263 2494 304 repellere.
2512 263 2607 302 Quia,

415 309 564 339 monium
587 314 694 349 potest
716 310 824 349 ipsum
848 309 1029 340 dissolvere.
1054 310 1095 340 Et
1109 310 1184 340 ideo
1209 309 1400 340 adulterium
1416 316 1483 338 non
1540 314 1682 338 cessante
1707 308 1802 348 culpa
1825 313 1856 338 et
1879 313 2037 347 quantum
2057 307 2096 338 ad
2119 313 2228 338 actum
2252 313 2283 338 et
2307 313 2465 348 quantum
2485 307 2526 339 ad
2540 308 2609 339 ma'-

415 352 490 383 facit
509 354 588 393 quin
603 354 643 384 sit
657 362 771 384 verum
793 355 1046 385 matrimonium.
1071 356 1186 385 Manet
1208 355 1304 390 enirn,
1320 359 1357 384 ut
1371 354 1484 392 Augu·
1540 352 1657 387 culam,
1674 352 1778 382 adhuc
1801 358 1910 382 manet
1934 351 2054 392 aliquid
2077 351 2117 382 de
2139 357 2230 382 reatu
2245 353 2280 388 *;
2305 358 2337 382 et
2352 357 2495 383 cessante
2512 353 2609 383 etiam
2636 359 2646 369 ·
2663 358 2698 381 Cf.
2724 358 2767 380 1¹⁸²n
2787 359 2849 384 11²⁸.

175 406 186 416 ·
209 405 245 426 De
268 403 337 435 Nu-t.
366 406 389 425 et
415 398 516 428 stinus
533 397 608 428 dicit
623 398 650 434 '‚
668 398 753 429 inter
774 399 914 430 viventes
937 399 1111 440 coniugale
1134 399 1306 434 vinculum,
1323 397 1410 438 quod
1427 406 1484 427 nec
1539 402 1627 426 reatu
1645 403 1802 436 quantum
1821 396 1861 426 ad
1882 397 1999 432 Deum,
2017 395 2121 426 adhuc
2144 401 2253 426 manet
2269 402 2374 427 reatus
2397 396 2506 437 quoad
2528 406 2608 437 poe—
2635 390 2674 432 gf*
2689 390 2850 413 “¹¹¹'¹¹’⁸“·

175 431 349 485 g⁰gf⁶¹ssfffiff22
366 431 387 457 1'
414 442 577 482 separatio
595 452 653 473 nec
668 452 740 473 cum
757 443 823 474 alio
841 444 961 474 iunctio
981 449 1088 484 potest
1102 444 1246 484 auferre.
1271 443 1311 473 Et
1325 442 1400 472 ideo
1415 450 1483 471 non
1506 450 1515 470 ε
1538 450 1614 471 nam
1637 441 1781 471 humano
1811 440 1932 471 iudicio
1963 440 2179 477 inferendam,
2204 441 2281 480 quia
2307 441 2409 471 horno
2432 450 2500 471 non
2524 441 2610 472 ridet

415 486 490 517 licet
512 487 580 522 uni,
604 487 704 518 altero
727 488 864 523 vivente,
888 488 928 518 ad
952 488 1046 518 aliam
1070 488 1221 527 copulam
1243 487 1385 517 transire.
1539 494 1605 520 cor,
1630 486 1712 515 sicut
1735 485 1824 515 Deus
1839 486 1866 515 θ.
2635 492 2789 522 *memma
2802 499 2850 522 xvi,

470 531 522 561 An
545 540 663 561 ramum
684 540 768 562 isaeo
792 541 954 563 121OEme
976 532 1076 572 quod,
1095 531 1240 572 quamvis
1256 540 1312 571 per
1327 540 1361 560 se
1377 529 1483 560 nullus
1591 530 1644 559 An
1668 539 1803 559 aarum
1826 539 1986 559 menmium
2006 528 2098 569 quod
2119 528 2200 559 illud
2223 529 2313 569 quod
2334 529 2498 560 inducitur
2513 530 2547 560 in
2561 528 2608 560 fa·
2635 525 2695 540 ver..
2708 525 2730 548 ⁷·

416 575 575 615 obligetur
598 575 638 606 ad
661 577 902 614 continentiam,
919 583 1027 607 tamen
1050 586 1107 617 per
1123 575 1268 606 accidens
1292 579 1398 614 potest
1415 583 1483 604 esse
1537 583 1650 604 vorem
1672 574 1821 610 alieuius,
1845 583 1913 604 non
1937 574 2013 604 facit
2035 574 2065 604 ei
2089 573 2322 613 praeiudicium
2338 574 2364 604 *.
2398 573 2507 610 Unde,
2532 583 2608 604 cum
2635 579 2645 590 ·
2660 578 2851 610 eqd.1,xw,ate

417 619 506 659 quod
521 620 699 660 obligetur:
719 621 802 652 sicut
815 622 843 652 si
859 631 940 652 uxor
955 631 1012 651 sua
1027 620 1258 661 aegritudinem
1274 618 1483 649 incurabilem
1538 617 1711 648 divortium
1735 619 1775 648 sit
1797 618 1966 648 inductum
1988 618 2022 648 in
2045 617 2190 648 favorem
2211 618 2280 654 ‘vix-i,
2302 627 2372 648 non
2395 617 2498 648 aufert
2514 618 2544 648 ei
2557 619 2608 649 ius
2634 604 2734 634 ’Δῃὼ
2748 609 2808 633 ‘'⁰‘'
2824 605 2848 628 ⁶·

415 664 571 700 incurrat,
596 670 627 695 et
649 665 746 696 talem
770 675 852 706 quae
882 666 1040 696 carnalem
1069 665 1221 705 copulam
1244 671 1311 694 non
1335 663 1482 704 patiatur.
1499 675 1524 690 ιο
1537 662 1668 703 petendi
1685 662 1829 693 debitum
1845 663 1896 693 vel
1911 662 2084 693 revocandi
2104 672 2250 693 uxorem.
2275 662 2370 693 Unde
2385 672 2468 693 uxor
2482 668 2609 694 tenetur

416 708 457 739 Et
479 709 624 739 similiter
647 709 743 740 etiam
767 716 814 740 est
835 711 862 740 si
884 710 1140 750 incorrigibiliter
1167 708 1320 749 spirituali
1350 707 1483 738 infirmi·
1538 707 1669 738 reddere
1686 713 1718 738 et
1733 707 1773 738 ad
1788 717 1865 738 eum
1886 707 1989 738 redire
2005 708 2031 737 si
2047 706 2143 737 fuerit
2164 713 2324 743 revocata,
2340 707 2402 738 nisi
2422 707 2462 738 de
2480 707 2609 738 licentia

415 758 490 789 tate,
514 753 634 784 scilicet
660 753 882 790 fornicatione,
907 754 1039 785 laboret.
1539 753 1607 782 eius
1630 758 1743 782 votum
1768 753 1985 782 continentiae
2009 751 2157 782 emiserit.

470 798 521 827 An
545 807 708 828 secuuntur
738 807 898 829 nicenum«
929 798 1019 838 quod
1045 798 1114 839 ipsa
1140 797 1289 829 confusio
1313 806 1413 837 quam
1435 805 1483 826 re·
1592 797 1645 826 An
1672 806 1822 827 anani-uu
1847 805 2008 827 memmi
2035 795 2125 836 quod
2147 801 2280 836 propter
2303 795 2496 826 adulterium
2518 795 2609 836 quod

415 847 522 882 portat
545 851 583 872 ex
607 842 755 879 divortio,
781 843 875 873 debet
898 851 969 873 earn
994 843 1144 873 cohibere
1168 852 1185 872 a
1208 847 1353 882 peccato.
1384 840 1484 879 Quod
1537 841 1585 871 vir
1607 841 1695 881 prius
1723 842 1880 872 innocens
1910 846 1984 881 post
2010 840 2184 872 divortium
2216 841 2405 877 committit,
2428 840 2610 871 secundum

415 887 441 916 si
465 886 614 916 cohibere
637 897 705 917 non
728 893 844 927 potest,
868 888 975 917 minus
998 887 1119 918 malum
1143 892 1190 917 est
1213 885 1303 926 quod
1325 886 1394 926 ipsa
1416 885 1484 915 sola
1499 897 1525 917 ις
1538 886 1677 925 rigorem
1695 886 1772 916 iuris
1787 895 1856 916 non
1871 885 1967 916 debet
1981 886 2055 925 cogi
2071 885 2111 916 ad
2125 885 2349 925 recipiendum
2369 895 2503 916 uxorem
2519 884 2609 915 adul-

414 936 528 970 peccet
550 938 648 970 quam
673 931 762 971 quod
784 932 832 961 vir
853 932 978 971 peccati
1002 932 1070 962 eius
1093 932 1132 961 sit
1155 931 1322 971 particeps.
1537 935 1638 960 teram
1661 931 1749 969 prius
1764 930 1792 960 ³.
1825 930 1950 960 Tamen
1980 929 2160 960 secundum
2191 930 2387 970 aequitatem
2413 930 2490 960 iuris
2512 929 2610 960 iudex
2635 928 2714 978 5¹3„
2725 928 2800 978 Ἓξ·
2814 944 2848 976 ν·

469 975 520 1004 An
544 984 679 1005 ramim
701 983 861 1005 metimini
884 975 984 1015 quod,
1009 976 1154 1015 quamvis
1176 983 1259 1005 uxor
1281 979 1355 1014 post
1378 973 1483 1003 divor·
1539 983 1577 1004 ex
1593 973 1701 1004 officio
1717 984 1777 1004 suo
1794 974 1890 1005 debet
1908 984 1984 1005 eum
1999 983 2115 1014 cogere
2131 980 2167 1005 ut
2182 980 2292 1005 caveat
2314 974 2460 1015 periculo
2484 974 2610 1005 animae
2635 983 2670 1004 tit.
2685 971 2749 1010 xxii,
2763 971 2852 1004 deos!

414 1019 495 1048 tium
518 1027 587 1049 non
609 1024 755 1049 teneatur
775 1020 845 1054 yiro
873 1018 1018 1050 adultero
1047 1019 1086 1049 ad
1110 1018 1254 1049 debitum
1283 1017 1483 1048 reddendum
1538 1018 1606 1048 eius
1630 1023 1662 1048 et
1681 1018 1831 1049 scandalo
1854 1019 2002 1055 aliorum,
2023 1019 2170 1059 quamvis
2193 1029 2275 1050 uxor
2289 1029 2358 1050 non
2378 1019 2480 1059 possit
2494 1028 2609 1050 recon-
2636 1011 2796 1064 :3ch
2812 1014 2852 1031 ⁰*

415 1068 446 1092 et
462 1063 721 1099 cohabitandum,
738 1069 846 1094 tamen
869 1063 974 1094 adhuc
997 1068 1106 1093 manet
1128 1063 1295 1093 vinculum
1317 1062 1483 1092 matrimo-
1538 1062 1734 1092 ciliationem
1756 1069 1876 1102 petere.

414 1107 468 1142 nii,
486 1114 524 1136 ex
541 1116 607 1147 quo
624 1107 663 1137 ad
679 1106 743 1137 hoc
757 1108 934 1138 tenebatur.
959 1108 1000 1138 Et
1022 1107 1096 1137 ideo
1119 1115 1188 1137 non
1212 1111 1318 1147 potest
1333 1105 1373 1135 ad
1389 1105 1483 1135 aliam
1497 1116 1524 1131 ιο
1592 1106 1644 1136 An
1664 1115 1804 1137 nuru-rim
1827 1116 1988 1137 mammon
2004 1106 2104 1147 quod,
2120 1108 2146 1138 si
2163 1107 2355 1139 adulterium
2369 1108 2429 1138 viri
2444 1108 2484 1138 sit
2499 1107 2610 1138 occul·

415 1150 566 1191 copulam
577 1152 718 1188 transire,
737 1152 804 1182 viro
819 1152 956 1182 vivente.
969 1149 1232 1182 —Potesttamen
1250 1150 1483 1181 continentiam
1537 1155 1618 1186 turn,
1642 1159 1700 1190 per
1722 1150 1787 1181 hoc
1809 1160 1878 1181 non
1901 1151 2043 1182 aufertur
2065 1152 2116 1182 ius
2139 1152 2320 1192 excipiendi
2345 1157 2458 1183 contra
2480 1161 2610 1183 aecusa-

176 1206 185 1215 ·
200 1203 386 1225 ef.G10ss.1-1u-
414 1204 541 1231 vovere,
557 1196 626 1226 viro
642 1196 744 1226 invito
761 1197 795 1226 ἐ
820 1195 881 1226 nisi
896 1195 1040 1226 videatur
1063 1195 1206 1226 Ecclesia
1229 1194 1363 1234 decepta
1386 1193 1483 1224 fuisse
1537 1194 1662 1224 tionem
1684 1195 1744 1224 viri
1765 1196 1859 1225 uxori
1881 1194 2062 1232 adulterae,
2087 1196 2233 1236 quamvis
2262 1195 2344 1227 desit
2367 1196 2427 1228 sibi
2449 1196 2609 1236 probatio.

175 1229 387 1283 Βὲξῆἑξαξωέωζζ
413 1248 471 1280 per
485 1239 582 1270 falsos
597 1245 692 1270 testes
708 1240 931 1270 sententiando
949 1240 988 1270 de
1005 1240 1159 1276 divortio;
1185 1240 1261 1279 quia
1275 1239 1309 1269 in
1324 1238 1379 1268 tali
1395 1244 1482 1274 casu,
1538 1238 1579 1268 Et
1601 1238 1675 1269 ideo
1700 1245 1812 1278 peccat
1826 1240 1874 1269 vir
1890 1239 2063 1270 divortium
2086 1245 2216 1280 petens:
2240 1245 2273 1270 et
2288 1241 2314 1271 si
2328 1246 2404 1280 post
2419 1241 2611 1271 sententiam

197 1283 269 1323 X,V¹¹»
285 1289 323 1311 ‘1¹¹-
340 1289 364 1304 ¹¹·
414 1289 509 1314 enam
532 1285 559 1314 si
581 1289 695 1315 votum
717 1284 926 1325 professionis
950 1283 1114 1320 emisisset,
1133 1285 1352 1314 restitueretur
1366 1283 1435 1313 viro
1452 1287 1484 1313 et
1538 1282 1578 1312 de
1601 1283 1739 1313 divortio
1762 1289 1849 1314 uxor
1868 1289 1955 1323 petat
1983 1284 2128 1315 debiturn
2151 1289 2206 1315 aut
2227 1284 2539 1321 reconciliationem,
2563 1285 2611 1315 vir

176 1336 251 1367 §.Ra
269 1335 384 1366 m23umn1.
413 1334 575 1359 teneretur
597 1328 728 1359 reddere
752 1329 907 1365 debitum,
924 1329 980 1360 sed
995 1338 1063 1360 non
1078 1329 1188 1360 liceret
1211 1329 1240 1359 ei
1265 1328 1390 1368 exigere
1405 1328 1432 1357 ⁹.
1497 1339 1521 1360 ις
1537 1332 1665 1358 tenetur
1687 1327 1728 1358 ad
1750 1333 1937 1368 utrumque.

174 1363 327 1411 23'112e1ff2't
335 1368 386 1409 ¹132}
467 1373 518 1403 An
544 1382 692 1404 unaarum
721 1383 881 1404 memnon
907 1373 998 1414 quod
1027 1374 1173 1413 exceptio
1197 1373 1250 1403 illa
1273 1380 1357 1413 quae
1380 1377 1427 1402 est
1449 1371 1483 1402 in

174 1417 222 1438 “¹⁴¹-
236 1416 291 1437 ²¹“'¹'·
413 1418 516 1447 verbis
546 1417 694 1454 Domini,
717 1417 852 1448 refertur
880 1418 920 1449 ad
946 1418 1167 1449 dimissionem
1193 1417 1312 1448 uxoris.
1345 1417 1387 1447 Et
1408 1415 1483 1447 ideo
1677 1415 1930 1459 QUAESTIO
1956 1414 2473 1451 SEXAGESIMATERTIA

414 1462 553 1492 obiectio
578 1470 616 1493 ex
639 1462 719 1493 falso
743 1463 908 1493 intellectu
931 1462 1085 1503 procedit.
1882 1472 1927 1498 DE
1945 1472 2112 1499 SECUNDIS
2129 1473 2265 1500 NUPTHS

524 1527 623 1559 ART.
647 1526 701 1558 VI.
726 1538 831 1558 Unum
854 1538 929 1559 post
953 1537 1125 1560 mvonrnm
1147 1538 1200 1559 vm
1222 1536 1261 1558 ar
1283 1534 1368 1558 oxon
1510 1561 1524 1576 ο
1603 1558 1707 1581 onan
1809 1560 1829 1580 R
1852 1549 2122 1580 considerandum
2143 1555 2191 1581 est
2213 1549 2254 1581 de
2378 1549 2426 1582 dis
2447 1560 2494 1582 nu
2518 1551 2599 1582 fiis.
2637 1551 2648 1563 .
2666 1550 2703 1573 ct.
2723 1556 2763 1580 qu.
2785 1556 2851 1578 mn,

764 1582 889 1603 Possmr
912 1583 1131 1603 ReconcrmAm
1499 1562 1507 1583 ³
1540 1560 1645 1625 (:Et
1666 1595 1751 1625 circa
1772 1595 1837 1625 hoc
2495 1560 2517 1592 p
2601 1573 2610 1583 ”
2636 1577 2726 1600 Introd-

1861 1599 2059 1634 quaeruntur
2080 1594 2159 1626 duo.

477 1650 498 1670 o
521 1649 641 1670 sax‘rxm
656 1650 702 1670 sm
723 1648 928 1670 raocemrnn.
949 1638 1083 1670 Videtur
1099 1638 1189 1679 quod
1212 1644 1287 1679 post
1309 1637 1483 1669 divortium
1592 1640 1720 1670 Primo:
1744 1645 1854 1670 utrum
1877 1639 1940 1669 sint
1963 1639 2078 1669 licitae.

415 1650 524 1715 Avir
547 1690 578 1715 et
602 1694 684 1714 uxor
705 1693 774 1714 non
797 1685 922 1724 possint
943 1683 1152 1715 reconciliari.
1179 1683 1303 1724 Regula
1326 1683 1413 1714 enim
1437 1689 1484 1714 est
1592 1683 1762 1715 Secundo:
1785 1689 1895 1714 utrum
1918 1683 1982 1714 sint
2004 1683 2258 1714 sacramentales.

173 1726 251 1779 2221,
255 1725 387 1777 Qgffif’ffif
412 1730 446 1760 in
461 1730 530 1759 iure
546 1730 580 1759 *t
602 1728 700 1764 Quod
714 1729 811 1759 semel
825 1728 903 1758 bene
919 1728 1083 1769 definitum
1100 1733 1154 1764 est,
1172 1728 1265 1758 nulla
1280 1727 1370 1758 debet
1385 1728 1483 1758 itera-

174 1779 384 1807 qu·¹v·-Cf-Dig-
414 1775 501 1804 tione
524 1773 706 1804 retractari.
732 1772 795 1803 Sed
817 1772 937 1803 iudicio
961 1772 1123 1803 Ecclesiae
1147 1772 1315 1803 definitum
1331 1778 1378 1803 est
1394 1772 1484 1813 quod
1498 1783 1522 1805 ις

174 1806 205 1854 ξίὶ,
212 1805 386 1861 Ὡξξέξξζὲξ
414 1818 532 1849 debent
554 1818 701 1858 separari.
726 1817 812 1857 Ergo
831 1825 900 1847 non
915 1822 1052 1857 possunt
1073 1817 1273 1848 reconciliari
1294 1817 1438 1847 ulterius.
1602 1826 1623 1847 n
1635 1826 1754 1847 ramum
1765 1825 1811 1847 stc
1826 1826 2031 1847 raocanrrtn.
2043 1815 2179 1847 Videtur
2190 1816 2281 1856 quod
2298 1816 2460 1848 secundae
2476 1817 2610 1858 nuptiae

175 1866 194 1887 5·
471 1873 500 1893 2.
517 1863 713 1898 PRAETEREA‚
730 1862 756 1891 si
779 1867 888 1901 posset
912 1871 979 1892 esse
1002 1862 1232 1898 reconciliatio,
1248 1861 1421 1901 praecipue
1437 1861 1484 1892 vi-
1538 1828 1672 1892 Anon
1691 1862 1754 1892 sint
1775 1861 1898 1897 licitae.
1915 1861 2001 1899 Quia
2020 1860 2177 1892 iudicium
2193 1860 2233 1891 de
2247 1870 2282 1892 re
2298 1861 2394 1892 debet
2409 1869 2478 1893 esse
2493 1871 2609 1893 secun·-

415 1907 541 1938 deretur
571 1906 662 1947 quod
691 1911 765 1946 post
787 1906 1019 1946 poenitentiam
1042 1907 1150 1936 uxoris
1173 1906 1221 1936 vir
1243 1911 1388 1936 teneatur
1411 1915 1483 1936 eam
1538 1905 1617 1936 dum
1639 1906 1815 1936 veritatem.
1840 1905 1926 1936 Dicit
1948 1911 2057 1936 autem
2076 1904 2329 1946 chrysostomus
2343 1906 2360 1922 ⁴*
2384 1905 2475 1946 quod
2495 1915 2610 1938 secun·-
2637 1908 2810 1958 '‘gg-'fad
2825 1909 2851 1931 ἡ·

413 1952 565 1992 recipere.
596 1950 660 1982 Sed
685 1959 754 1981 non
775 1955 920 1981 tenetur:
953 1951 1029 1990 quia
1057 1951 1152 1981 etiarn
1180 1959 1263 1981 uxor
1286 1959 1353 1980 non
1377 1956 1484 1991 potest
1538 1950 1614 1981 dum
1637 1950 1743 1980 virum
1767 1950 1913 1989 accipere
1942 1954 1990 1980 est
2009 1949 2196 1991 fornicatio
2226 1949 2403 1980 secundum
2431 1951 2610 1982 vet-itaten-

414 2006 473 2037 pro
498 1996 687 2035 exceptione
716 2003 900 2034 proponere
922 1995 956 2025 in
980 1995 1100 2025 iudicio
1130 2004 1221 2025 suam
1251 1995 1483 2035 poenitentiam
1497 2006 1524 2027 4ο
1538 1994 1631 2032 Quae
1658 2003 1727 2024 non
1755 1999 1802 2024 est
1831 1994 1927 2024 licita.
1957 1994 2044 2034 Ergo
2067 2003 2128 2024 nec
2151 1993 2332 2024 secundum
2354 1995 2608 2026 matrimonium.
2636 1989 2679 2037 Q
2713 1993 2850 2043 odida-one]

174 2043 386 2097 Effuagffffffifgg:
415 2045 526 2071 contra
552 2041 658 2070 virum
688 2044 892 2069 accusantem
920 2038 959 2069 de
987 2038 1200 2069 fornicatione
1216 2040 1243 2069 “.
1273 2039 1360 2079 Ergo
1391 2039 1483 2070 nullo
1594 2047 1625 2068 2.
1647 2038 1852 2074 Pantanus,
1877 2047 1976 2068 omne
2007 2037 2097 2078 quod
2125 2045 2195 2068 non
2223 2043 2270 2069 est
2300 2038 2443 2075 bonum,
2466 2048 2536 2071 non
2563 2044 2611 2070 eet
2636 2041 2851 2071 mm.xxxi,qu.=.

1648 1750 1749 1781 ART.
1774 1750 1796 1780 1.
1821 1760 1926 1780 urium
1949 1759 2108 1780 SECUNDAE
2131 1759 2263 1781 norrun
2286 1757 2354 1781 smr
2377 1758 2500 1782 merra

174 2103 216 2118 u.-
229 2097 263 2118 ef,
276 2096 387 2118 olosma
414 2084 514 2116 modo
538 2089 644 2125 potest
667 2093 735 2113 esse
757 2083 985 2113 reconciliatio.
1537 2083 1672 2113 licitum.
1697 2082 1761 2113 Sed
1775 2082 1966 2112 Ambrosius
1982 2083 1999 2099 “
2018 2081 2095 2113 dicit
2118 2081 2208 2122 quod
2222 2082 2344 2123 duplex
2364 2083 2610 2116 matr-immt-
2637 2089 2852 2113 'fflmmaaeuem

175 2122 385 2171 ffipbssgssffmuffi
470 2129 499 2160 3.
523 2129 719 2164 Panum,
737 2128 763 2158 si
778 2133 887 2167 posset
911 2137 978 2157 esse
1002 2127 1232 2163 reconciliatio,
1249 2126 1374 2158 videtur
1393 2127 1484 2168 quod
1539 2136 1604 2157 non
1627 2131 1676 2157 est
1695 2127 1826 2157 bonum.
1850 2127 1936 2166 Ergo
1959 2134 2028 2157 non
2052 2132 2099 2157 est
2121 2127 2255 2158 licitum.
2635 2116 2848 2143 ¹⁰⁹³*m'·¹'¹²·¹⁶⁴

414 2183 495 2204 uxor
511 2173 652 2203 adultera
672 2177 833 2202 teneretur
852 2171 953 2202 redire
970 2171 1009 2202 ad
1025 2172 1129 2202 virum
1145 2172 1247 2212 ipsam
1266 2177 1482 2203 revocantem.
1594 2171 1624 2202 3.
1648 2171 1846 2206 Pmreaaa,
1862 2171 1970 2202 nunus
1994 2172 2093 2202 arceri
2115 2171 2210 2202 debet
2232 2181 2274 2202 ne
2296 2172 2420 2203 inmersit
2441 2172 2503 2204 iuis
2523 2182 2611 2214 quae

414 2215 477 2249 Sed
492 2226 559 2248 non
575 2221 720 2248 tenetur:
746 2217 822 2257 quia
841 2216 906 2246 iam
921 2216 1056 2257 separati
1079 2220 1154 2246 sunt
1172 2214 1292 2247 iudicio
1310 2217 1482 2247 Ecclesiae.
1497 2229 1521 2250 ις
1537 2221 1613 2247 sunt
1635 2216 1771 2246 honesta
1786 2221 1818 2246 et
1832 2215 1927 2246 licita.
1953 2215 2016 2246 Sed
2031 2215 2212 2247 sacerdotes
2235 2221 2383 2247 arcentur
2404 2226 2447 2248 ne
2464 2217 2611 2249 intersint

413 2263 510 2303 Ergo,
535 2268 595 2293 etc.
1537 2260 1687 2291 secundis
1701 2260 1834 2300 nuptiis,
1850 2265 1886 2291 ut
1900 2260 1934 2290 in
1949 2260 2053 2291 littera
2067 2261 2084 2277 “
2103 2265 2200 2300 patet.
2216 2260 2304 2301 Ergo
2319 2269 2388 2292 non
2402 2267 2479 2292 sunt
2492 2261 2610 2294 licitae.
2637 2266 2647 2278 ·
2662 2265 2720 2288 ⁰¹¹⁸—
2731 2271 2787 2294 ¹¹³¹.
2797 2271 2850 2294 esp.

468 2315 500 2346 4.
524 2307 720 2342 Pmmms,
737 2305 763 2335 si
779 2305 889 2335 liceret
907 2304 1114 2336 reconciliare
1137 2314 1273 2335 uxorem
1295 2305 1482 2342 adulteram,
1593 2314 1625 2344 4.
1649 2305 1854 2341 Pmram,
1876 2304 1986 2335 nullus
2008 2310 2150 2345 reportat
2172 2311 2313 2345 poenam
2334 2306 2397 2336 nisi
2419 2315 2479 2347 pro
2503 2306 2609 2348 culpa.
2636 2291 2769 2316 Sdm

413 2351 447 2382 in
470 2352 526 2382 illo
550 2359 626 2381 casu
655 2350 828 2390 praecipue
859 2349 988 2380 deberet
1015 2348 1085 2380 fieri
1114 2349 1246 2390 quando
1269 2350 1316 2380 vir
1339 2355 1414 2390 post
1435 2349 1483 2381 di·-
1538 2348 1602 2380 Sed
1630 2357 1690 2390 pro
1720 2348 1870 2380 secundis
1901 2349 2022 2389 nuptiis
2054 2349 2169 2390 aliquis
2200 2355 2343 2390 reportat
2373 2350 2611 2391 irregularitati·

413 2397 554 2426 vot-tium
569 2396 729 2426 invenitur
749 2393 940 2424 adulterium
964 2395 1175 2425 committere.
1199 2393 1263 2425 Sed
1278 2395 1312 2424 in
1327 2395 1391 2425 hoc
1406 2404 1483 2426 casu
1537 2403 1679 2434 poenam
1695 2394 1722 2424 ἦ
1747 2394 1833 2434 Ergo
1857 2403 1926 2424 non
1948 2399 2023 2424 sunt
2045 2394 2160 2424 licitae.
2638 2396 2851 2428 'ctu-Coenon-

413 2449 494 2471 uxor
520 2448 589 2471 non
615 2444 722 2480 potest
751 2447 867 2478 cogere
896 2448 972 2469 eum
995 2438 1035 2469 ad
1058 2439 1375 2476 reconciliationem,
1407 2449 1483 2470 cum
1498 2450 1524 2472 ςο
1593 2438 1656 2469 διο
1680 2448 1805 2468 cosma
1826 2447 1881 2468 esi·
1897 2437 1987 2478 quod
2001 2438 2164 2469 Abraham
2179 2438 2296 2479 legitur
2308 2438 2466 2470 secundas
2481 2440 2610 2480 nuptias
2635 2429 2695 2479 aepf'
2703 2423 2852 2479 dt¹1⁸e¹12¹12¹a¹2121

412 2486 495 2516 iuste
518 2486 558 2515 sit
581 2484 754 2515 divortium
782 2483 986 2514 celebratum.
1018 2483 1104 2523 Ergo
1131 2483 1223 2514 nullo
1251 2483 1353 2514 modo
1375 2490 1484 2524 potest
1538 2483 1742 2519 contraxisse,
1767 2482 1848 2513 Gen.
1864 2492 1926 2513 xxv
1941 2483 1967 2513 ⁶.
2633 2476 2850 2532 awa-“affl

413 2529 621 2560 reconciliari.
1594 2534 1624 2558 2.
1648 2527 1852 2563 Putamus,
1876 2527 1890 2557 I
1910 2527 1991 2558 Tim.
2005 2536 2028 2558 v
2042 2527 2059 2544 ⁹
2084 2526 2161 2558 dicit
2180 2527 2375 2567 Apostolus:
2397 2527 2477 2558 Volo
2500 2533 2609 2560 mn
2635 2530 2729 2579 3⁶02„-
2744 2563 2764 2579 ι.

471 2574 500 2604 5.
524 2574 727 2609 Patiar-amn,
750 2573 777 2602 si
799 2572 846 2602 vir
869 2572 992 2603 adulter
1015 2572 1143 2603 occulte
1166 2572 1303 2603 dimittat
1326 2582 1383 2613 per
1398 2572 1481 2604 iudi-
1538 2572 1700 2608 iuniores,
1723 2571 1844 2602 scilicet
1866 2571 1995 2608 viduas,
2022 2571 2158 2608 nubere,
2176 2572 2274 2613 filios
2295 2581 2486 2613 procreare.
2520 2572 2609 2614 Ergo
2635 2585 2647 2595 ·
2660 2583 2729 2606 vm.
2745 2589 2780 2610 ι4.

415 2619 502 2649 cium
525 2617 687 2648 Ecclesiae
716 2626 852 2647 uxorem
880 2617 1061 2648 convictam
1085 2616 1125 2647 de
1147 2616 1322 2654 adulterio,
1344 2626 1414 2648 non
1435 2618 1482 2648 vi-
1536 2616 1698 2648 secundae
1718 2617 1852 2656 nuptiae
1874 2621 1949 2647 sunt
1971 2616 2086 2647 licitae.

415 2662 507 2693 detur
529 2663 610 2692 iuste
633 2661 755 2692 factum
777 2661 961 2692 divortium.
986 2661 1049 2692 Sed
1072 2667 1180 2692 tamen
1200 2662 1247 2692 vir
1262 2671 1332 2692 non
1355 2667 1483 2693 tenetur
1497 2673 1520 2694 55
1590 2662 1782 2692 strounto
1805 2669 1968 2691 nicanum(
1990 2659 2081 2701 quod
2098 2660 2267 2692 vinculum
2288 2661 2610 2693 matrimonialem

414 2715 548 2738 uxorem
579 2707 639 2737 sibi
668 2706 892 2736 reconciliare:
924 2706 1000 2746 quia
1030 2715 1112 2736 uxor
1141 2707 1277 2746 probare
1302 2707 1337 2737 in
1359 2706 1482 2738 iudicio
1537 2705 1629 2737 dunt
1651 2706 1713 2736 nisi
1735 2715 1839 2746 usque
1858 2704 1899 2736 ad
1913 2710 2068 2736 mortem:
2092 2710 2130 2736 ut
2144 2710 2232 2746 patet
2245 2705 2340 2736 Rom.
2355 2715 2400 2736 vn
2415 2706 2442 2736 “.
2466 2705 2508 2736 Et
2521 2705 2609 2743 ideo,
2635 2708 2648 2720 ·
2661 2706 2729 2730 νοπ-
2742 2712 2765 2735 ²·
2778 2710 2800 2737 3·

176 2753 385 2809 qtfinffffhffiffljssfs
415 2751 606 2782 adulterium
625 2751 684 2781 viri
706 2760 774 2781 non
797 2756 903 2790 potest
919 2751 945 2781 ⁴⁹.
978 2750 1065 2791 Ergo
1088 2751 1194 2781 muilto
1217 2751 1325 2782 minus
1348 2750 1481 2792 quando
1536 2751 1695 2782 moriente
1718 2750 1818 2781 altero
1842 2750 2031 2790 coniugum,
2047 2750 2214 2781 vinculum
2235 2750 2472 2781 matrimoniale
2494 2755 2608 2782 cenat.

178 2807 386 2836 qu.v1:010-s.m
415 2796 588 2826 divortium
610 2795 693 2826 iuste
716 2801 763 2826 est
786 2794 997 2831 celebratum,
1022 2795 1240 2826 reconciliatio
1268 2794 1338 2826 fieri
1364 2799 1480 2836 potest.
1536 2794 1631 2826 Unde
1648 2800 1782 2835 propter
1803 2794 1999 2835 praecedens
2021 2795 2265 2826 matrimonium
2279 2803 2348 2826 non
2363 2794 2538 2835 impeditur
2550 2794 2608 2826 nli-

176 2834 386 2882 ssssf’bgg'r'ffm'ff’
470 2840 533 2871 Su>
564 2848 687 2870 comm
716 2849 770 2870 asr
800 2838 890 2879 quod
920 2839 1036 2870 dicitur
1060 2839 1071 2870 1
1098 2840 1175 2870 Cor.
1199 2849 1243 2871 vn
1258 2841 1294 2870 'z
1328 2839 1425 2876 Quod
1453 2840 1482 2871 si
1536 2840 1609 2880 quis
1632 2849 1651 2869 a
1672 2838 1834 2875 secunde,
1857 2844 1988 2870 mortuo
2019 2839 2170 2879 coniuge.
2202 2839 2244 2870 Et
2265 2839 2312 2870 sic
2333 2848 2402 2870 non
2428 2839 2537 2870 solum
2558 2845 2608 2870 ee-

177 2888 187 2899 ·
203 2887 268 2909 Vm·
285 2894 316 2909 ¹¹·
415 2885 610 2920 discesserit,
633 2892 765 2915 manere
794 2884 980 2924 innuptam,
1002 2889 1063 2914 aut
1084 2884 1155 2915 νίν-ο
1177 2894 1238 2915 suo
1261 2885 1481 2916 reconciliari.
1495 2893 1523 2913 σο
1537 2883 1671 2920 eundae,
1688 2883 1744 2914 sed
1764 2884 1874 2914 tertiae
1897 2889 1929 2914 et
1950 2884 1997 2914 sic
2020 2883 2173 2924 deinceps
2195 2884 2328 2924 nuptiae
2349 2888 2426 2914 sunt
2447 2883 2563 2915 licitae.

471 2938 500 2959 2.
524 2928 719 2965 Pium-min,
739 2929 787 2958 vir
802 2934 927 2968 poterat
951 2938 1022 2959 earn
1044 2938 1114 2959 non
1137 2928 1295 2959 dimittere
1318 2935 1394 2969 post
1416 2929 1482 2960 fon-
1591 2928 1642 2959 An
1666 2936 1784 2959 amun
1806 2936 1890 2959 noo
1914 2938 2075 2959 memnon
2090 2927 2181 2968 quod
2196 2927 2448 2969 Chrysostomus
2463 2927 2608 2968 loquitur

177 2975 187 2985 ”
202 2974 235 2996 Cf·
252 2978 294 2996 an.
308 2980 328 2996 ²-
414 2974 610 3004 nicationem
624 2974 652 3003 ⁴.
683 2971 786 3013 Ergo,
811 2973 924 3003 eadem
947 2974 1088 3010 ratione,
1112 2978 1219 3014 potest
1242 2983 1314 3004 eam
1336 2974 1481 3004 reconei-
1537 2978 1695 3014 quantum
1723 2972 1764 3003 ad
1791 2980 1921 3004 causam
1950 2982 2034 3013 quae
2064 2971 2239 3013 aliquando
2268 2972 2352 3003 solet
2380 2970 2422 3002 ed
2450 2971 2607 3003 secundas

415 3018 490 3048 liare
513 3018 582 3047 sibi.
1536 3018 1664 3058 nuptias
1685 3017 1835 3053 incitare,
1859 3017 1980 3047 scilicet
2003 3017 2316 3058 concupiscentiam,
2341 3025 2425 3056 quae
2447 3016 2545 3049 edam
2566 3015 2607 3048 ad

470 3062 658 3092 Rasrosrnto
680 3070 841 3091 orcennux
864 3061 967 3101 quod,
992 3062 1018 3092 si
1041 3071 1123 3092 uxor
1145 3067 1219 3102 post
1241 3061 1418 3093 divortium
1439 3061 1480 3093 de
1536 3061 1785 3093 fornicationem
1806 3062 1927 3092 incitat.

416 3111 548 3146 peccato
571 3106 803 3145 poenitentiam
827 3115 923 3146 agens
947 3106 1115 3137 emendata
1142 3106 1254 3142 fuerit,
1278 3110 1386 3147 potest
1409 3115 1481 3138 enm
1494 3115 1519 3141 σς
1587 3106 1640 3137 An
1667 3114 1831 3137 novumn
1856 3113 2018 3136 nicanum!
2044 3104 2134 3146 quod
2160 3103 2340 3136 secundnm:
2361 3105 2607 3136 matrimonim

417 3150 475 3180 sibi
490 3150 537 3180 vir
551 3150 766 3180 reconciliare.
790 3150 825 3181 Si
845 3156 954 3181 autem
969 3151 1002 3181 in
1018 3155 1152 3191 peccato
1174 3151 1399 3191 incorrigibilis
1412 3161 1481 3182 ma·-
1535 3150 1651 3182 dicitur
1672 3158 1741 3181 non
1765 3158 1834 3181 eae
1856 3150 1992 3186 bonum,
2015 3157 2085 3180 non
2107 3149 2184 3190 quin
2204 3149 2246 3180 tit
2266 3148 2427 3186 illicitum,
2447 3148 2507 3180 sed
2530 3149 2607 3190 quia

416 3199 499 3230 neat,
515 3204 583 3224 non
599 3193 693 3224 debet
716 3204 787 3224 eam
811 3194 850 3224 ad
873 3204 906 3225 se
930 3204 1108 3226 assumere:
1135 3195 1247 3226 eadem
1269 3196 1394 3226 radone
1417 3203 1482 3237 qua
1535 3201 1622 3226 caret
1642 3195 1700 3226 illo
1723 3195 1849 3226 honore
1870 3193 2113 3235 significationis
2136 3193 2194 3234 qui
2215 3197 2264 3224 est
2286 3193 2320 3224 in
2338 3193 2450 3234 primis
2471 3194 2606 3234 nuptiis,

180 3240 190 3250 ·
205 3239 241 3261 Cf·
256 3239 312 3262 ibid·
416 3245 484 3268 non
506 3236 621 3268 licebat
642 3247 714 3268 eam
737 3238 902 3269 nolentem
924 3249 943 3268 a
966 3245 1100 3279 peccato
1128 3239 1278 3270 desistere
1301 3241 1436 3271 retinere
1452 3242 1479 3271 “.
1534 3245 1571 3271 ut
1592 3240 1633 3270 sit
1654 3246 1722 3270 una
1746 3239 1853 3275 unius,
1875 3239 1959 3270 sicut
1982 3243 2029 3269 est
2051 3238 2085 3269 in
2110 3237 2240 3269 Christo
2262 3242 2295 3268 et
2314 3237 2463 3269 Ecclesia
2478 3239 2506 3269 ⁹.
2632 3236 2820 3286 ζΛξῆΜι-σ·

471 3282 521 3311 An
545 3290 662 3312 rammi
684 3291 767 3313 :auo
789 3291 951 3313 nicanum:
969 3283 1058 3323 quod
1081 3285 1237 3314 sententia
1256 3284 1418 3316 Ecclesiae
1432 3284 1481 3316 di·
1589 3284 1641 3315 An
1663 3292 1800 3314 rmum
1822 3291 1983 3314 nieman
2004 3281 2096 3323 quod
2117 3282 2267 3313 homines
2289 3281 2404 3313 divinis
2422 3282 2606 3314 deditium
2633 3270 2727 3319 ἀμφ’
2749 3281 2845 3340 unga:

417 3326 556 3356 vortium
579 3326 765 3356 celebrantis
788 3337 855 3357 non
879 3326 939 3357 fuit
963 3337 1081 3367 cogens
1106 3327 1145 3358 ad
1163 3329 1408 3368 separat-innan,
1423 3328 1643 3363 sech-solum
1665 3329 1704 3358 ab
1727 3328 1855 3364 illicitis,
1871 3327 1928 3358 sed
1949 3327 2047 3358 etim
2068 3326 2109 3357 ab
2131 3326 2192 3357 iuis
2216 3334 2300 3366 quae
2322 3327 2442 3358 habent
2463 3327 2606 3367 aliqum
2629 3317 2846 3374 ξψώὰωᾶζ

417 3369 578 3400 licentiam
606 3371 772 3409 praebens.
802 3371 844 3401 Et
864 3370 939 3401 ideo
963 3372 1084 3412 absque
1105 3373 1328 3404 retractatione
1350 3382 1481 3414 praece·
1534 3372 1740 3413 turpitudinis
1763 3373 1923 3413 speciem,
1946 3376 2104 3402 arcentur.
2135 3370 2177 3402 Et
2198 3370 2273 3402 ideo
2296 3371 2394 3402 etiam
2416 3376 2564 3402 arcenmr
2585 3381 2607 3402 ι
2631 3370 2704 3394 ¹⁰⁸⁴·

418 3412 520 3444 denus
542 3415 717 3444 sententiae
739 3420 846 3454 potest
870 3416 1088 3446 reconciliatio
1110 3417 1212 3457 sequi.
1535 3417 1684 3448 secundia
1699 3417 1830 3457 nuptiis,
1846 3423 1931 3457 quae
1945 3421 2055 3446 carent
2069 3415 2237 3446 benenate
2253 3422 2338 3456 quae
2353 3421 2419 3446 erat
2432 3416 2469 3446 in
2482 3416 2605 3456 primis.

178 3473 190 3484 .
215 3471 272 3499 ςψ.
300 3470 392 3493 Gauae.
472 3457 524 3487 An
551 3466 712 3488 secuunuu
737 3467 897 3488 memnon
923 3459 1012 3499 quod
1036 3461 1233 3500 poenitentia
1255 3462 1363 3492 uxoris
1385 3461 1482 3493 debet
1588 3462 1641 3492 Ar>
1669 3468 1819 3492 wama
1848 3468 2008 3491 nrmntm
2034 3459 2125 3500 quod
2154 3460 2366 3500 irregularitas
2385 3469 2456 3491 non
2477 3467 2606 3501 semper

179 3497 391 3553 gffiuengPQ
418 3500 569 3531 inducere
591 3501 695 3532 virum
717 3507 755 3532 ut
777 3511 911 3532 uxorem
940 3502 1151 3535 fornicantem
1180 3514 1248 3536 non
1275 3511 1403 3536 accuset
1424 3512 1481 3537 aut
1534 3505 1698 3537 inducitur
1711 3510 1844 3546 propter
1859 3503 2211 3545 cmpmeedpropter
2227 3503 2390 3536 deiectum
2404 3504 2604 3536 sacrameni-

180 3551 261 3574 olou.
275 3550 332 3572 ibid.
420 3544 572 3575 dimittat:
594 3544 652 3576 sed
673 3550 863 3576 tamennon
885 3552 991 3586 potest
1007 3547 1046 3577 ad
1061 3548 1125 3578 hoc
1146 3550 1218 3589 cogi
1233 3550 1267 3585 ἰ
1290 3559 1351 3580 nec
1373 3556 1481 3590 potest
1494 3563 1519 3583 73
1534 3551 1577 3582 Et
1597 3549 1673 3581 ideo
1695 3550 1776 3581 mio
1799 3559 1868 3580 non
1891 3554 1938 3580 eet
1960 3548 2001 3580 ad
2023 3549 2239 3590 propositum.
