2918 4088
237 323 247 333 ·
261 321 331 343 Num.
346 326 387 342 vn.

236 585 247 595 ·
257 583 312 631 Lgc.
323 582 362 605 cit.
373 588 450 610 supra,

237 616 260 631 n.
292 625 298 631 .

240 1857 249 1867 ·
264 1854 329 1877 Vers.
345 1854 380 1877 16.

241 2595 291 2618 ‘AL
299 2595 327 2616 de
332 2595 452 2617 Peccator.

241 2621 320 2643 Merit.
327 2624 349 2643 el
357 2621 452 2643 Remiss.

243 2650 266 2669 et
277 2648 307 2669 de
316 2648 351 2669 Ba
368 2650 383 2670 t.
395 2648 453 2670 Par-

242 2675 317 2697 vutor.
329 2675 343 2696 li
361 2690 367 2696 .
376 2675 393 2703 1,
402 2681 452 2703 cap.

241 2707 303 2722 xxvi.

241 2729 252 2739 ·
267 2727 333 2750 Vers.
349 2734 380 2755 ¹7-

241 2912 251 2922 ·
266 2910 300 2932 11²
314 2910 368 2937 11⁵⁶,
380 2916 419 2938 qu.
430 2917 452 2937 x,

241 2940 282 2959 art.
297 2943 317 2965 3.

244 3152 255 3162 '¹
268 3117 356 3179 Regis?
366 3151 405 3172 lib.
415 3150 454 3178 XI,

244 3177 414 3225 §.tit-criu
422 3178 456 3225 ἓξ

244 3230 350 3257 antiqua,
359 3229 388 3251 de
396 3230 456 3252 Con-

243 3263 313 3283 secr„
328 3257 381 3278 dist.
395 3256 435 3279 1v.

479 208 550 234 100

526 275 607 305 VIII.
632 274 695 305 Sed
718 280 828 305 contra
850 275 913 305 hoc
937 275 1054 305 instant
1076 274 1252 314 dupliciter.
1278 273 1395 307 Primo,
1413 270 1532 301 utendo

473 324 661 359 argumento
685 319 779 349 allato
804 319 837 349 in
861 318 944 349 dicta
967 318 1114 348 decretali
1130 319 1155 353 ὓ,
1181 316 1270 357 quod
1286 316 1404 346 scilicet
1421 323 1533 353 seque-

472 369 558 393 retur
581 372 618 393 ex
641 363 704 393 hoc
735 362 824 402 quod
852 363 965 402 aliquis
990 362 1115 392 adultus
1138 369 1306 400 nunquam
1331 358 1534 388 consentiens

471 407 640 447 baptismo,
658 407 838 447 pertineret
861 407 988 436 ratione
1009 405 1204 436 sacramenti
1222 403 1266 434 ad
1282 401 1532 449 iurisdictionem

473 451 737 486 ecclesiasticam,
762 460 802 481 ac
818 451 881 491 p'er
902 450 963 480 hoc
986 449 1029 479 ad
1050 448 1242 479 servandam
1267 446 1415 486 regulam
1441 444 1533 473 Chri-

472 495 599 525 stianae
614 494 699 536 fidei
712 495 808 536 foret
831 493 1068 524 rationabiliter
1090 490 1342 531 compellendus:
1375 486 1464 528 quod
1488 492 1534 517 est

475 538 657 569 absurdum.

530 583 687 613 obiicitur
711 591 842 622 quoque
867 591 884 610 a
900 579 1052 611 Durando
1065 580 1091 614 ³⁶,
1108 578 1263 618 probante
1280 574 1369 615 quod
1385 574 1533 624 voluntas

475 624 573 657 adulti
597 625 775 666 baptizandi
799 625 967 664 requiritur
988 633 1044 663 per
1067 632 1109 652 se.
1134 621 1215 651 Nam
1235 621 1260 650 si
1276 619 1356 649 velle
1373 627 1534 658 suscipere

475 671 669 711 baptismum
692 679 759 700 non
782 670 821 699 sit
844 669 877 698 in
901 667 1009 698 adulto
1033 665 1198 705 dispositio
1222 663 1398 694 necessaria
1421 662 1461 692 ad
1479 663 1533 692 ba-

474 715 629 755 ptismum
652 712 829 744 secundum
853 721 895 747 se,
919 711 1061 750 sequitur
1084 708 1173 748 quod
1195 708 1292 742 nolle,
1313 716 1370 737 seu
1389 716 1532 742 renuere,

474 758 525 788 vel
548 758 707 797 negligere
731 757 890 796 suscipere
914 755 1039 794 ipsum,
1071 762 1138 782 non
1167 752 1224 781 erit
1247 750 1532 791 impedimentum:

476 802 551 842 quia
572 811 640 832 non
663 799 795 841 impedit
817 799 877 829 nisi
900 798 980 828 velle
1005 797 1201 837 oppositum.

530 846 582 875 IX.
606 844 657 875 Ad
679 845 819 884 primum
843 843 958 872 horum
983 840 1096 871 dicitur
1119 839 1208 879 quod
1231 839 1310 869 ratio
1334 838 1480 879 procedit
1496 847 1534 868 ex

475 889 655 920 extrinsecis
678 887 901 921 accidentibus,
927 885 1020 925 quale
1045 890 1090 914 est
1113 882 1288 914 iurisdictio
1305 883 1533 913 ecelesiastica:

475 938 506 963 et
529 938 696 973 propterea
718 940 831 971 parum
853 930 976 960 roboris
999 929 1103 958 habet.
1127 928 1345 957 Veruntamen
1367 926 1534 967 dupliciter

475 977 556 1007 solvi
578 981 692 1016 potest.
717 976 834 1010 Primo,
859 973 948 1013 quod
972 982 1062 1002 casus
1086 972 1143 1002 iste
1168 977 1222 1001 aut
1240 971 1455 1011 impossibilis,
1480 976 1535 1001 aut

475 1021 547 1060 plus
571 1021 667 1060 quam
691 1019 864 1049 rarissimus
888 1023 943 1052 est,
969 1016 1087 1046 scilicet
1110 1021 1146 1045 ut
1162 1015 1288 1046 adultus
1304 1020 1417 1046 neuter
1432 1015 1534 1055 bapti-

474 1069 571 1094 zetur.
591 1063 730 1102 Regulae
747 1067 854 1092 autem
870 1060 908 1091 de
921 1059 1146 1090 iurisdictionis
1158 1060 1290 1095 actibus,
1303 1065 1381 1099 puta
1393 1059 1432 1090 de
1445 1069 1534 1090 com-

474 1107 623 1147 pellendo
648 1112 678 1136 et
701 1106 864 1141 similibus,
890 1105 1003 1135 dantur
1027 1103 1205 1134 secundum
1221 1113 1258 1134 ea
1281 1113 1364 1144 quae
1387 1113 1534 1134 commu-

474 1152 555 1181 niter
578 1151 738 1181 eveniunt.
754 1168 777 1172 -
800 1148 949 1180 Secundo
975 1148 1073 1188 quod,
1094 1158 1161 1178 uno
1185 1148 1425 1178 inconvenienti
1448 1147 1533 1184 dato,

1118 195 1379 243 QUAESTIO
1408 194 1578 239 LXVIII,
1608 190 1900 228 ARTICULUS
1929 190 2009 227 VIII

1588 269 1688 299 multa
1711 268 1970 298 inconvenientia
2001 269 2092 308 sequi
2122 275 2266 308 possunt.
2302 269 2343 299 Et
2366 267 2456 304 ideo,
2491 267 2564 298 dato
2588 267 2651 298 hoc

1588 312 1828 342 inconvenienti
1858 311 1948 351 quod
1979 312 2122 342 minister
2151 318 2270 343 temere
2300 313 2474 353 baptizaret
2507 311 2652 342 adultum

1587 361 1748 391 neutrum,
1772 365 1839 385 non
1857 361 1904 386 est
1926 356 2044 386 mirum
2060 357 2151 396 sequi
2167 356 2252 387 aliud
2267 357 2508 392 inconveniens,
2532 355 2653 386 scilicet

1588 399 1677 439 quod
1689 399 1757 429 talis
1770 405 1851 429 esset
1862 399 1901 430 de
1913 399 2131 430 iurisdictione
2143 400 2304 431 Ecclesiae
2319 401 2442 432 ratione
2454 400 2651 434 sacramenti,

1587 449 1619 473 et
1641 453 1708 473 non
1732 449 1814 474 esset
1837 443 2079 483 compellendus
2102 443 2142 474 ad
2163 443 2432 476 Christianitatem
2455 443 2650 478 servandam,

1587 487 1662 527 quia
1677 497 1845 527 nunquam
1869 488 2040 524 consensit,
2057 487 2113 518 sed
2135 487 2298 519 dormiens
2313 489 2489 529 baptizatus
2505 493 2562 518 est.

1641 530 1693 561 Ad
1709 531 1927 562 obiectionem
1938 541 2015 562 vero
2032 532 2175 562 Durandi
2191 532 2401 572 respondetur
2417 531 2506 572 quod
2521 531 2652 572 sequela

1586 575 1665 605 nihil
1681 575 1774 606 valet.
1794 576 1835 606 Et
1850 576 1997 616 probat-io
2013 576 2132 606 nullius
2149 576 2244 606 etiam
2260 577 2462 617 apparentiae
2479 581 2535 608 est.
2559 575 2652 614 Quo-

1587 619 1674 649 niam
1697 619 1783 650 nolle
1799 620 1994 659 baptismum
2017 619 2195 650 secundum
2211 630 2245 651 se
2261 619 2442 651 adversatur
2457 620 2652 660 susceptioni

1587 663 1745 703 baptismi,
1771 668 1802 694 et
1824 663 1898 694 ideo
1921 663 2056 703 impedit
2078 665 2202 704 ipsum:
2227 670 2258 695 et
2277 674 2345 695 non
2368 665 2444 704 quia
2458 664 2541 694 tollit
2556 673 2651 694 suum

1588 707 1792 744 contrarium,
1817 713 1897 747 puta
1919 708 2001 738 velle
2024 706 2228 748 baptismum.

1642 751 1680 781 X.
1712 751 1780 781 Nec
1809 757 1903 791 putes
1930 752 2108 783 Auctorem
2135 753 2198 783 hoc
2228 753 2262 783 in
2293 752 2369 783 loco
2397 752 2524 783 alterius
2554 750 2652 783 fuisse

1588 795 1751 834 opinionis
1766 795 1799 825 *z
1824 801 1860 826 ut
1883 800 1970 835 patet
1993 806 2032 827 ex
2047 805 2087 826 eo
2111 796 2201 837 quod
2223 796 2355 827 inferius
2370 797 2405 813 *⁴*
2429 795 2505 827 dicit
2533 805 2653 836 pueros

1587 838 1775 875 infidelium,
1800 840 1827 869 si
1849 839 1955 870 invitis
1978 841 2162 880 parentibus
2185 841 2433 881 baptizarentur,
2458 839 2526 871 fore
2550 840 2652 880 bapti-

1587 888 1685 913 zatos.
1710 883 1810 921 Quod
1832 888 1940 914 autem
1962 884 2015 914 hic
2039 884 2125 920 dixit,
2142 883 2384 925 intelligendum
2409 890 2455 915 est
2473 883 2653 915 secundum

1587 926 1620 957 id
1636 926 1726 967 quod
1748 937 1875 968 semper
1890 927 1929 958 de
1945 927 2029 958 facto
2046 928 2206 959 invenitur
2224 929 2259 960 in
2274 929 2404 960 adultis:
2425 929 2545 960 scilicet
2563 927 2654 969 quod

1587 981 1655 1001 non
1678 972 1838 1002 invenitur
1860 977 1983 1008 neuter,
2007 971 2063 1002 sed
2082 977 2137 1003 aut
2153 973 2249 1003 habet
2266 973 2348 1003 velle
2367 978 2423 1003 aut
2436 973 2524 1004 nolle
2546 981 2652 1013 respe-

1588 1021 1643 1046 ctu
1665 1015 1823 1055 baptismi,
1847 1016 2001 1056 implicite
2023 1016 2075 1047 vel
2091 1016 2249 1057 explicite,
2266 1022 2326 1047 etc.
2350 1017 2393 1047 Et
2414 1022 2585 1057 propterea
2598 1026 2653 1048 ve·-

1587 1058 1726 1090 rificatur
1748 1059 1847 1100 quod,
1864 1060 1892 1090 si
1908 1060 1940 1090 in
1957 1059 2069 1091 adulto
2093 1060 2213 1091 deesset
2236 1061 2368 1091 intentio
2391 1060 2585 1101 suscipiendi
2602 1069 2654 1091 sa·-

1588 1109 1796 1140 cramentum,
1814 1109 1895 1135 esset
1917 1104 2182 1146 rebaptizandus:
2205 1104 2347 1139 defectus
2368 1105 2455 1135 enim
2469 1104 2655 1136 intentionis

1589 1149 1780 1179 contrariam
1802 1149 1933 1179 haberet
1956 1158 2112 1180 annexam
2134 1149 2358 1180 intentionem.

1250 1292 1570 1335 ARTICULUS
1600 1292 1891 1334 OCTAVUS·

1009 1385 1165 1417 UTRUM
1188 1385 1312 1416 FIDES
1335 1385 1621 1424 REQUIRATUR
1643 1386 1702 1416 EX
1724 1386 1867 1417 PARTE
1891 1386 2119 1417 BAPTIZATI

751 1466 784 1490 IV
804 1465 886 1494 Seni„
907 1464 964 1489 dist.
985 1472 1011 1494 ιι,
1031 1472 1074 1497 qu.
1093 1472 1120 1495 11,
1141 1470 1186 1490 art.
1205 1471 1237 1496 43
1257 1464 1316 1490 dist.
1334 1472 1368 1495 ιν,
1387 1472 1431 1497 qu.
1451 1472 1477 1494 11,
1497 1470 1544 1490 art.
1564 1464 1586 1496 3,
1606 1465 1656 1497 qun
1676 1472 1699 1495 2,
1718 1465 1750 1490 ad
1770 1471 1800 1495 25
1819 1465 1869 1498 qu*
1889 1465 1919 1496 3;
1939 1465 1996 1490 dist.
2015 1473 2050 1497 vi,
2069 1473 2113 1498 qu.
2132 1473 2149 1497 1,
2169 1471 2215 1491 art.
2235 1465 2259 1497 3,
2278 1465 2328 1498 qu⁸
2349 1472 2378 1496 1;

1183 1507 1227 1532 qu.
1245 1507 1272 1529 ιι,
1292 1505 1338 1524 art.
1359 1507 1382 1530 2,
1402 1501 1452 1532 qu*
1472 1499 1501 1532 33
1521 1501 1580 1526 dist.
1598 1508 1631 1530 ix.
1650 1507 1696 1526 art.
1717 1508 1741 1532 2,
1760 1500 1810 1534 qu*
1829 1507 1853 1532 2,
1872 1501 1903 1526 ad
1924 1508 1947 1526 2.

593 1622 668 1683 '''·‘³,-
685 1634 782 1671 fides
810 1631 1026 1680 requiratur
1053 1645 1100 1669 ex
1126 1639 1232 1681 parte
1252 1632 1441 1682 baptizati.
1473 1633 1537 1670 Sa-

661 1686 926 1727 eramentum
946 1685 1051 1722 enim
1070 1685 1250 1734 baptismi
1269 1698 1292 1722 a
1310 1686 1462 1723 Christo
1482 1693 1538 1722 est

499 1779 502 1782 ,
687 1740 911 1777 institutum.
957 1739 1033 1775 Sed
1063 1738 1247 1786 Christus,
1276 1739 1443 1776 formam
1471 1738 1537 1776 ba-

474 1794 602 1843 ptismi
623 1794 787 1837 tradens,
807 1792 927 1828 fidem
946 1791 1137 1841 baptismo
1157 1791 1372 1841 praemittit,
1393 1792 1536 1839 dicens,

474 1848 593 1884 Marc.
615 1848 679 1884 ult.
700 1846 741 1883 *t
778 1847 852 1888 Qui
881 1844 1074 1882 crediderit
1110 1851 1143 1882 et
1174 1846 1373 1895 baptizatus
1404 1846 1536 1892 fuerit,

474 1901 596 1938 salvus
619 1902 697 1936 erit.
728 1900 829 1947 Ergo
858 1896 1010 1935 videtur
1033 1899 1152 1947 quod,
1172 1899 1244 1935 nisi
1264 1899 1309 1935 sit
1327 1898 1436 1945 fides,
1457 1910 1538 1936 non

475 1953 594 2002 possit
622 1965 703 1989 esse
733 1959 1016 1989 sacramentum
1044 1951 1234 2001 baptismi.

531 2018 565 2043 2.
595 2007 827 2052 PRAETEREA,
857 2002 950 2041 nihil
978 2005 1114 2042 frustra
1142 2005 1181 2042 in
1201 2004 1447 2042 sacramentis
1466 2005 1538 2041 Ec-

476 2059 610 2096 clesiae
647 2059 778 2106 agitur.
824 2058 900 2096 Sed
922 2058 1149 2095 secundum
1185 2058 1301 2095 ritum
1334 2057 1537 2105 Ecclesiae,

475 2112 542 2162 qui
570 2111 713 2149 accedit
741 2112 790 2148 ad
818 2110 1054 2161 baptismum
1092 2112 1139 2148 de
1167 2111 1244 2148 fide
1274 2110 1535 2159 interrogatur,

476 2177 567 2202 cum
595 2165 749 2202 dicitur:
794 2166 921 2202 Credis
956 2166 992 2201 in
1031 2166 1154 2201 Deum
1173 2166 1342 2208 ,Patrem
1371 2166 1538 2214 omnipo-

475 2218 640 2255 tentem?
655 2223 672 2239 α
700 2219 801 2265 Ergo
821 2217 973 2255 videtur
991 2218 1098 2267 quod
1117 2217 1214 2254 fides
1234 2217 1284 2255 ad
1302 2217 1540 2266 baptismum

477 2270 702 2320 requiratur.

533 2324 566 2360 3.
597 2325 828 2371 PRAETEREA,
858 2324 906 2361 ad
930 2323 1167 2373 baptismum
1196 2323 1401 2372 requiritur
1419 2322 1540 2360 inten-

477 2376 529 2414 tio
550 2375 781 2426 suscipiendi
801 2385 1096 2414 sacramentum.
1128 2377 1205 2414 Sed
1223 2378 1300 2415 hoc
1318 2388 1398 2419 non
1417 2383 1541 2426 potest

478 2442 560 2466 esse
580 2429 660 2466 sine
681 2436 781 2466 recta
799 2429 888 2473 fide,
905 2442 996 2466 cum
1014 2429 1228 2478 baptismus
1243 2429 1289 2466 sit
1308 2436 1430 2466 rectae
1449 2428 1541 2466 fidei

479 2490 782 2519 sacramentum:
812 2494 881 2531 per
909 2495 1001 2519 eum
1029 2482 1133 2519 enim
1162 2484 1451 2532 incorporantur
1474 2483 1541 2519 ho-

479 2535 603 2572 mines
635 2536 798 2581 Christo,
835 2543 877 2572 ut
905 2535 1141 2584 Augustinus
1170 2535 1273 2582 dicit,
1304 2535 1343 2572 in
1372 2534 1468 2572 libro
1497 2535 1542 2572 de

479 2590 670 2638 Baptismo
706 2589 956 2626 Par-valorum
980 2588 1019 2635 *;
1062 2589 1137 2625 hoc
1174 2596 1305 2626 autern
1342 2599 1423 2624 esse
1461 2600 1541 2625 non

479 2648 603 2690 potest
627 2640 707 2678 sine
727 2649 827 2678 recta
845 2641 935 2689 fide,
957 2642 1173 2679 secundum
1192 2641 1284 2678 illud
1302 2642 1435 2691 Ephes.
1456 2653 1488 2678 111
1502 2641 1539 2678 *ε

480 2695 665 2731 Habitare
696 2695 880 2731 Christum
903 2707 975 2744 per
990 2695 1113 2743 fidem
1141 2696 1178 2731 in
1208 2695 1379 2732 cordibus
1403 2696 1540 2732 vestris.

481 2748 582 2795 Ergo
602 2746 754 2784 videtur
781 2748 888 2797 quod
908 2748 967 2785 ille
996 2748 1063 2797 qui
1089 2760 1170 2785 non
1194 2748 1309 2784 habet
1336 2755 1479 2784 rectam
1498 2747 1542 2783 fi-

481 2800 582 2847 dem,
603 2812 683 2837 non
701 2801 820 2849 possit
835 2800 1027 2850 suscipere
1048 2808 1331 2838 sacramentum
1350 2800 1540 2849 baptismi.

533 2865 569 2900 4.
600 2854 831 2901 PRAETEREA,
860 2854 1062 2891 infidelitas
1092 2861 1146 2891 est
1166 2853 1436 2902 gravissimum
1454 2865 1542 2903 pec-

480 2913 620 2953 catum,
650 2914 692 2943 ut
719 2906 758 2943 in
788 2907 966 2944 Secunda
987 2903 1097 2944 Parte
1116 2907 1136 2929 ’¹‘
1164 2907 1339 2944 habitum
1368 2914 1433 2943 est.
1465 2906 1542 2944 Sed

479 2966 748 3008 permanentes
766 2959 805 2996 in
819 2967 976 3009 peccato
991 2972 1072 2997 non
1087 2968 1175 2997 sunt
1189 2959 1418 3009 baptizandi.
1440 2960 1541 3008 Ergo

481 3023 552 3048 nec
580 3012 691 3049 etiam
721 3021 991 3061 permanentes
1019 3013 1059 3050 in
1088 3013 1318 3050 infidelitate.

535 3065 607 3101 SED
636 3077 780 3102 CONTRA
799 3078 864 3103 EST
893 3066 999 3115 quod
1020 3066 1238 3114 Gregorius,
1260 3065 1429 3103 scribens
1449 3065 1541 3114 Qui-

481 3116 559 3153 rico
579 3115 594 3146 β
622 3118 815 3168 Episcopo
835 3119 866 3165 ²⁸,
895 3118 1003 3156 dicit:
1038 3121 1097 3156 Ab
1125 3121 1276 3169 antiqua
1303 3121 1458 3156 Patrum
1487 3120 1541 3156 in-

480 3171 660 3206 stitutione
687 3171 878 3208 didicimus
907 3178 943 3208 ut
972 3173 1035 3221 qui
1061 3172 1162 3222 apud
1187 3173 1370 3210 haeresim
1398 3173 1434 3209 in
1460 3174 1495 3209 T
1493 3173 1541 3208 ri-

482 3223 601 3258 nitatis
630 3225 779 3260 nomine
806 3226 1055 3274 baptizantur,
1086 3237 1171 3262 cum
1199 3225 1250 3262 ad
1274 3231 1442 3262 sanctam
1469 3226 1541 3262 Ec-

482 3275 629 3311 clesiam
658 3277 821 3323 redeunt,
850 3283 912 3314 aut
940 3279 1111 3314 unctione
1138 3279 1355 3323 chrismatis,
1385 3283 1448 3314 aut
1475 3279 1541 3314 im-

537 3390 564 3423 α)
583 3390 796 3422 omnipotentem.
814 3404 832 3408 —
850 3393 899 3415 etc.
919 3390 959 3415 ΡΙ.

536 3424 562 3459 β)
583 3425 700 3455 Quirico.
713 3439 732 3443 —
746 3425 859 3454 Quirino
873 3426 902 3454 D,
918 3425 1025 3455 Quirito
1038 3425 1066 3455 F,
1082 3425 1181 3455 Quinto
1195 3427 1217 3456 13
1237 3426 1312 3451 Alias
1326 3426 1439 3456 Quirino
1454 3433 1544 3458 margo

484 3461 512 3486 P.
529 3475 548 3479 -
565 3461 638 3492 apud
655 3461 784 3486 haeresim
804 3461 845 3485 EF
866 3465 891 3485 et
909 3461 996 3491 tertia;
1015 3461 1088 3492 apud
1107 3461 1233 3485 bransim.

535 3496 562 3530 γ)
581 3496 604 3520 si
615 3496 696 3528 fides.
713 3510 732 3514 —
750 3496 773 3521 si
791 3499 863 3521 recta
875 3496 947 3528 fides
967 3496 1033 3528 HpG
1053 3502 1078 3521 et
1097 3497 1119 3525 b,
1139 3496 1162 3521 si
1181 3500 1253 3521 recta
1271 3496 1342 3529 fldes
1363 3499 1430 3522 esset
1448 3496 1480 3521 de
1500 3503 1543 3521 ne-

684 1594 706 1618 D
726 1591 897 1618 OCTAVUM
917 1591 968 1616 sm
988 1590 1224 1616 PROCEDITUR.
1248 1579 1410 1616 Videtur
1428 1579 1536 1629 quod
1584 1582 1768 1630 positione
1795 1593 1940 1627 manus,
1969 1586 2033 1618 aut
2058 1581 2138 1618 sola
2160 1579 2395 1631 professione
2410 1581 2518 1630 fidei,
2543 1579 2598 1620 ad
2610 1578 2656 1619 si*-

1589 1646 1679 1670 num
1698 1635 1827 1670 matris
1845 1634 2034 1671 Ecclesiae
2061 1640 2290 1672 revocentur.
2321 1635 2408 1671 Hoc
2426 1642 2557 1672 autem
2572 1646 2656 1673 nm

1591 1694 1700 1733 esset,
1736 1686 1767 1723 si
1801 1686 1899 1723 fides
1922 1692 1938 1715 Ὺ
1974 1699 2020 1723 ex
2054 1687 2275 1724 necessitate
2314 1687 2571 1737 requireretur
2604 1688 2656 1735 ad

1591 1739 1877 1789 susceptionem
1904 1739 2094 1789 baptismi.

1643 1793 1869 1830 RESPONDEO
1888 1804 2071 1831 Diei-:noum
2099 1793 2218 1843 quod,
2241 1793 2337 1831 sicut
2355 1805 2402 1831 ex
2421 1792 2529 1832 dictis
2542 1793 2563 1816 ⁴²
2588 1788 2656 1845 'pa-

1591 1853 1660 1889 tet‚
1699 1846 1779 1883 duo
1809 1845 2028 1897 efficiuntur
2061 1845 2102 1883 in
2137 1845 2267 1884 anima
2302 1859 2372 1896 per
2405 1842 2655 1896 baptismum,

1591 1895 1731 1937 scilicet
1750 1899 1945 1936 character
1963 1906 1999 1936 et
2017 1898 2144 1948 gratia.
2171 1899 2384 1949 Dupliciter
2402 1911 2492 1948 ergo
2511 1898 2657 1950 aliquid

1591 1964 1638 1989 ex
1678 1951 1899 1990 necessitate
1942 1952 2146 2002 requiritur
2186 1953 2235 1989 ad
2272 1952 2520 2002 baptismum.
2569 1953 2656 1990 Uno

1591 2005 1724 2051 modo,
1754 2005 1835 2042 sine
1864 2017 1943 2054 quo
1971 2005 2089 2054 gratia
2117 2005 2250 2043 haberi
2278 2012 2359 2042 non
2385 2012 2526 2056 potest,
2556 2016 2656 2056 quae

1592 2065 1647 2095 est
1679 2057 1837 2096 ultimus
1871 2058 2029 2096 effectus
2062 2058 2300 2096 sacramenti.
2343 2058 2392 2097 Et
2426 2059 2502 2096 hoc
2535 2057 2656 2097 modo

1591 2118 1694 2149 recta
1707 2111 1804 2148 fides
1823 2124 1871 2149 ex
1884 2111 2106 2149 necessitate
2125 2111 2330 2161 requiritur
2343 2110 2394 2149 ad
2407 2110 2656 2161 baptismum:

1592 2164 1695 2214 quia,
1725 2164 1822 2202 sicut
1849 2164 1986 2202 dicitur
2012 2167 2123 2202 Rom.
2144 2178 2177 2202 111
2194 2165 2225 2212 ²¹⁴,
2254 2167 2387 2203 iustitia
2406 2166 2488 2202 ⁴Dei
2512 2170 2565 2203 est
2585 2163 2658 2215 per

1581 2219 1703 2267 fidem
1731 2220 1816 2255 Iesu
1849 2219 1993 2255 Christi.
2629 2235 2631 2238 ·

1646 2271 1732 2308 Alio
1760 2271 1881 2308 modo
1910 2270 2116 2320 requiritur
2138 2270 2282 2320 aliquid
2301 2282 2347 2308 ex
2366 2269 2588 2308 necessitate
2607 2270 2657 2308 ad

1592 2323 1842 2373 baptismum,
1859 2323 1939 2360 sine
1954 2336 2034 2373 quo
2054 2324 2248 2361 character
2260 2322 2441 2373 baptismi
2455 2321 2469 2345 ⁰
2487 2322 2658 2373 imprimi

1593 2389 1674 2414 non
1702 2384 1837 2425 potest.
1877 2377 1925 2413 Et
1953 2376 2006 2413 sic
2033 2384 2135 2414 recta
2161 2375 2259 2414 fides
2286 2375 2464 2426 baptizati
2491 2388 2573 2414 non
2600 2386 2658 2414 re-

1594 2429 1757 2479 quiritur
1784 2442 1831 2466 ex
1858 2428 2079 2467 necessitate
2107 2429 2157 2467 ad
2183 2429 2433 2479 baptismum,
2463 2428 2560 2466 sieut
2586 2440 2658 2466 nec

1594 2490 1695 2519 recta
1722 2482 1820 2519 fides
1847 2482 2088 2531 baptizantis:
2127 2482 2346 2520 dummodo
2379 2481 2504 2519 adsint
2535 2488 2660 2520 cetera

1595 2547 1694 2584 quae
1723 2543 1812 2572 sunt
1839 2535 1887 2572 de
1915 2535 2136 2573 necessitate
2165 2534 2403 2578 sacramenti.
2433 2536 2527 2572 Non
2554 2533 2660 2573 enim

1595 2595 1880 2625 sacramentum
1920 2588 2117 2637 perficitur
2156 2601 2226 2638 per
2266 2587 2448 2626 iustitiam
2489 2586 2660 2626 hominis

1595 2641 1719 2679 dantis
1746 2642 1807 2678 vel
1836 2641 2075 2690 suscipientis
2102 2641 2360 2691 baptismum,
2394 2641 2459 2678 sed
2488 2653 2558 2691 per
2583 2639 2659 2679 vir·

1594 2702 1716 2732 tutem
1744 2693 1828 2731 Dei.

1649 2749 1705 2784 AD
1734 2760 1869 2785 PRlMUM
1898 2759 1996 2784 ERGO
2025 2759 2207 2785 montinum
2241 2747 2349 2797 quod
2382 2746 2576 2785 Dominus
2604 2747 2659 2784 lo·

1596 2801 1726 2850 quitur
1753 2800 1804 2837 ibi
1833 2801 1880 2838 de
1900 2800 2092 2850 baptismo
2112 2801 2329 2842 secundum
2350 2801 2457 2850 quod
2484 2798 2659 2850 perducit

1595 2853 1774 2890 homines
1802 2853 1851 2891 ad
1874 2855 2037 2891 salutem
2065 2854 2281 2891 secundum
2301 2858 2313 2875 ²
2340 2852 2500 2902 gratiam
2527 2851 2658 2890 iustifi-

1595 2914 1764 2944 cantem:
1801 2906 1909 2956 quod
1937 2906 2097 2956 quidem
2125 2905 2206 2944 sine
2233 2914 2335 2944 recta
2361 2905 2440 2943 fide
2467 2917 2549 2942 esse
2577 2917 2658 2943 non

1594 2967 1729 3009 potest.
1760 2960 1808 2997 Et
1836 2959 1923 2997 ideo
1952 2960 2143 3008 signanter
2170 2959 2277 2997 dicit:
2313 2960 2388 3002 Qui
2413 2958 2608 2996 crediderit
2625 2964 2659 2996 et

1595 3015 1795 3063 baptizatus
1818 3013 1944 3060 licerit,
1973 3013 2096 3050 salvus
2123 3014 2201 3050 erit.

1649 3067 1706 3103 Αι)
1739 3078 1929 3103 SECUNDUM
1955 3077 2137 3103 monimum
2165 3064 2273 3114 quod
2301 3063 2471 3102 Ecclesia
2498 3063 2659 3101 intendit

1596 3118 1775 3157 homines
1798 3118 1990 3168 baptizare
2016 3125 2058 3155 ut
2077 3117 2337 3155 emundentur
2355 3129 2378 3154 a
2395 3123 2571 3166 peccato:
2601 3129 2658 3154 se-

1597 3171 1772 3208 cundum
1798 3171 1891 3208 illud
1919 3170 2036 3208 Isaiae
2057 3182 2151 3208 xxvu
2169 3169 2209 3207 *z
2248 3171 2326 3207 Hic
2353 3176 2417 3207 est·
2431 3171 2551 3207 omnis
2574 3170 2658 3217 fru-
2685 3171 2695 3181 '

1595 3230 1687 3270 ctus,
1717 3230 1755 3261 ut
1782 3225 1977 3272 auferatur
1998 3229 2205 3273 peccatum.
2248 3223 2297 3260 Et
2329 3222 2416 3260 ideo
2429 3252 2438 3269 ,
2467 3230 2658 3272 quantum

1597 3284 1652 3314 est
1679 3277 1727 3314 de
1754 3289 1804 3324 se,
1834 3288 1914 3314 non
1933 3275 2094 3314 intendit
2119 3276 2211 3313 dare
2238 3275 2476 3325 baptismum
2503 3275 2575 3313 nisi
2594 3275 2659 3314 ha·

1598 3391 1720 3416 cessitate
1744 3390 1869 3423 baptismi
1888 3398 1939 3415 non
1959 3396 2024 3423 ergo
2043 3393 2115 3415 recta
2133 3389 2206 3423 fides
2224 3389 2294 3415 PIsG
2314 3395 2339 3415 et
2357 3397 2379 3415 c.
2399 3390 2449 3416 Pro
2468 3391 2658 3423 requireretur,

1598 3427 1746 3459 requiritur
1762 3427 1844 3451 tertia.
2375 3449 2380 3452 .

1651 3461 1676 3495 ὅ)
1695 3461 1827 3493 baptismi
1843 3474 1863 3479 -
1881 3460 2049 3492 baptismatis
2068 3460 2095 3491 Ρ,
2115 3461 2280 3492 baptismalis
2298 3465 2382 3486 cetera
2401 3462 2481 3487 tertia.

1651 3497 1673 3531 ε)
1692 3497 1843 3522 secundum.
1861 3510 1880 3515 —
1895 3503 1946 3528 per
1963 3495 2045 3521 tertia.

2679 791 2894 849 1·⁶k.t²¹¹=·..·.¹'·.¹·‹{t

2680 851 2812 874 comment.
2833 851 2892 876 ibid·

2679 884 2744 901 num.
2757 883 2776 901 ι.
2836 898 2839 902 .
2888 885 2892 889 ’

2683 1800 2694 1810 ·
2709 1798 2757 1827 Qu.
2771 1804 2838 1826 um,
2853 1803 2895 1822 m.

2683 1824 2895 1854 6;qn.uv1,m.9.

2683 2173 2695 2185 ⁶
2709 2171 2776 2211 Versa
2790 2177 2826 2210 ²²?
