2678 4126
248 214 303 238 VIII

243 282 320 311 haec
336 285 442 310 autem
457 280 616 320 pertinent
631 280 714 316 alibi,
730 289 847 320 nempe
872 279 940 311 Gal.
959 280 999 311 111
1016 280 1058 320 (v.
1077 281 1142 320 28),
1159 280 1298 320 ideoque

243 324 327 354 credi
358 329 465 364 posset
495 325 628 364 scriptor
651 325 743 364 primi
774 324 948 364 apographi
979 334 1110 355 erronee
1140 325 1298 364 scripsisse

245 369 314 398 Col.
331 377 389 407 pro
415 367 486 398 Gal.
504 368 627 399 Tamen
651 368 827 399 conferenti
850 369 944 398 verba
968 367 1040 398 Col.
1064 368 1105 398 111
1129 369 1180 408 (v.
1209 368 1297 407 11.):

245 425 258 438 ‹
278 412 334 442 ubi
356 421 423 441 non
448 416 494 441 est
515 412 640 451 gentilis
663 418 694 442 et
718 412 861 447 Iudaeus,
886 412 1085 442 circumcisio
1109 417 1140 442 et
1162 421 1298 451 praepu-

242 456 340 490 tium,
365 455 513 485 barbarus
537 461 568 486 et
591 455 724 496 Scytha,
749 465 857 486 servus
877 461 908 486 et
929 455 1024 491 liber,
1049 455 1104 486 sed
1134 456 1242 485 omnia
1266 461 1297 485 et

240 500 274 529 in
297 499 446 529 omnibus
479 498 623 530 Christus
643 512 656 526 »
670 523 677 535 ,
700 499 872 530 lectionem
898 499 968 529 Col.
994 499 1207 530 authenticam
1231 508 1297 529 esse

240 548 336 583 patet,
353 547 384 572 et
405 544 512 582 ipsum
536 543 566 574 S.
584 543 744 573 Thomam
767 553 826 583 pro
850 548 938 572 textu
966 552 1063 582 quem
1087 543 1193 573 citatio
1216 542 1296 573 indi-

241 592 290 617 cat
312 586 499 626 parallelum
521 587 689 626 scripsisse.
715 586 802 617 Idem
825 587 950 626 saepius
975 587 1115 617 obtinet:
1140 597 1240 616 Lxxrv.
1267 587 1296 616 5.

240 639 327 670 corp.
345 630 457 661 citatur
483 643 496 656 ι
516 631 594 661 Luc.
618 640 681 661 xxn
700 643 714 657 »
742 631 784 670 (v.
813 630 864 670 18)
888 639 947 670 pro
976 635 1063 660 textu
1092 630 1202 660 Matth.
1225 640 1297 660 xxvr

241 675 283 713 (v.
302 674 374 713 29);
398 684 498 704 Lxxvr.
517 684 546 704 2.
564 674 602 704 ad
620 683 648 704 2.
676 687 689 701 ‹
709 674 812 704 Exodi
831 684 873 704 χιι
892 687 906 700 »
927 674 969 713 (v.
985 672 1041 715 46)
1065 683 1124 713 pro
1141 674 1227 704 loan.
1245 683 1296 704 xrx

241 718 290 757 (v.
309 718 387 757 36);
412 728 534 748 Lxxvnr.
561 718 589 748 3.
616 717 655 748 ad
678 718 707 748 3.
736 731 750 744 ‹
769 717 872 748 Exodi
896 727 967 748 xxrv
987 731 1000 744 x·
1032 718 1101 757 (vv.
1126 727 1156 756 7.
1175 717 1212 757 8)
1236 727 1295 757 pro

239 762 336 792 Hebr.
354 771 384 791 1x
408 760 470 802 (vv.
492 769 540 800 19.
560 761 625 801 20).
650 761 804 792 Notabilis
821 767 867 792 est
883 762 990 792 citatio
1017 774 1031 787 ι
1051 761 1160 791 Matth.
1178 771 1249 791 xxm
1267 774 1294 797 »‚

239 815 321 844 quae
344 815 410 835 non
434 805 532 836 semel
555 805 796 845 intelligendum
818 811 864 835 est
888 806 979 845 quasi
1005 818 1018 832 α
1037 805 1070 835 in
1097 805 1295 835 institutione

239 849 432 880 Sacramenti
452 860 486 885 ›;
511 848 550 879 cf.
568 859 670 879 Lxxm.
690 850 718 879 5.
736 858 798 888 arg.
824 849 840 879 3
867 849 936 888 (οι),
962 849 1018 879 ubi
1042 858 1117 879 cum
1139 849 1197 879 ista
1221 849 1295 878 cita-

1354 280 1441 310 tione
1465 280 1638 320 allegantur
1661 279 1756 310 verba
1778 280 1885 311 Lucae
1911 293 1925 308 ‹
1944 281 2018 312 Hoc
2041 281 2134 313 facite
2149 284 2183 313 in
2200 293 2306 314 meam
2322 293 2411 314 com-

1354 325 1621 354 memorationem
1640 337 1667 354 ›.

1406 411 1458 441 Ad
1480 415 1526 442 n¹¹¹
1555 421 1608 450 40.
1633 429 1675 433 —
1703 410 1837 441 Difficile
1868 410 2068 442 crederemus
2096 422 2164 443 non
2193 413 2225 444 S.
2249 413 2410 444 Thomam

1352 456 1458 495 ipsum
1481 455 1536 485 sed
1559 456 1746 495 scriptorem
1769 455 1863 494 primi
1879 456 2054 495 apographi
2076 466 2166 487 Lxxv.
2187 465 2214 487 1.
2231 467 2295 497 arg.
2310 466 2332 496 4
2349 455 2408 498 (ζ)

1352 499 1496 529 centurio
1520 500 1678 539 scripsisse
1694 508 1752 539 pro
1777 498 1920 539 regulus.
1945 498 2122 530 Contextus
2138 501 2205 531 sine
2227 501 2294 531 ullo
2311 501 2409 531 dubio

1351 542 1469 573 indicat
1492 543 1648 582 regulum,
1666 543 1752 573 Ioan.
1769 552 1810 573 rv.
1831 543 1873 581 46
1897 552 2003 582 seqq.‚
2031 544 2087 582 qui
2112 555 2127 570 «
2145 545 2317 584 quaerebat
2340 554 2410 576 cor-

1351 586 1494 626 poralem
1518 586 1635 617 Christi
1649 587 1859 626 praesentiam
1879 600 1906 623 ›,
1925 596 1994 617 non
2012 587 2243 624 centurionem,
2259 589 2316 628 qui
2339 598 2410 618 eam

1350 639 1418 660 non
1442 631 1627 670 quaerebat:
1656 643 1669 657 «
1689 630 1740 660 dic
1755 635 1879 660 tanturn
1902 631 1998 661 verbo
2019 643 2046 660 ».
2071 630 2172 661 Modo
2187 640 2255 661 non
2275 632 2410 662 absimili

1351 673 1382 704 S.
1398 674 1596 713 Augustinus
1612 674 1647 704 In
1663 674 1750 704 Ioan.
1766 679 1854 704 tract.
1871 684 1944 704 cxrn
1968 674 2090 715 (Migne
2107 674 2158 704 35.
2179 674 2276 714 1935)
2292 675 2410 706 Bama-

1350 718 1423 747 bam
1439 727 1498 757 pro
1515 717 1578 748 Sila
1593 717 1730 748 inducit:
1751 731 1765 744 «
1781 718 1870 758 quod
1886 719 2025 758 (cantare
2041 724 2072 748 et
2087 718 2232 758 psallere)
2245 717 2362 749 Paulus
2378 724 2410 749 et

1349 761 1521 791 Barnabas
1537 762 1631 792 etiam
1654 762 1688 792 in
1711 762 1845 792 vinculis
1861 761 2033 792 durissimis
2057 762 2160 792 facere
2181 767 2356 802 potuerunt
2374 772 2408 798 ›;

1350 804 1390 835 cf.
1403 805 1474 836 Act.
1486 815 1548 835 xvr.
1565 806 1680 845 19-25.
1697 805 1765 835 Nos
1779 806 1915 845 legimus
1931 806 2074 847 regulus,
2091 806 2261 836 intentioni
2276 806 2308 837 S.
2320 805 2409 836 Tho—

1351 858 1421 879 mae
1445 850 1545 888 magis
1569 858 1666 889 quam
1689 849 1837 880 fortuitae
1860 850 2032 890 scripturae
2055 850 2250 881 obedientes.

361 947 598 999 Postquam
631 947 800 986 Tertiae
834 947 971 986 Partis
1005 946 1276 986 traditionem
1311 952 1376 986 sat
1401 938 1572 1002 integre
1606 947 1660 987 ad
1695 961 1874 988 examen
1908 948 2175 996 vocavimus,
2203 949 2408 988 laetantes

239 1007 745 1054 confitemurrdoctrinam
770 1007 902 1047 sancti
933 1008 1136 1048 Auctoris
1159 1008 1239 1047 sub
1265 1007 1495 1048 lectionum
1517 1008 1720 1048 varietate
1744 1009 1946 1050 illibatam
1974 1015 2271 1050 conservatam
2299 1022 2406 1050 esse.

238 1068 434 1109 Examini
468 1068 719 1108 variantium
753 1082 777 1108 a
810 1074 928 1121 parte
962 1068 1189 1108 materialis
1224 1068 1401 1123 originis
1436 1082 1488 1109 eo
1522 1069 1810 1110 abundantius
1836 1077 2004 1125 tempus
2035 1070 2233 1111 dedicare
2265 1070 2407 1125 potui-

238 1142 350 1176 muS‚
386 1142 473 1182 quo
508 1130 641 1169 rarius
677 1129 730 1169 de
764 1135 905 1169 mente
941 1129 985 1170 S.
1011 1130 1208 1170 Thomae
1243 1129 1525 1170 dubitandum
1560 1136 1600 1170 et
1634 1131 1956 1172 deliberandum
1990 1137 2090 1172 erat.
2147 1132 2232 1184 Qui
2265 1138 2408 1172 autem

237 1189 324 1230 fieri
358 1190 507 1243 potuit,
532 1196 577 1230 ut
610 1190 925 1244 autographum
949 1191 1120 1231 Tertiae
1143 1190 1280 1231 Partis
1315 1191 1372 1243 (et
1405 1191 1631 1232 Secundae
1663 1192 1902 1241 Secundae,
1928 1199 1969 1234 et
2000 1193 2181 1234 sortasse
2215 1193 2407 1234 omnium

236 1251 422 1290 Partium
457 1250 687 1304 Summae)
722 1264 797 1304 per
839 1251 1052 1291 tramitem
1096 1252 1222 1291 unius
1255 1252 1389 1292 solius
1431 1252 1703 1293 immediatae
1747 1254 2082 1308 transcriptionis
2115 1254 2158 1294 in
2190 1254 2407 1308 publicum

237 1311 458 1352 ederetur?
492 1311 563 1352 Ad
587 1312 668 1352 hoc
692 1311 991 1366 explicandum
1025 1312 1268 1352 conducent
1288 1312 1395 1352 forte
1429 1313 1640 1366 quaedam
1665 1315 2043 1363 considerationes,
2067 1315 2109 1355 in
2139 1315 2405 1355 Praefationa

236 1373 529 1427 Supplementi
553 1373 672 1427 quod
705 1373 802 1413 huic
826 1373 1048 1413 Volumini
1073 1373 1301 1428 iungimus,
1326 1373 1436 1413 circa
1467 1374 1718 1414 methodum
1750 1375 1993 1428 publicandi
2027 1381 2069 1415 et
2103 1374 2407 1428 multiplicandi

234 1435 376 1482 libros,
402 1448 486 1488 qua
519 1440 634 1475 aetas
668 1434 712 1475 S.
737 1434 932 1475 Thomae
968 1434 1176 1475 utebatur.

337 1549 659 1590 ELENCHUS
694 1549 992 1590 ERRORUM
1026 1548 1278 1600 ANTIQUI
1312 1548 1552 1590 TEXTUS
1585 1549 1809 1590 TACITE
1843 1550 2306 1592 CORRECTORUM

1345 1665 1391 1685 art.
1411 1659 1436 1685 6.
1457 1661 1629 1720 corpbggnc.
1666 1661 1723 1685 Non
1739 1667 1824 1686 autem
1843 1662 1930 1686 omnia
1949 1667 2110 1687 sacramenta
2127 1662 2318 1696 ordinantur-
2332 1663 2405 1688 ordi-

1415 1698 1482 1720 nant
1593 1715 1598 1721 .

667 1661 800 1690 Quans‘rro
820 1668 859 1685 Lx.

234 1737 279 1757 art.
299 1739 323 1757 2.
342 1732 373 1755 ad
394 1738 417 1756 2.
437 1731 490 1755 init.
527 1731 655 1763 quaedam
674 1730 711 1755 ad
729 1733 802 1755 vetus
826 1734 1012 1755 testamentum
1038 1730 1190 1762 pertinentia
1206 1744 1225 1749 —
1242 1731 1291 1755 ad—

303 1770 395 1791 ventus
415 1766 520 1790 testium
539 1766 632 1798 Asspc.
651 1766 781 1790 adventus
796 1767 894 1797 ptestm
914 1764 947 1799 (p
968 1765 1129 1799 expungitur)
1150 1766 1167 1791 l.

233 1807 278 1827 art.
297 1809 322 1833 4.
343 1809 412 1833 corp.
432 1801 479 1826 ult.
517 1801 641 1826 Caelestis
661 1801 730 1825 Hier.
748 1815 767 1819 -
787 1802 856 1826 Eccl.
875 1801 1067 1826 ACDEGHIbc.

233 1842 281 1862 art.
301 1836 325 1862 6.
345 1837 375 1861 ad
397 1844 420 1861 2.
439 1842 497 1860 ante
515 1837 584 1861 med.
622 1835 695 1865 Quae
719 1837 857 1868 perfectius
880 1840 920 1861 est
942 1837 967 1860 in
985 1836 1071 1861 verbis
1084 1850 1102 1854 —
1120 1844 1172 1861 om.
1193 1836 1291 1861 ABCD.

267 1873 299 1897 ad
320 1872 342 1897 3.
362 1872 414 1897 init.
450 1873 519 1896 sicut
536 1872 697 1903 Augustinus
713 1886 732 1890 —
751 1880 804 1897 om.
823 1872 986 1896 ABCDEGa.

233 1912 278 1932 art.
299 1915 323 1939 7.
361 1907 502 1938 Praeterea,
522 1907 658 1938 corruptio
676 1921 695 1925 —
712 1914 810 1939 corpus
828 1907 947 1932 ABCDF.

232 1948 282 1968 art.
302 1942 327 1968 8.
347 1950 416 1974 corp.
436 1950 450 1966 a
469 1942 549 1975 princ.
585 1947 688 1975 oportet
707 1943 868 1967 considerare
894 1946 982 1967 utrum
1008 1950 1053 1975 per
1076 1943 1153 1967 talem
1172 1956 1191 1960 —
1209 1950 1289 1967 unum

303 1978 401 2002 ABCD.

660 2053 795 2083 Quaas'rio
814 2060 863 2077 ιιι.

231 2136 276 2156 art.
298 2137 320 2156 ι.
339 2138 410 2162 corp.
429 2131 496 2155 med.
533 2130 634 2154 animus
654 2130 773 2162 applicari
793 2137 843 2154 non
859 2133 952 2161 posset
968 2144 987 2147 —
1001 2130 1089 2161 possit
1111 2130 1210 2155 ABCD.

231 2171 278 2192 art.
299 2165 322 2190 3.
342 2173 393 2198 arg.
416 2173 438 2191 l.
458 2164 501 2190 fin.
538 2173 589 2190 non
604 2165 744 2197 praecedit
763 2172 867 2189 causam
879 2179 897 2183 -
911 2165 1021 2196 impedit
1034 2165 1117 2195 ABD;
1137 2165 1227 2189 abrasa
1241 2164 1289 2197 pc.

266 2201 297 2225 ad
318 2200 341 2225 3.
360 2201 406 2225 ult.
443 2207 498 2225 esse
517 2206 575 2225 ante
599 2206 624 2224 et
647 2206 705 2232 post
729 2200 890 2225 sacramenti
912 2200 1027 2225 eiusdem
1051 2200 1146 2225 habent
1169 2200 1289 2233 ACDpG.

301 2236 381 2260 altero
400 2237 457 2260 loco
475 2236 532 2260 solo
552 2236 573 2260 Η
594 2241 620 2260 et
638 2236 771 2266 editiones,
790 2235 823 2259 ibi
842 2242 896 2260 esse
914 2235 954 2259 hic
973 2239 999 2260 et
1016 2236 1045 2260 F.

231 2276 277 2296 art.
296 2279 321 2302 4.
340 2272 371 2295 ad
392 2278 416 2296 ι.
434 2270 478 2296 fin.
515 2272 589 2303 signa
608 2271 634 2295 in
654 2271 794 2303 spiritualia
811 2285 830 2289 -
848 2270 928 2295 etiam
949 2271 974 2295 in
988 2271 1120 2303 ABCDpG
1136 2275 1161 2295 et
1173 2278 1198 2300 a,
1211 2274 1238 2296 et
1252 2271 1290 2302 H;

300 2312 383 2331 totum
406 2314 458 2331 om.
477 2307 494 2331 l.

653 2389 788 2419 Quansno
807 2397 866 2415 rxn.

230 2473 276 2493 art.
297 2474 320 2492 1.
340 2475 411 2499 corp.
430 2467 484 2491 init.
520 2473 565 2498 per
590 2466 701 2498 aliquem
727 2466 833 2490 modum
857 2466 975 2499 gratiam
1001 2474 1113 2492 causare
1136 2481 1154 2485 —
1180 2468 1288 2500 gratiae

299 2502 407 2527 causari
425 2501 499 2526 ΑΒΕ.

299 2538 346 2562 ult.
382 2537 458 2562 Unde
476 2542 501 2561 et
523 2535 573 2561 Tit.
594 2536 639 2560 111
652 2550 671 2555 ·-
693 2535 759 2560 Tim.
779 2537 936 2569 ABCDpGH
955 2542 981 2561 et
998 2545 1023 2562 a.

265 2574 296 2598 ad
317 2579 341 2598 ι.
359 2571 403 2597 fin.
439 2573 590 2604 inquantum
609 2572 772 2597 ordinantur
788 2586 808 2591 —
826 2573 970 2597 ordinatur
983 2573 1083 2603 ABCa;
1103 2573 1287 2605 inquantum...

299 2615 405 2633 sacrum
424 2615 476 2632 om.
496 2607 553 2631 GH.

230 2649 275 2669 art.
297 2643 320 2668 3.
339 2651 391 2674 arg.
412 2650 435 2667 1.
454 2641 497 2667 fin.
535 2649 592 2666 esse
621 2645 709 2667 autem
733 2642 759 2666 in
783 2643 840 2667 loco
858 2657 876 2661 —
893 2651 946 2668 om.
965 2642 1124 2675 ABCDHpG
1148 2648 1173 2668 et
1191 2651 1208 2668 a
1221 2643 1235 2667 b
1253 2641 1286 2675 (E

300 2677 405 2711 deficit).

265 2714 295 2738 ad
317 2721 350 2773 ah
367 2721 429 2754 lnon
437 2715 477 2737 act
495 2713 586 2737 eodem
606 2713 685 2737 modo
702 2727 722 2732 -
739 2719 798 2745 post
817 2714 895 2738 modo
914 2713 966 2742 BD.
985 2718 1095 2746 utroque
1115 2714 1172 2738 loco
1190 2713 1235 2738 AC
1254 2714 1286 2746 (E

230 2790 277 2810 art.
294 2749 435 2816 geni-gip.
455 2783 523 2808 med.
560 2791 644 2816 neque
663 2784 731 2808 enim
751 2789 791 2808 est
809 2783 874 2808 inter
891 2798 910 2803 —
927 2784 1007 2809 etiam
1026 2791 1117 2808 omnes
1137 2789 1237 2816 praeter
1256 2784 1286 2809 Pl

311 2820 331 2844 E
352 2818 435 2844 deficit
450 2838 455 2844 .

229 2861 275 2880 art.
297 2818 319 2879 ἑ.
340 2863 409 2887 corp.
428 2817 471 2878 tin.
508 2854 642 2886 copulatur
666 2862 711 2886 per
734 2854 924 2886 susceptionem
950 2860 1170 2879 sacramentorum
1192 2869 1211 2873 -
1229 2862 1287 2880 suc-

298 2890 439 2915 cessionem
457 2889 551 2914 ABCa.

229 2930 276 2950 art.
295 2924 320 2950 6.
356 2926 498 2955 Praeterea,
518 2923 682 2949 sanctificatio
701 2931 752 2948 non
765 2925 801 2957 fit
819 2925 872 2949 nisi
888 2938 907 2943 ·-
919 2932 970 2949 non
982 2925 1019 2957 fit
1037 2925 1129 2958 ABpC,
1141 2925 1179 2957 fit
1197 2925 1228 2950 D.

264 2969 315 2992 arg.
337 2960 359 2986 3.
379 2960 458 2992 princ.
497 2960 568 2984 Idem
588 2959 733 2984 salutiferae
750 2974 768 2978 —
788 2960 912 2991 Idemque
931 2960 1069 2986 ABCDEa.

258 2996 294 3029 ,ad
315 2995 338 3021 3.
356 2995 435 3027 princ.
473 2995 583 3025 Quidam
603 2995 672 3020 enim
691 3009 710 3014 —
727 2998 815 3020 autem
835 2995 973 3020 ABCDEa.

645 3070 780 3100 Qumsno
799 3078 867 3096 nnn.

231 3152 276 3172 art.
297 3153 320 3171 1.
339 3154 392 3178 arg.
413 3152 436 3170 1.
473 3146 562 3170 dicitur
587 3145 654 3169 enim
681 3146 711 3170 ΙΙ
725 3147 762 3171 ad
784 3146 850 3171 Ίῖηι.
871 3147 901 3171 11
914 3161 933 3165 —
953 3147 983 3171 11
997 3147 1033 3171 ad
1054 3148 1114 3172 Cor.
1135 3148 1195 3172 [ΙΙΙ
1214 3149 1236 3178 b,
1258 3149 1288 3173 II

299 3182 336 3206 ad
357 3182 417 3206 Cor.
439 3181 482 3205 III
503 3181 578 3205 ceteri
597 3186 697 3212 praeter
715 3181 734 3205 P
753 3186 778 3205 et
797 3186 897 3213 praeter
917 3182 925 3206 1
945 3182 989 3214 qui
1007 3182 1044 3207 ad
1065 3183 1126 3207 Cor.
1143 3183 1199 3207 XV
1214 3183 1283 3216 legit.

300 3216 413 3249 Scriptor
432 3215 525 3240 codicis
545 3215 553 3239 1
573 3215 729 3247 regulariter,
744 3216 855 3248 ideoque
874 3217 1080 3247 intentionaliter,
1094 3225 1217 3242 numeros
1231 3218 1283 3251 epi-

300 3252 424 3275 stolarum
444 3252 535 3283 Apost.
555 3250 631 3278 Ioan..
652 3251 775 3275 librorum
796 3251 859 3283 Reg.
879 3251 996 3283 Paralip.,
1016 3256 1064 3276 etc.
1083 3252 1184 3277 omittit.

266 3287 291 3311 S.
311 3287 339 3311 C.
376 3287 469 3318 pignus
483 3286 601 3317 Spiritus
620 3286 646 3309 in
665 3286 785 3310 cordibus
803 3301 822 3304 —
839 3286 950 3317 speciem
965 3287 1056 3318 ACpB,
1069 3294 1140 3318 spem
1154 3288 1185 3313 D.

230 3326 276 3347 art.
298 3329 322 3346 a.
341 3329 410 3353 corp.
429 3320 472 3346 fin.
508 3321 579 3353 quod
598 3326 637 3344 est
654 3321 780 3353 quiddam
799 3321 882 3345 fluens
899 3335 920 3340 —
937 3322 1044 3354 quidam
1063 3322 1202 3354 ABCEpG.

230 3362 276 3382 art.
297 3356 320 3382 3.
338 3364 391 3388 arg.
412 3363 434 3381 i.
471 3356 554 3380 Nolite
572 3356 731 3381 contristare
750 3357 871 3389 Spiritum
889 3370 907 3376 -
925 3357 1081 3382 contristari
1099 3357 1283 3389 ABCFGHbc;

300 3392 339 3424 pE
357 3399 411 3416 om.
430 3398 508 3416 non...
527 3392 735 3416 sacramentalis.

265 3434 334 3459 corp.
355 3427 433 3459 princ.
470 3426 623 3451 charactere
650 3426 785 3458 insignitur
810 3440 829 3445 —
855 3427 994 3451 character
1026 3427 1099 3451 ΑΒΕ.

299 3462 452 3487 charactere
470 3461 639 3493 insigniuntur
656 3475 675 3480 —-
692 3461 870 3486 characterem
889 3462 962 3487 ΑΒΕ.

230 3501 276 3521 art.
296 3496 318 3522 5.
338 3505 391 3529 arg.
411 3497 433 3521 3.
453 3497 520 3521 med.
558 3496 648 3521 Cultus
668 3501 753 3521 autem
773 3497 880 3523 exterior
900 3497 930 3521 ad
949 3504 1025 3528 quem
1037 3511 1054 3515 -
1069 3497 1147 3529 qu'am
1162 3497 1284 3523 ABCDE.

265 3532 297 3556 ad
317 3531 338 3558 3.
358 3532 403 3557 ult.
440 3532 483 3564 qui
502 3531 622 3556 vicerunt
639 3546 658 3551 -
676 3532 815 3556 vincerunt
833 3531 995 3557 ABCDEHb.

1380 1736 1438 1790 antFe
1455 1731 1526 1790 gied.
1565 1731 1676 1756 Pertinet
1694 1737 1780 1757 autern
1799 1733 1904 1765 aliquod
1921 1736 2116 1758 sacramentum
2130 1747 2149 1752 -
2162 1733 2321 1767 sacrificium
2340 1734 2406 1760 BCE

1436 1774 1452 1799 p
1496 1771 1522 1791 et
1539 1774 1564 1791 a.

1764 1839 1899 1876 Quaasrro
1918 1853 1984 1872 Lxrv.

1343 1921 1389 1941 art.
1411 1922 1435 1941 ι.
1454 1923 1507 1948 arg.
1528 1923 1551 1941 ι.
1569 1914 1613 1941 fin.
1650 1917 1719 1948 Ergo
1736 1917 1838 1944 videtur
1849 1917 1921 1949 quod
1940 1924 1992 1941 non
2006 1917 2078 1942 solus
2091 1931 2109 1936 —-
2123 1918 2195 1950 quod
2211 1918 2292 1943 etiam
2305 1919 2404 1945 ABCD.

1378 1951 1410 1976 ad
1431 1958 1454 1975 2.
1474 1951 1519 1976 ult.
1557 1952 1603 1976 sed
1631 1952 1751 1984 impetrat
1777 1953 1943 1983 operandum
1969 1967 1989 1971 —-
2015 1956 2041 1977 et
2064 1951 2156 1986 (etiam
2180 1951 2211 1987 B)
2237 1955 2403 1986 operandum

1413 1986 1511 2017 ABCD,
1530 1987 1567 2011 ad
1585 1987 1750 2018 operandum
1769 1988 1809 2012 ed.
1827 1994 1859 2017 a;
1880 1988 1888 2012 Ι
1908 1988 1969 2020 legit
1987 1988 2035 2013 sed
2053 1992 2183 2020 operatur
2196 1989 2404 2021 impetrandum.

1343 2028 1389 2048 art.
1410 2029 1432 2047 2.
1452 2029 1505 2054 arg.
1526 2029 1549 2046 2.
1588 2022 1738 2047 Illiciuntur
1756 2023 1896 2048 daemones
1913 2037 1933 2041 —
1949 2023 2111 2049 Alliciuntur
2129 2024 2223 2050 BCDa.

1343 2063 1390 2083 art.
1406 2057 1429 2082 3.
1449 2065 1519 2090 corp.
1532 2062 1591 2089 post
1603 2058 1683 2090 princ.
1720 2059 1808 2091 passio
1823 2058 1917 2083 Christi
1937 2066 2005 2090 quae
2023 2060 2146 2092 competit
2163 2059 2188 2084 ei
2203 2074 2223 2079 —
2236 2061 2274 2086 eis
2288 2060 2404 2094 ACpBE.

1343 2098 1390 2118 art.
1408 2100 1434 2124 4.
1453 2101 1506 2125 arg.
1527 2100 1551 2118 2.
1568 2093 1648 2125 princ.
1686 2093 1796 2118 Prorsus
1816 2094 1902 2119 maius
1920 2094 1970 2119 hoc
1986 2108 2006 2113 ·-
2023 2095 2110 2128 magis
2128 2095 2318 2122 ABCEGHIbc.

1378 2136 1448 2160 corp.
1467 2129 1547 2160 princ.
1584 2134 1714 2153 creaturae
1732 2130 1814 2161 potuit
1830 2129 2024 2155 communicari
2039 2144 2059 2149 -
2075 2131 2271 2156 communicare
2288 2131 2402 2157 ABCEH

1342 2204 1388 2224 art.
1409 2163 1504 2231 {Gar}
1518 2164 1548 2223 ba.
1586 2200 1728 2224 secundum
1747 2200 1811 2224 illud
1832 2200 1848 2224 1
1862 2200 1931 2226 loan.
1949 2208 1975 2225 iv
1991 2214 2011 2219 -
2027 2209 2080 2226 om.
2094 2178 2283 2235 Ach-:rsspF
2303 2206 2328 2227 et
2340 2209 2366 2228 a.

1377 2235 1409 2259 ad
1429 2241 1454 2259 2.
1473 2235 1541 2260 med.
1579 2234 1722 2260 dummodo
1747 2235 1781 2260 sit
1805 2235 1967 2260 coniunctum
1991 2250 2011 2255 -
2034 2237 2097 2261 dum
2121 2244 2174 2262 non
2197 2237 2315 2270 ACpBG,
2338 2238 2401 2263 dum

1342 2310 1388 2331 art.
1408 2270 1589 2331 gzldnifffliin.
1626 2310 1654 2330 ut
1672 2311 1795 2338 congruat
1819 2314 1869 2331 suo
1894 2306 2041 2332 ministerio
2058 2321 2077 2326 —-
2095 2308 2218 2333 ministro
2242 2307 2402 2341 ABCDHpG

1341 2381 1388 2401 art.
1407 2345 1438 2401 §.t
1451 2347 1482 2401 ἔ..
1496 2376 1524 2401 C.
1562 2382 1622 2401 sunt
1640 2377 1759 2402 casualia
1776 2391 1795 2395 —
1812 2378 1934 2402 carnalia
1951 2378 2049 2403 ABCD.

1765 2453 1899 2483 Quaasrto
1920 2461 1976 2480 ων.

1340 2535 1388 2556 art.
1407 2537 1430 2555 ι.
1450 2531 1481 2555 ad
1502 2530 1525 2556 3.
1544 2536 1602 2555 ante
1622 2531 1690 2556 med.
1727 2531 1848 2556 Actiones
1868 2536 1954 2556 autem
1973 2537 2032 2556 sunt
2047 2533 2185 2565 purgatio,
2205 2532 2366 2558 illuminatio
2383 2547 2403 2551 -

1410 2566 1570 2591 illuminatio
1589 2569 1615 2590 et
1633 2565 1670 2599 (et
1688 2574 1741 2592 om.
1760 2566 1788 2600 a)
1805 2566 1933 2600 purgatio
1955 2567 2047 2593 BCEa.

1761 2642 1896 2672 QuAEsrlo
1915 2650 1980 2668 var.

1339 2724 1384 2745 art.
1405 2726 1429 2744 1.
1448 2727 1518 2752 corp.
1538 2727 1552 2743 a
1571 2720 1652 2752 princ.
1688 2718 1800 2749 Quidam
1825 2726 1890 2752 ergo
1913 2719 2123 2745 existimaverunt
2149 2735 2168 2739 -
2193 2724 2283 2746 autem
2307 2720 2397 2751 Belia,

1693 2761 1756 2779 vero
1774 2755 1791 2779 Ι.

1411 2796 1470 2823 post
1488 2791 1557 2815 med.
1593 2789 1676 2814 fluens
1696 2789 1721 2814 in
1739 2790 1870 2815 hominem
1888 2804 1907 2809 -
1925 2790 2030 2816 homine
2047 2791 2190 2816 ABCDEF.

1408 2825 1452 2851 fin.
1472 2825 1602 2850 character
1621 2825 1780 2858 baptismalis
1799 2826 1844 2858 qui
1863 2830 1903 2850 est
1920 2834 1962 2851 res
1980 2841 1999 2845 —
2016 2833 2084 2859 quae
2101 2826 2204 2851 Bcssla.

1338 2866 1383 2887 art.
1405 2861 1427 2886 3.
1447 2869 1499 2894 arg.
1521 2868 1544 2885 1.
1563 2859 1607 2886 fin.
1644 2861 1794 2893 praesertim
1813 2868 1872 2886 cum
1892 2861 1999 2887 loannes
2018 2876 2036 2881 -
2053 2865 2094 2887 est
2110 2869 2169 2887 cum
2188 2861 2263 2886 ΑΒΕ.
2339 2890 2341 2892 q

1338 2901 1384 2922 art.
1402 2904 1428 2927 4.
1466 2897 1609 2925 Praeterea,
1623 2896 1747 2920 lixivium
1760 2897 1920 2921 -lexivium
1935 2904 2028 2922 omnes
2047 2901 2148 2930 praeter
2161 2896 2206 2921 Pa.
2225 2896 2283 2921 Mox
2298 2897 2398 2923 lexivia

1409 2937 1434 2956 et
1452 2932 1580 2957 lexivium
1606 2937 1631 2956 et
1654 2932 1679 2956 in
1705 2932 1839 2956 Solutione
1863 2932 1964 2956 lexivio
1988 2939 2081 2956 omnes
2100 2936 2200 2964 praeter
2225 2931 2282 2956 Pla.
2307 2933 2348 2957 Ad
2374 2939 2398 2958 2.

1409 2972 1494 2992 tamen
1513 2968 1666 2992 lexatorum
1685 2967 1734 2991 soli
1753 2967 1807 2993 CG.

1338 3007 1384 3029 art.
1405 3002 1428 3028 5.
1447 3010 1518 3035 corp.
1537 3003 1605 3027 med.
1643 3002 1690 3026 Est
1707 3005 1796 3027 autem
1815 3002 1870 3027 eius
1889 3002 1983 3034 duplex
2000 3014 2019 3020 —
2036 3001 2104 3026 enim
2127 3008 2219 3026 omnes
2237 3006 2338 3034 praeter
2357 3002 2397 3028 Pl.

1337 3043 1385 3064 art.
1403 3037 1428 3063 6.
1447 3046 1501 3070 arg.
1522 3037 1545 3062 3.
1563 3037 1643 3070 princ.
1680 3037 1864 3070 Bulgarorum
1888 3051 1906 3056 -
1929 3037 2102 3069 vulgarorum
2125 3036 2284 3067 ABCEGHI,
2300 3038 2397 3070 fulga-

1407 3081 1498 3098 rorum
1518 3073 1549 3103 D,
1562 3073 1741 3106 sulganorum
1764 3073 1804 3096 ed.
1823 3075 1848 3101 a,
1871 3072 2041 3105 bulgarorum
2066 3072 2088 3100 1³,
2113 3072 2284 3105 vulgatorum
2303 3079 2326 3098 c.
2345 3072 2397 3103 Qu.

1407 3116 1483 3133 vau.
1504 3107 1528 3133 5.
1546 3106 1582 3142 (ὃ)
1606 3107 1784 3140 Vulgarorum
1803 3107 1871 3132 GHI.

1337 3149 1383 3168 art.
1402 3151 1428 3175 7.
1447 3151 1500 3175 arg.
1522 3143 1545 3167 3.
1564 3143 1618 3168 init.
1654 3143 1769 3174 corporis
1783 3145 1875 3174 posset
1893 3140 1946 3166 fieri
1958 3142 2072 3173 —possit
2084 3141 2205 3172 ABCDE,
2213 3145 2304 3174 potest
2317 3143 2358 3168 ed.
2371 3150 2396 3169 a.

1337 3184 1384 3203 art.
1402 3178 1427 3204 8.
1446 3179 1472 3202 S.
1492 3178 1520 3203 C.
1540 3178 1621 3210 princ.
1657 3177 1869 3210 Reprehensibile
1885 3191 1905 3196 —
1922 3177 2161 3209 Reprehensibilem
2180 3177 2282 3203 ABCH.

1751 3232 1886 3262 Quas-no
1903 3239 1980 3256 van.

1336 3293 1383 3312 art.
1404 3294 1427 3312 1.
1446 3294 1500 3318 arg.
1522 3294 1544 3311 2.
1564 3286 1618 3313 init.
1655 3288 1727 3313 Eccl.
1747 3287 1817 3312 Hier.
1835 3301 1854 3305 —
1875 3287 1945 3312 Cael.
1964 3294 2056 3312 omnes
2075 3291 2177 3320 praeter
2196 3287 2225 3314 Ρ.

1371 3323 1397 3347 S.
1417 3323 1445 3348 C.
1482 3322 1507 3346 in
1526 3323 1640 3347 Decretis
1660 3322 1794 3354 lxxxxiii
1812 3322 1838 3348 d.
1855 3336 1874 3341 —
1891 3323 2003 3347 lxxxix
2021 3322 2048 3348 d.
2067 3321 2098 3355 iij
2115 3330 2208 3347 omnes
2234 3328 2335 3355 praeter
2353 3323 2396 3350 Pe.

1371 3365 1441 3389 corp.
1460 3363 1519 3390 post
1538 3358 1606 3383 med.
1661 3363 1686 3382 et
1713 3358 1822 3382 aliorum
1853 3358 1977 3383 assistere
2004 3363 2029 3383 et
2056 3358 2201 3382 ministrare
2229 3373 2248 3377 —
2278 3358 2396 3384 existere

1336 3433 1382 3453 art.
1401 3436 1426 3459 4.
1446 3428 1477 3452 ad
1498 3435 1520 3454 ι.
1539 3427 1583 3452 fin.
1619 3427 1667 3453 sed
1684 3433 1771 3452 tamen
1785 3441 1803 3446 -
1816 3427 1840 3452 si
1854 3427 1956 3458 ABCE;
1976 3428 2049 3452 sed...
2068 3428 2205 3461 baptizare
2218 3437 2272 3454 om.
2286 3429 2318 3455 D.

1371 3463 1402 3487 ad
1423 3463 1446 3488 3.
1466 3465 1534 3489 med.
1571 3467 1640 3488 extra
1657 3469 1748 3488 casum
1768 3463 1928 3488 necessitatis
1945 3477 1965 3482 -
1982 3470 2090 3488 causam
2110 3463 2231 3489 ABCDE.

1335 3503 1380 3522 art.
1402 3498 1424 3523 5.
1443 3506 1514 3531 corp.
1534 3503 1593 3531 post
1612 3498 1680 3523 med.
1717 3498 1845 3530 baptizare
1859 3501 1957 3530 potest.
1978 3498 2011 3523 Ut
2029 3499 2065 3523 sic
2084 3499 2136 3524 duo
2147 3513 2166 3518 —-
2178 3499 2264 3531 possit
2278 3499 2375 3525 ABCD.

1406 3539 1431 3558 et
1449 3539 1539 3566 postea
1558 3534 1740 3566 baptizaretur
1757 3534 1788 3558 ab
1807 3534 1900 3559 eodem
1917 3547 1936 3553 —-
1953 3534 2103 3567 baptizetur
2119 3535 2208 3559 ABCE
