2878 4088
0 679 17 738 GK·-
0 564 15 669 *soz-325³&
6 539 13 547 Α.

109 310 227 367 afflui&
235 309 322 363 '3235

108 363 164 385 dist.
174 369 236 389 xuu,
245 366 288 385 nrt.
297 370 319 389 4.

109 526 119 535 ·
136 524 201 546 vers.
218 530 248 552 ¹5-

108 656 237 678 ‘Matth.cn
256 663 318 682 .xxv,

107 683 195 705 vermo.
206 693 216 698 —
244 683 260 704 f.
267 683 319 704 dist.

107 715 171 736 xun,
182 715 232 737 cap.
240 709 319 732 Causa

107 736 175 758 enim.

108 762 155 785 ·‹:f.
162 768 187 784 ar
204 778 209 784 .
216 762 265 784 Sed
269 768 321 784 con·

105 791 188 812 tran·
213 789 247 811 ad
254 789 318 816 Cor„

108 821 207 864 enpghxdv.
215 822 275 838 ven.
286 822 318 844 5²·

107 870 117 880 ·
133 868 200 891 Num.
221 875 272 896 cap.
292 876 315 890 x.

107 923 117 933 ·
134 922 198 944 lom.
218 927 269 949 cap.
290 928 318 947 ν,

106 953 166 970 vers.
182 948 218 976 28,
233 953 269 976 ²9-

106 976 117 987 ·
134 974 192 1003 Sap.
219 980 270 1003 etp.
291 981 317 1002 v,

105 1007 166 1023 ven.
181 1007 215 1024 τι.

107 1029 117 1039 ·
122 1027 203 1050 Matth.
210 1033 318 1055 capmxv,

105 1059 166 1076 ven.
193 1060 235 1084 343
261 1054 316 1076 Luc.

232 1097 239 1108 ,
257 1086 317 1103 vers.

101 1676 114 1686 ·
129 1674 155 1696 In
169 1680 276 1703 corpore.

103 2919 115 2930 ·
128 2917 165 2940 Cf.
183 2924 221 2947 qu.
236 2923 316 2946 unu,

104 2951 119 2984 ἓ
120 2949 182 2994 133ιὸτῖ
189 2977 257 2997 unt.
264 2977 316 3000 cup.

106 2997 190 3020 Causa
203 2998 272 3021 eum.

105 3047 115 3057 ·
126 3046 197 3080 §lei-⁸.
214 3052 245 3075 ¹5.

562 179 826 225 QUAESTIO
855 180 1025 225 LXXVI,
1052 178 1344 216 ARTICULUS
1373 179 1417 215 111
1438 199 1462 204 —
1482 177 1746 224 QUAESTIO
1775 178 1966 224 LXXVII,
1987 179 2278 216 ARTICULUS
2308 181 2321 216 Ι

341 262 440 298 paret
455 257 487 287 in
505 257 677 292 occidente,
694 258 741 287 sic
756 258 819 288 erit
836 258 992 288 adventus
1007 258 1084 287 Filii
1099 258 1247 287 hominis.
1272 257 1313 287 Et
1332 257 1414 287 inni-

347 307 458 332 tuntur
480 302 660 332 auctoritati
685 301 830 342 Gregorii
855 302 988 332 dicentis
1004 303 1020 318 ⁴*
1045 301 1134 342 quod
1158 302 1265 332 tubam
1295 310 1415 331 sonare

348 346 428 376 nihil
451 346 543 376 aliud
566 351 612 376 est
635 356 731 387 quam
754 347 874 377 mundo
907 352 942 377 ut
974 346 1110 376 iudicem
1141 346 1261 376 Filium
1284 345 1414 376 demon-

346 395 463 421 strare.
489 390 529 420 Et
551 390 731 421 secundum
755 391 818 421 hoc
841 392 909 431 ipsa
925 391 1080 430 apparitio
1098 391 1169 420 Filii
1185 390 1245 420 Dei
1266 399 1331 420 vox
1346 390 1414 419 eius

2462 179 2531 227 173

1471 257 1631 292 cinerum,
1657 261 1687 286 et
1711 265 1825 286 eorum
1849 258 2045 296 praeparatio
2077 258 2116 288 ad
2146 260 2378 298 reparationem
2402 259 2534 290 humani

1470 301 1624 340 corporis.
1649 299 1742 330 Unde
1767 306 1924 340 quantum
1948 301 1987 331 ad
2010 302 2072 332 hoc
2103 303 2135 332 in
2166 304 2396 333 resurrectione
2428 309 2534 334 utetur

1470 345 1558 376 Deus
1581 345 1758 375 ministerio
1783 345 1981 384 angelorum.
2014 345 2076 375 Sed
2100 347 2221 383 anima,
2246 348 2327 378 sicut
2349 347 2532 378 immediate

1470 399 1488 419 a
1511 389 1582 419 Deo
1612 394 1714 419 creata
1745 394 1808 424 est,
1833 389 1875 418 ita
1906 389 2088 419 immediate
2118 400 2136 419 a
2163 391 2233 421 Deo
2262 393 2389 431 corpori
2420 393 2532 422 iterato

349 434 479 465 dicitur:
505 435 580 474 quia
597 436 625 465 ei
642 436 806 475 apparenti
822 435 951 465 obediet
967 440 1034 465 tota
1049 440 1160 464 natura
1176 434 1215 464 ad
1239 443 1414 473 corporum
1437 442 1446 462 ς
1470 434 1607 468 unietur,
1628 434 1696 463 sine
1719 433 1825 473 aliqua
1845 434 2032 473 operatione
2049 435 2245 473 angelorum.
2271 436 2421 466 Similiter
2438 437 2532 466 etiam

348 480 564 509 humanorum
589 481 821 519 reparationem
845 480 927 509 sicut
949 479 1133 519 imperanti;
1158 477 1244 508 unde
1269 479 1300 508 in
1326 478 1414 508 iussu

348 524 456 554 venire
479 523 594 554 dicitur
622 524 634 553 1
663 524 803 554 Thessal.
827 534 857 554 iv
873 525 899 554 ’ἦ
930 523 971 553 Et
1001 524 1046 553 sic
1077 524 1145 553 eius
1169 523 1341 562 apparitio,
1366 522 1414 552 in·

348 573 506 608 quantum
529 568 624 598 habet
647 569 713 598 vim
737 568 904 599 cuiusdam
926 568 1062 607 imperii,
1078 577 1141 597 vox
1157 567 1225 597 eius
1245 566 1368 596 dicitur.

403 613 444 643 Et
467 613 546 643 haec
570 622 642 648 vox,
667 622 892 652 quaecumque
915 613 964 648 sit,
989 611 1187 652 quandoque
1211 610 1326 640 dicitur
1348 610 1413 640 cla-

348 666 421 687 mor
435 658 462 693 *‚
480 657 570 696 quasi
593 657 761 696 praeconis
784 656 823 686 ad
846 656 1002 687 iudicium
1019 656 1152 686 citantis.
1168 673 1191 677 —
1207 654 1413 694 Quandoque

348 707 456 732 autem
480 701 595 731 dicitur
618 710 716 731 sonus
740 701 834 731 tubae
849 702 875 730 ἢ
908 700 966 730 Vel
990 706 1121 740 propter
1144 698 1352 729 evidentiam:
1378 703 1413 728 ut

347 746 380 775 in
403 746 505 776 littera
520 746 536 762 ¹*
560 744 684 775 dicitur.
709 745 768 775 Vel
800 750 931 784 propter
959 744 1217 774 convenientiam
1246 742 1286 772 ad
1318 751 1413 772 usum

347 790 443 820 tubae
460 790 515 829 qui
532 794 597 820 erat
620 790 653 819 in
676 789 774 819 veteri
791 789 998 818 Testamento
1015 789 1048 817 *:
1073 788 1149 817 tuba
1170 787 1256 817 enim
1280 795 1413 826 congre-

346 834 500 874 gabantur
530 833 569 864 ad
591 833 782 868 concilium,
807 833 1094 863 commovebantur
1121 830 1160 861 ad
1182 831 1355 871 praelium,
1383 836 1414 860 et

347 879 544 908 vocabantur
567 877 606 907 ad
635 876 771 912 festum;
805 882 1003 916 resurgentes
1036 881 1144 906 autem
1173 875 1413 915 congregabun-

346 928 397 952 tur
419 921 460 952 ad
483 921 658 952 concilium
680 920 789 951 iudicii
805 922 838 956 *,
863 920 902 950 ad
925 921 1081 960 praelium
1104 929 1171 960 quo
1200 919 1286 950 orbis
1310 924 1413 950 terra-

346 975 418 996 rum
436 966 598 1007 pugnabit
620 971 734 995 contra
759 965 940 996 insensatos
962 966 989 1000 *,
1012 971 1043 995 et
1065 964 1104 994 ad
1127 963 1245 995 festum
1268 969 1412 994 aeternae

346 1010 555 1041 solemnitatis
570 1011 597 1040 *.

401 1055 452 1085 AD
475 1064 592 1084 numm
620 1063 703 1084 aizoo
728 1063 888 1084 mcrmnuu
912 1053 1000 1094 quod
1021 1054 1238 1084 Damascenus
1260 1053 1294 1082 in
1309 1052 1412 1082 verbis

345 1099 406 1129 iuis
439 1099 521 1129 circa
552 1098 749 1128 materialem
781 1108 910 1129 causam
943 1098 1182 1128 resurrectionis
1209 1098 1268 1127 tria
1291 1097 1410 1137 tetigit:

346 1143 467 1174 scilicet
488 1143 689 1174 voluntatem
709 1142 859 1179 divinam,
877 1152 960 1183 quae
976 1144 1127 1183 imperat;
1152 1143 1312 1177 virtutem,
1329 1150 1412 1181 quae

345 1188 532 1228 exequitur;
558 1193 589 1218 et
612 1186 795 1218 facilitatem
820 1187 1017 1227 exequendi,
1041 1188 1075 1217 in
1099 1187 1162 1217 hoc
1186 1185 1276 1226 quod
1299 1191 1411 1216 nutum

345 1231 498 1268 adiunxit,
522 1232 562 1263 ad
584 1231 827 1264 similitudinem
843 1241 957 1265 eorum
973 1241 1056 1271 quae
1072 1232 1105 1261 in
1121 1231 1215 1261 nobis
1231 1236 1313 1260 sunt.
1331 1229 1412 1260 Illud

344 1275 548 1307 enimvalde
572 1276 663 1307 facile
687 1282 734 1306 est
757 1277 851 1307 nobis
874 1275 977 1307 facere
1002 1275 1091 1316 quod
1114 1276 1219 1305 statim
1235 1274 1274 1305 ad
1289 1274 1411 1305 dictum

345 1326 492 1351 nostrum
519 1320 572 1351 fit:
596 1320 652 1351 sed
683 1321 787 1352 multo
821 1327 952 1361 apparet
982 1321 1085 1351 maior
1113 1319 1245 1350 facilitas
1272 1320 1314 1355 si,
1339 1324 1412 1349 ante

345 1365 479 1396 verbum
506 1365 683 1405 prolatum,
708 1365 747 1395 ad
778 1366 919 1405 primum
951 1365 1079 1405 signum
1109 1364 1297 1399 voluntatis,
1323 1363 1412 1403 quod

345 1415 443 1440 nutus
474 1409 605 1446 dicitur,
629 1411 777 1440 executio
809 1415 937 1440 nostrae
960 1409 1132 1439 voluntatis
1163 1418 1220 1448 per
1249 1408 1411 1438 ministros

345 1453 410 1486 fiat.
434 1453 476 1484 Et
497 1454 567 1484 talis
590 1459 699 1484 noster
721 1460 819 1485 nutus
843 1459 891 1484 est
920 1453 1078 1494 quaedam
1109 1462 1203 1483 causa
1232 1451 1412 1492 praedictae

346 1498 553 1535 executionis,
573 1499 766 1539 inquantum
789 1508 846 1538 per
869 1499 976 1538 ipsum
999 1497 1196 1528 inducuntur
1219 1497 1271 1527 alii
1294 1496 1334 1526 ad
1351 1505 1411 1526 no-

344 1548 440 1573 stram
463 1543 663 1573 voluntatem
687 1542 887 1583 explendam.
912 1542 1018 1573 Nutus
1041 1547 1149 1572 autem
1173 1541 1318 1576 divinus,
1343 1550 1410 1580 quo

344 1586 400 1618 fiet
414 1587 613 1623 resurrectio,
630 1587 708 1629 nihil
724 1586 810 1618 aliud
827 1592 873 1617 est
889 1596 987 1626 quam
1003 1587 1130 1626 signum
1146 1586 1185 1615 ab
1201 1586 1272 1625 ipso
1290 1585 1410 1620 datum,

345 1631 399 1662 cui
421 1636 489 1662 tota
511 1637 624 1662 natura
648 1631 776 1662 obediet
799 1631 839 1662 ad
854 1631 1120 1661 resurrectionem
1136 1635 1350 1660 mortuorum.
1372 1629 1412 1660 Et

343 1676 408 1706 hoc
431 1676 559 1716 signum
577 1675 665 1706 idem
680 1681 728 1705 est
750 1675 840 1716 quod
860 1685 926 1706 vox
941 1674 1045 1711 tubae,
1062 1680 1098 1705 ut
1113 1683 1151 1704 ex
1172 1673 1263 1704 dictis
1279 1675 1295 1690 ⁴*
1314 1679 1410 1713 patet.

397 1719 448 1752 An
475 1729 639 1750 szcuumm
668 1729 828 1750 memmi
854 1719 960 1760 quod,
985 1720 1068 1749 sicut
1090 1718 1212 1749 formae
1234 1727 1412 1748 sacramen-

343 1769 452 1795 torum
483 1764 602 1794 habent
631 1764 782 1795 virtutem
811 1763 1045 1799 sanctificandi,
1069 1772 1137 1793 non
1167 1772 1205 1793 ex
1234 1762 1298 1792 hoc
1322 1762 1412 1802 quod

343 1807 536 1844 audiuntur,
560 1808 617 1839 sed
649 1818 687 1839 ex
719 1809 784 1839 hoc
815 1807 905 1848 quod
928 1807 1150 1848 proferuntur,
1174 1807 1218 1837 ita
1249 1807 1302 1837 illa
1333 1816 1410 1842 vox,

343 1852 503 1893 quidquid
525 1853 574 1889 sit,
598 1853 726 1883 habebit
749 1852 924 1884 efficaciam
950 1851 1226 1883 instrumentalem
1254 1850 1294 1881 ad
1324 1860 1411 1881 resu—

343 1897 541 1934 scitandum,
564 1906 633 1928 non
657 1907 695 1928 ex
717 1898 781 1928 hoc
805 1896 896 1937 quod
918 1897 1069 1933 sentitur,
1093 1895 1150 1927 sed
1173 1906 1211 1926 ex
1234 1896 1298 1926 hoc
1321 1895 1411 1935 quod

343 1940 519 1982 profertur:
545 1942 627 1972 sicut
643 1942 739 1972 etiam
754 1951 818 1972 vox
834 1951 872 1972 ex
887 1942 956 1982 ipsa
978 1941 1175 1981 impulsione
1194 1941 1273 1971 aeris
1297 1941 1411 1970 excitat

344 1985 558 2017 dormientem
573 1986 729 2017 solvendo
746 1995 904 2026 organum
920 1985 1087 2021 sentiendi,
1104 1995 1171 2016 non
1188 1994 1226 2015 ex
1242 1985 1304 2015 hoc
1321 1984 1410 2024 quod

343 2036 572 2071 cognoscatur;
597 2031 674 2071 quia
695 2030 852 2062 iudicium
875 2030 915 2061 de
938 2039 1020 2061 voce
1042 2028 1304 2074 perveniente-ad
1319 2038 1410 2059 aures

343 2075 487 2116 sequitur
510 2075 746 2111 excitationem,
771 2081 803 2106 et
825 2084 892 2105 non
917 2080 964 2105 est
986 2083 1081 2105 causa
1105 2074 1182 2104 eius.

398 2120 449 2150 An
466 2129 601 2150 marma
616 2129 776 2150 memnon
792 2118 883 2160 quod
897 2120 978 2149 ratio
994 2119 1047 2149 illa
1062 2117 1251 2159 procederet
1266 2118 1291 2147 si
1311 2118 1410 2148 virtus

343 2163 389 2194 illi
411 2164 486 2194 voci
509 2163 581 2194 data
610 2170 693 2194 esset
722 2173 778 2194 ens
808 2163 988 2204 perfectum
1017 2163 1051 2193 in
1081 2168 1208 2193 natura:
1234 2163 1310 2202 quia
1331 2167 1409 2192 tunc

271 2238 277 2244 ,
309 2238 315 2249 ‚
344 2207 434 2248 quod
457 2217 496 2238 ex
520 2217 557 2239 ea
587 2207 792 2248 procederet,
815 2209 966 2238 virtutem
998 2207 1062 2238 iam
1094 2206 1271 2237 naturalem
1294 2205 1410 2237 factam

258 2291 265 2302 ‚
284 2265 291 2271 ·
306 2260 316 2265 ·
343 2252 539 2292 principium
562 2253 701 2283 haberet.
734 2253 811 2283 Non
839 2258 947 2283 autem
976 2258 1022 2282 est
1045 2252 1115 2282 talis
1137 2252 1236 2281 virtus
1259 2250 1328 2281 illa:
1353 2250 1410 2281 sed

345 2297 447 2336 qualis
470 2306 566 2337 supra
581 2298 598 2314 “
622 2297 706 2328 dicta
728 2303 775 2328 est
799 2306 867 2327 esse
889 2297 923 2327 in
947 2295 1058 2327 formis
1081 2301 1364 2326 sacramentorum.

497 2354 511 2364 .

598 2372 698 2402 ART.
716 2372 766 2402 111.
792 2382 896 2402 urium
920 2381 1038 2402 amnuo
1063 2381 1152 2402 nono

493 2427 534 2447 AD
559 2426 832 2447 RESURRECTIONEM
856 2427 970 2447 ANGELI
994 2426 1168 2446 OPERATURI
1190 2426 1257 2446 smT

343 2466 375 2488 1v
384 2466 458 2493 Sent„
470 2466 524 2488 din.
535 2473 600 2492 xuni.
609 2471 651 2488 nrt.
662 2473 683 2495 3,
694 2467 723 2488 ad
733 2473 761 2493 4:
777 2467 837 2488 Part.
849 2467 866 2493 1,
879 2473 918 2495 qu.
929 2472 976 2493 xci,
987 2470 1030 2487 art.
1045 2472 1065 2491 2.
1081 2466 1109 2487 ad
1126 2474 1133 2488 ι
1146 2473 1151 2491 ς
1166 2472 1205 2494 qu.
1217 2471 1253 2491 cx,
1265 2471 1298 2488 an
1316 2475 1339 2493 4.
1351 2467 1379 2488 ad
1391 2474 1410 2488 ι.

408 2527 428 2547 n
452 2527 587 2547 Taurum
614 2527 660 2547 sic
686 2527 891 2549 paocnmrua.
920 2517 1055 2548 Videtur
1077 2517 1167 2557 quod
1195 2517 1285 2548 nullo
1309 2517 1410 2548 modo

349 2530 449 2592 And
470 2563 737 2592 resurrectionem
759 2562 864 2602 angeli
885 2567 1068 2602 operentur.
1093 2561 1178 2599 Quia
1198 2563 1326 2592 maioris
1350 2563 1410 2592 vir-

343 2606 419 2636 tutis
442 2611 490 2636 est
513 2607 672 2636 ostensiva
694 2607 883 2636 resurrectio
906 2612 1111 2637 mortuorum
1130 2615 1229 2646 quam
1247 2607 1410 2646 generatio

344 2650 524 2680 hominum.
556 2650 620 2681 Sed
649 2650 780 2691 quando
811 2656 1003 2691 generantur
1025 2651 1190 2687 homines,
1215 2651 1320 2681 anima
1342 2660 1410 2681 non

343 2693 522 2724 infunditur
545 2695 674 2734 corpori
696 2694 909 2725 mediantibus
940 2695 1070 2735 angelis.
1102 2695 1188 2734 Ergo
1218 2704 1279 2725 nec
1308 2704 1410 2726 resur-

344 2739 454 2774 rectio,
479 2748 562 2778 quae
585 2744 632 2769 est
654 2739 764 2769 iterata
787 2740 974 2769 coniunctio
998 2740 1124 2769 animae
1139 2744 1171 2769 et
1185 2740 1339 2779 corporis,
1355 2739 1411 2770 fiet

344 2783 520 2813 ministerio
545 2783 743 2823 angelorum.

401 2836 431 2857 2.
455 2827 661 2863 Prummu,
685 2828 711 2857 si
737 2826 776 2857 ad
799 2827 924 2867 aliquos
954 2828 1085 2867 angelos
1108 2828 1172 2858 hoc
1199 2828 1410 2858 ministerium

343 2872 516 2912 pertineat,
539 2872 677 2902 maxime
700 2871 826 2902 videtur
848 2873 1006 2911 pertinere
1029 2871 1069 2902 ad
1092 2872 1248 2908 Virtutes,
1274 2881 1410 2912 quarum

344 2921 391 2946 est
413 2916 566 2946 miracula
589 2915 692 2946 facere
707 2916 734 2946 ἣ
759 2915 822 2946 Sed
838 2917 882 2946 eis
901 2925 969 2946 non
985 2916 1179 2952 adscribitur,
1196 2916 1252 2947 sed
1267 2917 1410 2947 Archan-

344 2960 433 3000 gelis,
457 2965 494 2990 ut
516 2965 604 3000 patet
626 2961 660 2991 in
682 2960 785 2990 littera
800 2961 827 2990 *.
859 2960 944 3000 Ergo
974 2969 1043 2991 non
1070 2959 1125 2991 fiet
1153 2961 1330 2991 ministerio
1354 2971 1409 2991 an-

344 3004 501 3044 gelorum.

400 3048 462 3080 San
479 3057 603 3079 coum
627 3059 680 3079 nsr
704 3048 794 3089 quod
817 3048 932 3079 dicitur
955 3049 967 3079 1
988 3049 1128 3079 Thessal.
1145 3059 1177 3080 Π
1192 3050 1218 3085 *‚
1237 3049 1327 3089 quod
1341 3049 1410 3079 Do-

344 3092 451 3123 minus
473 3093 506 3123 in
530 3102 608 3124 voce
630 3093 829 3135 Archangeli
852 3093 1020 3124 descendet
1040 3093 1080 3124 de
1102 3093 1213 3129 caelo,
1237 3099 1268 3124 et
1291 3094 1412 3124 mortui

346 3142 528 3178 resurgent.
551 3138 637 3177 Ergo
661 3138 849 3168 resurrectio
873 3143 1077 3168 mortuorum
1107 3138 1284 3168 ministerio
1316 3147 1411 3178 ange-

346 3180 409 3211 lico
433 3182 657 3222 complebitur.

401 3225 590 3256 Rxsrotsmo
614 3236 775 3257 memmi
799 3226 905 3266 quod,
930 3226 1012 3256 sicut
1034 3226 1233 3266 Augustinus
1261 3226 1353 3262 dicit,
1377 3227 1411 3256 in

346 3268 388 3299 111
411 3268 450 3299 de
468 3269 558 3300 Trin.
574 3271 601 3306 θ,
625 3270 715 3311 quod
737 3271 821 3302 sicut
842 3279 984 3311 corpora
1007 3271 1172 3301 crassiora
1196 3275 1227 3301 et
1249 3271 1411 3312 inferiora

345 3322 405 3353 per
425 3313 597 3344 subtiliora
619 3319 651 3345 et
666 3316 856 3355 potentiora
881 3315 996 3346 ordine
1018 3315 1157 3356 quodam
1178 3320 1348 3356 reguntur,
1366 3315 1410 3345 ita
1425 3326 1452 3347 ⁷⁰

348 3357 457 3387 omnia
480 3367 621 3398 corpora
645 3364 806 3400 reguntur
828 3369 849 3390 a
872 3360 943 3390 Deo
963 3369 1025 3400 per
1046 3360 1194 3400 spiritum
1211 3360 1295 3390 vitae
1311 3360 1411 3390 ratio—

349 3402 464 3432 nalem.
489 3402 530 3432 Et
545 3402 609 3432 hoc
624 3403 719 3433 etiam
736 3403 921 3444 Gregorius,
939 3404 981 3434 IV
993 3404 1128 3445 Dialog.
1141 3405 1167 3439 ἢ
1192 3404 1300 3444 tangit.
1318 3403 1411 3434 Unde

347 3446 382 3476 in
405 3446 556 3476 omnibus
579 3455 662 3486 quae
685 3449 892 3488 corporaliter
921 3458 939 3478 a
969 3449 1041 3479 Deo
1071 3447 1169 3484 fiunt,
1194 3449 1294 3478 utitur
1324 3448 1411 3478 Deus

342 3490 523 3520 ministerio
547 3490 746 3530 angelorum.
777 3491 812 3522 In
835 3493 1067 3523 resurrectione
1091 3498 1198 3523 autem
1222 3498 1269 3523 est
1292 3492 1412 3533 aliquid

1429 886 1452 906 ¹5

1426 1107 1454 1121 20

1426 1331 1450 1351 ²5

1427 1552 1452 1573 3⁰

1428 1773 1451 1794 ³5

1425 1995 1452 2015 4⁰

1424 2216 1447 2236 45

1426 2439 1451 2460 50

1426 2661 1448 2682 55

1424 2880 1451 2900 6ο

1424 3100 1449 3126 ⁶5

1469 478 1603 518 gloriam
1627 478 1771 517 corporis
1794 478 1862 517 ipse
1886 477 1980 507 faciet
2003 479 2123 517 absque
2138 479 2313 510 ministerio
2334 481 2531 520 angelorum,

1468 523 1550 552 sicut
1566 527 1597 552 et
1613 522 1752 552 animam
1768 521 1951 552 immediate
1967 521 2132 561 glorificat.
2149 541 2171 544 —
2195 524 2234 553 Et
2250 523 2328 554 illud
2344 525 2531 563 angelorum

1468 567 1680 596 ministerium
1708 566 1823 596 dicitur
1847 575 1930 602 vox,
1955 566 2133 596 secundum
2158 577 2255 597 unam
2280 569 2531 608 expositionem,

1469 619 1551 650 quae
1575 611 1715 650 tangitur
1738 611 1770 640 in
1794 611 1896 640 littera
1911 611 1938 640 ἦ

1523 656 1573 684 An
1590 665 1707 684 PRIMUM
1727 664 1809 684 ERGO
1832 660 1918 694 patet
1941 655 2060 685 solutio
2086 665 2123 684 ex
2147 655 2237 685 dictis
2254 656 2279 685 ’ἢ

1523 700 1574 728 An
1591 709 1752 729 sacmmtm
1771 709 1930 728 memnon
1947 698 2035 739 quod
2051 699 2262 729 ministerium
2279 699 2363 729 istud
2375 701 2432 730 erit
2448 702 2532 740 prin-

1469 743 1611 783 cipaliter
1634 744 1730 773 unius
1754 743 1955 782 Archangeli,
1980 743 2099 773 scilicet
2123 744 2296 779 Michaelis,
2314 745 2369 783 qui
2386 750 2432 774 est
2447 746 2532 784 prin-

1469 796 1544 826 ceps
1568 787 1739 822 Ecclesiae,
1756 788 1838 817 sicut
1862 787 1921 817 fuit
1937 787 2135 828 Synagogae,
2153 789 2234 818 sicut
2250 788 2364 818 dicitur
2380 788 2461 819 Dan.
2474 799 2493 819 x
2506 790 2531 819 *.

1468 831 1534 869 Qui
1558 837 1665 861 tamen
1690 832 1752 871 agit
1776 841 1814 862 ex
1837 831 2002 862 influentia
2026 832 2188 863 Virtutum
2213 838 2243 862 et
2271 833 2407 863 aliorum
2439 843 2533 873 supe-

1468 877 1589 906 riorum
1625 875 1775 906 ordinum
1791 877 1818 906 *.
1853 876 1947 907 Unde
1982 877 2071 916 quod
2105 878 2174 917 ipse
2208 876 2320 913 faciet,
2354 878 2533 917 superiores

1469 920 1596 951 ordines
1621 920 1865 960 quodammodo
1897 920 2023 951 facient.
2058 921 2207 952 Similiter
2237 921 2402 952 inferiores
2429 922 2533 962 angeli

1468 965 1728 1005 cooperabuntur
1745 966 1773 995 ei
1790 966 1872 995 circa
1888 967 2153 996 resurrectionem
2169 966 2379 1006 singulorum,
2393 976 2533 1006 quorum

1468 1009 1632 1040 custodiae
1648 1009 1790 1050 deputati
1810 1009 1948 1040 fuerunt.
1974 1010 2014 1040 Et
2030 1011 2073 1040 sic
2090 1020 2152 1040 vox
2169 1010 2221 1040 illa
2237 1016 2343 1050 potest
2358 1010 2420 1041 dici
2437 1012 2533 1043 unius

1468 1059 1499 1084 et
1517 1054 1664 1095 plurium
1687 1054 1882 1095 angelorum
1898 1056 1925 1084 ’ἢ

1561 1118 1813 1162 QUAESTIO
1839 1118 2444 1153 SEPTUAGESIMASEPTIMA

1633 1172 1677 1196 DE
1696 1171 1864 1196 TEMPORE
1884 1171 1929 1196 ET
1949 1172 2050 1197 mono
2072 1173 2368 1198 RESURRECTlOle

1530 1241 1623 1261 amun
1651 1230 1919 1262 considerandum
1948 1237 1994 1262 est
2017 1232 2056 1262 de
2081 1238 2226 1272 tempore
2251 1238 2282 1263 et
2305 1232 2405 1263 modo
2428 1242 2530 1263 resur-

1470 1243 1680 1306 Drectionis
1695 1277 1721 1306 *ἦ

1468 1319 1561 1350 Circa
1584 1320 1674 1360 quod
1698 1326 1895 1360 quaeruntur
1918 1327 2066 1361 quatuor.

1522 1365 1648 1394 Primo:
1673 1370 1783 1394 utrum
1806 1371 1934 1405 tempus
1966 1366 2205 1396 resurrectionis
2238 1365 2398 1396 differatur
2428 1375 2531 1406 usque

1555 1408 1595 1439 ad
1618 1408 1717 1439 finem
1740 1409 1863 1439 mundi.

1522 1453 1691 1483 Secundo:
1717 1459 1825 1483 utrum
1849 1459 1977 1494 tempus
2000 1453 2079 1485 illud
2103 1455 2142 1484 sit
2165 1454 2340 1484 occultum.

1522 1497 1652 1528 Tertio:
1677 1503 1785 1528 utrum
1809 1499 1997 1529 resurrectio
2021 1498 2076 1529 fiet
2099 1499 2131 1528 in
2155 1499 2258 1529 noctis
2285 1504 2440 1539 tempore.

1522 1542 1663 1580 Quarto:
1689 1548 1797 1573 utrum
1821 1542 1876 1572 fiet
1899 1543 2016 1573 subito.

1652 1617 1751 1647 ART.
1769 1617 1791 1647 Ι.
1816 1627 1921 1648 urium
1944 1627 2060 1648 ramus
2084 1628 2342 1649 RESURRECTIONIS

1616 1671 1779 1692 opon‘raar
1803 1671 1946 1692 ornanum
1969 1672 2069 1692 usam:
2093 1672 2134 1692 AD
2158 1672 2252 1692 mum
2275 1672 2383 1700 uuum,

1757 1716 1796 1736 ur
1821 1715 1921 1736 omms
1945 1716 2035 1736 snam.
2059 1716 2239 1737 rursunmmr

1835 1755 1861 1777 In
1875 1756 1922 1782 lob,
1938 1761 1989 1783 cap.
2005 1762 2052 1781 xix,
2069 1757 2120 1778 lect.
2137 1763 2161 1778 ιι.

1532 1817 1552 1836 n
1575 1817 1692 1837 rumim
1714 1817 1760 1837 stc
1781 1817 1986 1837 rnocnnrrtm.
2010 1806 2143 1838 Videtur
2164 1807 2254 1847 quod
2276 1813 2404 1848 tempus
2428 1819 2531 1840 resur—

1470 1822 1683 1882 Arectionis
1705 1861 1773 1882 non
1797 1856 1945 1892 oporteat
1968 1851 2085 1882 differri
2109 1861 2213 1892 usque
2235 1851 2276 1882 ad
2291 1851 2390 1883 finem
2406 1853 2529 1890 mundi,

1466 1902 1502 1927 ut
1525 1906 1639 1927 omnes
1662 1896 1759 1926 simul
1781 1901 1956 1936 resurgant.
1989 1896 2092 1927 Maior
2122 1902 2169 1927 est
2198 1897 2285 1927 enim
2308 1898 2532 1928 convenientia

1466 1942 1578 1981 capitis
1601 1940 1640 1971 ad
1663 1941 1807 1971 membra
1831 1949 1929 1980 quam
1952 1941 2173 1971 membrorum
2201 1941 2241 1971 ad
2270 1942 2424 1972 invicem:
2450 1943 2532 1973 sicut

1466 1995 1580 2016 causae
1604 1985 1643 2016 ad
1666 1984 1797 2015 effectus
1821 1994 1920 2025 quam
1943 1984 2116 2016 effectuum
2132 1985 2172 2016 ad
2187 1986 2335 2016 invicem.
2359 1986 2423 2017 Sed
2439 1986 2531 2017 Chri—

1464 2035 1542 2066 stus,
1559 2031 1615 2070 qui
1639 2035 1686 2060 est
1710 2035 1806 2070 caput
1829 2034 1976 2060 nostrum
1992 2030 2018 2065 θ,
2034 2039 2103 2060 non
2127 2029 2247 2060 distulit
2264 2031 2530 2062 resurrectionem

1464 2083 1556 2105 suam
1578 2083 1683 2114 usque
1706 2073 1747 2104 ad
1769 2073 1869 2104 finem
1891 2073 2005 2104 mundi
2028 2079 2064 2104 ut
2086 2074 2182 2104 simul
2206 2084 2281 2104 cum
2304 2076 2455 2106 omnibus
2482 2085 2530 2106 re-

1465 2124 1615 2159 surgeret.
1658 2118 1744 2158 Ergo
1778 2127 1846 2148 non
1881 2123 2010 2158 oportet
2044 2118 2134 2158 quod
2167 2119 2311 2158 priorum
2345 2125 2529 2150 sanctorum

1464 2163 1653 2194 resurrectio
1685 2172 1790 2202 usque
1820 2162 1859 2193 ad
1890 2162 1989 2193 finem
2018 2162 2131 2193 mundi
2164 2162 2340 2200 differatur,
2369 2169 2405 2194 ut
2434 2164 2530 2195 simul

1465 2217 1540 2238 cum
1564 2207 1631 2238 aliis
1654 2212 1827 2247 resurgant.

1521 2261 1550 2282 2.
1572 2252 1768 2286 Prummu,
1784 2252 1973 2282 resurrectio
1990 2252 2101 2291 capitis
2118 2257 2165 2282 est
2179 2261 2275 2282 causa
2290 2253 2529 2283 resurrectionis

1464 2297 1685 2327 membrorum
1695 2297 1721 2326 *.
1738 2295 1801 2326 Sed
1813 2296 2001 2326 resurrectio
2014 2295 2219 2336 quorundam
2234 2297 2454 2327 membrorum
2469 2306 2529 2327 no-

1465 2341 1588 2377 bilium,
1612 2346 1743 2381 propter
1765 2341 1961 2370 vicinitatem
1984 2340 2023 2371 ad
2047 2346 2153 2380 caput,
2169 2350 2237 2371 non
2253 2346 2300 2371 est
2316 2341 2410 2371 dilata
2425 2351 2529 2381 usque

1465 2385 1505 2416 ad
1528 2385 1627 2416 finem
1650 2384 1774 2421 mundi,
1798 2384 1855 2415 sed
1876 2385 1983 2415 statim
2005 2385 2270 2415 resurrectionem
2288 2385 2405 2415 Christi
2421 2391 2529 2416 secuta

1465 2435 1528 2461 est:
1553 2430 1636 2460 sicut
1658 2430 1712 2470 pie
1735 2428 1873 2459 creditur
1895 2428 1935 2459 de
1959 2429 2050 2459 beata
2073 2429 2203 2469 Virgine
2227 2435 2258 2460 et
2282 2429 2402 2460 Ioanne
2424 2430 2529 2460 Evan-

1465 2474 1575 2515 gelista
1586 2475 1613 2504 ’ἦ
1630 2474 1716 2514 Ergo
1733 2479 1765 2503 et
1780 2473 1916 2503 aliorum
1932 2474 2120 2504 resurrectio
2136 2479 2226 2504 tanto
2242 2475 2456 2514 propinquior
2472 2475 2530 2505 erit

1465 2518 1688 2549 resurrectioni
1712 2517 1840 2554 Christi,
1858 2523 1980 2558 quanto
1997 2527 2054 2558 per
2069 2519 2201 2558 gratiam
2218 2523 2249 2548 et
2264 2519 2413 2549 meritum
2430 2520 2530 2559 magis

1465 2565 1495 2594 ei
1518 2562 1648 2593 fuerunt
1672 2562 1866 2593 conformes.

1521 2607 1551 2638 3.
1567 2607 1764 2643 paramus,
1781 2612 1879 2637 status
1902 2607 1979 2637 novi
2003 2606 2200 2637 Testamenti
2225 2612 2272 2637 est
2294 2606 2474 2647 perfectior,
2500 2612 2531 2637 et

1465 2652 1644 2692 expressius
1667 2657 1772 2692 portat
1795 2651 1968 2691 imaginem
1999 2650 2135 2687 Christi,
2161 2661 2259 2691 quam
2289 2657 2387 2682 status
2417 2653 2530 2682 veteris

1465 2696 1674 2727 Testamenti.
1698 2695 1762 2727 Sed
1778 2694 1910 2735 quidam
1924 2695 2031 2726 Patres
2046 2696 2160 2726 veteris
2176 2695 2383 2732 Testamenti,
2401 2695 2529 2726 Christo

1465 2746 1659 2780 resurgente,
1675 2745 1923 2775 resurrexerunt,
1948 2740 2030 2770 sicut
2045 2740 2160 2770 dicitur
2176 2740 2288 2770 Matth.
2304 2750 2389 2770 xxvn
2403 2741 2436 2769 ἐ
2455 2741 2530 2780 quia

1465 2785 1567 2815 multa
1590 2794 1731 2825 corpora
1754 2789 1941 2814 sanctorum
1964 2784 2020 2824 qui
2041 2784 2251 2820 dormierant,
2269 2789 2528 2814 resurrexerunt.

1465 2829 1551 2869 Ergo
1574 2829 1699 2859 videtur
1723 2828 1812 2869 quod
1835 2837 1895 2858 nec
1918 2834 2102 2858 sanctorum
2121 2829 2197 2858 novi
2214 2828 2411 2858 Testamenti
2426 2837 2530 2858 resur-

1464 2874 1564 2904 rectio
1581 2872 1698 2904 differri
1713 2872 1827 2903 debeat
1845 2881 1948 2912 usque
1965 2872 2004 2902 ad
2020 2871 2119 2903 finem
2135 2872 2258 2908 mundi,
2275 2878 2311 2902 ut
2325 2873 2365 2902 sit
2381 2873 2529 2903 omnium

1465 2917 1570 2948 simul.

1520 2971 1552 3000 4.
1576 2961 1778 2996 Palmum,
1803 2966 1877 3000 post
1900 2959 1999 2990 finem
2022 2960 2136 2991 mundi
2158 2970 2226 2990 non
2250 2961 2308 2990 erit
2330 2961 2444 3001 aliquis
2473 2970 2529 2991 an—

1465 3015 1583 3036 norum
1606 3014 1760 3035 numerus
1776 3006 1802 3034 *.
1834 3004 1897 3035 Sed
1928 3010 2003 3044 post
2032 3005 2297 3035 resurrectionem
2324 3010 2528 3036 mortuorum

1466 3049 1571 3080 adhuc
1594 3054 1822 3089 computantur
1844 3049 1938 3079 multi
1961 3049 2036 3079 anni
2059 3058 2164 3089 usque
2194 3049 2233 3079 ad
2262 3050 2529 3080 resurrectionem

1465 3094 1612 3129 aliorum,
1628 3098 1666 3123 ut
1680 3098 1767 3134 patet
1782 3094 1881 3133 Apoc.
1898 3103 1951 3123 xx:
1968 3093 2083 3124 dicitur
2098 3093 2186 3124 enim
2201 3094 2245 3123 ibi
2261 3094 2295 3123 *z
2318 3093 2388 3124 Vidi
2403 3094 2529 3125 animas

1466 3138 1700 3169 decollatorum
1718 3142 1856 3178 propter
1871 3137 2086 3168 testimonium
2101 3138 2176 3168 Iesu
2199 3142 2231 3168 et
2247 3143 2385 3178 propter
2399 3139 2528 3169 verbum

1465 3183 1547 3219 Dei‚·
1577 3187 1608 3212 et
1630 3181 1728 3218 infra,
1751 3181 1796 3212 Et
1818 3182 1971 3213 vixerunt
1993 3187 2024 3212 et
2047 3187 2269 3223 regnaverunt
2298 3190 2370 3212 cum
2400 3182 2528 3213 Christo

1465 3227 1553 3257 mille
1568 3226 1664 3257 annis
1671 3233 1688 3263 ,·‚
1705 3231 1737 3257 et
1751 3226 1849 3256 ceteri
1864 3231 2068 3256 mortuorum
2084 3236 2149 3256 non
2167 3227 2320 3257 vixerunt
2333 3226 2437 3257 donec
2452 3236 2528 3258 con—

1465 3276 1665 3302 summentur
1680 3271 1768 3301 mille
1783 3270 1871 3301 anni.
1896 3270 1981 3310 Ergo
1997 3271 2185 3301 resurrectio
2208 3271 2356 3301 omnium
2379 3280 2447 3301 non
2469 3270 2529 3302 dif—

1466 3315 1565 3346 fertur
1587 3324 1690 3355 usque
1714 3314 1755 3345 ad
1777 3314 1876 3345 finem
1898 3314 2022 3351 mundi,
2045 3320 2081 3345 ut
2102 3315 2143 3345 sit
2166 3315 2314 3345 omnium
2337 3315 2443 3346 simul.

1521 3359 1584 3390 Sin>
1607 3369 1731 3390 coum
1755 3368 1809 3389 ssa·
1833 3358 1923 3399 quod
1947 3358 2061 3390 dicitur
2091 3358 2159 3390 Iob.
2177 3368 2229 3390 xrv
2243 3360 2278 3390 ἰ
2302 3359 2432 3395 Homo,
2457 3369 2529 3391 cum

1466 3404 1644 3439 dormierit,
1669 3413 1733 3434 non
1759 3408 1908 3445 resurget
1930 3403 2032 3434 donec
2055 3408 2216 3434 atteratur
2239 3404 2372 3439 caelum,
2391 3413 2450 3435 nec
2465 3405 2529 3435 evi-

1465 3448 1583 3489 gilabit
1605 3453 1641 3478 ut
1662 3453 1842 3489 consurgat
1863 3458 1884 3478 a
1907 3457 2021 3478 somno
2039 3456 2118 3479 suo:
2141 3454 2172 3478 et
2190 3448 2334 3489 loquitur
2354 3448 2393 3479 de
2412 3457 2529 3479 somno

1466 3493 1588 3523 mortis.
1621 3492 1707 3532 Ergo
1737 3501 1842 3532 usque
1876 3491 1916 3523 ad
1945 3491 2045 3523 finem
2077 3492 2207 3529 mundi,
2241 3492 2372 3533 quando
2405 3493 2530 3524 caelum

347 3533 388 3564 ad
410 3535 709 3565 transmutationem
733 3545 908 3576 corporum
923 3537 1101 3577 pertinens:
1126 3537 1247 3567 scilicet
1263 3537 1411 3568 collectio
1426 3548 1450 3567 75
1467 3542 1626 3573 atteretur,
1651 3537 1838 3567 resurrectio
1862 3537 2033 3567 hominum
2057 3537 2227 3567 differetur.

2561 613 2570 622 ·
2586 611 2641 633 Loc.
2656 612 2694 633 cit.

2561 666 2569 675 ·
2584 664 2609 685 In
2624 671 2729 693 corpore.

2562 789 2569 797 ·
2585 788 2649 809 νει-ι.
2665 794 2703 811 21:
2719 794 2770 815 cap.

2562 820 2601 840 xu,
2618 820 2676 836 vers.
2693 822 2710 836 ι.

2562 883 2569 890 ·
2586 880 2620 902 Cf.
2632 880 2690 901 Part.
2702 880 2719 907 1,
2731 887 2770 908 qu.

2561 912 2616 932 exn,
2626 911 2667 928 art.
2679 913 2698 933 2,
2708 907 2735 928 ad
2746 914 2770 931 2:

2561 939 2677 987 qg.3cxtti,
2693 938 2735 956 art.
2751 940 2771 962 3,

2561 1058 2570 1066 '
2581 1055 2616 1077 Cf.
2625 1056 2668 1078 litt.
2678 1056 2722 1078 loc.
2731 1056 2770 1077 cit.

2559 1278 2569 1287 ·
2584 1275 2619 1297 Cf.
2636 1281 2676 1303 qu.
2695 1282 2754 1297 Lxxv
2764 1293 2770 1302 ,

2559 1302 2647 1324 Introd.

2560 2031 2710 2059 'AdEphe-r.,
2717 2038 2744 2053 ca
2762 2047 2769 2053 .

2558 2064 2574 2083 ι,
2590 2064 2648 2079 vers.
2664 2063 2698 2080 22.
2707 2069 2718 2074 -
2752 2059 2767 2081 f.

2559 2085 2617 2107 Part.
2627 2084 2665 2111 ῙΠ,
2673 2091 2711 2112 qu.
2718 2091 2768 2107 vm.

2556 2300 2565 2309 ·
2577 2297 2624 2325 Qu.
2636 2304 2714 2324 cxxvi,
2724 2302 2766 2319 art.

2558 2331 2576 2346 ι.

2557 2478 2567 2487 ·
2584 2476 2621 2498 Cf.
2642 2476 2717 2523 Etpist.
2740 2476 2769 2497 de

2556 2503 2656 2530 Assump
2668 2519 2673 2524 .
2690 2503 2719 2525 B.
2733 2502 2767 2524 Μ.

2560 2529 2592 2556 V„
2608 2535 2658 2557 cap.
2674 2535 2697 2551 11.
2709 2529 2766 2551 -ln-

2558 2560 2592 2578 ter
2600 2556 2662 2584 Opp.
2672 2556 2767 2578 Hieron.

2557 2740 2567 2750 ·
2583 2739 2649 2760 Vers.
2664 2744 2696 2767 52.

2556 3007 2683 3034 ·Cf.Apoc.
2690 3013 2766 3035 capa,

2556 3039 2615 3055 vers.
2631 3034 2653 3055 6.

2558 3097 2567 3106 ¹
2582 3095 2648 3117 Vers.
2663 3102 2685 3122 4,
2701 3101 2719 3123 5.

2558 3362 2566 3371 ·
2583 3359 2648 3382 ven.
2666 3365 2697 3381 η.
