2918 4088
474 144 548 179 250

469 223 547 252 ritur
570 232 610 252 an
633 228 753 262 postea,
774 222 931 252 sumendo
947 223 1007 252 sub
1025 223 1130 262 specie
1146 223 1221 259 vini,
1246 223 1366 263 aliquid
1389 223 1530 253 utilitatis

470 267 638 306 spiritualis
661 267 811 306 acquirat,
829 271 883 296 aut
906 264 1004 296 nihil?
1027 266 1059 297 Si
1076 266 1197 297 dicatur
1217 267 1306 307 quod
1326 267 1460 307 acquirit
1476 267 1530 297 ali-

470 310 547 350 quid
571 310 738 350 spiritualis
763 310 903 340 utilitatis
923 311 1007 340 intus
1023 311 1056 340 in
1073 311 1187 347 anima,
1212 311 1346 341 habetur
1360 311 1529 346 intentum,

469 354 588 383 scilicet
612 353 700 393 quod
724 354 832 384 utilius
856 358 902 384 est
925 363 1050 384 sumere
1074 355 1132 384 sub
1151 359 1286 395 utraque
1302 355 1408 395 specie
1433 364 1530 394 quam

468 398 526 427 sub
552 397 646 427 altera
668 403 802 428 tantum.
834 398 874 428 Et
896 408 1016 434 rursus,
1042 407 1117 428 cum
1140 408 1196 438 par
1219 399 1258 428 sit
1280 399 1370 435 ratio,
1394 408 1530 438 propor-

468 441 626 471 tionaliter
649 447 766 477 tamen,
792 441 830 471 de
854 441 1017 472 sacerdote
1040 448 1070 472 et
1086 442 1168 472 laico
1185 441 1279 482 digne
1296 448 1452 478 sumente,
1469 443 1530 472 uti-

468 485 528 515 lius
553 486 610 515 erit
633 485 713 515 laico
742 485 836 525 digne
861 486 1000 516 sumenti
1027 495 1152 516 sumere
1182 487 1241 516 sub
1266 491 1400 526 utraque
1423 487 1530 526 specie

470 538 567 568 quam
590 530 648 559 sub
673 529 768 559 altera
791 535 925 560 tanturn.

523 573 557 603 Si
587 572 708 603 dicatur
739 573 828 613 quod
861 574 939 604 nihil
970 574 1138 614 spiritualis
1172 573 1293 604 fructus
1327 574 1461 614 acquirit
1492 584 1530 604 ex

471 617 578 652 calice,
595 618 738 657 sequitur
762 617 851 657 quod
873 623 970 657 potus
992 618 1046 648 ille
1069 618 1303 649 sacramentalis
1322 627 1390 648 non
1407 618 1530 648 confert

469 660 623 691 sacerdoti
647 661 736 701 quod
759 661 924 702 significat.
955 662 996 692 Et
1020 672 1095 692 curn
1117 662 1354 692 infructuositas
1381 662 1439 692 ista
1461 671 1529 692 non

468 705 634 744 proveniat
652 715 690 735 ex
705 711 793 745 parte
809 707 1005 742 sacramenti,
1023 707 1178 746 quoniam
1202 706 1280 736 calix
1303 705 1356 736 ille
1381 711 1427 736 est
1449 706 1529 736 calix

469 749 550 778 vitae
573 759 640 779 non
660 750 765 781 solum
789 751 991 780 contentivus
1007 750 1063 781 sed
1079 750 1263 786 collativus;
1287 759 1347 780 nec
1362 750 1529 790 proveniat

411 824 414 827 ,
469 802 507 822 ex
534 799 621 832 parte
649 793 839 829 sacerdotis,
872 795 1027 834 quoniam
1057 795 1270 845 supponimus
1300 794 1407 834 ipsum
1434 793 1529 834 digne

228 1412 238 1421 ·
253 1410 323 1432 Num.
338 1415 377 1431 vn.

227 1455 238 1465 ·
252 1453 321 1476 Num.
336 1460 367 1476 xi.

227 1982 339 2004 ‘Ariston
347 1981 397 2009 Phy
398 1982 439 2004 sic.

227 2008 315 2060 2:¹12
325 2014 439 2056 tamti

287 2061 392 2089 etaphys.
399 2061 438 2083 lib.

284 2093 335 2115 cap.
345 2093 371 2114 11,
386 2094 408 2110 n.
433 2104 439 2115 ,

433 2130 439 2142 ‚
466 2111 698 2152 significatione
721 2114 909 2144 sacramenti
932 2118 979 2143 est
1001 2122 1118 2150 sermo,
1144 2113 1226 2144 clare
1245 2113 1347 2153 liquet
1369 2113 1459 2154 quod
1481 2123 1530 2144 sa-

227 2068 270 2114 IV,

227 2121 247 2136 ι.
264 2103 312 2135 Th.
341 2104 381 2136 lib.

227 2141 279 2162 lect.
295 2146 320 2162 n.

235 3259 245 3270 ·
259 3258 330 3280 Num.
346 3263 395 3285 neq.

235 3303 246 3314 ·
259 3301 330 3324 Num.
345 3307 375 3323 xi.

235 3347 246 3357 ·
261 3345 295 3368 cf.
311 3351 375 3368 num.
391 3352 433 3368 xn.

236 3391 246 3402 ·
254 3389 289 3412 Cf.
300 3396 364 3412 num.
372 3396 446 3418 praec.

469 836 644 867 celebrare:
669 847 870 878 consequens
889 844 936 868 est
954 838 1043 878 quod
1058 848 1126 869 non
1148 839 1209 868 nisi
1232 843 1351 868 temere
1368 843 1399 868 et
1413 838 1529 868 volun-

468 881 545 910 tarie
568 887 701 921 negatur
723 881 844 912 fructus
867 883 1059 922 sumptionis
1083 883 1141 912 sub
1160 882 1300 912 secunda
1323 883 1438 921 specie.

522 924 561 954 V.
587 925 622 955 In
645 926 832 965 oppositum
857 931 903 956 est
925 927 1048 956 Auctor
1069 927 1103 956 in
1117 926 1219 956 littera
1234 926 1329 956 huius
1345 915 1529 956 duodecimi

468 968 600 1004 articuli,
624 970 657 998 in
682 970 784 1005 calce,
809 969 932 999 dicens:
964 970 1073 1000 Potest
1094 974 1201 1000 autem
1225 979 1245 999 a
1262 970 1387 1009 populo
1412 979 1529 1009 corpus

466 1012 536 1042 sine
557 1013 719 1053 sanguine
740 1013 844 1043 sumi:
874 1023 932 1043 nec
954 1013 1071 1043 exinde
1099 1013 1245 1053 sequitur
1274 1012 1407 1052 aliquod
1432 1013 1530 1042 detri-

468 1060 624 1091 mentum,
655 1056 732 1096 quia
754 1056 906 1086 sacerdos
937 1056 969 1086 in
991 1065 1137 1096 persona
1163 1056 1307 1086 omnium
1337 1057 1530 1096 sanguinem

468 1099 565 1139 offert
586 1104 618 1129 et
638 1100 744 1135 sumit,
769 1105 799 1130 et
821 1100 878 1131 sub
902 1105 1039 1140 utraque
1060 1100 1164 1140 specie
1187 1104 1273 1130 totus
1290 1099 1438 1129 Christus
1453 1109 1528 1129 con-

466 1142 596 1173 tinetur.
617 1143 680 1174 Ubi
695 1143 776 1173 clare
792 1143 880 1174 vides
896 1143 1028 1179 dictum,
1042 1153 1100 1174 nec
1114 1143 1231 1174 exinde
1242 1143 1387 1183 sequitur
1398 1137 1540 1183 aliquod

466 1186 700 1217 detrimentum.
732 1187 831 1225 Quod
861 1187 977 1218 falsum
1008 1193 1089 1218 esset
1119 1188 1145 1217 si
1176 1187 1331 1217 damnum
1360 1187 1529 1226 spiritualis

466 1229 586 1260 fructus
598 1231 740 1271 populus
755 1232 929 1262 incurreret
945 1231 1102 1262 sumendo
1115 1240 1232 1271 corpus
1249 1236 1280 1261 et
1291 1240 1358 1261 non
1371 1230 1529 1261 sumendo

467 1275 608 1305 calicem.

520 1319 574 1349 VI.
591 1319 642 1349 Ad
655 1319 845 1350 evidentiam
857 1320 994 1350 veritatis
1007 1320 1202 1359 quaestionis
1217 1319 1322 1355 huius,
1335 1319 1394 1349 tria
1409 1318 1531 1358 agenda

466 1368 555 1393 sunt:
587 1364 711 1403 primo,
737 1363 942 1394 declarandae
971 1369 1045 1394 sunt
1072 1363 1154 1394 duae
1177 1363 1297 1394 radices
1321 1362 1528 1399 difficultatis;

466 1407 620 1443 secundo,
644 1417 878 1447 prosequemur
901 1409 1037 1448 primam
1060 1407 1199 1438 radicem
1215 1409 1248 1444 *;
1273 1412 1304 1438 et
1326 1407 1431 1443 tertio,
1455 1417 1530 1447 pro-

466 1460 639 1491 sequemur
662 1452 836 1482 secundam
852 1453 878 1482 Ρ.

521 1495 640 1533 Quoad
662 1496 819 1535 primum,
844 1495 1011 1526 sciendum
1035 1501 1081 1526 est
1105 1495 1211 1535 quod,
1236 1495 1312 1536 quia
1335 1500 1531 1525 sacramenta

465 1549 569 1569 novae
596 1540 674 1579 legis
702 1539 872 1570 conferunt
902 1540 992 1580 quod
1022 1539 1216 1580 significant,
1248 1539 1322 1570 ideo
1349 1540 1383 1569 in
1409 1539 1530 1579 duplici

466 1589 703 1614 consueverunt
725 1584 823 1614 locari
841 1594 974 1624 genere:
1000 1584 1158 1624 quatenus
1174 1584 1260 1614 enim
1277 1583 1457 1619 conferunt,
1481 1583 1530 1613 lo-

467 1633 578 1658 cantur
600 1629 634 1658 in
656 1637 772 1668 genere
796 1638 910 1658 causae
933 1628 1198 1664 instrumentalis,
1223 1633 1278 1658 aut
1301 1629 1392 1668 quasi
1414 1628 1530 1658 instru-

465 1672 630 1708 mentalis;
664 1677 822 1712 quatenus
848 1682 925 1703 vero
953 1672 1150 1713 significant,
1173 1672 1320 1702 locantur
1350 1673 1383 1702 in
1413 1681 1529 1712 genere

465 1716 547 1755 signi
580 1716 745 1746 sensibilis.
781 1717 822 1746 Et
854 1722 1024 1757 propterea
1057 1716 1097 1747 de
1129 1716 1331 1747 sacramentis
1361 1715 1530 1756 dupliciter

466 1759 557 1799 loqui
586 1760 757 1800 contingit:
786 1761 836 1791 vel
865 1766 901 1791 ut
931 1761 1050 1791 habent
1076 1761 1232 1791 rationem
1256 1770 1386 1796 causae;
1419 1761 1470 1791 vel
1493 1765 1530 1790 ut

465 1804 583 1834 habent
605 1805 763 1834 rationem
786 1805 877 1844 signi.
903 1804 989 1835 Cum
1013 1805 1100 1835 enim
1123 1804 1162 1835 de
1185 1805 1300 1835 virtute
1316 1810 1530 1835 sacramento—

465 1857 537 1878 rum
561 1853 608 1878 est
631 1858 746 1884 sermo,
771 1848 810 1879 ad
833 1849 1048 1880 causalitatem
1065 1849 1252 1879 sacramenti
1267 1854 1444 1889 spectatur:
1467 1849 1530 1879 vir-

465 1897 517 1922 tus
541 1892 627 1922 enim
650 1893 866 1923 causalitatem
889 1898 991 1923 sonat.
1026 1893 1068 1923 Et
1090 1893 1242 1929 similiter,
1268 1902 1342 1923 cum
1366 1892 1406 1923 de
1428 1902 1530 1923 sacra-

465 1936 595 1966 mentali
619 1936 778 1967 medicina
801 1942 848 1967 est
871 1946 987 1973 sermo,
1012 1936 1051 1967 ad
1075 1937 1290 1967 causalitatem
1309 1946 1443 1977 quoque
1458 1946 1529 1977 spe-

467 1985 584 2010 ctatur:
609 1981 691 2011 inter
715 1990 824 2011 causas
841 1981 927 2011 enim
949 1980 1109 2011 medicina
1125 1981 1249 2011 locatur
1263 1982 1290 2011 *.
1315 1981 1365 2017 Et,
1383 1981 1529 2017 breviter,

467 2034 542 2054 cum
572 2023 612 2054 de
643 2024 782 2055 efficacia
812 2031 867 2055 aut
897 2024 1013 2055 effectu
1043 2025 1176 2056 alicuius
1200 2026 1387 2056 sacramenti
1417 2026 1529 2065 agitur,

466 2068 506 2098 ad
522 2068 738 2099 causalitatem
753 2074 922 2109 spectatur.
942 2069 1083 2107 Quando
1103 2074 1210 2099 autem
1227 2068 1266 2099 de
1281 2068 1459 2109 significato
1475 2075 1531 2100 aut

467 2162 665 2189 eramentum
688 2157 881 2197 inquantum
905 2157 1032 2197 signum
1055 2162 1214 2188 tractatur.

522 2200 654 2231 Duabus
684 2202 778 2241 igitur
808 2202 842 2231 in
873 2207 1070 2232 sacramento
1106 2202 1242 2232 inventis
1274 2201 1530 2238 conditionibus,

467 2245 586 2275 scilicet
610 2245 699 2285 quod
722 2251 768 2276 est
792 2255 886 2276 causa
909 2251 941 2276 et
964 2245 1054 2285 quod
1077 2251 1123 2276 est
1138 2246 1276 2286 signum,
1301 2245 1390 2286 quod
1406 2245 1531 2277 confert

467 2294 499 2319 et
521 2288 611 2328 quod
634 2288 805 2329 significat,
835 2289 1002 2320 difficultas
1028 2291 1062 2320 in
1085 2291 1251 2330 proposita
1274 2290 1461 2330 quaestione
1492 2300 1531 2320 ex

466 2338 602 2373 utraque
624 2334 735 2364 oritur.
770 2334 853 2364 Nam
880 2343 919 2364 ex
946 2332 999 2364 eo'
1018 2333 1108 2374 quod
1135 2334 1326 2365 Dominicus
1353 2334 1433 2365 calix
1462 2344 1530 2365 non

466 2377 626 2407 minorem
649 2378 744 2408 habet
766 2379 916 2408 virtutem
946 2387 1045 2418 quam
1073 2387 1160 2408 sacra
1188 2379 1309 2415 hostia,
1340 2388 1401 2409 nec
1423 2379 1531 2409 minus

466 2426 560 2452 natus
585 2426 631 2451 est
654 2421 798 2452 conferre
822 2431 920 2462 quam
936 2432 1023 2453 sacra
1038 2422 1142 2453 hostia
1158 2421 1298 2459 confert;
1322 2423 1438 2453 rationi
1453 2432 1530 2453 con-

467 2471 656 2495 sentaneum
671 2471 718 2496 est
740 2471 786 2502 ut,
812 2466 1087 2506 quemadmodum
1111 2476 1216 2497 sacrae
1231 2467 1353 2497 hostiae
1369 2476 1441 2497 esus
1456 2476 1531 2506 pro-

467 2509 574 2549 prium
596 2509 691 2539 habet
713 2509 854 2541 fructum
877 2511 1004 2550 spiritus
1031 2511 1064 2540 in
1088 2511 1194 2540 anima
1217 2510 1355 2546 edentis,
1386 2511 1429 2541 ita
1452 2511 1531 2541 sacri

469 2553 574 2583 calicis
597 2559 695 2593 potus
725 2555 894 2594 proprium
916 2554 1030 2584 habeat
1052 2554 1193 2585 fructum
1215 2555 1343 2594 spiritus
1369 2555 1404 2585 in
1426 2555 1532 2585 anima

467 2597 613 2628 bibentis.
644 2597 692 2627 Ac
715 2607 773 2637 per
795 2599 876 2634 hoc,
909 2598 1027 2638 duplex
1049 2597 1170 2629 fructus
1194 2598 1355 2629 utiliorem
1376 2604 1532 2629 monstrat

468 2642 688 2681 sumptionem
711 2643 899 2673 sacramenti
921 2643 980 2673 sub
1003 2647 1139 2682 utraque
1163 2643 1269 2683 specie
1292 2652 1390 2682 quam
1413 2643 1472 2673 sub
1489 2643 1532 2673 al-

469 2691 542 2716 tera‘
557 2690 692 2715 tanturn.

524 2729 683 2765 Similiter,
708 2730 784 2770 quia
805 2740 873 2761 non
899 2731 1006 2761 minus
1033 2731 1224 2761 Dominicus
1251 2731 1341 2766 calix,
1365 2740 1440 2761 cum
1465 2732 1532 2762 eius

468 2778 550 2814 potu
573 2774 800 2810 sacramentali,
825 2774 980 2814 significat
1009 2775 1193 2805 interiorem
1224 2774 1364 2805 fructum
1394 2775 1532 2815 spiritus,

469 2827 567 2858 quam
599 2827 685 2848 sacra
714 2818 835 2855 hostia,
859 2828 935 2849 cum
966 2819 1034 2850 eius
1065 2829 1139 2855 esu,
1163 2818 1319 2859 significat
1349 2819 1534 2850 interiorem

469 2862 597 2902 spiritus
619 2861 778 2899 fructum3
802 2872 1005 2903 consequens
1024 2869 1071 2894 est
1092 2869 1138 2900 ut,
1154 2863 1236 2894 sicut
1259 2863 1383 2894 donum
1406 2864 1534 2904 spiritus

469 2905 684 2946 significatum
707 2916 764 2937 esu
787 2916 892 2938 sacrae
920 2908 1043 2938 hostiae
1069 2908 1189 2948 absque
1216 2907 1315 2938 dubio
1342 2908 1533 2948 acquiritur,

469 2951 512 2981 ita
535 2950 659 2980 donum
681 2951 809 2991 spiritus
832 2951 1045 2991 significatum
1072 2957 1155 2992 potu
1177 2952 1257 2982 sacri
1284 2951 1390 2982 calicis
1414 2952 1534 2992 absque

470 2994 569 3025 dubio
597 2995 750 3025 habeatur
771 3004 790 3025 a
813 2994 907 3035 digne
937 2996 1075 3026 bibente.
1110 2996 1151 3026 Et
1181 2996 1226 3026 sic
1256 3005 1294 3026 ex
1321 2996 1534 3036 multiplicato

470 3038 558 3068 dono
581 3039 668 3069 iuxta
691 3038 903 3070 diversitatem
926 3040 1017 3080 signi,
1033 3040 1142 3070 utilius
1161 3039 1364 3071 concluditur
1387 3049 1534 3071 commu-

470 3083 576 3113 nicare
599 3083 658 3113 sub
681 3088 817 3123 utraque
839 3085 945 3124 specie
969 3093 1067 3124 quam
1091 3084 1149 3115 sub
1173 3084 1270 3114 altera
1292 3089 1426 3115 tantum.

527 3126 635 3157 Oritur
659 3137 734 3167 ergo
758 3132 826 3158 tota
848 3128 943 3158 huius
967 3129 1163 3168 quaestionis
1188 3127 1354 3159 difficultas
1378 3138 1416 3159 ex
1433 3128 1534 3160 diver-

472 3170 562 3200 sitate
592 3171 825 3202 sacramentalis
855 3181 987 3208 causae,
1014 3172 1064 3203 vel
1092 3172 1325 3203 sacramentalis
1353 3173 1452 3212 signi,
1480 3178 1535 3203 aut

471 3214 648 3254 utriusque.
680 3215 721 3244 Et
742 3220 911 3254 propterea
934 3215 1100 3256 diligenter
1123 3216 1311 3246 excutienda
1333 3221 1394 3252 est,
1418 3217 1533 3256 primo,

472 3258 571 3288 virtus
595 3263 690 3298 atque
714 3259 877 3289 causalitas
894 3260 989 3290 huius
1005 3260 1193 3290 sacramenti
1208 3261 1240 3296 “;
1263 3265 1295 3290 et
1309 3259 1427 3290 deinde,
1439 3261 1534 3300 signi-

473 3300 580 3332 ficatio
599 3303 626 3332 ³.
660 3302 720 3332 His
747 3303 833 3332 enim
859 3303 1022 3343 patefactis
1031 3311 1047 3339 ,·
1066 3302 1157 3334 facile
1181 3303 1238 3334 erit
1264 3303 1388 3334 nodum
1411 3304 1534 3334 solvere

474 3346 669 3385 quaestionis
685 3347 711 3376 Ρ.
735 3364 758 3368 -
780 3346 869 3376 Haec
893 3346 932 3376 de
955 3347 1071 3386 primo.

528 3389 595 3419 VII.
620 3389 738 3427 Quoad
762 3389 940 3420 secundum
961 3391 987 3427 *‚
1018 3396 1053 3420 ut
1076 3391 1158 3421 clare
1182 3396 1331 3430 appareat
1354 3391 1477 3426 veritas,
1504 3396 1535 3421 et

475 3439 687 3474 cognoscatur
710 3433 787 3474 quid
810 3435 842 3464 in
866 3434 1082 3464 Eucharistiae
1099 3439 1296 3464 sacramento
1321 3440 1367 3465 est
1383 3444 1486 3470 causa,
1504 3439 1535 3465 et

475 3477 642 3518 quomodo
655 3483 771 3514 causat,
784 3477 970 3508 declaranda
985 3487 1042 3518 per
1057 3478 1203 3509 ordinem
1219 3483 1292 3508 sunt
1307 3479 1374 3509 tria.
1391 3478 1534 3508 Primum

1122 143 1386 190 QUAESTIO
1415 144 1577 191 LXXX,
1607 143 1899 180 ARTICULUS
1927 144 1993 180 X11

1584 228 1630 252 est
1662 222 1751 262 quod
1781 231 1912 252 causans
1944 231 2012 252 non
2042 228 2089 253 est
2118 223 2216 253 virtus
2246 223 2352 263 aliqua
2378 225 2412 254 in
2434 228 2642 259 sacramento,

1584 272 1638 296 aut
1661 266 1767 296 divina
1789 266 1978 296 assistentia:
2004 266 2060 296 sed
2083 272 2129 296 est
2152 276 2201 296 res
2221 272 2372 298 contenta
2386 268 2420 298 in
2435 268 2641 298 Eucharistia.

1584 309 1769 341 Secundum
1792 310 1809 326 ³*
1841 315 1887 340 est
1918 309 2007 350 quod
2039 309 2224 340 huiusmodi
2251 320 2300 341 res
2330 317 2479 342 contenta
2510 320 2642 342 causans

1583 364 1650 384 non
1667 359 1713 384 est
1735 354 1842 383 minus
1865 363 1914 384 res
1930 354 2183 384 concomitanter
2199 350 2358 391 contenta,
2375 364 2473 394 quam
2492 364 2541 385 res
2564 364 2642 385 con-

1583 404 1669 428 tenta
1690 408 1727 428 ex
1750 398 1781 427 vi
1800 398 2028 428 conversionis.
2052 397 2199 428 Tertium
2214 399 2231 414 θ’
2250 403 2297 428 est
2315 398 2405 439 quod
2419 409 2469 429 res
2492 404 2643 429 contenta

1582 443 1616 472 in
1639 443 1702 472 hoc
1730 447 1927 472 sacramento
1952 447 2059 472 causat
2082 442 2202 481 absque
2226 442 2334 482 aliquo
2365 442 2505 472 sensibili
2526 443 2641 472 instru-

1582 492 1704 516 mento.

1637 530 1780 560 Primum
1803 531 1930 565 horum,
1950 529 2070 559 scilicet
2086 528 2175 569 quod
2190 539 2239 559 res
2255 539 2388 560 causans
2403 539 2460 560 seu
2475 529 2643 560 conferens

1583 574 1778 614 spiritualem
1801 573 1941 604 fructum
1959 574 1992 603 in
2008 573 2193 613 sumptione
2208 573 2423 604 Eucharistiae
2438 579 2486 604 est
2499 582 2549 604 res
2564 582 2642 604 con—

1583 623 1669 648 tenta
1691 619 1725 648 in
1748 618 1954 653 Eucharistia,
1978 617 2017 647 ab
2037 617 2187 647 omnibus
2211 622 2258 647 est
2280 616 2464 647 confessum
2486 617 2543 657 qui
2565 625 2643 648 con-

1582 661 1712 692 fitentur
1737 661 1901 692 Christum
1926 661 2050 691 realiter
2073 661 2229 691 contineri
2259 661 2318 691 sub
2341 661 2405 691 hoc
2427 666 2642 691 sacramento:

1582 707 1650 745 ipse
1679 706 1765 736 enirn
1789 705 1943 741 Christus,
1962 706 2129 747 perfectus
2150 705 2241 735 Deus
2268 710 2299 735 et
2314 705 2482 746 perfectus
2503 705 2599 734 homo
2615 705 2643 740 *,

1583 755 1630 780 est
1648 749 1777 789 largitor
1799 750 1904 780 omnis
1927 749 2048 780 fructus
2071 750 2198 789 gratiae,
2222 748 2254 779 et
2277 754 2324 779 est
2345 758 2395 779 res
2411 754 2562 779 contenta
2583 748 2643 778 sub

1582 794 1646 823 hoc
1661 799 1869 824 sacramento.
1893 794 1934 823 Et
1948 794 2023 824 hinc
2039 794 2159 834 absque
2176 793 2391 823 controversia
2405 793 2540 825 habetur
2555 790 2645 832 quod

1581 846 1650 868 non
1674 843 1802 877 oportet
1823 847 1983 868 recurrere
2002 838 2036 868 in
2051 847 2112 868 usu
2128 838 2223 868 huius
2238 837 2425 867 sacramenti
2440 836 2480 867 ad
2494 837 2644 866 virtutem

1583 881 1723 921 aliquam
1752 882 1785 911 in
1811 886 2009 912 sacramento
2036 882 2174 921 positam
2204 890 2262 921 per
2283 880 2419 911 modum
2441 880 2643 916 intentionis,

1582 931 1637 955 aut
1660 925 1700 955 ad
1723 924 1863 955 divinam
1886 926 2110 962 assistentiam,
2141 926 2224 956 sicut
2245 926 2279 955 in
2302 925 2440 955 aliorum
2466 933 2643 955 sacramen-

1582 974 1691 999 torum
1706 978 1768 999 usu
1791 974 1823 999 et
1845 970 1879 999 in
1894 969 1989 999 huius
2005 970 2193 1000 sacramenti
2209 969 2449 999 consecratione
2463 969 2643 999 recurritur.

1583 1012 1747 1052 Singulare
1771 1018 1818 1042 est
1841 1013 1927 1043 enim
1950 1013 1984 1043 in
2006 1014 2070 1043 hoc
2093 1018 2301 1049 sacramento,
2325 1014 2358 1043 in
2381 1022 2448 1053 quo
2472 1013 2543 1043 solo
2566 1021 2644 1043 usus

1583 1066 1601 1085 a
1630 1057 1872 1086 consecratione
1903 1062 2081 1096 separatur,
2113 1057 2203 1096 quod
2231 1058 2338 1097 ipsum
2373 1056 2497 1087 fontem
2526 1057 2644 1096 gratiae

1582 1099 1830 1138 praesentialiter
1845 1100 1959 1129 habeat
1981 1105 2017 1130 ut
2039 1109 2107 1130 rem
2122 1101 2156 1130 in
2171 1106 2368 1131 sacramento
2385 1106 2579 1131 contentam.
2603 1100 2644 1130 Et

1583 1152 1622 1172 ex
1644 1142 1703 1172 hac
1727 1142 1878 1182 singulari
1901 1143 2086 1173 excellentia
2107 1145 2254 1183 provenit
2273 1149 2318 1180 ut,
2335 1145 2416 1174 sicut
2430 1153 2488 1184 per
2503 1145 2644 1184 seipsum

1582 1186 1616 1216 in
1639 1186 1745 1225 seipso
1769 1185 1842 1215 fons
1865 1186 1982 1225 gratiae
2004 1187 2063 1216 sub
2087 1193 2284 1218 sacramento
2308 1188 2499 1224 continetur,
2522 1189 2566 1218 ita
2587 1197 2644 1228 per

1583 1230 1724 1270 seipsum
1748 1229 1891 1259 conferat
1914 1231 2102 1260 sacramenti
2124 1230 2274 1261 fructum.

1638 1273 1719 1303 V111.
1745 1273 1962 1304 Secundum*
1985 1279 2107 1310 autem,
2132 1274 2252 1305 scilicet
2274 1274 2364 1315 quod
2385 1284 2454 1305 non
2475 1275 2583 1306 minus
2605 1274 2646 1306 ad

2669 314 2679 325 ¹
2700 313 2737 336 ef.
2752 319 2816 335 num.
2831 319 2881 337 vm.
2916 308 2918 315 ¹

2668 403 2680 414 ·
2694 401 2728 424 Cf.
2744 407 2808 424 num.
2823 407 2853 424 ix.

2670 1277 2726 1301 'Cfi
2733 1283 2798 1300 num.
2806 1283 2883 1306 praec.

1584 1316 1817 1347 conferendum
1839 1316 1980 1348 fructum
2002 1318 2098 1348 huius
2117 1319 2304 1349 sacramenti
2327 1319 2488 1349 concurrit
2502 1328 2551 1349 res
2567 1328 2645 1350 con—
2674 1331 2678 1335 ·

1582 1366 1670 1391 tenta
1693 1361 1947 1392 concomitanter
1976 1371 2075 1402 quam
2101 1372 2151 1392 res
2174 1368 2325 1393 contenta
2347 1372 2386 1393 ex
2404 1363 2437 1393 vi
2459 1363 2647 1393 sacramenti

1583 1415 1641 1436 seu
1664 1406 1893 1441 conversionis,
1918 1405 2094 1436 declaratur
2111 1406 2285 1437 recolendo
2309 1406 2399 1446 quod
2414 1406 2582 1447 dupliciter
2596 1415 2646 1437 rea

1583 1450 1691 1490 aliqua
1714 1450 1896 1480 continetur
1919 1450 1977 1480 sub
2000 1450 2064 1480 hoc
2087 1456 2296 1481 sacramento.
2331 1451 2391 1481 Vel
2423 1460 2461 1481 ex
2483 1451 2515 1481 vi
2544 1459 2647 1481 sacra-

1583 1494 1684 1524 menti
1699 1503 1756 1524 seu
1772 1494 2006 1524 conversionis:
2032 1499 2064 1524 et
2078 1495 2123 1524 sic
2138 1495 2197 1525 sub
2213 1495 2316 1525 hostia
2332 1495 2513 1525 continetur
2528 1503 2646 1536 corpus

1584 1537 1702 1568 Christi
1724 1543 1860 1574 tantum,
1884 1538 1927 1568 ita
1950 1537 2039 1578 quod
2053 1548 2114 1569 nec
2130 1539 2257 1579 sanguis
2271 1548 2333 1569 nec
2348 1540 2454 1569 anima
2468 1548 2530 1570 nec
2547 1539 2647 1570 deitas

1583 1583 1629 1612 sic
1651 1582 1834 1613 continetur
1856 1582 1916 1612 sub
1939 1582 2060 1619 hostia;
2085 1588 2116 1613 et
2138 1583 2281 1613 similiter
2302 1584 2337 1613 in
2360 1583 2458 1614 calice
2482 1592 2520 1614 ex
2542 1584 2575 1614 vi
2597 1592 2646 1614 sa-

1584 1627 1737 1657 cramenti
1766 1626 1854 1656 solus
1877 1626 2005 1666 sanguis
2028 1627 2228 1663 continetur,
2260 1627 2303 1662 ita
2326 1627 2416 1667 quod
2444 1636 2506 1658 nec
2529 1626 2647 1658 Christi

1584 1680 1702 1711 corpus
1723 1679 1784 1701 nec
1800 1670 1906 1700 anima
1920 1679 1981 1700 nec
1997 1670 2096 1701 deitas
2115 1671 2161 1701 sic
2177 1671 2359 1702 continetur
2373 1671 2432 1702 sub
2447 1672 2554 1712 specie
2568 1672 2646 1703 vini.

1582 1715 1643 1745 Vel
1667 1715 1936 1745 concomitanter:
1961 1719 1993 1744 et
2015 1715 2060 1745 sic
2082 1715 2141 1745 sub
2163 1715 2268 1746 hostia
2290 1716 2472 1746 continetur
2493 1721 2560 1746 tam
2574 1725 2646 1746 sane

1581 1760 1652 1799 guis
1676 1758 1794 1789 Christi
1817 1768 1915 1799 quam
1938 1759 2006 1789 eius
2029 1759 2136 1789 anima
2158 1764 2190 1790 et
2212 1758 2329 1797 deitas;
2361 1765 2392 1790 et
2414 1759 2557 1790 similiter
2586 1759 2646 1790 sub

1583 1803 1689 1843 specie
1701 1803 1767 1834 vini
1779 1803 1985 1833 continentur
2000 1803 2254 1834 concomitanter
2266 1803 2384 1835 Christi
2399 1813 2527 1844 cci-pm,
2539 1804 2647 1836 anima

1583 1853 1615 1878 et
1637 1847 1746 1878 deitas.
1770 1847 1819 1877 Ex
1842 1847 1890 1877 his
1913 1847 2000 1877 enim
2023 1853 2148 1878 constat
2171 1847 2260 1888 quod
2282 1857 2344 1878 nec
2359 1848 2418 1878 sub
2433 1849 2541 1888 specie
2554 1848 2647 1888 panis

1582 1901 1643 1922 nec
1666 1892 1725 1922 sub
1748 1891 1855 1931 specie
1877 1891 1944 1921 vini
1967 1892 2149 1923 continetur
2171 1891 2289 1922 Christi
2311 1893 2426 1929 anima,
2450 1897 2483 1922 et
2504 1892 2648 1923 similitu·

1583 1936 1692 1972 deitas,
1715 1936 1777 1966 nisi
1799 1935 2063 1966 concomitanter.

1638 1979 1715 2018 Quo
1738 1984 1850 2016 stante,
1874 1979 2050 2010 declaratur
2073 1980 2276 2020 propositum
2298 1981 2354 2012 sic.
2381 1980 2558 2021 Spiritualis
2580 1979 2646 2012 fru-

1583 2030 1653 2055 ctus
1676 2024 1892 2054 Eucharistiae
1915 2033 1983 2054 non
2005 2024 2112 2054 minus
2136 2029 2282 2055 causatur
2305 2034 2323 2055 a
2346 2024 2464 2056 Christi
2486 2024 2592 2055 anima
2614 2029 2647 2056 et

1584 2070 1622 2102 ab
1647 2069 1715 2099 eius
1739 2067 1855 2098 deitate
1879 2077 1977 2108 quam
1992 2067 2011 2098 a'
2027 2067 2144 2099 Christi
2168 2078 2304 2109 corpore
2323 2078 2381 2099 seu
2395 2069 2559 2109 sanguine.
2583 2067 2647 2100 Sed

1583 2118 1649 2143 tam
1673 2112 1771 2143 deitas
1794 2121 1893 2153 quam
1916 2113 2022 2142 anima
2045 2111 2163 2143 Christi
2187 2118 2234 2144 est
2247 2122 2297 2144 res
2313 2114 2567 2144 concomitanter
2581 2113 2646 2144 exi-

1582 2163 1668 2188 stens
1698 2156 1757 2187 sub
1781 2161 1990 2187 sacramento.
2025 2157 2110 2197 Ergo
2138 2166 2206 2188 non
2233 2157 2341 2188 minus
2370 2162 2478 2188 causat
2505 2156 2647 2188 fructum

1583 2201 1780 2242 spiritualem
1803 2200 2020 2231 Eucharistiae
2037 2210 2086 2231 res
2102 2202 2357 2232 concomitanter
2374 2206 2526 2233 contenta
2548 2210 2647 2256 quam

1582 2255 1634 2276 res
1656 2255 1694 2276 ex
1717 2245 1749 2275 vi
1771 2245 1960 2275 sacramenti
1983 2250 2143 2276 contenta.

1641 2290 1813 2320 Processus
1836 2294 1923 2319 totus
1939 2293 1986 2319 est
2001 2289 2112 2326 clarus,
2129 2298 2204 2320 cum
2220 2290 2345 2320 minore
2363 2290 2428 2320 iarn
2443 2289 2608 2320 declarata.
2623 2306 2648 2312 —

1583 2334 1689 2364 Prima
1707 2339 1815 2364 autem
1830 2333 2010 2373 propositio
2033 2342 2091 2373 per
2106 2342 2140 2364 se
2156 2333 2285 2364 evidens
2301 2338 2358 2364 est.
2381 2333 2470 2364 Tum
2489 2334 2566 2374 quia
2580 2332 2647 2364 dei·

1584 2384 1631 2409 tas
1649 2387 1799 2418 praesens
1814 2377 2023 2417 personaliter
2041 2382 2097 2413 est,
2115 2386 2197 2417 quae
2213 2378 2351 2408 maxime
2367 2377 2492 2408 confert
2506 2377 2648 2409 fructum

1583 2423 1670 2453 hunc
1693 2421 1900 2462 spiritualem.
1916 2439 1939 2443 -
1954 2421 2042 2451 Tum
2061 2421 2137 2461 quia
2153 2421 2298 2452 Christus
2313 2422 2347 2452 in
2362 2422 2426 2452 hoc
2448 2426 2647 2453 sacramento

1583 2475 1733 2507 praesens
1756 2465 1881 2496 confert
1902 2465 2081 2496 voluntarie
2105 2465 2190 2496 dona
2212 2466 2262 2496 sui
2285 2465 2430 2507 Spiritus.
2460 2465 2648 2496 Voluntaria

1584 2516 1693 2541 autem
1716 2510 1844 2540 collatio
1868 2509 2083 2549 principaliter
2106 2515 2138 2540 et
2151 2510 2290 2540 maxime
2304 2509 2425 2550 pendet
2439 2519 2458 2540 a
2471 2509 2647 2547 voluntate,

1585 2564 1668 2595 quae
1683 2556 1739 2584 'est
1754 2554 1788 2584 in
1803 2554 1919 2584 anima.
1935 2571 1958 2575 -
1973 2553 2061 2584 Tum
2084 2554 2160 2593 quia
2181 2554 2255 2594 plus
2271 2559 2318 2584 est
2333 2563 2431 2594 quam
2454 2553 2545 2595 quod
2563 2553 2647 2585 dixi:

1585 2608 1661 2630 nam
1683 2604 1750 2628 tam
1773 2598 1900 2638 sanguis
1924 2607 2022 2638 quam
2045 2607 2163 2638 corpus
2186 2597 2304 2628 Christi
2325 2598 2391 2628 vim
2410 2597 2537 2629 cibandi
2551 2603 2648 2639 atque

1585 2642 1719 2684 potandi
1733 2643 1829 2672 habet
1845 2652 1883 2672 ex
1899 2642 2129 2672 coniunctione
2144 2641 2184 2672 ad
2200 2642 2364 2679 deitatem;
2387 2643 2449 2673 nisi
2464 2643 2552 2673 enim
2566 2647 2649 2674 esset

1585 2696 1703 2727 corpus
1733 2686 1831 2717 Verbi
1861 2691 1892 2716 et
1921 2686 2048 2726 sanguis
2075 2686 2186 2722 Verbi,
2210 2685 2300 2727 quod
2329 2686 2361 2716 in
2383 2686 2549 2727 principio
2576 2690 2651 2718 erat

1585 2732 1675 2762 Deus
1686 2732 1714 2767 ἦ
1730 2740 1799 2761 non
1821 2729 1981 2760 conferret
2002 2730 2100 2760 vitam
2123 2735 2294 2761 aeternam.

1642 2775 1695 2805 IX.
1713 2775 1862 2813 Tertium
1874 2775 1891 2791 ¹*
1915 2779 2032 2810 autem,
2049 2774 2169 2805 scilicet
2192 2773 2282 2815 quod
2297 2773 2441 2806 Christus
2463 2774 2498 2804 in
2519 2774 2583 2805 hoc
2598 2782 2648 2804 sa-

1587 2824 1752 2850 cramento
1776 2824 1947 2849 contentus
1970 2817 2094 2849 confert
2116 2828 2174 2859 per
2199 2819 2351 2859 seipsum,
2368 2823 2400 2849 et
2421 2827 2490 2849 non
2511 2826 2570 2858 per
2591 2817 2648 2848 ali-

1587 2863 1678 2904 quod
1693 2863 1840 2894 sensibile
1859 2863 2116 2898 instrumentum,
2133 2862 2328 2903 spiritualem
2343 2861 2493 2898 fructum,
2509 2861 2648 2892 declara-

1587 2913 1639 2939 tur
1653 2907 1827 2948 tripliciter.
1851 2907 1959 2937 Primo
1976 2907 2061 2947 quia,
2077 2907 2134 2937 ubi
2149 2911 2196 2937 est
2210 2915 2358 2947 praesens
2373 2915 2470 2946 agens
2487 2904 2648 2937 sufficiens

1587 2962 1645 2993 per
1671 2952 1830 2992 seipsum,
1859 2960 1928 2982 non
1959 2956 2006 2982 est
2029 2959 2112 2991 opus
2141 2951 2369 2986 instrumento,
2397 2959 2458 2980 nec
2481 2950 2649 2980 consuevit

1588 2996 1730 3027 adhiberi
1752 2996 2010 3026 instrumentum.

1644 3039 1805 3076 Secundo,
1830 3040 1906 3080 quia
1928 3039 1972 3069 sic
1996 3048 2029 3069 se
2051 3038 2147 3069 habet
2169 3047 2241 3068 esus
2257 3043 2289 3068 et
2302 3042 2400 3077 potus
2415 3037 2649 3068 sacramentalis

1588 3084 1628 3115 ad
1650 3085 1714 3114 hoc
1737 3084 1926 3114 alimentum
1949 3082 2086 3123 spiritus,
2109 3083 2191 3112 sicut
2213 3090 2247 3112 se
2270 3081 2365 3112 habet
2386 3086 2452 3112 tam
2474 3081 2648 3113 manduca·

1587 3129 1633 3159 tio
1658 3137 1755 3168 quam
1777 3133 1875 3168 potus
1897 3126 2047 3157 naturalis
2071 3125 2111 3156 ad
2125 3125 2313 3156 difflemum
2329 3125 2504 3165 corporale.
2529 3125 2594 3157 Sed
2613 3125 2649 3157 in
2676 3124 2678 3127 ’

1587 3172 1762 3203 nutritione
1785 3170 1944 3221 corporali
1965 3170 2057 3210 panis
2080 3174 2111 3200 et
2132 3170 2245 3200 vinum
2266 3178 2333 3200 non
2356 3179 2430 3220 per
2427 3170 2648 3220 instrumenta,

1588 3216 1644 3246 sed
1666 3215 1845 3246 secundum
1867 3214 1970 3255 seipsa
1992 3213 2098 3244 alunt:
2123 3213 2288 3254 quoniam,
2311 3219 2348 3244 ut
2371 3209 2484 3244 dicitur
2506 3214 2540 3244 in
2559 3213 2587 3244 11
2609 3213 2650 3245 de
2677 3215 2681 3245 T

1587 3260 1706 3290 Anima
1721 3261 1754 3295 *‚
1778 3259 1965 3289 alimentum
1994 3256 2173 3288 secundum
2196 3267 2287 3288 suam
2309 3257 2516 3288 substantiam
2538 3258 2647 3289 nutrit.

1588 3304 1629 3334 Et
1651 3303 1794 3334 similiter
1816 3301 1910 3332 edere
1933 3306 1965 3332 et
1984 3301 2091 3332 bibere
2109 3310 2178 3332 non
2193 3307 2268 3332 sunt
2282 3302 2491 3332 instrumenta
2506 3301 2648 3333 alimenti

1588 3347 1761 3387 corporalis
1785 3345 1825 3376 ad
1847 3344 1998 3376 alendum
2014 3354 2141 3385 corpuS‚
2166 3345 2221 3376 sed
2245 3345 2414 3376 comedere
2429 3346 2591 3376 concurrit
2611 3351 2650 3377 ut

1588 3390 1749 3421 adducens
1780 3390 1967 3420 alimentum
1997 3390 2135 3426 siccum,
2167 3395 2198 3420 et
2220 3390 2328 3420 bibere
2350 3395 2386 3420 ut
2409 3389 2570 3420 adducens
2592 3389 2648 3420 ali-

1587 3439 1734 3464 mentum
1745 3433 1930 3464 humidum:
1954 3438 2078 3464 constat
2094 3438 2202 3464 autem
2217 3433 2395 3465 secundum
2409 3434 2648 3474 philosophiam

1588 3477 1678 3518 quod
1701 3477 1933 3518 adproximatio
1962 3478 2082 3518 agentis
2113 3483 2143 3508 et
2165 3477 2330 3518 patientis,
2353 3478 2495 3509 alimenti
2518 3483 2550 3508 et
2571 3478 2647 3515 aliti,

2674 2735 2686 2746 ·
2704 2734 2770 2757 Ῑοιιι.
2793 2739 2844 2763 up.
2863 2739 2886 2763 ι,

2673 2766 2735 2810 :⁸8⁴1-
2749 2768 2817 2810 ¹duim.
2831 2793 2871 2810 vu.

2674 3231 2760 3308 aar

2669 707 2772 735 'Syme
2782 706 2808 730 S.
2813 707 2887 730 Atha-
2912 702 2918 743 ξ

2913 787 2918 834 ἐ
