2918 4088
463 183 512 228 84

513 261 735 297 RESPONDEO
772 271 952 296 n1CENDUM
989 258 1095 307 quod
1124 258 1224 294 hanc
1253 254 1517 304 quaestionem

460 312 693 359 Augustinus
722 311 1054 349 indeterminatam
1083 309 1242 358 reliquit.
1274 307 1372 344 Dicit
1400 305 1515 350 enim,

460 365 499 401 in
518 366 547 402 II
562 371 692 402 contra
711 365 914 414 Epistolam
928 364 1173 400 Parmeniani
1185 361 1221 397 *2
1243 361 1353 397 Haec
1372 358 1516 407 quidem

320 416 334 450 β
459 418 534 454 alia
562 419 722 467 quaestio
751 423 812 463 est,
844 423 965 453 utrum
995 414 1060 452 εἰβ
1088 417 1134 451 ab
1154 415 1208 450 his
1237 413 1300 461 qui
1326 421 1516 458 nunquam

449 471 608 519 fuerunt
640 471 848 515 Christiani,
872 470 987 518 possit
1010 469 1208 516 baptismus
1227 465 1328 501 dari:
1356 474 1423 498 nec
1450 462 1516 498 ali-

460 523 548 573 quid
572 524 658 559 hinc
684 529 820 560 temere
838 521 1105 569 affirmandum
1126 524 1186 563 est,
1206 519 1285 553 sine
1303 516 1518 552 auctoritate

459 578 552 613 tanti
584 577 685 612 sacri
718 575 866 612 concilii
902 579 1078 622 quantum
1119 576 1241 607 tantae
1276 570 1331 605 rei
1369 567 1514 614 sufficit.

460 628 716 665 Postmodum
742 639 835 664 vero
870 638 939 675 per
976 623 1185 661 Ecclesiam
1220 619 1516 657 determinatum

460 688 514 717 est
542 681 648 729 quod
677 678 960 728 non-baptizati,
991 677 1069 723 sive
1092 675 1166 712 sint
1194 673 1322 719 Iudaei
1351 672 1431 708 sive
1451 684 1516 721 pa-

459 733 563 781 gani,
606 740 766 782 possunt
802 737 1083 778 sacramentum
1117 726 1295 775 baptismi
1332 725 1516 771 conferre,

319 793 335 818 Υ
461 786 677 822 dummodo
706 785 745 821 in
772 785 895 821 forma
923 781 1112 819 Ecclesiae
1141 779 1331 828 baptizent
1349 783 1375 814 Υ.
1406 778 1517 815 Unde

460 838 643 875 Nicolaus
662 839 766 886 Papa
785 837 804 863 ’1‘
832 835 1036 885 respondet
1063 833 1114 870 ad
1135 832 1310 869 Consulta
1328 831 1517 880 Bulgaro-

221 897 343 944 gean-dd
356 902 418 945 3¹⁴⁰·
460 903 544 927 rum
562 891 596 927 ³¹⁸:
626 891 662 927 Α
681 890 839 939 quodam
868 889 1009 924 nescitis
1036 887 1243 922 Christiano
1272 897 1321 921 an
1345 895 1515 934 pagano,

220 929 293 977 ³533:
309 929 361 985 ‘¹3⁶⁵‘-
375 929 417 970 ‘1²5‘-
459 944 591 980 multos
610 945 646 979 in
660 944 787 992 patria
814 947 933 979 vestra
961 940 1158 988 baptizatos
1186 939 1355 974 asseritis.
1385 938 1444 974 Hi
1460 939 1492 974 si
1505 935 1518 958 δ

317 984 331 1001 ⁰
459 998 495 1032 z'n
517 997 666 1032 nomine
688 996 874 1032 Trinitatis
895 993 1066 1041 baptizati
1087 996 1180 1037 sunt,
1203 992 1425 1040 rebaptizari
1442 1003 1517 1027 non

415 1070 421 1079 .
458 1049 596 1085 debent.
635 1047 674 1085 Si
703 1054 831 1084 autem
850 1046 973 1082 forma
992 1043 1183 1081 Ecclesiae
1212 1055 1293 1080 non
1320 1043 1431 1080 suerit
1450 1043 1518 1080 ob-

458 1108 615 1146 servata,
640 1107 921 1136 sacramentum
941 1096 1119 1146 baptismi
1139 1108 1220 1133 non
1239 1096 1442 1133 confertur.
1471 1097 1519 1133 Et

458 1153 510 1189 sic
529 1152 816 1200 intelligendum
836 1159 890 1188 est
909 1150 1016 1199 quod
1037 1149 1245 1198 Gregorius
1264 1151 1294 1187 ΙΙ
1315 1155 1326 1170 ⁵
1345 1149 1365 1174 '¹‘
1393 1148 1520 1186 scribit

222 1239 280 1260 hm
294 1244 306 1258 e
458 1204 653 1242 Bonifacio
682 1204 876 1253 Episcopo
895 1203 933 1240 *ε
970 1204 1070 1245 Quos
1098 1216 1122 1240 a
1136 1204 1302 1253 paganis
1321 1204 1520 1252 baptizatos

220 1243 431 1318 fgggsffiffgggffi
457 1259 657 1304 asseruisti,
694 1256 832 1294 scilicet
868 1256 1059 1294 Ecclesiae
1091 1256 1217 1293 forma
1249 1267 1329 1292 non
1357 1263 1517 1303 servata,

218 1306 348 1364 {3353ss
367 1315 428 1363 33⁷¹·
457 1317 494 1348 ut
525 1311 570 1348 de
598 1323 692 1348 novo
727 1312 883 1360 baptizes
918 1312 955 1346 in
985 1311 1136 1346 nomine
1167 1310 1375 1355 Trinitatis,
1412 1321 1518 1345 man-

272 1359 287 1370 ''
349 1358 354 1364 ’
403 1358 408 1363 ’
456 1365 596 1401 damus.

509 1418 557 1454 Et
584 1416 700 1453 huius
728 1416 823 1453 ratio
852 1423 907 1452 est
935 1415 1036 1465 quia,
1067 1415 1163 1452 sicut
1192 1427 1238 1452 ex
1265 1422 1372 1464 parte
1401 1422 1519 1451 mate-

457 1470 544 1517 riae,
566 1477 755 1519 quantum
775 1470 823 1506 ad
843 1468 1107 1506 necessitatem
1127 1468 1365 1515 sacramenti,
1382 1467 1521 1504 sufficit

457 1535 726 1572 quaecumque
763 1535 880 1571 aqua,
920 1521 971 1559 ita
1005 1521 1120 1559 etiam
1156 1521 1295 1559 sufficit
1333 1533 1379 1558 ex
1413 1528 1519 1570 parte

457 1575 618 1612 ministri
646 1576 883 1625 quicumque
912 1576 1045 1613 homo.
1086 1576 1135 1612 Et
1162 1575 1250 1612 ideo
1279 1574 1394 1611 etiam
1423 1577 1520 1611 11011-

457 1629 667 1679 baptizatus
686 1629 725 1677 in
746 1628 903 1665 articulo
923 1628 1154 1666 necessitatis
1172 1627 1364 1677 baptizare
1383 1635 1518 1677 potest.

458 1683 507 1719 Ut
535 1682 587 1719 sic
622 1683 701 1719 duo
734 1681 1009 1731 non-baptizati
1038 1694 1078 1718 se
1114 1680 1282 1718 invicem
1315 1681 1519 1730 baptizent,

222 374 232 384 ⁴*
246 372 302 399 Cap.
318 377 364 393 ¹111.

221 847 232 857 '¹
246 846 343 868 Primus.

220 1187 231 1197 '¹
239 1185 307 1233 Gresg.
314 1159 365 1206 Igu.-
373 1183 430 1214 dee

220 1215 267 1233 not.
294 1210 393 1232 trmondt
401 1209 429 1230 ad

346 1236 428 1262 (Labb.

512 1796 537 1831 β)
557 1801 591 1822 et.
603 1811 622 1815 -
634 1797 718 1822 Tertia
733 1802 832 1829 praeter
846 1797 885 1827 H3
904 1797 984 1824 etiam
999 1798 1032 1828 H,
1045 1797 1151 1830 quidem
1167 1798 1207 1823 ed.
1220 1805 1246 1827 a,
1260 1800 1349 1822 autem
1364 1800 1391 1822 et
1403 1797 1489 1821 ceteri.
1501 1810 1521 1815 -

458 1834 508 1858 Pro
521 1833 581 1867 hinc
594 1836 698 1862 temere,
712 1836 809 1858 temere
823 1833 885 1857 inde
898 1833 925 1858 Ρ.
938 1847 957 1851 -
976 1833 1026 1857 Pro
1045 1833 1116 1858 tanti
1133 1833 1213 1862 sacri,
1229 1833 1300 1858 tanti
1315 1832 1480 1864 sacramenti
1492 1832 1520 1864 Ε,

457 1869 528 1894 sacri
553 1868 669 1898 EGHbc,
694 1869 764 1893 tanti
789 1869 826 1893 ΡΙ.
845 1882 864 1887 -
889 1869 939 1893 Pro
961 1869 1082 1898 concilii,
1107 1868 1212 1899 consilii
1236 1868 1392 1899 E1;A1ias,
1417 1868 1521 1899 consilii

458 1912 548 1972 mar-go
556 1904 696 1972 {ignirent
715 1954 733 1958 —
751 1939 838 1964 Tertia
862 1945 963 1972 praeter
986 1940 1010 1970 1;
1030 1939 1181 1972 baptizetur
1199 1940 1221 1971 Ι,
1241 1939 1411 1971 baptizarent
1434 1939 1521 1969 ceteri.

511 1974 536 2009 ὃ)
556 1976 723 2007 respondet...
744 1975 782 2000 Hi
799 1976 830 2000 si.
849 1990 868 1994 —-
885 1975 1028 2007 respondet
1046 1975 1079 2000 de
1100 1976 1224 2000 Consecr.
1243 1975 1305 2000 dist.
1320 1981 1350 1999 ιν
1369 1982 1391 2006 c.
1404 1981 1429 1999 a.
1450 1974 1483 2008 (c.
1491 1982 1522 2000 a.

1132 177 1394 226 QUAESTIO
1423 175 1577 220 LXVII,
1608 172 1901 211 ARTICULUS
1929 172 1963 207 V

1573 251 1668 288 dum
1696 249 1803 298 prius
1831 261 1934 286 unus
1962 248 2168 297 baptizaret
2189 248 2320 296 alium,
2350 257 2386 285 et
2412 256 2546 298 postea
2573 248 2636 286 ba-

1572 303 1776 352 ptizaretur
1804 301 1852 338 ab
1881 301 2044 338 eodemz
2076 309 2112 337 et
2144 309 2444 351 consequeretur
2475 309 2637 351 uterque

1572 368 1652 392 non
1681 355 1809 391 solum
1837 361 2134 400 sacramentum,
2165 355 2232 391 sed
2261 354 2375 392 etiam
2403 367 2486 392 rem
2515 367 2636 392 sacra-

1572 407 1702 444 menti.
1747 407 1787 444 Si
1814 419 1908 444 vero
1942 413 2046 444 extra
2073 406 2276 444 articulum
2304 407 2533 445 necessitatis
2561 408 2637 444 hoc

1571 460 1690 507 fieret,
1712 468 1873 509 uterque
1897 459 2060 508 graviter
2078 468 2263 508 peccaret,
2285 460 2423 497 scilicet
2441 460 2636 510 baptizans

1573 521 1608 550 et
1635 513 1872 562 baptizatus,
1901 520 1938 550 et
1967 524 2038 562 per
2065 513 2141 549 hoc
2173 513 2424 562 impediretur
2457 513 2636 563 baptismi

1573 567 1742 613 effectus,
1772 566 1857 609 licet
1879 578 1960 603 non
1978 567 2173 603 tolleretur
2191 565 2320 615 ipsum
2340 573 2635 607 sacramentum.

1625 620 1682 656 AD
1703 631 1837 656 Palmum
1853 631 1950 656 ERGO
1970 631 2152 656 01οΕΝοοΜ
2172 619 2279 668 quod
2299 619 2420 656 homo
2440 618 2636 668 baptizans

1573 672 1729 709 adhibet
1756 679 1906 709 tantum
1935 671 2098 708 exterius
2126 671 2400 709 ministerium:
2431 672 2499 717 sed
2528 671 2636 708 Chri—

1573 733 1652 762 stus
1672 733 1727 761 est
1750 725 1817 774 qui
1836 724 1993 762 interius
2012 724 2187 774 baptizat,
2209 725 2276 775 qui
2294 732 2420 774 potest
2438 724 2493 766 uti
2512 723 2636 761 omni-

1573 779 1646 815 bus
1666 777 1890 815 hominibus
1910 778 1958 815 ad
1979 779 2257 829 quodcumque
2276 777 2451 815 voluerit.
2481 778 2530 814 Et
2548 777 2636 814 ideo

1573 830 1845 880 non-baptizati
1863 832 2026 880 possunt
2044 830 2252 881 baptizare:
2275 831 2376 881 quia,
2392 838 2434 868 ut
2453 830 2637 868 Nicolaus

1573 886 1679 934 Papa
1696 884 1716 906 '¹‘
1745 883 1844 931 dicit,
1874 883 2087 933 baptismus
2104 886 2191 922 'non
2220 891 2271 922 est
2298 885 2468 930 illorum,
2499 883 2638 921 scilicet

1573 937 1860 987 baptizantium,
1889 938 1955 974 sed
1980 939 2068 984 eius,
2099 937 2238 975 scilicet
2267 937 2417 975 Christi.

1627 992 1684 1027 Ab
1712 1002 1901 1028 SECUNDUM
1929 1002 2110 1034 mcENDUM
2146 991 2253 1040 quod
2285 990 2345 1028 ille
2373 990 2441 1040 qui
2473 1002 2554 1027 non
2583 997 2638 1026 est

1573 1043 1795 1093 baptizatus,
1825 1043 2004 1092 quamvis
2031 1055 2112 1080 non
2135 1043 2321 1093 pertineat
2349 1044 2399 1081 ad
2426 1042 2638 1084 Ecclesiam

1574 1108 1614 1133 re
1641 1098 1703 1133 vel
1732 1104 1989 1144 sacramento,
2023 1098 2148 1146 potest
2174 1104 2305 1134 tamen
2333 1097 2382 1134 ad
2410 1108 2498 1134 eam
2525 1095 2637 1146 perti-

1573 1162 1665 1186 nere
1693 1149 1902 1186 intentione
1930 1157 1966 1186 et
1994 1149 2240 1187 similitudine
2268 1157 2386 1196 actus,
2407 1149 2638 1203 inquantum

1575 1202 1714 1239 scilicet
1742 1202 1901 1239 intendit
1926 1202 2049 1239 facere
2078 1202 2187 1252 quod
2204 1202 2291 1239 facit
2310 1202 2491 1248 Ecclesia,
2512 1209 2548 1238 et
2565 1202 2638 1238 for-

1574 1267 1682 1292 mam
1710 1255 1902 1301 Ecclesiae
1930 1262 2056 1292 servat
2074 1255 2113 1292 in
2132 1255 2374 1310 baptizando,
2404 1263 2441 1292 et
2468 1254 2522 1291 sic
2549 1265 2639 1312 ope-

1575 1316 1679 1345 ratur
1715 1315 1758 1345 ut
1794 1307 1966 1344 minister
2003 1307 2162 1355 Christi,
2206 1307 2273 1357 qui
2309 1307 2491 1344 virtutem
2527 1318 2640 1344 suam

1575 1373 1656 1398 non
1691 1360 1854 1409 alligavit
1889 1360 2105 1410 baptizatis,
2141 1360 2238 1397 sicut
2270 1372 2342 1397 nec
2374 1359 2489 1404 etiam
2517 1371 2639 1397 sacra-

1575 1414 1725 1451 mentis.
2626 1445 2634 1448 .

1628 1468 1686 1504 An
1705 1478 1864 1504 TERTmM
1883 1479 2065 1505 1110οΝ1)οΜ
2086 1467 2194 1517 quod
2213 1466 2286 1504 alia
2304 1473 2542 1504 sacramenta
2559 1450 2641 1503 ffin

1576 1528 1664 1557 sunt
1692 1527 1818 1557 tantae
1846 1519 2077 1557 necessitatis
2105 1520 2203 1557 'sicut
2229 1519 2455 1569 baptismus.
2485 1519 2534 1560 Et
2552 1517 2641 1556 ideo

1575 1573 1696 1622 magis
1725 1573 1949 1610 conceditur
1975 1574 2083 1622 quod
2102 1572 2410 1623 non-baptizatus
2436 1571 2557 1622 possit
2574 1571 2641 1615 ba-

1575 1626 1736 1676 ptizare,
1773 1638 1893 1676 quam
1926 1626 2034 1675 quod
2060 1626 2180 1677 possit
2212 1625 2284 1664 alia
2312 1626 2551 1669 sacramenta
2578 1637 2641 1663 su-

1575 1692 1731 1729 selpere.

1573 1804 1627 1821 om.
1647 1794 1678 1830 P)
1697 1796 1734 1820 ad
1752 1796 1973 1821 consultationem
1992 1793 2125 1828 (consulta
2143 1794 2190 1829 Pe)
2209 1795 2388 1828 Bulgatorum
2407 1793 2599 1828 (Vulgatorum
2618 1801 2641 1824 c,

1575 1832 1688 1864 Bulgar.
1702 1838 1725 1856 c.
1739 1829 1771 1857 3.
1792 1830 1836 1864 P):
1855 1833 1880 1860 Α
1898 1831 2013 1864 quodam
2033 1831 2141 1860 Iudaeo,
2161 1831 2266 1859 nescitis
2285 1834 2402 1856 utrum...
2415 1829 2537 1856 asseritis
2555 1829 2643 1862 bapti*

1574 1870 1658 1900 zatus,
1678 1870 1705 1892 et
1722 1867 1788 1899 quid
1806 1867 1869 1892 inde
1886 1866 1922 1900 sit
1939 1866 2076 1899 agendum=
2097 1866 2244 1896 consulitis.
2263 1866 2302 1891 Hi
2316 1867 2440 1900 profecto
2458 1865 2483 1893 si
2501 1865 2642 1896 editionem

1575 1902 1652 1928 etiam
1671 1903 1711 1927 Ea
1730 1902 1826 1927 addunt
1847 1905 1937 1927 utrum
1957 1907 2018 1935 post
2036 1902 2151 1927 nescitis.
2327 1897 2330 1902 ’

1575 1974 1585 1998 I
1601 1939 1652 1998 Ge)
1674 1938 1892 1998 Ildss·sewusd{,
1906 1945 1982 1970 papa
2002 1937 2033 1962 II
2047 1937 2076 1968 F,
2089 1945 2143 1962 om.
2158 1937 2193 1966 la,
2209 1937 2325 1963 secundo
2339 1937 2367 1962 P.
2380 1949 2400 1955 -
2412 1936 2476 1961 Post
2494 1936 2644 1969 baptizatos

1587 1982 1599 1999 s
1644 1979 1670 1999 et
1689 1981 1703 1998 e
1723 1979 1815 1998 mones
1835 1981 1849 1998 a
1887 1977 1933 1998 unt
1951 1980 2016 1999 esse.

1134 2054 1472 2087 commentaria
1495 2052 1749 2086 Cardinalis
1770 2052 1975 2086 Caietam

490 2145 510 2165 N
533 2135 670 2165 articulis
693 2140 806 2175 quarto
831 2140 863 2166 et
886 2135 1000 2175 quinto
1025 2134 1161 2165 dubium
1184 2135 1323 2166 occurrit
1347 2143 1522 2170 commune

463 2147 600 2215 {multis
620 2179 777 2209 articulis:
809 2179 862 2210 An
891 2180 1051 2220 baptizate
1084 2185 1170 2210 extra
1193 2179 1388 2210 necessitatis
1412 2188 1522 2209 casum

460 2233 499 2254 eo
523 2223 622 2254 modo
647 2233 712 2264 quo
736 2224 770 2254 in
793 2224 986 2254 necessitatis
1003 2233 1078 2254 casu
1094 2224 1178 2260 licet,
1196 2224 1235 2254 sit
1250 2228 1420 2264 peccatum
1435 2232 1521 2253 mor-

459 2268 536 2304 tale;
559 2268 647 2298 verbi
670 2269 777 2308 gratia,
802 2268 827 2297 si
850 2268 949 2298 laicus
973 2273 1059 2298 extra
1075 2278 1185 2298 casum
1201 2268 1395 2298 necessitatis
1418 2267 1521 2307 bapti-

459 2318 560 2348 zaret;
585 2317 640 2342 aut
663 2313 688 2342 si
712 2321 795 2342 unus
814 2312 986 2351 baptizaret
1002 2312 1068 2342 duo
1086 2312 1181 2342 simul
1205 2311 1352 2348 dicendo,
1376 2311 1451 2352 Ego
1467 2311 1521 2341 ba-

222 2357 232 2368 ·
246 2356 296 2377 Art.
312 2356 334 2383 ⁶2
350 2356 378 2378 ad
392 2361 412 2377 ²·
454 2356 549 2430 ptizpi
568 2365 640 2430 mgis,
666 2356 811 2430 (11101111ἒο
835 2366 910 2430 εέιι
926 2357 1137 2430 lnecessitactlils1
1149 2357 1274 2386 licitum
1297 2355 1412 2386 dicitur
1427 2357 1460 2392 ἢ
1491 2360 1522 2385 et

461 2401 506 2430 sic
551 2410 568 2430 e
621 2401 658 2430 iis
681 2400 776 2430 sim'i
799 2410 836 2430 us
889 2410 924 2430 cc
939 2401 1021 2430 esiae
1045 2410 1082 2430 or
1106 2401 1112 2406 “
1140 2401 1300 2431 ationibus
1325 2408 1397 2439 erga
1420 2400 1522 2439 bapti-

461 2454 567 2474 smum
590 2453 657 2474 non
681 2445 817 2474 servatis.
849 2444 890 2474 Et
914 2449 960 2473 est
982 2445 1062 2474 ratio
1088 2444 1176 2475 dubii
1200 2445 1276 2484 quia
1298 2444 1431 2479 Auctor,
1459 2444 1522 2473 hoc

462 2493 607 2524 tractam,
631 2489 665 2518 in
689 2488 774 2518 calce
798 2488 941 2527 corporis
966 2488 1089 2518 articuli
1106 2489 1209 2528 quinti
1233 2487 1309 2518 dicit
1332 2487 1421 2528 quod
1443 2497 1523 2529 gra-

462 2533 543 2562 viter
560 2537 711 2572 peccaret
733 2537 874 2572 uterque,
898 2532 1020 2562 scilicet
1042 2533 1207 2573 baptizans
1230 2537 1261 2562 et
1282 2532 1468 2573 baptizatus,
1493 2536 1525 2562 et

456 2586 520 2616 per
541 2576 602 2606 hoc
624 2575 831 2616 impediretur
853 2576 1000 2616 baptismi
1018 2577 1158 2617 effectus,
1185 2577 1258 2607 licet
1273 2586 1338 2606 non
1355 2577 1525 2607 tolleretur

462 2625 708 2650 sacramentum.
734 2620 796 2650 Ubi
812 2626 942 2660 apparet
965 2621 1072 2660 ipsum
1088 2621 1203 2651 sentire
1228 2620 1317 2661 quod
1341 2626 1388 2650 est
1410 2629 1524 2660 pecca-

462 2670 532 2694 tum
554 2664 705 2698 mortale:
739 2665 895 2704 quoniam
923 2665 1072 2705 baptismi
1100 2664 1230 2705 effectus
1260 2674 1328 2703 non
1351 2664 1524 2706 impeditur

462 2709 522 2739 nisi
545 2718 602 2748 per
624 2714 794 2748 peccatum
816 2708 960 2739 mortale.

518 2752 554 2782 ΙΙ.
578 2752 630 2782 Ad
658 2753 753 2783 huius
784 2752 991 2789 evidentiam,
1021 2753 1100 2783 scito
1132 2753 1283 2789 Scotum,
1307 2753 1341 2783 in
1358 2753 1400 2783 IV
1416 2752 1522 2788 Sent.,

463 2796 532 2827 dist.
549 2807 580 2826 V1
595 2798 622 2832 ⁴⁶,
647 2806 759 2826 sonare
790 2797 879 2837 quod
902 2797 1064 2837 baptizans
1088 2797 1195 2837 plures
1218 2797 1313 2827 simul
1344 2802 1429 2827 extra
1452 2798 1524 2827 arti-

463 2841 572 2874 culum
595 2841 798 2877 necessitatis,
816 2840 964 2877 dicendo,
983 2841 1058 2882 Ego
1074 2841 1199 2882 baptizo
1216 2851 1283 2876 vos,
1308 2846 1420 2881 peccat
1438 2851 1524 2871 rnor-

461 2885 572 2921 taliter,
593 2885 669 2926 quia
686 2895 754 2916 non
770 2890 872 2916 servat
886 2884 1024 2924 formam
1040 2886 1229 2926 impositam,
1241 2886 1300 2916 sibi
1315 2886 1354 2916 ab
1371 2885 1523 2918 Ecclesia.

517 2929 550 2960 Si
572 2934 680 2961 tamen
711 2929 876 2969 diligenter
905 2935 1112 2971 perspectum
1140 2930 1249 2968 fuerit,
1280 2935 1310 2963 et
1340 2929 1523 2968 distinctum

461 2978 629 3013 peccatum
652 2973 786 3003 mortale
809 2973 978 3017 dupliciter
992 2974 1044 3004 hic
1060 2974 1195 3011 inveniri
1217 2984 1322 3014 posse,
1341 2979 1394 3004 aut
1410 2983 1523 3004 secun—

462 3017 539 3047 dum
556 3027 598 3053 se,
615 3017 678 3048 hoc
695 3022 741 3056 est
757 3027 795 3047 ex
811 3019 870 3048 suo'
887 3027 1012 3058 genere,
1030 3023 1085 3048 aut
1101 3028 1138 3048 ex
1155 3018 1316 3049 Ecclesiae
1332 3024 1522 3058 praecepto:

463 3071 537 3091 cum
560 3062 752 3092 mutationes
769 3066 824 3092 aut
839 3063 1029 3092 omissiones
1045 3062 1231 3093 huiusmodi
1246 3072 1313 3093 non
1329 3063 1524 3093 constituant

463 3111 570 3141 actum
593 3106 782 3145 sacrilegum
803 3106 982 3138 secundum
1005 3116 1038 3137 se
1064 3106 1167 3146 (quod
1191 3116 1228 3137 ex
1251 3116 1290 3137 eo
1314 3112 1401 3147 patet
1424 3106 1523 3146 quod,

463 3150 488 3179 si
511 3155 598 3179 actus
622 3155 703 3181 esset
726 3149 903 3189 secundum
927 3160 960 3180 se
983 3151 1162 3191 sacrilegus,
1187 3152 1220 3182 in
1235 3151 1323 3182 nulla
1338 3151 1524 3186 necessitate

464 3198 545 3224 esset
567 3193 695 3233 lic-itus),
711 3199 806 3226 restat
828 3199 864 3224 ut
887 3194 1014 3225 aliunde
1037 3200 1207 3235 peccatum
1230 3196 1293 3231 hoc
1317 3196 1356 3225 sit
1378 3195 1523 3231 mortale,

464 3237 490 3266 si
512 3237 646 3268 mortale
670 3243 725 3267 est.
760 3237 807 3277 Ex
830 3238 946 3278 triplici
969 3244 1077 3269 autem
1101 3239 1204 3279 capite
1227 3239 1290 3276 hoc
1314 3238 1376 3278 dici
1398 3235 1522 3280 posset:

464 3280 514 3310 vel
538 3290 576 3310 ex
598 3280 823 3317 inobedientia,
844 3280 941 3312 etsie
959 3282 998 3312 ad
1018 3283 1081 3312 hoc
1098 3280 1186 3322 qued
1203 3277 1443 3318 esset'mortale,
1461 3277 1524 3312 exi·-

465 3329 591 3364 geretur
603 3330 823 3364 contemptus;
840 3325 891 3355 vel
908 3335 946 3355 ex
957 3327 1229 3366 praesumptione,
1242 3331 1320 3366 puta
1336 3327 1411 3367 quia
1426 3326 1525 3356 laicus

464 3369 637 3408 praesumit
652 3374 759 3399 actum
771 3369 959 3405 sacerdotis;
976 3370 1026 3400 vel
1039 3379 1076 3400 ex
1088 3370 1188 3400 modo
1202 3370 1408 3400 institutionis
1424 3370 1525 3406 eccle—

464 3413 615 3448 siasticae,
632 3418 709 3452 puta
725 3413 799 3452 quia
814 3414 891 3443 ritus
911 3413 980 3443 talis
1004 3419 1144 3444 servatur
1159 3419 1196 3444 ut
1211 3414 1302 3454 quasi
1319 3414 1524 3453 necessarius,

464 3456 546 3486 sicut
562 3466 666 3487 sacrae
681 3462 783 3487 vestes
801 3457 969 3497 exiguntur
985 3458 1018 3488 in
1042 3458 1283 3488 consecratione
1299 3457 1524 3488 Eucharistiae.

1632 2134 1680 2174 Ex
1704 2134 1821 2174 quibus
1844 2139 1975 2174 apparet
1998 2132 2089 2174 quod
2114 2132 2299 2164 solemniter
2326 2132 2492 2172 baptizans
2517 2136 2644 2170 tenetur

1577 2179 1636 2208 sub
1660 2183 1794 2218 peccato
1817 2178 1945 2214 mortali
1967 2187 2091 2216 servare
2113 2178 2211 2209 ritum
2234 2176 2406 2210 Ecclesiae.
2422 2194 2445 2199 —
2460 2175 2560 2214 Quod
2574 2184 2644 2214 non

1577 2223 1620 2252 ita
1643 2222 1800 2263 intelligas
1822 2227 1859 2253 ut
1882 2222 2052 2253 cuiuslibet
2075 2222 2296 2252 caeremoniae
2312 2221 2444 2261 omissio
2467 2220 2507 2250 sit
2529 2229 2643 2260 pecca-

1577 2272 1647 2297 tum
1670 2267 1815 2297 mortale.

1634 2311 1794 2347 Similiter,
1818 2312 1844 2341 si
1867 2311 1966 2341 laicus
1989 2310 2175 2341 solemniter
2198 2310 2358 2350 baptizare
2380 2314 2607 2349 praesumeret,
2624 2318 2643 2339 a

1578 2356 1706 2386 mortali
1728 2365 1797 2385 non
1820 2360 2031 2385 excusaretur.

1632 2399 1695 2430 Sed
1721 2400 1777 2429 ubi
1804 2399 1924 2439 absque
1950 2398 2150 2429 solemnitate
2177 2398 2359 2438 baptizaret,
2380 2403 2411 2428 et
2438 2402 2643 2437 contemptus

1578 2450 1673 2484 atque
1696 2443 1915 2483 praesumptio
1946 2442 2102 2478 deessent,
2127 2447 2213 2472 extra
2239 2442 2434 2472 necessitatis
2462 2441 2642 2477 articulum,

1577 2493 1655 2528 puta
1679 2488 1754 2527 quia
1777 2487 1911 2518 credunt
1934 2497 1968 2517 se
1990 2487 2072 2517 bene
2095 2486 2209 2523 facere,
2226 2486 2360 2517 mortale
2383 2491 2552 2526 peccatum
2575 2495 2644 2516 non

1578 2532 1682 2562 video.
1707 2532 1811 2562 Immo
1836 2531 2042 2561 Innocentius
2066 2531 2108 2561 111
2132 2541 2150 2561 a
2172 2530 2288 2572 veniali
2313 2531 2409 2561 etiam
2431 2535 2566 2570 peccato
2590 2539 2643 2560 ex-

1579 2581 1668 2607 cusat
1692 2585 1767 2606 eum
1791 2576 1857 2616 qui,
1875 2575 2007 2606 credens
2026 2585 2059 2605 se
2075 2575 2157 2606 bene
2173 2575 2286 2610 facere,
2303 2575 2475 2615 baptizavit
2490 2574 2642 2615 seipsum.

1578 2621 1664 2651 Dicit
1687 2620 1774 2650 enirn
1797 2621 1830 2650 in
1854 2629 1923 2660 cap.
1947 2619 2110 2655 Debitum,
2135 2620 2245 2655 Extra,
2269 2618 2308 2649 de
2329 2619 2495 2659 Baptismo
2521 2623 2553 2649 et
2575 2617 2644 2649 eius

1579 2665 1704 2705 effectu,
1724 2663 1764 2703 de
1788 2663 1907 2701 Iudaeo
1930 2664 1964 2694 in
1987 2664 2098 2694 mortis
2122 2663 2257 2703 articulo
2281 2663 2461 2703 baptizante
2484 2663 2641 2703 seipsum:

1578 2709 1614 2739 Si
1630 2709 1704 2739 talis
1720 2709 1874 2739 continuo
1891 2708 2082 2744 decessisset,
2096 2707 2139 2738 ad
2147 2708 2293 2748 patriam
2307 2707 2460 2748 protinus
2476 2707 2641 2739 evolasset.

1578 2753 1626 2783 Ex
1642 2763 1708 2793 quo
1726 2753 1800 2783 1000
1818 2757 2042 2792 argumentum
2065 2752 2200 2783 sumitur
2223 2759 2377 2792 magnum
2399 2751 2498 2792 quod,
2515 2751 2541 2782 si
2557 2760 2644 2782 error

1579 2798 1769 2828 commissus
1786 2797 1868 2827 circa
1884 2797 2079 2837 baptismum
2102 2801 2208 2827 tantus
2225 2806 2261 2827 ac
2277 2796 2347 2826 talis
2369 2801 2405 2826 ut
2427 2795 2518 2826 tollat
2541 2795 2643 2835 bapti-

1578 2851 1694 2877 smum,
1715 2841 1818 2882 qualis
1833 2846 1880 2871 est
1896 2850 1983 2871 error
1998 2841 2187 2881 baptizantis
2209 2841 2360 2881 sei-psum,
2385 2844 2553 2870 excusatur
2573 2848 2643 2870 non

1578 2886 1684 2916 solum
1701 2896 1719 2916 a
1733 2885 1870 2922 mortali,
1895 2885 1950 2918 sed
1974 2886 2069 2921 etiam
2085 2885 2249 2921 a-veniali,
2267 2889 2404 2925 propter
2422 2882 2642 2914 conditionem

1577 2939 1734 2970 personae
1759 2930 1916 2970 (alioquin
1939 2939 2006 2970 non
2030 2934 2113 2970 esset
2134 2938 2250 2969 verum
2277 2927 2367 2969 quo-d
2396 2928 2501 2965 statim
2524 2926 2564 2957 ad
2586 2935 2642 2968 pa·-

1578 2975 1669 3008 triam
1693 2973 1879 3014 evolasset):
1910 2974 2014 3013 multo
2043 2973 2144 3014 magis
2171 2973 2288 3013 opinio
2306 2972 2480 3012 ignorantis
2503 2980 2537 3002 se
2559 2971 2642 3003 bene

1578 3018 1681 3050 faeere
1714 3019 1875 3049 excusabit
1898 3028 1915 3049 a
1938 3018 2064 3048 mortali
2093 3017 2308 3058 baptizantem
2339 3015 2468 3053 servatis
2497 3015 2642 3046 substan-

1577 3063 1714 3099 tialibus,
1739 3068 1770 3093 et
1794 3068 1950 3093 errantem
1973 3062 2079 3092 solum
2101 3061 2136 3091 in
2158 3061 2221 3092 hoc
2245 3059 2338 3101 quod·
2356 3060 2550 3090 necessitatis
2569 3060 2641 3090 arti-

1579 3107 1652 3138 culo
1676 3116 1744 3137 non
1768 3111 1913 3137 arctatur.

1633 3151 1703 3181 Nec
1725 3151 1826 3187 verba>
1842 3150 1995 3186 Auctoris
2022 3150 2079 3184 hic
2098 3149 2222 3184 docent·
2248 3149 2452 3189 oppositqu
2486 3148 2642 3188 quoniam

1578 3195 1734 3235 baptismi,
1743 3194 1874 3234 effectus
1889 3194 2013 3234 plenus<
2019 3193 2198 3237 impeditus:>
2207 3202 2249 3229 011
2263 3198 2398 3233 peccato
2413 3192 2539 3231 veniali.
2564 3192 2643 3229 Peer.

1580 3248 1654 3274 cans
1678 3239 1764 3268 enim
1787 3237 1953 3278 1001311101ι
1979 3237 2057 3277 dum
2084 3237 2277 3278 baptizatur,
2304 3246 2366 3274 nec
2389 3236 2499 3274 omnis
2516 3245 2643 3277 poenae

1578 3291 1638 3312 nec
1658 3283 1763 3312 omnis
1779 3282 1893 3323 culpae
1907 3282 2129 3322 remissionem
2144 3280 2336 3329 adipiscitur,
2350 3281 2494 3323 quamvis
2510 3281 2642 3321 gratiam

1580 3332 1803 3366 consequatur.

1634 3370 1745 3401 Posset
1768 3369 1979 3410 quoquedici
2003 3368 2093 3410 quod
2110 3369 2236 3400 Auctor-
2250 3368 2290 3400 de
2305 3369 2593 3409 praesumentibus,
2610 3374 2643 3399 et:

2664 890 2675 901 ⁸
2689 888 2724 911 Cf.
2741 894 2792 911 can.
2802 888 2842 911 eit.
2853 888 2878 911 111

2664 921 2770 944 corpore.

2915 1214 2918 1225 -
2911 907 2918 1182 n........-...-....——...„
2917 865 2918 868 „
