2918 4088
46 1885 192 1916 “Arh7
190 1885 292 1914 2—Com
313 1901 319 1906 .

75 1915 279 1938 mmai.

998 239 1260 286 QUAESTIO
1289 239 1359 275 LX
1368 266 1378 285 ‚
1407 237 1698 275 ARTICULUS
1726 239 1806 275 VIII
2449 239 2492 276 13

317 329 397 354 non
425 317 535 366 quasi
553 329 699 354 nomen
727 318 866 355 Beatae
884 317 1048 365 Virginis
1076 316 1219 365 aliquid
1246 327 1379 364 opere-

316 377 379 407 tur
405 369 444 406 in
472 370 685 419 baptismo,
716 370 783 407 sed
811 378 852 406 ut
889 370 970 406 eius
1007 368 1225 406 intercessio
1261 367 1380 416 prosit

316 422 505 471 baptizato
526 423 576 459 ad
595 423 900 459 conservandam
918 421 1074 471 gratiam
1100 420 1378 470 baptismalem,

317 486 398 511 non
425 474 566 511 tollitur
591 475 772 524 perfectio
798 473 1036 518 sacramenti.

371 528 428 564 An
457 539 591 564 prunum
610 539 708 564 ERGO
733 539 914 564 Dici-:noum
940 527 1047 575 quod
1066 525 1192 562 verbis
1211 532 1227 546 ²
1251 536 1379 561 sacrae

318 579 534 628 Scripturae
563 592 643 616 non
671 580 755 617 licet
781 579 925 628 aliquid
959 589 1155 627 apponere
1190 584 1380 626 quantum

317 632 365 669 ad
394 644 570 669 sensum:
600 633 668 669 sed
705 639 896 681 quantum
929 631 978 667 ad
1014 629 1294 679 expositionem
1322 641 1380 665 sa-

318 696 403 721 crae
424 684 652 734 Scripturae,
672 685 793 721 multa
819 683 938 720 verba
957 682 1010 719 eis
1030 695 1052 719 a
1074 681 1295 720 doctoribus
1314 693 1380 730 ap-

317 745 527 786 ponuntur.
557 738 650 774 Non
677 744 807 773 tamen
834 735 919 772 licet
946 735 1062 772 etiam
1098 736 1218 771 verba
1253 746 1380 771 sacrae

318 789 534 838 Scripturae
572 800 767 839 apponere
795 787 845 825 ita
871 788 979 836 quod
1013 787 1189 824 dicantur
1222 799 1304 823 esse
1332 787 1380 823 de

317 841 524 890 integritate
552 853 680 878 sacrae
709 840 943 889 Scripturae:
974 839 1066 888 quia
1091 841 1168 877 hoc
1201 847 1299 877 esset
1325 839 1380 876 vi-

316 893 414 932 tium
440 893 616 934 falsitatis.
645 894 694 931 Et
712 892 882 931 similiter
906 892 937 930 si
964 892 1050 941 quis
1069 892 1210 930 diceret
1237 891 1380 941 aliquid

318 958 400 983 esse
428 946 476 983 de
504 945 726 983 necessitate
753 945 900 996 formae
928 945 1035 994 quod
1064 957 1144 982 non
1172 952 1238 982 est.

370 999 428 1043 Ao
457 1010 647 1037 sacunnun
684 1010 866 1036 memnon
903 998 1011 1046 quod
1038 997 1157 1035 verba
1192 997 1383 1047 pertinent

317 1051 366 1088 ad
394 1051 559 1088 formam
587 1051 814 1088 sacramenti
842 1049 987 1087 ratione
1010 1062 1144 1088 sensus
1172 1049 1381 1098 significati.

1433 327 1579 351 vocum
1597 313 1611 336 λ
1639 327 1738 363 quae
1768 327 1847 351 non
1876 315 1990 351 addat
2018 316 2161 364 aliquid
2198 325 2262 353 aut
2299 318 2494 355 subtrahat

1433 366 1562 404 debito
1590 367 1730 412 sensui,
1751 379 1831 403 non
1858 367 2000 404 tollitur
2027 368 2171 416 species
2204 370 2439 406 sacramenti.

1486 420 1543 455 AD
1570 431 1729 456 TERTmM
1756 431 1936 456 D1CENDUM
1966 421 2084 468 quod,
2112 420 2142 456 si
2171 421 2215 456 sit
2249 429 2350 458 tanta
2382 422 2492 458 inter-

1433 471 1560 520 ruptio
1588 471 1800 509 verbomm
1818 472 1926 520 quod
1953 471 2210 521 intercipiatur
2230 473 2386 510 intentio
2405 487 2491 523 pro-

1434 523 1654 569 nuntiantis,
1675 523 1817 560 tollitur
1836 536 1970 560 sensus
1990 525 2224 571 sacramenti,
2245 533 2281 562 et
2308 538 2377 574 per
2403 539 2492 563 con—

1434 587 1599 625 sequens
1625 575 1763 612 veritas
1782 576 1875 613 eius.
1904 577 1996 613 Non
2024 585 2154 614 autem
2172 577 2314 614 tollitur
2335 580 2491 626 quando

1434 636 1489 665 est
1507 640 1627 677 parva
1654 628 1877 677 interruptio
1901 629 2124 677 proferentis
2142 636 2171 677 μ,
2192 642 2290 678 quae
2319 630 2492 668 intentio-

1434 693 1525 718 nem
1554 689 1590 718 et
1617 681 1849 718 intellectum
1878 693 1958 718 non
1986 682 2116 718 aufert.

1487 735 1535 770 Et
1554 733 1658 770 idern
1686 733 1800 770 etiam
1829 734 2036 770 dicendum
2062 742 2117 771 est
2135 735 2182 771 de
2202 735 2491 783 transpositione

1434 786 1656 823 verborum.
1687 786 1800 833 Quia,
1822 786 1852 822 si
1875 786 1969 823 tollit
1996 799 2153 824 sensum
2180 787 2392 834 locutionis,
2412 800 2492 825 non

1434 838 1630 887 perficitur
1657 846 1958 876 sacramentum:
1988 839 2084 875 sicut
2106 847 2207 888 patet
2225 840 2273 876 de
2292 839 2491 888 negatione

1434 891 1652 940 praeposita
1670 893 1731 928 vel
1749 891 1960 941 postposita
1988 891 2106 940 signo.
2137 892 2177 929 Si
2196 899 2325 928 autem
2348 892 2393 929 sit
2411 893 2492 929 talis

1435 943 1678 993 transpositio
1706 955 1806 992 quae
1834 956 1991 981 sensum
2025 943 2227 982 locutionis
2255 957 2334 982 non
2362 945 2490 991 variat,

1436 1009 1516 1033 non
1543 996 1686 1034 tollitur
1711 996 1850 1033 veritas
1868 997 2113 1034 sacramenti:
2143 997 2358 1034 secundum
2386 999 2492 1046 quod

1437 1049 1696 1098 Philosophus
1720 1049 1808 1086 dicit
1825 1049 1846 1071 *
1865 1050 1971 1098 quod
1990 1055 2001 1071 *⁶
2021 1052 2174 1088 nomina
2193 1056 2226 1087 et
2242 1052 2356 1088 verba
2374 1056 2492 1087 trans-

318 1104 367 1140 Et
393 1103 493 1151 ideo,
514 1115 786 1153 quaecumque
814 1103 881 1140 fiat
908 1102 1051 1140 additio
1078 1104 1141 1140 vel
1177 1102 1383 1139 subtractio
1431 1104 1553 1151 posita
1581 1102 1677 1139 idem
1704 1103 1927 1152 significant.

370 1215 396 1249 ιι)
414 1216 510 1241 ver-1713.
528 1230 547 1234 -
564 1216 671 1241 verbum
691 1216 721 1246 E,
741 1216 820 1241 verba
839 1216 900 1248 IpH,
919 1216 957 1241 ad
976 1217 1056 1241 verba
1075 1217 1207 1242 editiones.

368 1250 397 1285 λ)
416 1258 518 1276 vocum.
535 1265 554 1270 -
572 1251 714 1276 verborum
733 1251 806 1276 tertia
824 1257 926 1283 praeter
945 1252 963 1277 1.

1487 1215 1516 1250 μ.)
1531 1216 1705 1248 proferentis.
1722 1230 1742 1234 -
1759 1215 1824 1241 Post
1842 1216 2013 1241 intentionem
2036 1222 2135 1248 ponunt
2153 1217 2231 1242 PlsG.
2253 1217 2315 1242 Post
2333 1217 2491 1242 intellectum

1435 1252 1443 1275 l
1463 1257 1488 1276 et
1507 1251 1632 1275 editiones
1651 1251 1748 1276 addunt
1766 1251 1915 1276 verborum.

1486 1286 1510 1320 ν)
1529 1286 1702 1312 secundum...
1719 1286 1786 1311 d1'c1't
1802 1286 1884 1318 quod.
1899 1300 1919 1306 -
1937 1286 1999 1318 quia
2017 1286 2187 1312 secundum...
2206 1287 2271 1312 dicit
2289 1287 2317 1312 P.

996 1365 1332 1398 Commentariun
1352 1365 1607 1398 Cardinalis
1628 1365 1831 1398 Caietani

378 1456 486 1478 nunus
518 1446 630 1476 clarus.
653 1463 677 1467 -
706 1445 743 1476 In
774 1454 910 1484 corpore
941 1445 1001 1475 tria
1033 1444 1134 1475 fiunt:
1167 1445 1292 1484 primo,
1319 1454 1379 1484 po-

378 1495 499 1521 nuntur
522 1489 604 1520 duae
632 1489 912 1520 communissimae
935 1488 1063 1528 regulae
1089 1489 1170 1518 circa
1195 1487 1381 1519 huiusmodi

297 1572 299 1577 ,
318 1534 503 1570 varietates;
527 1532 681 1569 secundo,
705 1531 908 1563 descenditur
933 1532 1110 1572 specialiter
1134 1532 1173 1562 ad
1196 1532 1382 1562 diminutioss

312 1586 395 1609 nem
418 1583 450 1608 et
472 1577 688 1613 additionem3
721 1577 826 1612 tertio,
849 1581 998 1606 movetur
1028 1575 1185 1616 quaedam
1214 1575 1380 1606 difficultas

313 1627 403 1653 mea
427 1620 640 1657 additionem,
663 1625 695 1651 et
717 1620 860 1650 solvitur.
894 1620 999 1650 Prima
1031 1619 1140 1659 regula
1167 1628 1202 1650 se
1228 1625 1316 1650 tenet
1343 1628 1382 1649 ex

315 1670 411 1707 porte
420 1665 608 1699 mtentionis
623 1664 828 1695 ministrantis
843 1668 1126 1694 sacramentum-
1142 1662 1290 1694 Secunda
1303 1672 1380 1694 vero

318 1718 354 1740 se
367 1713 456 1740 tenet
474 1718 512 1739 ex
527 1714 616 1748 parte
639 1707 880 1748 significationis
902 1707 1084 1738 verborum,
1108 1706 1208 1745 Quod
1230 1707 1381 1748 intellige,

317 1761 390 1785 non
418 1752 598 1784 secundum
630 1761 673 1788 se,
698 1751 754 1783 sed
780 1751 815 1782 in
842 1750 955 1782 ordine
983 1749 1023 1781 ad
1049 1756 1150 1781 totam
1183 1752 1380 1782 orationem:

314 1787 448 1838 oportet
462 1797 549 1827 enim
563 1796 680 1827 mutari
702 1804 831 1826 sensum
853 1794 954 1835 ipsius
977 1794 1139 1831 orationis,
1157 1804 1239 1836 quae
1255 1800 1302 1825 est
1317 1794 1382 1825 for-

317 1845 374 1873 na·
393 1839 595 1880 ammenti,
615 1838 656 1870 ad
685 1839 750 1870 hoc
782 1844 819 1870 ut
849 1843 1083 1870 sacramentum
1114 1839 1155 1869 sit
1185 1839 1322 1875 nullum,
1346 1845 1383 1870 nt

317 1884 518 1927 pnedictum
539 1889 589 1915 est
602 1885 632 1914 “.
653 1884 748 1914 -De
771 1883 986 1914 diminutione
1011 1888 1126 1913 autem
1142 1888 1198 1914 aut
1219 1882 1382 1914 additione

314 1929 355 1968 ιζῐι
376 1929 506 1970 speciali
527 1929 563 1961 in
582 1928 716 1968 singulis
742 1928 956 1964 sacramentis,
979 1936 1084 1958 sermo
1109 1928 1168 1959 erit
1188 1928 1223 1958 in
1245 1928 1382 1968 propriis

313 1973 410 2014 Iocis.
433 1973 508 2005 Hic
519 1973 554 2003 in
577 1972 745 2004 communi
768 1977 815 2003 est
837 1981 953 2003 sermo.

373 2014 413 2048 11.
434 2014 500 2048 Ubi
531 2021 619 2053 nota,
642 2025 702 2057 pro
735 2015 896 2047 solutione
928 2014 1119 2046 difficultatis
1151 2020 1268 2051 motae,
1293 2014 1383 2056 quod

316 2051 440 2093 additio
464 2059 504 2091 ad
525 2059 674 2096 formam,
698 2060 780 2091 ultra
810 2059 892 2091 duos
919 2058 1036 2090 modos
1063 2059 1120 2100 qui
1142 2058 1176 2089 in
1199 2059 1300 2089 littera
1323 2068 1382 2100 po-

318 2110 450 2142 nuntur,
473 2104 595 2136 scilieet
616 2104 667 2135 vel
690 2109 843 2144 tanquam
872 2103 992 2144 aliquid
1021 2104 1229 2134 intrinsecum
1256 2101 1295 2133 ad
1317 2101 1383 2133 for-

314 2156 410 2180 mam
429 2149 483 2180 vel
503 2154 658 2189 tanquam
681 2149 904 2184 extrinsecum,
927 2148 1038 2179 tertius
1065 2147 1225 2178 invenitur
1247 2147 1382 2178 omnino

1433 1454 1491 1484 per
1505 1444 1662 1480 accidens,
1680 1444 1810 1484 quando
1834 1445 1955 1476 scilicet
1973 1445 2186 1485 interponitur
2201 1445 2333 1486 aliquod
2348 1447 2491 1482 verbum,

1433 1498 1502 1518 non
1524 1493 1560 1518 ut
1583 1489 1622 1518 sit
1645 1487 1764 1529 aliquid
1796 1489 2003 1519 intrinsecum
2026 1489 2077 1519 vel
2105 1488 2250 1519 adiacens
2282 1489 2493 1527 formae„sed

1434 1533 1641 1572 impertinens
1671 1533 1805 1563 omnino
1828 1533 2026 1572 interpositio
2051 1531 2090 1562 ad
2113 1532 2198 1563 aliud
2221 1534 2423 1574 propositum
2446 1533 2492 1565 di-

1435 1576 1516 1605 citur
1537 1576 1690 1605 verbum:
1724 1581 1760 1606 ut
1782 1577 1808 1606 si
1831 1576 1912 1606 inter
1941 1575 2178 1616 bapfizandum‚
2202 1582 2375 1617 postquam
2398 1577 2491 1614 dixit,

1434 1619 1508 1659 Ego
1539 1624 1571 1649 te
1598 1619 1742 1659 baptizo,
1767 1619 1850 1649 dicat
1881 1619 1992 1655 alicui,
2016 1620 2138 1650 Recede
2168 1619 2261 1656 hinc,
2285 1630 2343 1652 seu
2367 1621 2493 1661 aliquid

1435 1662 1604 1698 eiusmodi,
1629 1668 1660 1693 et
1682 1668 1907 1703 prosequatur,
1933 1663 1965 1696 in
1990 1663 2118 1694 nomine
2140 1664 2248 1694 Patris
2270 1669 2301 1694 et
2321 1665 2415 1701 Filii,
2433 1671 2492 1696 etc.

1435 1706 1509 1737 Hoc
1533 1706 1619 1737 enim
1641 1715 1710 1737 non
1733 1711 1780 1737 est
1801 1707 1930 1746 proprie
1953 1706 2068 1737 addere
2091 1706 2130 1737 ad
2152 1708 2253 1741 verba,
2267 1707 2410 1741 formae:
2438 1709 2493 1740 sed

1434 1750 1638 1791 interponere
1653 1750 1748 1780 verba
1760 1747 2025 1790 vinterrumpendo
2042 1748 2188 1781 formam.
2212 1750 2321 1782 Potest
2336 1751 2493 1792 siquidem

1435 1793 1624 1834 interruptio
1648 1793 1687 1824 de
1711 1802 1774 1834 qua
1796 1794 1830 1824 in
1852 1793 2063 1845 responsione
2085 1793 2124 1824 ad
2146 1795 2275 1825 tertium
2305 1800 2352 1826 est
2377 1804 2492 1832 sermo,

1433 1837 1603 1878 dupliciter
1623 1835 1710 1868 fieri:
1734 1837 1797 1868 vel
1801 1838 1869 1868 sine
1890 1838 2133 1878 interpositione
2154 1838 2336 1886 verborum,
2351 1839 2403 1870 vel
2419 1849 2494 1870 cum

1434 1882 1678 1922 interpositione
1698 1882 1880 1912 verborum.

1501 1926 1643 1966 Utraque
1666 1931 1773 1956 autem
1796 1926 1984 1966 interruptio
2001 1935 2069 1956 non
2085 1925 2179 1956 debet
2196 1936 2269 1961 ‚esse
2291 1932 2378 1959 tanta
2393 1927 2492 1967 quod,

1435 1971 1522 2000 iuxta
1544 1979 1753 2001 communem
1778 1979 1904 2000 morem
1932 1970 2112 2006 hominum,
2137 1970 2328 2001 continuitas
2355 1971 2494 2002 solvatur

1435 2014 1598 2045 orationis.
1615 2014 1649 2045 Si
1665 2015 1761 2051 enim,
1776 2019 1949 2055 postquam
1965 2014 2107 2044 minister
2122 2012 2208 2050 dixit,
2223 2013 2298 2056 Ego
2315 2019 2344 2044 te
2358 2014 2492 2056 baptizo,

1435 2059 1495 2089 iret
1524 2067 1686 2098 pransum,
1714 2063 1746 2088 et
1773 2063 1886 2104 postea
1917 2057 2075 2094 subderet,
2103 2057 2135 2088 in
2169 2059 2298 2089 nomine
2326 2058 2435 2089 Patris
2464 2065 2495 2089 et

1435 2102 1528 2138 Filii,
1552 2107 1632 2132 etc.:
1657 2102 1723 2133 sive
1744 2102 1871 2133 interim
1900 2102 2049 2132 tacuisset
2079 2102 2144 2132 sive
2175 2110 2257 2138 non,
2286 2102 2390 2133 soluta
2413 2109 2493 2134 esset

1437 2147 1588 2177 orationis
1604 2146 1726 2177 unitas.

2598 971 2716 997 iHerm,

2520 1003 2612 1045 ἓῖξιίἑ
2624 1004 2658 1046 ’ἑο
2662 1004 2716 1046 {3112ss

2520 1050 2544 1071 S.
2563 1049 2607 1071 Th.
2627 1051 2665 1072 lib.
2688 1051 2716 1077 11,

2520 1076 2610 1098 lect.1v
