2918 4088
201 486 213 498 ·
226 485 292 507 Vers.
309 492 343 513 ¹4,
360 486 393 508 ιθ.

201 1783 416 1842 {ilidiniff‘cigliiii

202 1837 297 1895 ἕζίἓᾱ.
306 1843 417 1885 xalta}

202 1890 282 1917 ahud,
305 1890 334 1911 de
354 1889 415 1911 Con-

202 1923 270 1943 secr„
291 1916 344 1939 dist.
359 1916 399 1938 IV.

201 2101 211 2111 ·
226 2099 291 2122 Vers.
309 2105 340 2122 η.

202 2152 237 2174 'In
242 2151 412 2180 Ioan.Evang.,

201 2183 265 2200 tract.
281 2178 371 2200 LXXII.

446 197 516 222 110

442 264 636 302 derivatur
663 267 711 303 ad
739 267 916 304 membra
944 279 1077 304 sensus
1106 276 1142 305 et
1162 276 1303 311 motus,
1333 267 1383 304 ita
1402 279 1425 304 a
1443 279 1502 303 ca-

441 318 518 367 pite
548 318 750 369 spirituali,
788 321 894 369 quod
923 329 977 357 est
1007 320 1199 367 Christus,
1234 320 1428 357 derivatur
1455 320 1503 356 ad

441 373 623 409 membra·
650 373 731 410 eius
758 385 893 410 sensus
921 373 1140 423 spiritualis,
1174 373 1241 422 qui
1269 372 1437 410 consistit
1464 373 1503 409 in

442 425 657 473 cognitione
684 425 861 474 veritatis,
891 434 926 463 et
954 435 1083 463 motus
1112 426 1325 475 spiritualis,
1354 426 1421 475 qui
1450 434 1504 462 est

441 489 511 527 per
529 478 668 527 gratiae
688 479 919 516 instinctum.
943 480 1053 517 Unde
1074 481 1176 516 Ioan.
1193 478 1237 516 ι*
1256 478 1409 516 dicitur:
1447 480 1503 516 Vi-

442 531 562 568 dimus
589 545 673 569 eum
695 533 850 582 plenum
878 534 1026 582 gratiae
1053 538 1086 569 et
1104 533 1283 569 veritatis:
1310 537 1343 568 et
1362 532 1407 568 de
1423 532 1503 581 ple-

443 585 606 622 nitudine
640 587 716 623 eius
744 598 871 623 omnes
905 587 1124 635 accepimus.
1168 586 1216 622 Et
1248 584 1336 621 ideo
1371 596 1503 621 conse-

443 649 566 686 quens
595 646 649 675 est
677 640 784 687 quod
812 638 989 688 baptizati
1018 638 1280 675 illuminentur
1308 650 1330 674 a
1352 637 1503 674 Christo

442 690 542 727 circa
576 691 834 739 cognitionem
874 691 1061 738 veritatis,
1092 699 1128 727 et
1162 691 1415 731 fecundentur
1455 690 1503 727 ab

442 755 489 780 eo
517 743 744 781 fecunditate
772 745 965 782 bonorum
996 756 1161 793 operum
1188 755 1258 792 per
1284 743 1423 791 gratiae
1447 743 1503 780 in-

441 795 645 834 fusionem.
785 827 790 830 .

495 850 552 886 AD
582 862 716 888 PR1M1JM
751 863 849 888 ERGO
887 862 1068 887 DICENDUM
1103 850 1210 898 quod
1243 848 1360 886 adulti
1397 848 1504 898 prius

442 902 639 939 credentes
666 903 705 940 in
735 903 931 941 Christum
960 911 1048 939 sunt
1076 902 1110 939 ei
1138 902 1369 951 incorporati
1397 914 1504 939 men-

442 954 572 992 taliter.
613 956 689 993 Sed
716 957 986 1005 postmodum,
1016 967 1106 992 cum
1134 955 1376 1004 baptizantur
1394 960 1418 1001 ⁶,
1448 954 1503 991 in-

1112 189 1376 236 QUAESTIO
1404 189 1544 235 LXIX,
1578 187 1870 225 ARTICULUS
1898 189 1947 225 VI

1558 274 1810 316 corporantur
1838 265 1871 303 ei
1891 266 2186 315 quodammodo
2206 267 2460 316 corporaliter,
2481 268 2619 306 scilicet

1557 332 1626 369 per
1654 319 1799 356 visibile
1832 326 2133 356 sacramentum:
2171 319 2251 357 sine
2280 319 2389 357 cuius
2420 321 2617 371 proposito

1558 385 1630 409 nec
1657 372 1871 409 mentaliter
1898 371 2134 421 incorporari
2161 373 2384 421 potuissent.
2531 401 2534 404 Α

1611 427 1668 462 AD
1697 437 1885 463 schNDUM
1912 437 2093 462 mcaNDUM
2130 425 2238 474 quod
2265 426 2399 463 doctor
2433 426 2620 464 illuminat

1559 478 1722 515 exterius
1749 490 1818 528 per
1836 477 2091 515 ministerium
2110 477 2397 515 catechizando:
2427 480 2494 516 sed
2513 480 2620 516 Deus

1559 531 1746 568 illuminat
1783 530 1938 568 interius
1973 530 2199 580 baptizatos,
2234 543 2467 580 praeparans
2503 532 2621 570 corda

1559 596 1697 621 eorum
1725 585 1773 621 ad
1811 583 2071 633 recipiendam
2107 583 2323 620 doctrinam
2349 584 2534 632 veritatis,
2563 597 2620 622 se—

1559 637 1733 674 cundum
1752 637 1844 674 illud
1864 638 1966 674 Ioan.
1987 649 2020 674 VI
2035 636 2070 674 ²¹⁶:
2092 638 2277 687 Scriptum
2297 643 2347 674 est
2366 639 2403 674 in
2418 638 2620 687 prophetis,

1557 692 1678 727 Erunt
1706 702 1833 727 omnes
1860 690 2032 727 docibiles
2057 691 2140 726 Dei.

1611 744 1668 780 AD
1700 755 1859 780 Tannum
1890 755 2072 780 DICENDUM
2104 742 2212 792 quod
2250 743 2408 780 effectus
2441 742 2622 792 baptismi

1557 795 1715 845 ponitur
1753 795 1964 832 fecunditas
2006 808 2083 845 qua
2124 795 2259 845 aliquis
2299 795 2478 845 producit
2518 796 2622 834 bona

1559 861 1697 897 opera:
1727 860 1808 885 non
1829 856 1959 885 autem
1986 848 2196 886 fecunditas
2216 861 2293 898 qua
2313 849 2449 898 aliquis
2467 856 2623 897 generat

1559 901 1652 938 alios
1680 901 1719 938 in
1746 901 1908 948 Christo,
1929 901 2026 939 sicut
2044 903 2252 951 Apostolus
2278 902 2379 949 dicit,
2399 903 2414 939 I
2437 903 2524 939 Cor.
2541 902 2621 948 1v*,

1557 956 1605 991 In
1638 956 1782 992 Christo
1814 956 1898 991 Iesu
1930 967 2003 1004 per
2030 956 2266 1005 evangelium
2299 967 2370 1005 ego
2402 967 2468 993 vos
2493 957 2619 1005 genui.

494 1084 516 1118 ε)
534 1085 583 1110 sed
597 1086 776 1117 postmodum,
790 1093 850 1111 cum
869 1087 1049 1119 baptizantur.
1066 1100 1085 1104 -
1103 1085 1204 1116 Tertia;
1224 1086 1271 1111 sed
1288 1086 1312 1111 si
1326 1085 1498 1118 postmodum
1516 1092 1576 1110 cum
1596 1085 1768 1118 baptizantur
1786 1079 1903 1119 Assc'plz
1917 1086 1972 1111 Sed
1986 1087 2158 1118 postmodum
2177 1094 2236 1112 cum
2256 1087 2425 1120 baptizentur
2443 1085 2623 1121 (baptizaren-

440 1124 486 1145 tur
504 1119 536 1154 E)
555 1121 624 1151 EsD,
644 1121 698 1145 Sed
715 1122 740 1146 si
753 1122 926 1153 postmodum
947 1122 1114 1153 baptizentur
1133 1122 1180 1147 Fa.

1253 1286 1572 1328 ARTICULUS
1602 1286 1815 1328 SEXTUS

757 1390 913 1421 UTRUM
937 1389 1064 1420 PUERI
1083 1388 1132 1419 ,ΙΝ
1156 1387 1374 1419 BAPTISMO
1399 1388 1758 1426 CONSEQUANTUR
1782 1388 1982 1419 GRATIAM
2005 1390 2064 1420 ET
2086 1390 2304 1421 vmru'rEs

971 1477 1003 1502 11²
1023 1477 1080 1508 11²⁹,
1099 1485 1144 1510 qu.
1162 1484 1238 1507 nvn,
1258 1482 1304 1502 art.
1325 1484 1366 1508 14.
1385 1477 1417 1501 ad
1438 1476 1468 1508 35
1488 1476 1521 1501 IV
1540 1476 1629 1506 Sem„
1648 1476 1707 1501 dist.
1726 1484 1759 1508 xv,
1779 1484 1824 1509 qu.
1842 1484 1870 1507 11,
1889 1482 1936 1501 art.
1957 1484 1980 1507 2,
1999 1477 2049 1510 qu*
2066 1484 2089 1503 1.

476 1602 500 1619 s,
558 1591 607 1619 ‚as
652 1580 674 1604 D
703 1578 845 1604 saxrum
874 1578 925 1603 Sic
951 1577 1187 1603 PROCEDITUR.
1217 1565 1378 1602 Videtur
1397 1565 1504 1614 quod

489 1619 514 1641 '⁴
652 1620 764 1670 pueri
797 1619 838 1656 in
872 1619 1064 1668 baptismo
1101 1631 1181 1655 non
1220 1626 1505 1668 consequantur

487 1671 497 1685 ''
514 1690 571 1714 vs
634 1671 812 1722 gratiam
841 1680 877 1709 et
903 1672 1072 1709 virtutes.
1103 1671 1233 1709 Gratia
1253 1671 1356 1709 enim
1376 1679 1412 1708 et
1430 1671 1504 1708 vir-

475 1703 617 1754 ³2«.

496 1742 536 1756 χ,

540 1728 557 1740 Οἱ

546 1720 594 1761 233)
608 1719 751 1763 Ktutes
770 1738 850 1762 non
869 1726 1060 1762 habentur
1088 1724 1168 1762 sine
1187 1724 1265 1762 fide
1286 1732 1322 1761 et
1341 1725 1502 1762 caritate.

443 1779 519 1817 Sed
536 1780 648 1828 fides,
678 1787 719 1816 ut
747 1778 983 1828 Augustinus
1012 1777 1100 1815 dicit
1118 1778 1148 1825 ²¹²,
1178 1780 1336 1815 consistit
1364 1780 1400 1815 in
1425 1790 1505 1815 cre-

442 1833 604 1870 dentium
633 1833 836 1879 voluntate,
866 1840 902 1868 et
930 1831 1099 1868 similiter
1119 1830 1233 1868 etiam
1253 1830 1386 1868 caritas
1414 1843 1504 1868 con-

443 1885 535 1923 sistit
562 1886 601 1922 in
630 1885 867 1934 diligentium
886 1886 1099 1922 voluntate:
1130 1884 1240 1922 cuius
1258 1896 1375 1921 usum
1394 1883 1505 1933 pueri

442 1951 523 1976 non
552 1939 709 1985 habent,
740 1946 775 1975 et
803 1938 856 1975 sic
884 1950 964 1975 non
992 1938 1135 1974 habent
1162 1937 1282 1974 fidem
1311 1945 1347 1974 et
1375 1937 1505 1974 carita-

441 2000 531 2029 tem.
562 1993 663 2040 Ergo
692 1991 802 2040 pueri
829 1991 868 2028 in
890 1990 1082 2040 baptismo
1111 2002 1191 2027 non
1211 1989 1399 2040 recipiunt
1426 2002 1505 2039 gra-

440 2044 533 2082 tiam
562 2053 598 2082 et
625 2044 793 2081 virtutes.

497 2109 530 2134 2.
561 2099 794 2143 PRAETEREA,
823 2109 939 2146 super
966 2096 1059 2134 illud
1087 2098 1190 2134 Ioan.
1211 2109 1270 2134 xlv
1288 2096 1319 2142 ²¹³,
1348 2097 1505 2134 Maiora

439 2152 574 2188 horum
584 2152 714 2199 faciet,
735 2150 824 2187 dicit
843 2150 1078 2198 Augustinus
1092 2150 1112 2172 ’¹‘
1131 2150 1238 2199 quod
1256 2156 1299 2189 ut
1318 2162 1364 2186 ex
1384 2148 1504 2198 impio

440 2203 562 2241 iustus
589 2203 666 2250 fiat,
697 2206 733 2240 in
764 2204 838 2250 illo,
866 2204 932 2240 sed
958 2216 1031 2240 non
1053 2205 1133 2240 sine
1151 2204 1213 2240 illo
1237 2203 1401 2239 Christus
1420 2214 1504 2252 ope-

440 2263 556 2294 ratur.
601 2257 677 2295 Sed
705 2269 820 2306 puer,
854 2268 945 2293 cum
978 2269 1058 2293 non
1086 2257 1226 2294 habeat
1252 2268 1370 2292 usum
1398 2255 1505 2292 liberi

440 2310 592 2356 arbitrii,
618 2322 699 2347 non
727 2317 957 2359 cooperatur
985 2310 1137 2346 Christo
1166 2310 1214 2346 ad
1243 2321 1355 2346 suam
1374 2308 1504 2345 iustifi-

440 2363 649 2401 cationem:
679 2363 802 2400 immo
831 2363 1068 2412 quandoque
1095 2375 1167 2412 pro
1186 2374 1300 2412 posse
1320 2361 1502 2399 renititur.

441 2417 543 2465 Ergo
571 2429 652 2453 non
680 2415 905 2453 iustificatur
931 2428 1001 2465 per
1028 2416 1187 2464 gratiam
1215 2423 1251 2452 et
1278 2414 1447 2452 virtutes

497 2469 530 2506 3.
560 2470 798 2516 PRAETEREA,
827 2470 938 2506 Rom.
959 2481 994 2506 1v
1012 2468 1032 2490 ³¹²
1060 2468 1213 2506 dicitur:
1247 2470 1297 2505 Ei
1332 2470 1395 2518 qui
1427 2480 1502 2505 non

441 2529 628 2572 operatur,
657 2522 821 2559 credenti
847 2527 969 2559 autem
997 2523 1034 2558 in
1055 2534 1139 2559 eum
1168 2523 1231 2571 qui
1248 2523 1418 2570 iustificat
1436 2522 1503 2558 im-

435 2577 564 2625 pium,
598 2576 825 2625 reputabitur
839 2575 941 2623 fides
969 2577 1045 2612 eius
1072 2576 1123 2612 ad
1149 2576 1340 2620 iustitiam,
1374 2586 1503 2611 secun-

441 2629 528 2666 dum
550 2630 782 2678 propositum
810 2629 957 2678 gratiae
983 2629 1065 2665 Dei.
1110 2628 1185 2665 Sed
1215 2639 1313 2677 puer
1340 2639 1420 2664 non
1449 2635 1504 2664 est

440 2682 592 2719 credens
620 2683 657 2718 in
686 2693 770 2718 eum
799 2683 863 2730 qui
887 2683 1056 2729 iustificat
1083 2683 1249 2731 impium.
1292 2681 1394 2728 Ergo
1423 2692 1503 2718 non

440 2734 688 2783 consequitur
712 2734 871 2782 gratiam
890 2733 1159 2771 iustificantem
1187 2745 1314 2782 neque
1332 2734 1502 2770 virtutes.

430 2807 432 2809 ·
493 2800 529 2835 4.
551 2789 783 2834 PRAETEREA,
799 2787 906 2836 quod
926 2799 972 2824 ex
987 2787 1127 2824 carnali
1142 2786 1351 2824 intentione
1370 2787 1502 2835 agitur,

440 2853 520 2878 non
553 2840 705 2877 videtur
742 2840 884 2877 habere
920 2839 1154 2889 spiritualem
1190 2840 1382 2877 effectum.
1427 2840 1503 2878 Sed

440 2894 676 2943 quandoque
705 2893 815 2943 pueri
843 2893 891 2931 ad
920 2893 1158 2942 baptismum
1186 2893 1408 2930 deferuntur
1426 2905 1503 2930 car-

440 2947 515 2984 nali
543 2947 768 2992 intentione,
798 2954 840 2983 ut
868 2946 1007 2983 scilicet
1035 2946 1282 2995 corporaliter
1309 2954 1501 2983 sanentur.

438 3001 531 3037 Non
551 3012 640 3048 ergo
661 3007 952 3049 consequuntur
971 2999 1206 3049 spiritualem
1221 2999 1403 3036 effectum
1421 3011 1503 3048 gra-

438 3053 511 3089 tiae
540 3061 576 3089 et
603 3053 800 3089 virtutum.

494 3106 566 3142 SED
597 3117 740 3142 CONTRA
761 3118 826 3142 EST
855 3106 962 3155 quod
990 3105 1227 3154 Augustinus
1247 3105 1346 3153 dicit,
1367 3105 1406 3142 in
1425 3107 1501 3142 En-

440 3159 568 3195 chirid.
589 3158 625 3194 *ε
662 3159 818 3195 Parvuli
844 3159 1072 3195 renascendo
1099 3160 1312 3195 moriuntur
1339 3159 1394 3195 illi
1413 3170 1501 3207 pec-

439 3217 521 3248 cato
551 3211 649 3260 quod
675 3212 859 3248 nascendo
887 3217 1176 3248 contraxerunt.-
1204 3217 1237 3248 et
1258 3223 1331 3260 per
1357 3212 1428 3248 hoc
1454 3211 1505 3248 ad

441 3263 521 3300 illos
548 3265 658 3300 etiam
681 3265 839 3312 pertinet
867 3264 966 3313 quod
991 3264 1135 3310 dicitur,
1168 3278 1187 3297 «
1213 3264 1427 3313 Consepulti
1442 3276 1501 3300 su-

440 3328 522 3353 mus
549 3328 633 3353 cum
654 3316 715 3353 illo
733 3328 806 3365 per
824 3318 1044 3365 baptismum
1064 3318 1101 3352 in
1121 3322 1291 3362 mortem,
1312 3315 1503 3363 (subditur

441 3369 585 3417 autem)
621 3374 676 3415 ut,
707 3369 889 3418 quomodo
925 3370 1127 3405 resurrexit
1159 3370 1323 3405 Christus
1350 3381 1374 3405 a
1401 3381 1502 3405 mor-

440 3424 509 3458 tuis
538 3434 610 3472 per
643 3422 807 3471 gloriam
838 3423 978 3468 Patris,
1018 3423 1067 3458 ita
1102 3427 1134 3457 et
1170 3433 1236 3458 nos
1273 3422 1310 3457 in
1345 3422 1503 3459 novitate

440 3476 536 3512 vitae
555 3475 784 3512 ambulemus
806 3490 839 3511 ».
871 3474 947 3512 Sed
967 3473 1116 3511 novitas
1135 3473 1234 3515 vitae
1255 3481 1309 3510 est
1335 3485 1405 3523 per
1422 3485 1502 3521 gra-

1559 1564 1651 1603 tiam
1689 1573 1725 1603 et
1759 1565 1927 1603 virtutes.
1971 1567 2073 1615 Ergo
2107 1566 2219 1616 pueri
2257 1575 2548 1616 consequuntur
2582 1567 2624 1606 in

1559 1618 1750 1668 baptismo
1779 1618 1938 1667 gratiam
1967 1626 2003 1656 et
2029 1619 2198 1657 virtutes.
2286 1658 2289 1661 ,

1612 1673 1837 1709 ΒεεΡοΝοΕο
1856 1684 2038 1710 mCENDuM
2058 1673 2165 1722 quod
2184 1672 2345 1722 quidam
2364 1673 2540 1724 antiqui*
2552 1687 2623 1724 po-

1560 1732 1719 1762 suerunt
1755 1725 1862 1774 quod
1899 1725 2029 1774 pueris
2065 1725 2105 1762 in
2139 1725 2331 1775 baptismo
2368 1739 2449 1764 non
2483 1727 2624 1766 dantur

1558 1777 1676 1826 gratia
1704 1786 1740 1815 et
1767 1778 1945 1824 virtutes,
1981 1779 2049 1815 sed
2076 1778 2309 1828 imprimitur
2341 1779 2394 1817 eis
2429 1781 2625 1819 character

1561 1830 1712 1878 Christi,
1741 1831 1851 1868 cuius
1877 1830 2027 1878 virtute,
2056 1843 2147 1868 curn
2167 1831 2215 1869 ad
2234 1832 2439 1881 perfectam
2460 1841 2624 1871 aetatem

1558 1884 1744 1931 venerint,
1773 1892 2065 1933 consequuntur
2091 1884 2250 1932 gratiam
2279 1893 2314 1921 et
2341 1885 2510 1923 virtutes.

1574 1942 1576 1944 '
1614 1937 1690 1975 Sed
1719 1938 1795 1974 hoc
1830 1944 1934 1987 patet
1961 1949 2043 1974 esse
2070 1938 2209 1974 falsum
2237 1937 2448 1987 dupliciter.
2491 1938 2624 1977 Primo

1560 1990 1731 2039 quidem,
1749 1990 1840 2039 quia
1854 1990 1977 2039 pueri,
1993 1990 2089 2027 sicut
2103 1998 2140 2027 et
2159 1990 2288 2036 adulti,
2304 1991 2343 2028 in
2362 1990 2555 2041 baptismo
2575 1993 2624 2030 ef-

1559 2043 1743 2080 ficiuntur
1760 2043 1938 2080 membra
1958 2043 2108 2080 Christi.
2136 2043 2248 2081 Unde
2267 2056 2422 2082 necesse
2442 2052 2497 2082 est
2515 2045 2624 2094 quod

1560 2109 1583 2133 a
1610 2096 1732 2146 capite
1761 2096 1944 2146 recipiant
1971 2096 2164 2134 influxum
2191 2097 2330 2145 gratiae
2355 2105 2392 2134 et
2409 2097 2568 2136 virtutis.
2597 2120 2623 2126 -

1561 2149 1761 2196 Secund0‚
1791 2149 1882 2199 quia
1910 2150 2127 2187 secundum
2153 2150 2230 2187 hoc
2257 2150 2368 2200 pueri
2396 2151 2623 2189 decedentes

1559 2210 1646 2252 post
1673 2202 1910 2252 baptismum
1938 2215 2019 2240 non
2037 2202 2282 2252 pervenirent
2300 2204 2348 2241 ad
2367 2203 2487 2242 vitam
2505 2212 2623 2242 aeter-

1559 2268 1671 2293 nam:
1707 2256 1808 2305 quia,
1837 2264 1880 2293 ut
1908 2256 2046 2293 dicitur
2072 2258 2183 2294 Rom.
2203 2268 2238 2294 vl
2256 2256 2292 2302 ³⁸,
2320 2259 2447 2307 gratia
2473 2259 2548 2295 Dei
2573 2264 2624 2296 est

1558 2311 1633 2347 vita
1661 2315 1822 2346 aeterna.
1862 2310 1911 2346 Et
1938 2309 1988 2347 ita
2015 2309 2109 2346 nihil
2135 2309 2339 2358 profuisset
2366 2309 2419 2347 eis
2447 2311 2496 2348 ad
2524 2312 2623 2349 salu-

1558 2370 1637 2399 tem
1665 2362 1874 2412 baptizatos
1900 2362 2027 2399 fuisse.

1613 2415 1741 2452 Causa
1755 2423 1885 2452 autem
1905 2415 2042 2453 erroris
2060 2415 2130 2452 fuit
2148 2415 2239 2464 quia
2258 2415 2475 2454 nescierunt
2493 2416 2623 2454 distin-

1558 2480 1674 2516 guere
1703 2468 1800 2505 inter
1827 2468 2002 2506 habitum
2031 2476 2068 2505 et
2095 2476 2236 2506 actum.
2280 2469 2328 2506 Et
2356 2468 2421 2517 sic,
2449 2469 2623 2508 videntes

1558 2534 1702 2571 pueros
1729 2521 1916 2558 inhabiles
1944 2522 1993 2559 ad
2021 2529 2126 2559 actus
2152 2522 2351 2567 virtutum,
2380 2522 2625 2561 crediderunt

1559 2587 1626 2611 eos
1653 2582 1741 2624 post
1767 2574 2005 2624 baptismum
2032 2576 2250 2615 nullatenus
2268 2575 2448 2613 virtutem
2467 2577 2622 2619 habere.

1560 2628 1636 2665 Sed
1664 2627 1734 2665 ista
1760 2627 1985 2677 impotentia
2013 2628 2198 2677 operandi
2226 2640 2307 2665 non
2333 2629 2468 2666 accidit
2494 2629 2624 2679 pueris

1559 2693 1606 2717 ex
1634 2681 1783 2718 defectu
1811 2681 2032 2728 habituum,
2062 2681 2130 2718 sed
2158 2693 2205 2718 ex
2233 2681 2511 2731 impedimento
2540 2694 2623 2720 cor-

1557 2734 1699 2783 porali:
1730 2733 1827 2771 sicut
1854 2734 1969 2771 etiam
1992 2734 2238 2780 dormientes,
2259 2734 2438 2784 quamvis
2457 2735 2623 2773 habeant

1558 2786 1710 2824 habitus
1738 2787 1937 2835 virtutum,
1966 2787 2232 2837 impediuntur
2258 2795 2389 2825 tamen
2407 2787 2456 2825 ab
2475 2787 2622 2825 actibus

1557 2848 1714 2890 propter
1741 2852 1938 2877 somnum.

1611 2895 1668 2930 AD
1688 2905 1823 2931 prunum
1842 2905 1941 2931 ERGO
1960 2905 2142 2932 DmENDUM
2170 2894 2277 2943 quod
2304 2893 2402 2930 fides
2430 2901 2466 2930 et
2488 2893 2622 2930 caritas

1557 2946 1769 2984 consistunt
1788 2946 1828 2983 in
1846 2948 2043 2984 voluntate
2063 2946 2281 2993 hominum,
2297 2945 2347 2983 ita
2365 2953 2495 2983 tamen
2514 2946 2623 2995 quod

1557 2999 1710 3036 habitus
1736 3000 1876 3037 harum
1895 3007 1931 3036 et
1950 2999 2111 3037 aliarum
2130 2998 2316 3036 virtutum
2335 2998 2534 3048 requirunt
2551 3011 2622 3048 po-

1556 3052 1714 3089 tentiam
1741 3052 1960 3099 voluntatis,
1980 3063 2080 3102 quae
2109 3059 2164 3088 est
2190 3051 2231 3088 in
2249 3051 2399 3100 pueris;
2429 3052 2496 3089 sed
2515 3060 2622 3089 actus

1556 3105 1744 3142 virtutum
1772 3105 1971 3155 requirunt
1994 3112 2123 3142 actum
2141 3103 2359 3151 voluntatis,
2380 3104 2448 3154 qui
2466 3117 2547 3142 non
2567 3113 2623 3142 est

1557 3158 1596 3195 in
1615 3158 1756 3207 pueris.
1787 3159 1835 3195 Et
1854 3159 1930 3195 hoc
1947 3157 2069 3195 modo
2087 3156 2324 3205 Augustinus
2344 3157 2444 3205 dicit,
2464 3157 2504 3194 in
2523 3157 2620 3196 libro

1556 3212 1602 3248 de
1627 3213 1820 3261 Baptismo
1847 3211 2097 3249 Parvulorum
2116 3210 2147 3255 ²¹⁸,
2176 3210 2284 3259 quod
2306 3211 2529 3260 parvulum,
2558 3213 2625 3249 etsi

1557 3264 1722 3301 nondum
1749 3264 1819 3301 -illa
1835 3264 1947 3312 fides
1973 3275 2068 3313 quae
2101 3264 2138 3300 in
2174 3263 2400 3300 credentium
2437 3264 2623 3302 voluntate

1556 3318 1727 3363 consistit,
1743 3318 1818 3354 iam
1837 3322 1961 3354 tamen
1977 3317 2088 3365 ipsius
2095 3316 2194 3364 fidei
2210 3322 2497 3363 sacramentum,
2513 3318 2620 3366 quod

1557 3369 1696 3419 scilicet
1723 3376 1853 3406 causat
1879 3368 2055 3406 habitum
2081 3367 2184 3416 fidei,
2203 3369 2359 3418 fidelem
2383 3370 2486 3416 facit.

1610 3424 1668 3459 An
1687 3433 1876 3459 SECUNDUM
1902 3433 2084 3459 DICENDUM
2112 3422 2231 3470 quod,
2261 3421 2357 3459 sicut
2384 3423 2621 3471 Augustinus

1557 3474 1655 3523 dicit,
1677 3474 1715 3511 in
1743 3474 1839 3511 libro
1866 3474 1911 3511 de
1933 3475 2096 3511 Caritate
2114 3474 2146 3522 ²⁸,
2167 3487 2276 3513 nemo
2305 3488 2354 3513 ex
2372 3489 2470 3526 aqua
2490 3482 2523 3514 et
2541 3478 2621 3527 Spi-

2647 641 2789 671 'Vm-45.

2647 903 2658 915 ·
2672 902 2740 926 Ven-
2756 908 2787 931 ¹5.

2649 1680 2660 1691 ·
2674 1678 2711 1702 Cf.
2721 1684 2771 1708 etp.
2782 1678 2865 1701 Mato-

2649 1708 2696 1733 ru,
2711 1705 2741 1728 de
2755 1705 2824 1734 Bapt.
2840 1707 2868 1727 et

2649 1733 2701 1754 eiu
2714 1732 2788 1761 effect.

2649 2262 2792 2293 'Vena

2648 3220 2658 3230 ·
2679 3218 2699 3241 Ε
2736 3223 2753 3242 t.
2775 3218 2815 3241 cit.
2835 3218 2863 3240 in

2648 3245 2863 3294 mser-ausit.

2647 3429 2716 3478 loaAnls
2721 3428 2862 3483 asinl’asprat:

2647 3486 2711 3505 met.
2727 3481 2767 3505 m.
