2918 4088
207 2159 316 2181 ‘DeVera
323 2160 419 2181 etl-“alsa

208 2186 305 2209 Poena..
313 2192 362 2214 cap.
369 2193 418 2208 tx.-

208 2213 268 2234 Inter
283 2213 344 2240 Opp.
357 2215 417 2241 Aug.

306 2249 322 2265 α

209 2635 218 2644 ”
229 2633 362 2656 S.‘rn.1ect.
371 2639 418 2656 xvi.

210 3163 221 3174 ·
236 3161 301 3184 Vers.
314 3168 338 3184 22
356 3169 405 3191 sqq.

458 193 531 230 312

455 282 561 310 reatu
588 285 737 333 poenae
765 273 995 333 temporalis.
1040 273 1145 311 Sicut
1176 273 1287 320 igitur
1322 271 1428 330 prius
1457 278 1511 307 est

455 326 613 363 effectus
639 327 778 374 gratiae
807 327 998 376 operantis
1026 339 1145 375 quam
1174 324 1432 374 cooperantis,
1461 322 1511 359 ita

455 379 569 416 etiarn
597 380 703 429 prius
731 388 785 417 est
813 379 986 417 remissio
1015 381 1149 427 culpae
1170 386 1205 414 et
1223 389 1371 426 poenae
1393 383 1510 412 aeter-

455 444 527 469 nae
560 445 679 481 quam
715 434 829 482 plena
864 432 1052 469 absolutio
1081 444 1103 468 a
1130 443 1256 489 poena
1290 427 1508 477 temporali:

454 493 663 534 utrumque
692 485 796 522 enim
815 494 870 522 est
889 498 911 522 a
929 485 1056 533 gratia,
1078 484 1144 520 sed
1163 482 1334 532 primum
1354 494 1376 518 a
1394 479 1511 528 gratia

454 539 556 585 sola,
591 539 803 575 secundum
835 550 899 574 ex
907 537 1023 585 gratia
1058 544 1094 573 et
1122 548 1166 572 ex
1195 535 1314 571 libero
1343 532 1508 570 arbitrio.

507 592 563 628 AD
595 603 753 628 TERTHJM
787 603 966 627 mCENDUM
995 601 1060 626 351
1087 588 1194 637 quod
1221 586 1349 636 passio
1371 585 1510 623 Christi

454 644 503 681 de
531 656 571 681 se
599 644 791 680 sufficiens
810 651 865 679 est
884 643 931 680 ad
950 642 1162 679 tollendum
1182 651 1340 676 omnem
1361 646 1507 675 reatum

453 709 603 746 poenae
631 709 710 733 non
739 697 866 732 solum
894 703 1086 741 aeternae,
1123 694 1190 729 sed
1219 692 1333 729 etiam
1361 701 1510 750 tempo-

454 749 558 787 ralis:
598 757 633 786 31
661 749 875 786 secundum
903 748 1067 784 modum
1102 758 1181 795 quo
1210 746 1331 781 homo
1361 744 1509 793 partici-

453 810 517 852 pat
544 802 722 839 virtutem
750 801 937 851 passionis
958 799 1107 843 Christi,
1136 797 1294 848 percipit
1314 797 1427 834 etiam
1447 797 1509 834 ab-

453 855 683 892 solutionem
712 867 734 891 a
761 862 867 891 reatu
894 865 1054 902 poenae.
1089 853 1131 888 In
1160 850 1350 900 baptismo
1380 858 1509 888 autem

504 969 529 1003 ζ)
546 969 679 1002 passionis
701 969 809 994 Christi.
827 983 846 987 —
865 969 925 993 Om.
946 968 998 992 CE.

1096 193 1358 240 QUAESTIO
1387 191 1598 237 LXXXVI,
1629 189 1922 226 ARTICULUS
1950 189 1984 225 V

1563 271 1684 306 homo
1713 268 1912 317 participat
1930 269 2093 306 totaliter
2110 269 2293 308 virtutem
2311 271 2499 320 passionis
2519 271 2629 309 Chri-

1564 322 1609 358 sti
1624 321 1647 366 3,
1668 329 1801 370 utpote
1829 333 1899 370 per
1926 334 2071 370 aquam
2090 330 2126 359 et
2146 323 2331 372 Spiritum
2352 323 2503 362 Christo
2523 336 2629 362 com-

1563 382 1742 411 mortuus
1769 382 1928 422 peccato
1958 382 1994 411 et
2017 375 2057 412 in
2076 387 2124 412 eo
2153 384 2396 424 regeneratus
2415 377 2464 414 ad
2483 389 2630 415 novam

1563 427 1683 463 vitam
1697 426 1727 463 ³³.
1758 427 1806 463 Et
1825 426 1913 463 ideo
1942 427 1982 464 in
2009 427 2202 476 baptismo
2230 429 2352 466 homo
2381 430 2670 490 consequiturg

1564 479 1831 516 remissionem
1850 487 1976 516 reatus
1999 480 2115 517 totius
2134 493 2296 540 poenae.
2325 483 2368 519 In
2395 483 2630 531 poenitentia

1563 545 1657 569 vero
1686 531 1936 582 consequitur
1963 533 2144 570 virtutem
2180 533 2369 583 passionis
2399 535 2538 573 Christi
2573 548 2629 573 se-

1563 585 1736 622 cundum
1767 585 1934 622 modum
1962 586 2212 635 propriorum
2240 595 2416 635 actuum,
2445 588 2513 637 qui
2541 596 2630 626 sunt

1563 637 1723 675 materia
1759 638 2038 687 poenitentiae,
2081 639 2178 677 sicut
2214 652 2316 689 aqua
2350 640 2549 700 baptismi,
2587 649 2630 678 ut

1563 703 1680 740 supra
1698 691 1718 712 ‘¹‘
1746 690 1894 728 dictum
1923 699 1988 728 est.
2019 693 2067 729 Et
2094 692 2197 730 ideo
2212 705 2293 730 non
2313 693 2439 730 statim
2466 706 2537 743 per
2554 694 2629 744 pri-

1562 756 1675 781 mum
1703 751 1833 781 actum
1861 744 2135 805 poenitentiae,
2166 758 2246 795 quo
2274 746 2477 783 remittitur
2504 748 2629 807 culpa,

1563 796 1723 834 solvitur
1742 804 1868 834 reatus
1887 798 2002 835 totius
2017 811 2179 848 poenae,
2197 799 2264 836 sed
2284 799 2485 849 completis
2505 800 2630 837 omni-

1562 850 1636 887 bus
1663 850 1920 899 poenitentiae
1948 851 2106 889 actibus

1117 1054 1453 1086 Commentaria
1477 1053 1731 1096 Cardinalis
1752 1055 1957 1087 Caietani

480 1165 499 1184 N
523 1154 655 1184 articulo
676 1158 788 1193 quarto
813 1152 956 1183 eiusdem
972 1152 1176 1192 quaestionis,
1193 1152 1226 1181 in
1242 1152 1452 1191 responsione
1469 1151 1508 1182 ad

453 1166 632 1238 Iprimum,
656 1207 715 1237 pro
740 1203 860 1236 quanto
883 1197 927 1226 ibi
950 1196 1064 1226 dicitur
1087 1195 1193 1236 quod,
1217 1196 1349 1226 remisso
1373 1201 1507 1235 peccato

448 1243 582 1278 mortali,
600 1246 742 1272 remanet
765 1241 952 1271 inordinata
971 1240 1138 1271 conversio
1156 1240 1199 1270 ad
1214 1240 1437 1270 commutabile
1452 1240 1507 1270 bo-

449 1297 534 1322 num,
553 1295 617 1326 pro
641 1295 704 1326 qua
727 1285 859 1316 debetur
882 1290 991 1315 reatus
1008 1294 1137 1325 poenae
1160 1284 1356 1325 temporalis,
1381 1284 1508 1315 adverte

448 1331 634 1361 sententiam
657 1330 738 1360 hanc
761 1329 894 1369 intelligi
918 1329 957 1359 de
979 1329 1132 1369 possibili,
1161 1334 1192 1359 et
1215 1328 1323 1368 quoad
1346 1328 1508 1359 inordina-

447 1375 578 1405 tionem.
602 1374 678 1404 Non
702 1374 787 1404 enim
810 1383 939 1404 necesse
963 1378 1010 1403 est
1032 1382 1196 1403 remanere
1219 1372 1406 1403 huiusmodi
1429 1382 1507 1403 con-

447 1419 634 1454 versionem,
659 1417 714 1448 sed
737 1423 842 1457 potest
865 1417 960 1447 simul
982 1422 1088 1447 totum
1103 1417 1182 1447 tolli.
1207 1417 1248 1447 Et
1263 1417 1415 1453 similiter,
1432 1416 1507 1447 dato

449 1462 536 1503 quod
558 1472 626 1493 non
648 1467 753 1492 totum
777 1462 816 1492 sit
839 1462 1009 1497 sublatum,
1033 1471 1101 1492 non
1120 1466 1168 1492 est
1190 1471 1320 1492 11333553
1343 1471 1508 1492 1313311313

447 1508 548 1547 ipsam
571 1507 831 1537 conversionem:
856 1506 911 1536 sed
934 1505 1206 1536 inordinationem
1229 1515 1313 1546 quae
1333 1505 1393 1536 fuit
1408 1506 1508 1546 ipsius

447 1551 672 1582 conversionis.
707 1551 816 1581 Potest
839 1551 925 1580 enim
949 1550 1005 1590 qui
1028 1555 1161 1590 peccato
1186 1551 1332 1580 avaritiae
1356 1550 1508 1590 deliquit,

1562 1157 1635 1182 ante
1658 1153 1879 1183 remissionem
1903 1154 2036 1193 peccati,
2062 1153 2197 1184 dimissis
2222 1155 2368 1186 avaritiae
2393 1155 2514 1186 actibus
2535 1161 2566 1186 et
2581 1156 2630 1186 in-

1563 1196 1798 1234 clinationibus,
1823 1197 1857 1227 in
1873 1198 2042 1238 oppositos
2058 1203 2147 1228 actus
2163 1199 2316 1229 converti.
2340 1199 2382 1229 Et
2403 1205 2481 1230 tunc
2499 1205 2630 1240 apparet

1562 1240 1667 1280 quod,
1692 1241 1880 1272 adveniente
1903 1242 2001 1281 gratia
2023 1243 2204 1273 remittente
2227 1249 2397 1282 peccatum
2419 1243 2534 1283 prioris
2557 1253 2629 1274 ava-

1561 1285 1660 1321 ritiae,
1684 1294 1753 1315 non
1775 1289 1919 1316 remanet
1942 1287 2109 1317 conversio
2126 1286 2210 1317 illius
2226 1287 2394 1317 habitualis
2418 1286 2458 1318 ad
2481 1296 2629 1319 commu-

1562 1329 1657 1359 tabile
1681 1329 1822 1360 bonum:
1847 1329 1902 1360 sed
1924 1329 2118 1361 inordinatio
2141 1331 2240 1371 ipsius
2263 1331 2399 1367 incursa,
2416 1341 2474 1371 per
2488 1341 2629 1372 poenam

1561 1373 1774 1413 temporalem
1797 1373 1982 1405 ordinanda.
2017 1375 2154 1405 Ratione
2178 1375 2337 1415 siquidem
2360 1375 2444 1406 illius
2467 1375 2629 1408 inordina-

1562 1418 1675 1454 tionis,
1706 1423 1850 1448 remanet
1875 1424 1980 1449 reatus
2010 1428 2136 1459 poenae
2165 1420 2350 1460 temporalis
2373 1419 2485 1451 tandiu
2507 1429 2631 1460 quous-

1563 1471 1627 1502 que
1651 1462 1817 1502 culpabilis
1847 1462 2041 1494 inordinatio
2072 1463 2216 1494 ordinata
2239 1463 2432 1495 sufficienter
2455 1464 2550 1496 fuerit
2572 1474 2631 1506 per

1562 1515 1714 1546 poenam.

1234 1709 1552 1752 ARTICULUS
1583 1709 1841 1762 QUINTUS

675 1815 841 1851 UTRUM,
866 1813 1049 1845 REMISSA
1073 1813 1218 1845 CULPA
1234 1813 1452 1850 -MORTALI,
1477 1812 1749 1845 TOLLANTUR
1774 1813 1923 1845 OMNES
1945 1813 2182 1852 RELIQUIAE
2205 1814 2397 1846 PECCATI

763 1903 837 1934 Infra,
857 1911 901 1935 qu.
920 1910 1018 1932 Lxxxx,
1037 1907 1084 1928 art.
1106 1909 1129 1933 1,
1148 1902 1180 1926 ad
1201 1901 1230 1933 3;
1250 1902 1270 1926 ll
1290 1901 1373 1931 Sent„
1393 1902 1452 1927 dist.
1471 1909 1547 1933 xxxn,
1566 1909 1611 1934 qu.
1630 1909 1648 1931 1.
1667 1906 1713 1927 art.
1734 1908 1764 1932 1;
1783 1901 1825 1932 IV,
1845 1901 1904 1926 dist.
1922 1893 1972 1933 mv,
1991 1909 2037 1935 qu.
2054 1909 2082 1934 n,
2102 1907 2148 1928 art.
2169 1909 2193 1934 1,
2213 1903 2263 1936 qu·
2283 1903 2307 1930 3.

483 2026 506 2044 s*
565 2023 602 2041 1,,
655 2006 677 2031 1)
697 2004 857 2035 QuiNTuM
877 2003 928 2028 513
947 2003 1186 2028 moeson-uk.
1205 1990 1367 2028 Videtur
1385 1990 1507 2040 quod,

496 2056 516 2066 '⁸
656 2045 814 2084 remissa
842 2046 954 2094 culpa
982 2044 1146 2090 mortali,
1168 2046 1350 2081 tollantur
1368 2055 1507 2081 omnes

462 2103 593 2190 ,1εὲ
605 2098 836 2185 ax‘re11qu1ae
854 2106 1026 2188 11ὲ3333ἓ.
1062 2074 1163 2188 11))ἑ311
1178 2097 1299 2188 :etnim
1321 2096 1506 2188 ,11313313Σῖ-

683 2165 747 2199 35,
783 2151 822 2188 111
867 2163 951 2188 iro
1014 2164 1035 2188 e
1122 2163 1181 2188 enz
1218 2164 1355 2187 nz.

447 2211 595 2257 quam0‘
622 2207 806 2244 Dominus
840 2205 1000 2254 aliquem
1033 2206 1178 2242 sanavit
1211 2216 1319 2253 quem
1351 2205 1505 2241 omnino

446 2273 519 2298 non
558 2260 747 2297 liberavit.-
781 2264 896 2295 totum
931 2259 1029 2294 enim
1066 2258 1255 2294 hominem
1291 2259 1436 2294 sanavit
1468 2259 1504 2294 in

446 2315 617 2359 sabbato,
642 2314 728 2362 quia
755 2323 890 2361 corpus
918 2312 965 2348 ab
994 2312 1098 2347 omni
1124 2311 1348 2358 infirmitate,
1368 2316 1402 2347 et
1425 2311 1505 2347 ani-

445 2379 548 2404 mam
576 2368 623 2403 ab
651 2366 756 2403 omni
781 2365 1015 2413 contagione.
1046 2363 1124 2400 Sed
1151 2362 1333 2411 reliquiae
1360 2363 1507 2412 peccati

445 2419 634 2469 pertinent
661 2418 711 2455 ad
738 2416 999 2454 infirmitatem
1026 2415 1183 2465 peccati.
1212 2417 1314 2463 Ergo
1343 2428 1423 2453 non
1450 2416 1506 2452 vi-

445 2473 557 2509 detur
583 2470 762 2520 possibile
790 2470 910 2519 quod,
939 2468 1098 2506 remissa
1125 2470 1254 2517 culpa,
1283 2477 1508 2506 remaneant

446 2524 628 2574 reliquiae
655 2523 812 2573 peccati.

501 2589 535 2614 2.
556 2579 786 2622 PRAETEREA,
807 2576 1023 2612 secundum
1043 2574 1288 2624 Dionysium,
1305 2587 1339 2611 ιν
1358 2586 1441 2624 339.
1462 2576 1508 2612 de

446 2632 531 2669 Div.
552 2630 667 2667 Nom.
687 2629 717 2676 ²⁸,
747 2629 894 2666 bonum
916 2635 971 2665 est
990 2627 1181 2665 efficacius
1200 2639 1320 2676 quam
1339 2629 1503 2666 malum:

446 2683 537 2733 quia
564 2684 712 2720 malum
740 2694 820 2718 non
852 2681 926 2730 agit
953 2680 1025 2718 nisi
1052 2680 1091 2717 in
1122 2679 1260 2718 virtute
1289 2680 1393 2717 boni.
1429 2681 1506 2718 Sed

445 2738 567 2774 homo
595 2735 792 2785 peccando
822 2734 936 2771 simul
954 2741 1075 2771 totam
1094 2732 1339 2771 infectionem
1362 2734 1507 2783 peccati

446 2788 633 2826 contrahit
661 2787 686 2825 β.
723 2789 824 2835 Ergo
853 2788 975 2824 multo
1004 2786 1124 2835 magis
1151 2786 1386 2836 9031111311ᾱο
1414 2787 1505 2824 libe-

445 2850 550 2879 ratur
577 2841 692 2878 etiam
721 2841 768 2878 ab
797 2840 980 2877 omnibus
1007 2839 1152 2889 peccati
1185 2839 1364 2889 reliquiis.

500 2895 534 2932 3.
563 2896 803 2940 PRAETEREA,
841 2906 941 2943 opus
969 2893 1041 2930 Dei
1077 2900 1133 2930 est
1160 2892 1352 2930 efficacius
1385 2905 1504 2942 quam

446 2960 544 2997 opus
572 2947 752 2984 hominis.
790 2947 867 2984 Sed
894 2958 963 2996 per
990 2945 1212 2983 exercitium
1239 2947 1505 2985 humanorum

446 3013 610 3050 operum
646 3000 694 3037 ad
731 3001 882 3037 bonum
917 3000 1102 3036 tolluntur
1142 2999 1323 3048 reliquiae
1359 3000 1505 3049 peccati

446 3053 634 3090 contrarii.
663 3054 764 3101 Ergo
784 3054 906 3090 multo
926 3052 1046 3101 magis
1073 3054 1258 3090 tolluntur
1285 3064 1354 3102 per
1373 3053 1504 3091 remis-

447 3106 596 3143 sionem
623 3107 769 3155 culpae,
799 3118 898 3155 quae
926 3113 981 3142 est
1009 3118 1108 3155 opus
1136 3105 1219 3142 Dei.

502 3159 574 3196 SED
602 3171 746 3196 CONTRA
764 3170 829 3196 EST
857 3159 963 3207 quod
983 3158 1103 3196 Marci
1121 3171 1178 3195 vm
1197 3159 1217 3180 '¹‘
1244 3158 1378 3207 legitur
1396 3160 1503 3208 quod

448 3223 584 3248 caecus
616 3211 850 3248 illuminatus
882 3224 904 3248 a
931 3211 1124 3257 Domino,
1157 3211 1283 3260 primo
1312 3211 1504 3249 restitutus

449 3271 503 3300 est
530 3264 578 3300 ad
606 3263 871 3312 imperfectum
898 3263 1039 3310 visum,
1068 3264 1172 3301 unde
1201 3264 1260 3311 ait,
1298 3265 1410 3302 Video
1439 3267 1503 3302 ho-

502 3392 529 3425 α)
549 3394 698 3426 Nunquam.
715 3407 734 3412 -
751 3394 790 3418 Fa
808 3399 833 3419 et
851 3395 938 3425 tertia;
965 3395 1107 3428 Nunquam
1136 3396 1213 3421 enim.
1232 3409 1251 3414 -
1270 3396 1320 3420 Pro
1347 3403 1445 3429 corpus
1471 3397 1504 3421 ab

449 3429 529 3457 omni,
549 3432 574 3453 et
590 3436 686 3460 corpus
705 3429 738 3453 ab
756 3429 837 3454 tertia.

503 3462 528 3496 β)
546 3464 688 3488 contrahit.
706 3478 725 3482 —
744 3464 858 3489 incurrit
876 3465 936 3490 ΡΠ.

501 3498 528 3532 γ)
547 3499 690 3524 ambulare.
708 3513 727 3518 -
744 3500 908 3524 ambulantes
926 3500 1006 3524 tertia.

1558 1992 1677 2027 mines
1691 1991 1801 2043 *velut
1821 1992 1976 2028 arbores
2003 1992 2199 2029 ambulare
2213 1996 2245 2038 Υ;
2274 1991 2415 2029 deinde
2435 1992 2629 2031 restitutus

1558 2051 1614 2080 est
1641 2043 1827 2093 perfecte,
1863 2046 1913 2081 ita
1941 2050 1979 2082 ut
2007 2045 2146 2082 videret
2173 2045 2276 2082 clare
2303 2047 2443 2083 omnia.
2486 2046 2629 2084 mumi-

1559 2097 1663 2134 natio
1692 2105 1823 2134 autem
1851 2097 1954 2134 caeci
1987 2097 2173 2146 significat
2200 2097 2466 2136 liberationem
2493 2108 2629 2148 933331»

1558 2150 1662 2188 toris.
1706 2151 1798 2187 Post
1825 2150 1993 2200 primam
2021 2163 2112 2199 ergo
2132 2149 2146 2173 ὃ
2173 2151 2442 2189 remissionem
2470 2153 2626 2202 culpae,
2670 2184 2673 2186 .

1559 2216 1638 2252 qua
1665 2211 1844 2253 peccator
1878 2203 2086 2241 restituitur
2119 2204 2169 2242 ad
2202 2204 2332 2242 visum
2369 2204 2626 2254 spiritualem,

1559 2257 1689 2294 adhuc
1716 2264 1917 2294 remanent
1944 2256 1984 2294 in
2013 2269 2060 2294 eo
2089 2257 2271 2306 reliquiae
2299 2257 2451 2307 aliquae
2481 2258 2628 2308 peccati

1558 2309 1761 2359 praeteriti.

1612 2364 1838 2400 Respommo
1870 2374 2052 2400 DICENDUM
2085 2363 2193 2412 quod
2226 2371 2430 2412 peccatum
2466 2366 2628 2403 mortale

1559 2428 1606 2453 ex
1620 2423 1728 2465 parte
1743 2415 2007 2453 conversionis
2026 2415 2266 2454 inordinatae
2286 2417 2335 2454 ad
2350 2417 2502 2455 bonum
2519 2429 2628 2456 com·

1560 2468 1743 2506 mutabile
1758 2469 1957 2518 quandam
1972 2468 2264 2528 dispositionem
2278 2478 2410 2507 causat
2423 2469 2463 2507 in
2477 2471 2626 2510 anima
2617 2501 2626 2519 ,

1559 2523 1621 2558 vel
1649 2521 1765 2558 etiam
1793 2521 1990 2559 habiturn.
2019 2521 2051 2559 si
2079 2530 2186 2559 actus
2212 2522 2433 2572 frequenter
2459 2523 2626 2565 iteretur.

1561 2574 1667 2612 Sicut
1694 2582 1825 2612 autem
1853 2563 2000 2612 dictum
2025 2583 2081 2612 est
2098 2575 2130 2622 *,
2160 2577 2273 2625 culpa
2292 2576 2463 2614 mortalis
2481 2577 2630 2627 peccati

1559 2627 1762 2665 remittitur
1789 2627 2021 2677 inquantum
2041 2629 2184 2666 tollitur
2210 2641 2280 2678 per
2297 2629 2458 2678 gratiam
2477 2630 2632 2670 aversio

1559 2681 1698 2718 mentis
1726 2693 1749 2718 a
1776 2681 1873 2718 Deo.
1917 2681 2078 2718 Sublato
2113 2689 2244 2720 autem
2272 2694 2320 2720 eo
2356 2683 2464 2732 quod
2496 2691 2552 2722 est
2579 2696 2627 2723 ex

1558 2741 1664 2784 parte
1693 2734 1915 2780 aversionis,
1944 2734 2197 2772 nihilominus
2225 2747 2425 2774 remanere
2443 2744 2569 2786 potest
2586 2737 2628 2776 id
2681 2766 2688 2774 .

1558 2787 1665 2837 quod
1694 2795 1750 2824 est
1777 2800 1824 2824 ex
1842 2795 1948 2837 parte
1968 2788 2231 2826 conversionis
2250 2789 2504 2828 inordinatae:
2533 2803 2628 2830 cum
2681 2792 2688 2800 “

1558 2842 1659 2878 hanc
1686 2840 1879 2889 contingat
1902 2853 1984 2878 esse
2013 2841 2094 2878 sine
2123 2841 2184 2879 illa
2202 2841 2234 2888 *,
2255 2841 2351 2880 sicut
2377 2842 2484 2892 prius
2502 2843 2544 2866 ³¹¹*
2569 2843 2663 2882 di-

1558 2902 1665 2931 ctum
1693 2902 1758 2931 est.
1803 2895 1851 2931 Et
1878 2894 1966 2932 ideo
1994 2894 2090 2932 nihil
2117 2894 2297 2944 prohibet
2324 2895 2437 2945 quin,
2467 2895 2626 2944 remissa

1558 2949 1683 2996 culpa,
1709 2955 1933 2985 remaneant
1952 2947 2222 2997 dispositiones
2241 2960 2288 2986 ex
2306 2948 2626 2998 praecedentibus

1558 3001 1705 3038 actibus
1733 3008 1921 3047 causatae,
1947 3003 2047 3050 quae
2067 3001 2247 3039 dicuntur
2264 3001 2410 3050 peccati
2429 3001 2623 3051 reliquiae.

1558 3055 1776 3092 Remanent
1816 3061 1947 3091 tamen
1984 3053 2197 3091 debilitatae
2233 3061 2271 3091 et
2304 3053 2536 3102 diminutae,
2574 3055 2626 3094 ita

1558 3107 1666 3156 quod
1693 3106 1845 3144 homini
1880 3119 1961 3144 non
1989 3106 2249 3144 dominentur.
2292 3107 2341 3144 Et
2368 3107 2445 3144 hoc
2463 3112 2476 3129 ⁸
2503 3109 2627 3157 magis

1557 3172 1627 3209 per
1658 3160 1824 3198 modum
1861 3159 2160 3209 dis-positionum
2195 3171 2315 3209 quam
2351 3172 2422 3209 per
2457 3162 2624 3200 modum

1558 3213 1780 3250 habituum:
1820 3212 1917 3250 sicut
1944 3211 2059 3250 etiam
2087 3220 2261 3250 remanet
2288 3213 2411 3250 fomes
2443 3222 2531 3263 post
2557 3215 2624 3253 ba-

1557 3273 1756 3314 ptismum.

1610 3396 1635 3430 ὃ)
1656 3398 1719 3422 Post
1732 3397 1852 3429 primam
1871 3404 1974 3430 ergo.-
1955 3397 2060 3422 -Alias
2069 3400 2134 3429 post
2149 3398 2341 3429 poenitentiam
2359 3406 2424 3432 ergo
2443 3403 2519 3426 ercet.
2533 3408 2624 3433 margo

1559 3432 1592 3463 Ρ;
1610 3440 1640 3457 ex
1660 3440 1713 3465 quo
1732 3433 1789 3457 dele
1808 3435 1871 3461 cet„
1892 3432 1962 3465 quod
1982 3433 2007 3456 in
2026 3433 2199 3465 antiquiorum
2220 3433 2360 3459 editionum
2379 3435 2495 3468 margine
2513 3444 2565 3461 non
2585 3437 2622 3461 in-

1558 3451 1691 3536 ve’ninrEt
1709 3503 1765 3528 hoc.
1783 3516 1801 3520 —
1820 3502 1881 3527 Om.
1901 3503 1909 3527 1
1929 3508 1954 3527 et
1972 3510 2018 3535 per
2036 3503 2111 3528 Alias
2131 3511 2220 3536 margo
2240 3504 2268 3529 Ρ.

2754 331 2768 360 ζ

2686 434 2751 456 loen.
2767 440 2794 456 ca
2813 440 2870 463 .111,

2657 466 2708 482 vers
2722 467 2746 489 5;
2754 460 2791 482 Ad

2657 493 2759 515 cap.v1,
2781 467 2873 515 venm'q.

2658 519 2709 542 ‘qq-

2658 702 2873 730 ¹.,Quzxxx¹v⁸rt.

2659 729 2756 756 μιαι-

2655 2585 2849 2614 ‘An-fidi.

2653 2848 2800 2899 υῑὲξὲζιι.
