2878 4088
164 264 174 274 '
189 262 256 284 Vers.
270 262 306 283 26.

165 440 174 448 ·
191 437 255 458 Vers.
270 444 302 466 33.

165 527 175 537 '¹
184 525 285 554 Etymot.
296 525 335 547 lib.
346 524 376 552 V,

164 558 214 580 cap.
231 558 258 574 ιν.

169 836 178 844 ”
191 833 227 856 Cs.
251 834 283 855 lv
298 834 374 861 Sent„

164 861 219 882 dist.
231 867 246 887 ι,
259 867 321 888 qua,
333 865 374 883 art.

164 893 184 913 2,
201 888 245 915 qu²
259 894 278 916 5.

165 1015 174 1024 ·
178 1013 213 1034 De
218 1013 304 1034 Invent.
310 1013 374 1034 Rhet.

165 1039 203 1061 lib.
213 1039 241 1063 11,
251 1045 299 1066 cap.
309 1045 358 1061 ιιιι.
365 1050 375 1054 -

164 1066 206 1088 Ed.
221 1065 335 1087 Teubner.

161 2337 171 2346 ”
181 2334 251 2356 Levit.
264 2340 331 2362 capp.
340 2340 369 2361 ιν,

159 2368 181 2388 ν,
197 2367 227 2383 νι.

161 2599 171 2608 ·
178 2598 234 2619 Ord.
242 2601 263 2619 et
270 2598 370 2620 Interlin.

162 2948 221 2995 §Ep
227 2948 337 2974 chxx,
344 2950 371 2971 31.

244 2974 277 2996 “a
290 2975 372 2997 Dm·

413 191 456 216 12

404 258 489 298 lege:
515 263 550 288 ut
566 258 679 289 dicitur
696 259 792 290 Isaiae
811 269 884 290 xmn
901 261 933 289 ἢ
946 259 1082 295 ·Narra‚
1101 260 1127 290 si
1145 260 1223 300 quid
1244 260 1348 295 habes,
1367 264 1402 288 ut
1418 258 1465 288 iu-

403 303 559 343 stificeris.
584 303 670 343 Ergo
695 308 741 333 est
764 303 803 333 de
827 304 894 334 iure
917 304 1061 334 naturali.

460 347 488 376 3.
514 347 708 383 Ρ8Α81888Α,
726 348 782 378 1011
806 357 873 378 11011
889 354 954 378 erat
977 349 1137 378 subiectus
1161 349 1220 378 nisi
1236 347 1297 386 legi
1320 345 1462 376 naturali.

404 390 467 421 Sed
489 391 556 431 ipse
579 397 711 431 peccata
734 391 960 422 confitebatur:
990 391 1079 432 quod
1101 397 1188 431 patet
1211 400 1267 431 per
1290 391 1352 419 hoc
1377 388 1465 428 quod

403 435 471 474 ipse
495 435 533 465 de
558 445 590 465 se
614 435 699 472 dicit,
717 436 774 466 Iob
797 447 869 466 xxxx
884 438 916 466 *z
942 436 977 466 Si
1000 435 1152 466 abscondi
1180 440 1214 464 ut
1236 435 1330 463 homo
1349 441 1465 472 pecca·
1488 441 1496 461 ς

404 484 470 509 tum
494 489 608 510 meum.
633 480 718 520 Ergo
744 486 789 510 est
813 480 852 510 de
875 481 942 510 iure
966 480 1109 509 naturali.

459 523 521 554 5811
538 533 671 560 CONTRA,
688 524 826 554 Isidorus
850 524 925 554 dicit
940 525 956 540 ⁴*
980 522 1069 562 quod
1086 523 1135 551 ius
1155 521 1305 551 naturale
1321 525 1367 549 est
1383 519 1464 549 idem

403 568 490 608 apud
513 578 631 598 omnes.
667 568 730 599 Sed
754 567 911 598 confessio
944 576 1010 596 non
1035 571 1081 595 est
1109 565 1225 595 eodem
1254 563 1354 594 modo
1379 562 1462 602 apud

404 621 526 642 omnes.
551 613 636 652 Ergo
660 622 728 642 non
752 618 798 642 est
822 611 860 641 de
883 612 950 640 iure
973 609 1116 639 naturali.

460 666 490 686 2.
509 657 703 691 Ρ1111818118Α,
722 655 878 686 confessio
896 654 930 683 fit
947 654 975 683 ei
999 653 1055 692 qui
1070 653 1165 682 habet
1188 653 1301 683 claves.
1323 651 1386 682 Sed
1402 651 1464 681 cla-

403 710 458 730 ves
481 701 641 730 Ecclesiae
665 709 731 730 non
754 704 827 728 sunt
857 697 895 727 de
918 698 986 727 iure
1018 697 1152 726 naturali
1175 697 1346 726 institutae.
1379 695 1464 735 Ergo

403 754 463 774 nec
487 743 656 774 confessio.

458 789 645 818 3858081180
670 795 826 816 mensuum
843 784 931 824 quod
955 790 1149 815 sacramenta
1165 790 1238 815 sunt
1254 783 1411 824 quaedam
1427 782 1463 813 fi-

404 832 455 862 dei
478 832 719 872 protestationes
736 831 767 858 *:
799 828 884 858 unde
905 834 1032 868 oportet
1049 838 1085 858 ea
1107 828 1181 859 fidei
1198 838 1266 859 esse
1281 828 1463 868 proportio-

403 882 485 906 nata.
512 875 603 905 Fides
627 880 732 904 autem
756 878 802 902 est
825 881 920 912 supra
943 873 1162 912 cognitionem
1184 873 1315 903 rationis
1338 878 1464 902 natura-

403 920 450 950 lis.
475 919 566 950 Unde
591 924 622 948 et
644 922 837 947 sacramenta
860 921 934 946 sunt
957 926 1052 957 supra
1083 917 1213 947 rationis
1244 917 1394 947 naturalis
1418 915 1463 946 di-

403 970 537 994 ctamen.
562 963 602 992 Et
626 962 699 1001 quia
722 962 771 990 ius
786 960 928 990 naturale
945 966 991 991 est
1014 961 1101 1001 quod
1125 971 1189 991 non
1215 961 1323 1001 opinio
1339 960 1462 1001 genuit,

402 1008 457 1038 sed
472 1008 583 1037 innata
599 1005 755 1046 quaedam
772 1004 820 1034 vis
836 1004 979 1040 inseruit,
993 1010 1028 1034 ut
1044 1005 1170 1035 Tullius
1187 1004 1262 1035 dicit
1273 1006 1307 1041 *;
1326 1004 1400 1034 ideo
1416 1014 1464 1034 53-

402 1056 560 1081 eramenta
583 1059 650 1079 non
673 1054 746 1078 sunt
770 1048 808 1078 de
832 1049 900 1078 iure
923 1049 1075 1084 naturali,
1101 1048 1156 1079 sed
1181 1048 1220 1079 de
1242 1050 1311 1078 iure
1335 1047 1462 1084 divino,

402 1094 490 1135 quod
514 1100 559 1124 est
580 1103 674 1133 supra
689 1092 841 1122 naturale.
866 1092 907 1122 Et
932 1092 1128 1132 quandoque
1149 1093 1244 1122 etiam
1259 1091 1401 1122 naturale
1417 1091 1463 1122 di-

401 1139 490 1174 citur,
508 1137 683 1167 secundum
708 1136 797 1176 quod
821 1136 950 1166 cuilibet
973 1137 1018 1166 rei
1041 1136 1119 1166 illud
1143 1142 1190 1166 est
1208 1136 1350 1166 naturale
1374 1135 1463 1175 quod

401 1184 429 1213 ei
453 1193 470 1212 a
493 1191 551 1212 suo
576 1181 726 1211 Creatore
742 1181 935 1220 imponitur:
960 1186 1068 1210 tamen
1091 1181 1220 1220 proprie
1237 1179 1386 1210 dicuntur
1408 1189 1463 1209 na·

400 1227 511 1257 turalia
534 1234 616 1265 quae
640 1235 677 1255 ex
692 1225 855 1265 principiis
879 1230 1009 1255 naturae
1026 1230 1204 1255 causantur.
1230 1224 1332 1264 Supra
1356 1229 1463 1254 autem

400 1276 544 1301 naturam
567 1274 641 1299 sunt
665 1278 746 1309 quae
777 1269 844 1308 ipse
875 1268 962 1299 Deus
986 1269 1045 1299 sibi
1076 1274 1213 1299 reservat
1236 1269 1303 1298 sine
1333 1273 1463 1298 naturae

400 1314 572 1345 ministerio
597 1312 774 1353 operanda:
799 1313 864 1342 sive
887 1313 921 1342 in
945 1314 1185 1353 operationibus
1216 1312 1462 1348 miraculorum,

400 1360 464 1389 sive
487 1359 519 1388 in
543 1358 787 1387 revelationibus
810 1358 1046 1397 mysteriorum,
1067 1358 1133 1388 sive
1155 1359 1189 1387 in
1211 1357 1463 1387 institutionibus

400 1407 678 1433 sacramentorum.
704 1401 744 1431 Et
767 1402 811 1431 sic
836 1401 995 1432 confessio
1020 1411 1102 1442 quae
1117 1402 1338 1432 necessitatem
1362 1411 1463 1431 sacra-

399 1447 570 1477 mentalem
594 1446 697 1482 habet,
721 1455 789 1476 non
813 1445 852 1476 de
875 1446 944 1476 iure
967 1446 1102 1476 naturali
1126 1451 1181 1482 est,
1200 1445 1255 1476 sed
1278 1445 1317 1475 de
1341 1444 1461 1475 divino.

452 1491 502 1520 Ar>
526 1500 641 1520 paruum
664 1499 746 1520 nnoo
771 1499 930 1520 mmmmm
954 1490 1043 1530 quod
1072 1490 1177 1520 Adam
1204 1491 1401 1529 vituperatur
1424 1499 1461 1520 ex

398 1535 460 1565 hoc
493 1533 581 1574 quod
612 1539 782 1574 peccatum
805 1543 901 1564 suurn
925 1544 1034 1565 coram
1058 1535 1128 1564 Deo
1162 1544 1230 1564 non
1253 1534 1460 1573 recognovit:

398 1578 556 1609 confessio
581 1579 666 1608 enim
700 1587 783 1618 quae
809 1577 845 1608 fit
867 1579 938 1609 Deo
961 1588 1019 1619 per
1041 1579 1295 1619 recognitionem
1319 1579 1460 1618 peccati,

398 1628 444 1653 est
467 1622 505 1652 de
528 1623 596 1653 iure
611 1623 756 1653 naturali.
780 1622 876 1653 Nunc
895 1628 1003 1653 autem
1019 1623 1183 1663 loquimur
1199 1622 1238 1653 de
1258 1621 1461 1653 confessione

398 1677 480 1707 quae
503 1666 538 1696 fit
565 1667 700 1697 homini.

451 1711 510 1741 Vel
534 1710 706 1741 dicendum
730 1711 820 1751 quod
843 1711 989 1742 confiteri
1012 1717 1181 1752 peccatum
1196 1712 1230 1741 in
1254 1720 1329 1741 casu
1352 1716 1398 1741 est
1422 1710 1461 1741 de

397 1756 465 1785 iure
488 1756 637 1785 naturali:
669 1755 789 1786 scilicet
819 1765 894 1786 cum
917 1757 993 1796 quis
1021 1756 1055 1786 in
1077 1755 1197 1786 iudicio
1229 1755 1421 1785 constitutus
1444 1765 1462 1785 a

397 1799 505 1829 iudice
525 1799 751 1840 interrogatur;
779 1805 858 1831 tunc
882 1801 968 1830 enim
991 1810 1059 1830 non
1082 1800 1177 1830 debet
1198 1800 1325 1830 mentiri
1348 1809 1461 1840 pecca-

397 1849 466 1874 tum
489 1844 736 1874 excusando·vel
759 1844 923 1885 negando,
947 1844 986 1875 de
1011 1853 1077 1884 quo
1101 1844 1205 1874 Adam
1230 1850 1260 1874 et
1282 1843 1363 1874 Cain
1378 1845 1461 1874 vitu-

396 1894 555 1928 perantur.
580 1887 643 1918 Sed
659 1888 818 1919 confessio
842 1898 925 1929 quae
947 1888 984 1919 fit
1006 1889 1131 1919 homini
1152 1894 1267 1928 sponte
1291 1888 1330 1918 ad
1352 1888 1462 1918 remis-

398 1933 520 1962 sionem
536 1938 743 1972 peccatorum
759 1932 1021 1973 consequendam
1037 1943 1055 1963 a
1075 1933 1157 1969 Deo,
1174 1942 1241 1963 non
1262 1938 1308 1962 est
1331 1931 1370 1963 de
1393 1933 1461 1963 iure

396 1977 540 2006 naturali.

451 2021 501 2050 Α11
526 2031 687 2051 SECUNDUM
719 2031 880 2051 mmmmm
911 2021 1000 2062 quod
1022 2027 1193 2061 praecepta
1222 2022 1299 2061 legis
1331 2026 1462 2052 naturae

397 2070 526 2095 manent
550 2065 665 2095 eodem
688 2065 788 2096 modo
805 2066 838 2096 in
861 2066 931 2106 lege
955 2066 1062 2106 Moysi
1078 2071 1108 2096 et
1131 2066 1165 2096 in
1188 2075 1272 2096 nova
1295 2065 1375 2106 lege.
1400 2065 1463 2096 Sed

397 2109 566 2145 confessio,
584 2110 730 2149 quamvis
753 2110 930 2150 aliqualiter
954 2116 1035 2140 esset
1057 2110 1091 2140 111
1106 2110 1177 2150 lege
1200 2110 1316 2150 Moysi,
1333 2119 1399 2140 non
1417 2115 1462 2140 ta-

397 2163 471 2183 men
495 2153 610 2184 eodem
633 2153 732 2184 modo
757 2155 839 2184 sicut
862 2155 895 2184 in
919 2155 989 2194 lege
1021 2164 1124 2190 nova,
1148 2164 1209 2184 nec
1232 2155 1314 2184 sicut
1336 2155 1369 2184 in
1392 2155 1461 2194 lege

396 2203 535 2228 naturae.
561 2198 595 2228 In
619 2198 689 2238 lege
713 2204 820 2229 autem
839 2204 970 2229 naturae
994 2198 1170 2229 sufficiebat
1185 2199 1363 2238 recognitio
1387 2208 1462 2239 988-

397 2242 457 2271 eati
472 2243 602 2272 interior
625 2242 711 2282 apud
727 2243 843 2273 Deum.
869 2243 931 2273 Sed
953 2244 987 2273 in
1003 2243 1073 2283 lege
1093 2243 1200 2284 Moysi
1223 2243 1392 2283 oportebat
1407 2243 1462 2273 ali-

398 2295 463 2325 quo
487 2287 577 2326 signo
603 2287 749 2317 exteriori
768 2293 937 2327 peccatum
960 2288 1137 2327 protestari,
1154 2288 1236 2318 sicut
1251 2297 1308 2327 per
1327 2287 1462 2317 oblatio-

396 2340 471 2360 nem
494 2331 615 2361 hostiae
639 2341 697 2371 pro
722 2337 855 2371 peccato
872 2333 898 2367 ἢ
916 2341 954 2362 ex
978 2341 1044 2371 quo
1069 2337 1100 2362 et
1115 2332 1240 2363 homini
1262 2332 1462 2362 innotescere

397 2380 521 2414 poterat
544 2385 619 2405 eum
642 2385 800 2415 peccasse.
836 2376 911 2406 Non
935 2381 1044 2406 autem
1075 2377 1244 2416 oportebat
1267 2382 1303 2406 ut
1325 2376 1462 2416 speciale

397 2424 565 2458 peccatum
589 2430 606 2449 a
629 2430 662 2450 se
686 2421 896 2451 commissum
919 2419 1153 2457 manifestaret,
1180 2426 1234 2452 aut
1256 2421 1380 2461 9888311
1403 2421 1462 2451 cir-

399 2464 617 2494 cumstantias:
642 2465 723 2495 sicut
746 2465 779 2495 in
802 2474 887 2495 nova
909 2465 979 2504 lege
1003 2470 1140 2505 oportet.

453 2508 503 2537 An
527 2517 660 2538 marium
683 2519 843 2539 1118881188
859 2509 950 2549 quod
969 2509 1025 2539 Iob
1041 2509 1185 2549 loquitur
1201 2508 1241 2539 de
1259 2509 1312 2539 illa
1327 2510 1462 2539 abscon-

398 2551 487 2581 sione
511 2554 631 2591 peccati
657 2562 753 2593 quam
777 2553 852 2584 facit
875 2553 1092 2594 deprehensus
1115 2559 1284 2594 peccatum
1313 2553 1461 2593 negando

399 2600 453 2625 aut
476 2596 672 2627 excusando:
698 2603 734 2627 ut
757 2607 794 2628 ex
819 2598 934 2628 Glossa
949 2599 966 2614 ⁴*
988 2598 1109 2628 ibidem
1131 2598 1240 2628 haberi
1263 2603 1379 2638 potest.

1474 2652 1500 2673 ⁵5

457 2694 554 2724 ART.
573 2694 622 2725 111.
647 2705 751 2725 11181111
775 2705 876 2726 OMNES
900 2706 941 2726 Α11
966 2705 1198 2726 80888551011811
1221 2705 1404 2725 1888811188

438 2765 507 2792 Infra,
521 2771 560 2793 qu.
574 2772 623 2793 vm,
638 2770 679 2788 art.
695 2773 714 2794 5,
730 2766 758 2788 1ιά
772 2767 936 2821 μὴὶινΜῐειιιιῆζ
947 2766 1002 2821 ‘4⁵:¹2⁵ssss
1017 2773 1064 2815 iiim
1081 2773 1121 2795 qu.
1136 2773 1159 2794 ιι,
1169 2770 1211 2789 art.
1226 2772 1247 2794 2,
1262 2766 1306 2795 qu¹¹
1320 2772 1340 2795 3,
1355 2766 1384 2788 ad
1398 2771 1422 2794 3;

1480 664 1505 679 10

1478 2432 1503 2452 50

1063 181 1326 228 QUAESTIO
1356 182 1416 227 VI,
1448 180 1741 217 ARTICULUS
1770 180 1826 226 111,
1853 180 1903 215 IV

1576 267 1604 287 2.
1630 257 1824 293 PRAETEREA,
1850 258 1913 287 hoc
1929 262 2015 296 patet
2038 267 2094 297 per
2117 257 2306 289 decretalem
2327 258 2365 288 de
2383 257 2584 288 Paenitentia

1520 306 1550 331 et
1571 301 1770 330 Remissione
1786 302 1811 337 *,
1829 301 1884 331 ubi
1908 300 2022 331 dicitur
2045 301 2134 341 quod
2156 311 2265 332 omnes
2289 303 2454 342 utriusque
2475 311 2582 336 sexuS,

1520 354 1591 374 cum
1615 344 1657 374 ad
1680 354 1785 374 annos
1817 344 2020 375 discretionis
2045 346 2264 385 pervenerint,
2286 351 2435 377 tenentur
2448 350 2584 387 peccata

1520 389 1676 428 confiteri.
1989 418 1993 423 .

1574 433 1763 462 RespoNnno
1787 442 1946 462 monimum
1970 432 2059 472 quod
2082 433 2121 463 ad
2150 433 2386 464 confessionem
2416 433 2584 474 dupliciter

1520 476 1709 515 obligamur.
1734 476 1808 507 Uno
1833 476 1944 512 modo,
1961 486 1999 506 ex
2015 477 2083 507 iure
2108 477 2234 508 divino:
2259 487 2297 507 ex
2320 478 2469 517 11081950
2494 477 2583 517 quod

1519 525 1566 549 est
1588 519 1756 550 medicina.
1781 521 1821 550 Et
1843 520 2020 551 secundum
2045 521 2107 551 hoc
2131 531 2197 551 non
2222 531 2335 551 omnes
2366 527 2515 552 tenentur
2544 520 2583 551 ad

1519 563 1766 599 confessionem,
1784 564 1839 594 sed
1854 565 1898 594 illi
1914 570 2039 595 tantum
2063 565 2119 604 qui
2142 571 2311 605 peccatum
2329 565 2462 596 mortale
2477 565 2583 595 incur-

1518 613 1592 638 runt
1615 614 1688 648 post
1712 609 1915 648 baptismum.

1573 653 1646 682 Alio
1670 652 1781 689 modo,
1799 663 1836 683 ex
1852 658 2023 693 praecepto
2047 654 2122 683 iuris
2141 654 2279 693 positivi.
2304 654 2345 684 Et
2367 654 2412 683 518
2435 657 2583 683 tenentur

1519 705 1632 726 omnes
1656 706 1693 727 ex
1717 698 1916 727 institutione
1940 697 2100 728 Ecclesiae
2131 697 2214 727 edita
2245 698 2277 727 in
2302 697 2452 728 Concilio
2477 696 2582 727 Gene-

1518 740 1574 770 rali
1590 741 1648 771 sub
1665 741 1853 772 Innocentio
1867 741 1907 771 111
1920 742 1946 771 ³⁶.
1964 742 2051 772 Tum
2067 747 2103 772 ut
2119 738 2253 781 quilibet
2268 746 2470 781 peccatorem
2482 750 2516 771 se
2528 749 2583 771 co-

1517 791 1701 824 gnosceret:
1724 786 1799 825 quia
1819 795 1928 816 omnes
1936 791 2156 826 peccaverunt
2170 791 2202 816 et
2216 790 2312 827 egent
2325 785 2436 827 gratia
2448 785 2511 815 Dei
2522 785 2548 814 *ἢ
2561 802 2584 807 -

1518 828 1605 859 Tum
1617 835 1653 860 ut
1669 839 1743 860 cum
1759 830 1872 860 maiori
1887 831 2062 860 reverentia
2077 829 2117 860 ad
2128 830 2358 860 Eucharistiam
2375 828 2552 860 accedatur.
2562 846 2584 851 —

1480 885 1502 905 ις
1518 872 1605 903 Turn
1629 879 1664 904 ut
1687 874 1893 904 ecclesiarum
1908 875 2083 905 rectoribus
2103 875 2152 904 sui
2167 874 2284 905 subditi
2300 874 2518 904 innotescant:
2542 882 2583 903 ne

1517 917 1613 957 lupus
1636 918 1718 948 inter
1740 927 1869 958 gregem
1892 919 1995 949 lateat.

1575 962 1626 991 Α11
1650 972 1766 992 panarum
1789 973 1872 993 ERGO
1896 973 2055 993 1118881188
2074 962 2173 1003 quod,
2191 963 2336 1002 quamvis
2350 963 2452 993 homo
2475 962 2508 992 in
2524 962 2584 991 hac

1517 1006 1644 1037 mortali
1667 1007 1730 1036 vita
1753 1012 1827 1046 post
1849 1007 2044 1046 baptismum
2076 1006 2277 1047 naufragium
2308 1006 2441 1037 evadere
2463 1006 2582 1046 possit,

2611 312 2622 321 ·
2645 309 2701 337 Cap.
2729 310 2811 332 Omnis

2611 338 2741 365 utriusque.

2611 748 2620 758 ·
2635 746 2692 769 ean.
2705 753 2758 771 xxi:
2775 747 2820 770 vid.

2610 773 2821 822 prfihslegnclongz.

2611 832 2643 852 ιιι,
2661 832 2720 849 vers.
2735 816 2768 856 ἦ.
2799 807 2822 828 β’

1518 1050 1608 1091 quod
1632 1055 1679 1080 est
1701 1059 1758 1090 per
1780 1056 1949 1090 peccatum
1972 1051 2122 1087 mortale3
2146 1060 2215 1081 non
2237 1056 2344 1082 tamen
2374 1050 2505 1081 evadere
2523 1059 2583 1090 po·
2612 1077 2614 1079 ,

1479 1104 1504 1118 20
1517 1099 1578 1125 test
1594 1094 1738 1129 venialia,
1756 1095 1872 1134 quibus
1889 1094 1928 1124 ad
1943 1094 2145 1134 naufragium
2162 1095 2350 1135 disponitur,
2368 1100 2478 1125 contra
2501 1103 2583 1134 quae

1519 1139 1614 1168 etiam
1637 1138 1835 1178 poenitentia
1859 1138 2031 1168 ordinatur.
2067 1139 2108 1168 Et
2130 1138 2204 1169 ideo
2228 1145 2336 1169 manet
2367 1139 2582 1179 poenitentiae

1517 1183 1609 1212 locus
1636 1182 1731 1211 etiam
1753 1182 1787 1212 in
1810 1181 1871 1212 illis
1899 1182 1955 1222 qui
1977 1191 2045 1212 non
2075 1183 2250 1213 mortaliter
2281 1188 2430 1223 peccant:
2465 1187 2497 1212 et
2527 1191 2584 1222 per

1518 1235 1720 1266 consequens
1744 1225 1964 1256 confessionis.

1572 1271 1623 1300 Αι1
1648 1279 1809 1300 SECUNDUM
1833 1279 1992 1300 mcennum
2009 1269 2099 1310 quod
2121 1270 2229 1300 nullus
2246 1276 2292 1300 est
2315 1271 2372 1310 qui
2387 1280 2454 1301 non
2470 1270 2584 1300 habeat

1478 1323 1501 1344 ²5
1517 1314 1657 1345 iudicem
1682 1313 1856 1350 Christum,
1874 1314 1926 1344 cui
1949 1323 2006 1354 per
2021 1323 2117 1344 suum
2140 1315 2294 1345 vicarium
2310 1313 2456 1345 confiteri
2480 1314 2583 1344 debet.

1517 1359 1583 1396 Qui
1607 1359 1752 1398 quamvis
1776 1367 1815 1388 eo
1839 1358 1971 1388 inferior
1995 1359 2033 1388 sit
2048 1359 2240 1398 inquantum
2263 1359 2331 1399 ipse
2353 1359 2510 1398 praelatus
2527 1363 2583 1394 est,

1516 1408 1624 1433 tamen
1648 1408 1694 1433 est
1711 1412 1750 1432 eo
1774 1403 1919 1442 superior
1935 1403 2126 1443 inquantum
2143 1408 2293 1442 peccator
2316 1408 2363 1433 est
2381 1403 2459 1443 ipse,
2477 1408 2508 1433 et
2530 1402 2583 1433 ille

1517 1447 1634 1478 Christi
1657 1447 1809 1477 minister.

1571 1492 1622 1521 Α11
1646 1501 1780 1520 rna-rrum
1803 1501 1963 1521 monimum
1980 1490 2070 1531 quod
2093 1500 2131 1521 ex
2146 1491 2177 1521 vi
2201 1491 2389 1521 sacramenti
2404 1501 2472 1522 non
2494 1496 2583 1521 tene-

1478 1544 1503 1565 30
1516 1541 1567 1566 1111
1589 1535 1703 1575 aliquis
1726 1535 1861 1565 venialia
1880 1534 2041 1565 confiteri:
2067 1535 2123 1566 sed
2142 1545 2179 1566 ex
2195 1536 2395 1566 institutione
2410 1535 2582 1572 Ecclesiae,

1516 1579 1647 1620 quando
1670 1589 1738 1610 non
1761 1580 1856 1610 habet
1879 1579 1938 1609 alia
1961 1588 2044 1619 quae
2068 1579 2267 1610 confiteatur.

1570 1624 1631 1655 Vel
1653 1629 1760 1664 potest
1783 1623 1855 1660 dici,
1872 1623 2052 1654 secundum
2075 1624 2243 1664 quosdam,
2260 1623 2350 1664 quod
2373 1633 2411 1654 ex
2435 1623 2584 1654 decretali

1514 1668 1674 1709 praedicta
1690 1669 1706 1685 ⁴*
1722 1678 1789 1698 non
1813 1668 1993 1708 obligantur
2007 1668 2069 1699 nisi
2083 1668 2129 1699 illi
2145 1669 2201 1708 qui
2217 1669 2335 1699 habent
2351 1674 2483 1708 peccata
2497 1678 2584 1699 mor-

1514 1713 1588 1743 talia
1603 1714 1636 1743 *:
1667 1712 1756 1753 quod
1771 1717 1857 1752 patet
1881 1722 1918 1743 ex
1941 1713 2005 1743 hoc
2029 1712 2119 1753 quod
2142 1712 2218 1743 dicit
2241 1712 2330 1753 quod
2353 1712 2447 1743 debet
2474 1713 2583 1743 omnia

1477 1765 1499 1786 ³5
1509 1763 1644 1798 peccata
1669 1756 1824 1791 confiteri,
1842 1757 1931 1797 quod
1955 1756 1993 1787 de
2017 1757 2193 1788 venialibus
2215 1757 2348 1797 intelligi
2375 1766 2443 1788 non
2466 1762 2582 1797 potest,

1516 1803 1591 1842 quia
1614 1801 1722 1832 nullus
1746 1801 1855 1832 omnia
1871 1800 2018 1832 confiteri
2040 1807 2156 1842 potest.
2181 1802 2223 1832 Et
2238 1801 2417 1832 secundum
2439 1801 2514 1838 hoc,
2530 1801 2583 1832 ille

1516 1847 1572 1886 qui
1595 1856 1663 1876 non
1686 1846 1781 1876 habet
1803 1846 1960 1882 mortalia,
1977 1855 2045 1876 non
2063 1851 2190 1876 tenetur
2213 1845 2253 1876 ad
2276 1845 2515 1876 confessionem
2529 1855 2583 1876 ve-

1515 1891 1659 1926 nialium,
1676 1890 1732 1921 sed
1754 1889 1870 1921 sufficit
1893 1889 1933 1920 ad
1961 1895 2168 1931 praeceptum
2191 1890 2353 1920 Ecclesiae
2382 1889 2584 1930 implendum

1515 1940 1552 1965 ut
1574 1945 1607 1965 se
1631 1934 1788 1966 sacerdoti
1810 1938 2040 1975 repraesentet,
2067 1940 2098 1965 et
2121 1944 2155 1965 se
2179 1933 2326 1964 ostendat
2354 1934 2475 1974 absque
2505 1943 2584 1964 con·

1476 1986 1503 2007 40
1516 1980 1648 2010 scientia
1663 1979 1804 2010 mortalis
1821 1988 1906 2009 esse:
1932 1984 1963 2009 et
1985 1979 2049 2009 hoc
2065 1979 2094 2009 ei
2109 1988 2169 2019 pro
2186 1978 2388 2009 confessione
2408 1983 2583 2019 reputatur.

1516 2067 1615 2098 ART.
1634 2067 1686 2097 IV.
1711 2077 1815 2097 urium
1839 2077 1962 2097 Ames
1985 2077 2086 2097 ucri-u
2111 2076 2214 2097 possrr
2232 2076 2403 2097 conrrrzm
2422 2076 2584 2097 PECCATUM

1895 2121 1981 2141 ouon
2005 2121 2069 2141 NON
2093 2121 2203 2141 1111881.

1477 2212 1501 2232 45
1519 2210 1602 2273 AD
1627 2209 1774 2229 QUARTUM
1798 2209 1843 2229 518
1866 2208 2071 2229 PROCEDITUR.
2096 2198 2231 2229 Videtur
2254 2198 2344 2239 quod
2366 2198 2480 2239 aliquis
2498 2198 2583 2229 licite

1581 2244 1682 2284 possit
1712 2242 1858 2274 confiteri
1881 2248 2051 2284 peccatum
2079 2243 2168 2283 quod
2196 2253 2263 2274 non
2286 2243 2390 2274 habet.
2422 2242 2523 2281 Quia,
2546 2248 2583 2273 ut

1517 2288 1593 2318 dicit
1617 2288 1790 2328 Gregorius
1805 2289 1832 2323 ⁴¹⁵,
1849 2288 2008 2318 bonarum
2032 2287 2185 2318 mentium
2201 2292 2248 2319 est
2270 2287 2314 2318 ibi
2331 2287 2459 2328 culpam
2477 2296 2583 2328 agno-

1516 2342 1605 2363 scere
1621 2333 1674 2363 ubi
1697 2333 1792 2372 culpa
1809 2342 1873 2362 non
1891 2337 1946 2362 est.
1971 2332 2056 2372 Ergo
2081 2331 2121 2362 ad
2143 2332 2264 2362 bonam
2281 2337 2423 2362 mentem
2446 2332 2584 2372 pertinet

1517 2383 1552 2407 ut
1576 2377 1616 2407 de
1639 2377 1699 2407 illis
1723 2377 1826 2417 culpis
1849 2386 1883 2407 se
1906 2382 2034 2407 accuset
2057 2385 2136 2416 quas
2160 2386 2228 2407 non
2252 2377 2422 2407 commisit.

1573 2431 1602 2451 2.
1626 2421 1823 2457 Ρ8Α81888Α,
1840 2421 1954 2461 aliquis
1977 2430 2035 2461 per
2057 2420 2269 2451 humilitatem
2290 2425 2416 2461 reputat
2439 2429 2472 2450 se
2496 2419 2583 2451 dete-

1516 2466 1634 2495 riorem
1657 2466 1766 2505 aliquo
1791 2466 1847 2505 qui
1871 2471 1918 2496 est
1940 2465 2126 2496 manifestus
2149 2470 2315 2506 peccator,
2340 2470 2371 2495 et
2392 2465 2427 2495 in
2450 2465 2514 2495 hoc
2537 2470 2584 2495 est

1517 2509 1803 2540 commendandus.
1832 2509 1894 2540 Sed
1918 2509 2007 2550 quod
2031 2509 2127 2540 corde
2151 2510 2223 2549 quis
2247 2509 2406 2546 aestimat,
2429 2509 2503 2540 licet
2526 2518 2582 2540 ore

1516 2553 1672 2584 confiteri.
1697 2554 1782 2594 Ergo
1799 2554 1884 2584 licite
1899 2559 2006 2594 potest
2025 2553 2170 2584 confiteri
2186 2563 2220 2584 se
2235 2554 2351 2584 habere
2366 2552 2497 2594 gravius·
2507 2562 2582 2594 pec-

1517 2604 1624 2629 catum
1648 2608 1746 2638 quam
1769 2598 1892 2628 habeat.

1573 2643 1602 2673 3.
1626 2643 1823 2678 Ρ11Α818118Α,
1840 2642 1954 2682 aliquis
1970 2642 2142 2682 aliquando
2167 2642 2290 2673 dubitat
2312 2642 2351 2673 de
2370 2647 2503 2682 peccato
2527 2642 2582 2672 ali«—

1517 2696 1584 2727 quo
1607 2692 1716 2717 utrum
1739 2687 1779 2716 sit
1797 2687 1930 2717 mortale
1955 2687 2005 2717 vel
2027 2687 2160 2718 veniale.
2185 2687 2227 2717 Et
2241 2687 2310 2717 talis
2335 2686 2430 2717 debet
2452 2685 2491 2717 de
2514 2686 2581 2722 illo,

1516 2737 1553 2762 ut
1567 2730 1701 2767 videtur,
1719 2730 1863 2761 confiteri
1879 2736 1916 2761 ut
1939 2730 1978 2761 de
2001 2731 2137 2762 mortali.
2162 2731 2248 2771 Ergo
2264 2730 2378 2771 aliquis
2394 2730 2488 2761 debet
2503 2739 2582 2761 con-

1516 2775 1598 2806 fiteri
1622 2775 1794 2816 aliquando
1818 2781 1987 2815 peccatum
2011 2775 2100 2815 quod
2123 2785 2191 2806 non
2214 2775 2319 2806 habet.

1571 2829 1603 2859 4.
1627 2820 1822 2855 Ρ8Α81888Α,
1840 2819 2010 2850 satisfactio
2034 2829 2072 2850 ex
2094 2819 2297 2850 confessione
2321 2818 2494 2850 ordinatur.
2518 2817 2582 2849 Sed

401 2870 483 2932 Ar>
507 2870 640 2890 ’1811111111
664 2871 709 2891 518
736 2872 940 2893 moerim-run.
970 2862 1105 2893 Videtur
1133 2862 1222 2903 quod
1251 2872 1319 2893 non
1349 2872 1462 2894 omnes
1476 2871 1503 2891 6ο
1517 2864 1631 2904 aliquis
1653 2869 1760 2904 potest
1782 2863 1959 2894 satisfacere
1982 2863 2021 2894 de
2044 2869 2178 2904 peccato
2202 2863 2292 2904 quod
2313 2873 2382 2894 non
2410 2863 2580 2894 commisit.

464 2903 503 2934 ad
526 2904 762 2936 confessionem
782 2911 958 2937 teneantur.
983 2907 1077 2945 Quia,
1098 2908 1179 2938 sicut
1204 2907 1280 2938 dicit
1302 2907 1462 2948 Hierony-

399 2957 470 2977 mus
486 2949 512 2983 ἢ
530 2950 729 2988 poenitentia
760 2956 807 2981 est
836 2951 977 2981 secunda
1001 2952 1109 2982 tabula
1128 2956 1205 2992 post
1237 2952 1461 2993 naufragium.

401 2991 462 3021 Sed
486 2992 583 3032 aliqui
614 2999 687 3033 post
710 2994 903 3034 baptismum
936 2995 1138 3036 naufragium
1161 3005 1228 3026 non
1262 3002 1336 3026 sunt
1367 2997 1461 3036 passi.

400 3035 485 3075 Ergo
510 3037 554 3066 eis
576 3047 643 3066 non
667 3039 821 3077 competit
844 3040 1049 3078 poenitentia.
1074 3040 1115 3070 Et
1138 3040 1182 3070 sic
1205 3049 1265 3071 nec
1290 3040 1461 3077 confessio,

402 3088 483 3119 quae
507 3086 552 3110 est
574 3082 791 3120 poenitentiae
814 3092 895 3122 pars.

457 3133 485 3153 2.
510 3124 704 3161 PRAETEREA‚
722 3126 880 3157 confessio
904 3127 1048 3157 facienda
1071 3133 1118 3158 est
1139 3127 1237 3158 iudici
1260 3129 1293 3159 in
1317 3129 1463 3169 quolibet

401 3165 482 3197 foro.
507 3167 568 3198 Sed
592 3169 689 3209 aliqui
713 3176 786 3200 sunt
810 3171 865 3210 qui
888 3181 955 3201 non
978 3172 1096 3202 habent
1126 3173 1293 3203 hominem
1323 3173 1462 3203 iudicem

402 3220 495 3250 supra
518 3221 560 3241 se.
584 3213 669 3252 Ergo
692 3219 923 3245 nec-tenentur
946 3215 986 3245 ad
1009 3215 1254 3246 confessionem.

458 3255 486 3284 3.
510 3255 712 3292 Ρ8Α8τ8118Α,
738 3257 851 3297 aliquis
875 3264 921 3288 est
944 3259 1000 3298 qui
1032 3269 1100 3289 non
1122 3260 1216 3290 habet
1248 3267 1378 3300 peccata
1401 3262 1462 3292 nisi

1517 2909 1603 2949 Ergo
1627 2909 1723 2939 etiam
1745 2913 1852 2948 potest
1875 2907 2021 2938 confiteri
2044 2914 2214 2948 peccatum
2238 2907 2327 2947 quod
2349 2917 2417 2938 non
2441 2906 2525 2937 fecit.

1572 2952 1634 2983 8811
1659 2962 1792 2988 conruit,
1810 2953 2008 2992 quicumque
2025 2952 2101 2983 dicit
2124 2962 2157 2982 se
2176 2951 2288 2982 fecisse
2307 2951 2396 2992 quod
2411 2960 2479 2982 non
2495 2950 2580 2987 fecit,

1516 2998 1678 3028 mentitur.
1703 2997 1767 3027 Sed
1789 2997 1896 3027 nullus
1919 2997 1953 3026 in
1976 2996 2178 3027 confessione
2209 2996 2336 3026 mentiri
2360 2995 2470 3026 debet:
2506 3004 2581 3026 cum

1517 3050 1614 3072 omne
1637 3040 1843 3072 mendacium
1866 3041 1906 3071 sit
1927 3044 2107 3081 peccatum.
2130 3041 2216 3080 Ergo
2239 3040 2347 3070 nullus
2363 3040 2457 3070 debet
2480 3038 2581 3070 confi-

1476 3092 1500 3118 65
1515 3086 1574 3116 teri
1597 3091 1766 3126 peccatum
1790 3084 1880 3125 quod
1902 3094 1970 3115 non
1993 3084 2077 3115 fecit.

1573 3139 1602 3160 2.
1627 3130 1829 3166 mmmmm,
1855 3130 1889 3159 in
1912 3128 2032 3159 iudicio
2057 3129 2203 3160 exteriori
2225 3137 2292 3159 non
2325 3127 2420 3159 debet
2449 3127 2582 3168 aliquod

1517 3174 1638 3205 crimen
1662 3174 1757 3204 alicui
1779 3173 1914 3214 impingi
1937 3173 2027 3213 quod
2042 3183 2110 3204 non
2133 3178 2240 3214 potest
2262 3182 2320 3214 per
2334 3178 2429 3203 testes
2444 3171 2581 3203 idoneos

1515 3218 1644 3258 probari
1660 3219 1686 3248 *.
1711 3217 1774 3248 Sed
1797 3218 1884 3248 testis
1907 3218 1940 3247 in
1964 3217 2036 3248 foro
2059 3218 2275 3258 poenitentiae
2299 3222 2346 3248 est
2375 3217 2580 3247 conscientia.

1516 3262 1602 3302 Ergo
1626 3262 1740 3302 aliquis
1755 3271 1823 3292 non
1847 3262 1941 3292 debet
1964 3271 1998 3292 se
2021 3271 2169 3293 accusare
2185 3261 2225 3292 de
2247 3266 2380 3302 peccato
2398 3260 2488 3301 quod
2503 3270 2581 3291 con-

403 3298 544 3328 venialia.
579 3299 642 3330 Sed
664 3300 703 3330 de
726 3301 786 3330 illis
809 3311 876 3331 non
905 3307 1030 3332 tenetur
1062 3304 1162 3333 homo
1186 3303 1340 3335 confiteri.
1376 3306 1461 3345 Ergo
1476 3317 1503 3338 70
1516 3307 1647 3336 scientia
1669 3316 1736 3336 11011
1759 3307 1864 3337 habet.

403 3351 470 3371 non
493 3343 626 3381 quilibet
648 3349 773 3374 tenetur
796 3344 835 3375 ad
854 3345 1099 3377 confessionem.

458 3385 519 3415 San
544 3396 666 3416 80111811
689 3397 742 3417 851
759 3389 834 3427 quia
857 3389 1015 3420 confessio
1035 3396 1146 3421 contra
1168 3391 1414 3423 satisfactionem
1431 3398 1462 3423 et

404 3430 628 3460 contritionem
652 3430 808 3461 dividitur.
833 3432 895 3462 Sed
919 3443 1030 3463 omnes
1058 3439 1206 3465 tenentur
1229 3435 1268 3465 ad
1299 3437 1462 3466 contritio-

403 3481 479 3546 pern
503 3478 533 3503 et
555 3473 812 3505 satisfactionem.
847 3476 932 3515 Ergo
957 3482 988 3507 et
1011 3486 1123 3507 omnes
1150 3484 1298 3509 tenentur
1321 3479 1361 3509 ad
1384 3489 1461 3510 con-

418 3525 585 3547 essxonem.

1570 3351 1760 3380 Rasponmzo
1776 3360 1936 3381 1118881188
1952 3349 2042 3390 quod
2059 3359 2117 3391 per
2133 3349 2369 3381 confessionem
2385 3349 2480 3380 debet
2501 3358 2580 3390 poe·

1515 3394 1620 3423 nitens
1643 3403 1676 3424 se
1701 3394 1876 3425 confessori
1895 3404 1955 3425 suo
1978 3394 2189 3425 manifestare.
2213 3394 2268 3424 Ille
2292 3399 2399 3424 autem
2415 3393 2471 3433 qui
2495 3393 2582 3424 aliud

1516 3437 1671 3467 sacerdoti
1696 3438 1735 3468 de
1758 3448 1790 3468 se
1806 3438 1949 3478 loquitur
1973 3448 2071 3479 quam
2094 3448 2151 3469 sua
2166 3439 2361 3469 conscientia
2375 3438 2499 3473 habeat,
2515 3438 2580 3468 sive

1516 3481 1550 3510 in
1573 3482 1696 3511 bonum
1720 3482 1785 3511 sive
1801 3482 1834 3511 in
1856 3483 1988 3518 malum,
2005 3492 2072 3512 non
2089 3492 2122 3513 se
2146 3481 2301 3513 sacerdoti
2319 3481 2509 3517 manifestat,
2525 3480 2581 3512 sed

1476 3535 1500 3555 ἰς
1516 3525 1616 3564 magis
1640 3525 1788 3555 occultat.
1814 3525 1854 3555 Et
1876 3525 1950 3556 ideo
1974 3535 2042 3556 non
2065 3532 2112 3556 est
2129 3525 2246 3556 idonea
2269 3525 2445 3556 confessio:
2470 3524 2526 3555 sed
2541 3524 2581 3555 ad

2610 1676 2691 1725 {52³}
2704 1676 2755 1699 &a
2767 1682 2822 1699 cou-

2610 1729 2822 1758 'arnamar-t.

2610 1762 2631 1784 5,
2645 1755 2674 1778 ud
2687 1763 2711 1783 4·

2610 2296 2621 2307 ·
2629 2294 2719 2323 Rea-iet.
2731 2294 2771 2318 lib.
2781 2294 2822 2323 xl,

2610 2321 2822 2370 fpumnlmxxt,

2652 2348 2763 2376 interrog.
2773 2354 2808 2372 ιο.

2608 3226 2618 3236 ·
2633 3224 2669 3247 Cf.
2679 3230 2730 3247 ean.
2737 3224 2824 3247 serane

2608 3251 2692 3279 cuncti,
2707 3250 2776 3274 Cau
2791 3251 2820 3279 u,

2608 3284 2647 3306 qu.
2665 3283 2714 3300 vm.
