2878 4088
423 197 493 231 152
1057 194 1321 241 QUAESTIO
1350 193 1486 240 LXXI,
1515 191 1810 230 ARTICULUS
1838 192 1879 237 11,
1910 191 1955 227 111

471 274 522 303 Ar>
539 282 702 303 ssctmmm
724 282 884 303 memmi
900 272 990 314 quod
1013 282 1096 314 opus
1119 272 1209 314 quod
1228 282 1287 313 pro
1311 272 1420 313 aliquo
1436 271 1482 307 fit,
1539 280 1595 301 eos
1619 270 1711 310 dirigi
1734 275 1849 310 potest.
1874 269 1915 300 Et
1938 270 1983 300 sie
2005 268 2154 310 suffragia
2176 271 2324 301 vivorum
2344 271 2480 302 mortuis
2503 270 2608 311 dupli-

419 316 552 348 efficitur
576 317 644 348 eius
667 326 726 357 pro
751 326 817 358 quo
841 317 887 348 fit.
911 318 953 348 Et
968 317 1111 348 similiter
1134 327 1217 358 opus
1234 316 1323 357 quod
1347 322 1393 347 est
1415 316 1482 346 eius
1539 315 1617 346 citer
1631 319 1776 355 prosunt,
1794 315 1876 344 sieut
1892 318 1923 344 et
1938 314 2017 344 vivis
2033 315 2066 344 ”z
2087 319 2119 344 et
2133 319 2265 354 propter
2281 315 2415 346 caritatis
2431 315 2607 351 unionum
2635 316 2847 344 ‘Cf-m-prneeed-

418 362 474 402 qui
496 371 626 392 mecum
648 366 694 392 est
715 371 829 398 unum,
854 361 1097 403 quodammodo
1122 367 1169 392 est
1192 366 1223 392 et
1245 370 1365 391 meum.
1390 359 1484 391 Unde
1540 364 1571 390 et
1593 364 1725 399 propter
1755 358 1969 389 intentionem
1991 357 2031 388 ad
2055 367 2112 388 eos
2140 357 2301 389 directam.

416 415 485 436 non
509 410 555 436 est
579 410 690 436 contra
712 405 854 437 divinam
876 407 1028 437 iustitiam
1045 407 1070 436 si
1087 415 1171 436 unus
1187 405 1328 436 fructum
1350 404 1485 445 percipit
1594 402 1671 434 Non
1686 408 1793 433 tamen
1817 403 1862 432 sic
1885 402 1931 432 eis
1946 402 2050 432 valere
2066 401 2224 433 credenda
2240 407 2314 433 sunt
2334 403 2483 434 vivorum
2499 403 2609 434 suffra-

418 449 458 480 de
482 450 632 490 operibus
656 449 746 480 factis
769 450 808 481 ab
825 460 865 481 eo
889 451 943 491 qui
969 456 1016 481 est
1037 459 1141 481 unum
1160 459 1270 480 secum
1293 449 1327 479 in
1346 449 1484 483 caritate,
1507 457 1517 477 ς
1539 448 1590 488 gia
1614 452 1650 478 ut
1666 452 1764 477 status
1781 454 1894 477 eorum
1914 451 2058 476 mutetur
2073 445 2113 476 de
2128 446 2255 477 miseria
2270 446 2310 477 ad
2325 445 2508 478 felicitatem
2524 448 2575 478 vel
2591 457 2609 478 e

417 493 468 524 vel
491 495 530 524 ab
555 494 706 535 operibus
729 503 788 535 pro
813 504 846 526 se
869 494 968 526 factis.
997 494 1071 525 Hoc
1096 495 1191 524 etiarn
1223 492 1402 523 secundum
1425 492 1485 522 hu·
1541 501 1708 522 converso.
1734 490 1797 522 Sed
1820 490 1904 521 valet
1927 490 1966 521 ad
1990 489 2239 521 diminutionem
2261 500 2398 531 poenae,
2414 491 2467 522 vel
2489 490 2609 532 aliquid

417 547 547 569 manam
570 539 722 570 iustitiam
752 540 925 580 contingit,
949 544 985 570 ut
1008 537 1178 569 satisfactio
1208 538 1305 568 unius
1331 546 1391 578 pro
1422 536 1485 566 alio
1540 534 1726 566 huiusmodi
1750 534 1840 575 quod
1859 540 1975 565 statum
1998 535 2120 565 mortui
2141 544 2210 565 non
2232 540 2430 566 transmutat.

418 583 600 623 accipiatur.
1595 580 1646 610 An
1663 589 1780 610 prunum
1803 588 1886 609 raoo
1903 588 2063 609 men-‚unum
2086 578 2176 619 quod
2198 579 2310 615 homo,
2327 578 2405 610 dum
2420 580 2455 610 in
2474 588 2610 620 corpore

473 627 524 657 An
549 637 683 658 mnrium
707 637 867 658 mmmmm
891 627 980 668 quod
1002 627 1070 657 laus
1094 635 1162 656 non
1186 625 1277 656 datur
1307 625 1403 656 alicui
1425 624 1486 655 nisi
1540 625 1627 660 vixit,
1647 624 1764 654 meruit
1787 629 1822 654 ut
1845 624 1924 654 haec
1955 624 1984 654 ei
2014 623 2155 662 valerent
2178 628 2251 663 post
2274 629 2423 654 mortem.
2453 623 2495 655 Et
2516 622 2608 659 ideo,

419 670 598 702 secundum
622 671 769 702 ordinem
793 672 861 702 eius
885 671 923 702 ad
947 676 1071 702 actum:
1096 670 1183 701 unde
1197 670 1266 701 laus
1290 675 1337 700 est
1359 668 1403 700 ad
1425 668 1485 699 ali·
1501 677 1527 692 ¹0
1541 669 1567 699 si
1590 674 1664 709 post
1687 669 1770 699 hanc
1793 668 1891 698 vitam
1915 668 1960 698 eis
1983 668 2120 704 iuvatur,
2143 667 2354 705 nihilominus
2377 668 2441 699 hoc
2464 667 2611 709 procedit

180 719 234 742 'Ca
252 719 397 767 ·¹¹1¹,n·⁸-·'
419 715 505 756 quid,
528 721 565 746 ut
588 715 703 746 dicitur
732 717 766 746 in
790 716 803 746 Ι
825 715 929 746 Ethic.
946 716 962 732 ⁴*
996 715 1038 745 Et
1060 715 1136 756 quia
1163 724 1202 745 ex
1232 723 1330 755 opere
1359 713 1486 744 alterius
1541 722 1579 744 ex
1597 713 1651 743 his
1675 722 1758 753 quae
1781 713 1814 743 in
1838 721 1974 753 corpore
1996 712 2101 752 gessit.

181 746 233 768 S'T
251 762 256 768 '
276 749 390 768 ⁸⁰‘'¹’'¹¹¹'
418 759 527 790 nullus
550 759 684 790 efficitur
707 760 757 790 vel
781 759 958 791 ostenditur
981 759 1063 790 bene
1079 759 1251 799 dispositus
1274 758 1325 789 vel
1347 757 1431 788 male
1447 756 1487 788 ad
1580 757 1655 788 .Vel
1671 756 1854 793 dicendum,
1871 755 2050 787 secundum
2066 756 2221 786 loannem
2233 755 2480 792 Damascenum,
2497 756 2531 787 in
2546 765 2610 787 ser-

419 803 550 844 aliquid,
573 803 648 834 inde
664 810 711 834 est
727 803 816 844 quod
831 804 938 834 nullus
954 803 1101 834 laudatur
1117 813 1155 834 ex
1171 803 1321 844 operibus
1340 802 1484 833 alterius:
1540 811 1638 832 mone
1657 801 1820 842 praedicto
1833 802 1860 838 *‚
1877 800 1967 841 quod
1989 801 2053 831 hoc
2070 806 2116 831 est
2138 800 2382 840 intelligendum
2397 805 2556 841 quantum
2571 799 2611 831 ad
2637 800 2680 849 “12
2687 800 2850 850 pnfissssg*

418 848 479 878 nisi
502 857 559 888 per
582 847 745 884 accidens,
769 848 947 879 secundum
971 847 1061 888 quod
1084 848 1152 888 ipse
1183 853 1229 878 est
1252 847 1361 887 aliquo
1384 845 1485 876 modo
1540 846 1783 876 retributionem
1799 855 1883 886 quae
1905 844 1961 876 fiet
1976 845 2010 876 in
2032 844 2121 875 finali
2135 844 2267 881 iudicio,
2285 854 2367 885 quae
2384 845 2442 875 erit
2465 850 2611 876 aeternae
2711 844 2718 855 ’
2802 843 2830 855 ‘'

420 901 557 932 operum
580 892 711 922 illorum
734 901 838 929 causa,
856 892 1027 922 consilium
1050 892 1101 922 vel
1117 891 1271 922 auxilium
1290 890 1484 932 praebendo,
1502 898 1524 919 ις
1540 890 1660 931 gloriae
1675 890 1726 921 vel
1742 895 1888 921 aeternae
1902 890 2059 926 miseriae,
2074 889 2108 920 in
2125 898 2189 929 qua
2208 889 2342 929 quilibet
2357 889 2489 930 recipiet
2503 889 2611 920 solum

419 945 476 966 seu
498 935 693 972 inducendo,
710 936 760 966 vel
784 945 994 976 quocumque
1018 935 1080 965 alio
1104 935 1215 966 modo.
1247 935 1310 966 Sed
1334 944 1416 975 opus
1440 940 1487 964 est
1541 934 1721 965 secundum
1745 933 1834 975 quod
1850 934 1918 974 ipse
1941 934 1974 964 in
1991 943 2127 974 corpore
2147 934 2252 974 gessit.
2278 933 2407 964 Interim
2431 939 2539 964 autem
2561 934 2611 964 iu-

418 980 618 1010 meritorium
641 979 734 1009 alicui
750 989 818 1010 non
834 979 941 1010 solum
964 978 1163 1010 considerata
1178 980 1246 1009 eius
1265 978 1485 1019 dispositione,
1541 979 1607 1008 vari
1630 984 1766 1018 possunt
1789 979 1936 1008 vivorum
1960 977 2124 1018 suffragiis.

418 1023 474 1054 sed
498 1024 593 1053 etiam
620 1028 777 1063 quantum
801 1022 841 1053 ad
864 1023 984 1062 aliquid
1012 1032 1213 1063 consequens
1242 1022 1486 1063 dispositionem
1597 1022 1647 1052 An
1680 1032 1842 1052 sacmmmi
1873 1031 2032 1052 mcnnmm
2063 1021 2152 1062 quod
2182 1022 2352 1053 auctoritas
2380 1022 2434 1053 illa
2464 1031 2611 1063 expresse

180 1074 190 1083 ·
205 1072 230 1094 1n
246 1077 350 1099 corpore.
418 1067 468 1097 vel
492 1072 608 1097 statum
632 1067 710 1103 eius,
726 1072 762 1097 ut
786 1076 823 1097 ex
847 1066 938 1097 dictis
953 1067 970 1083 ⁴*
993 1071 1089 1106 patet.
1541 1066 1684 1106 loquitur
1708 1066 1747 1096 de
1770 1066 1901 1106 sequela
1923 1071 2069 1096 aeternae
2091 1066 2323 1097 retributionis:
2349 1066 2439 1107 quod
2462 1072 2549 1107 patet
2572 1076 2610 1097 ex

472 1111 523 1141 An
541 1120 689 1141 ouanruu
704 1120 864 1141 mmmmm
880 1110 970 1150 quod
986 1109 1109 1140 auferre
1132 1110 1227 1140 alicui
1244 1109 1334 1150 quod
1356 1110 1416 1139 sibi
1431 1108 1486 1139 de·
1501 1116 1527 1131 ²⁰
1541 1109 1605 1140 hoc
1629 1109 1719 1150 quod
1741 1110 1962 1150 praemittitur,
1977 1110 2073 1140 Beati
2096 1110 2217 1140 mortui
2240 1116 2299 1140 etc.

388 1157 392 1161 '
418 1155 519 1191 betur,
536 1156 600 1186 hoc
623 1154 741 1185 directe
764 1155 901 1185 iustitiae
920 1159 1086 1195 repugnat.
1111 1153 1174 1185 Sed
1198 1153 1271 1184 dare
1287 1152 1408 1193 aliquid
1431 1153 1487 1183 ali-
1596 1153 1656 1183 Vel
1686 1153 1860 1184 dicendum
1894 1153 1985 1194 quod
2007 1163 2106 1193 opera
2132 1163 2192 1194 pro
2223 1155 2268 1185 eis
2298 1154 2380 1185 facta
2409 1160 2484 1186 sunt
2515 1155 2611 1186 etiam

419 1200 471 1229 cui
487 1199 576 1239 quod
592 1200 621 1230 ei
636 1208 704 1230 non
720 1198 863 1235 debetur,
879 1199 943 1229 hoc
959 1208 1027 1229 non
1051 1203 1098 1229 est
1120 1198 1257 1228 iustitiae
1279 1197 1485 1233 eontrarium,
1542 1196 1786 1237 quodammodo
1811 1206 1935 1234 eorum,
1952 1202 1989 1227 ut
2012 1196 2134 1228 dictum
2157 1202 2204 1228 est
2219 1198 2246 1228 *ἦ
2638 1199 2714 1226 ‘SAR-
2729 1198 2838 1226 pruma.

418 1243 474 1274 sed
503 1249 603 1274 metas
635 1243 771 1274 iustitiae
805 1242 944 1273 excedit:
979 1248 1026 1273 est
1056 1243 1143 1273 enim
1175 1242 1377 1272 liberalitatis.
1410 1241 1486 1272 Non
1596 1241 1647 1272 An
1671 1251 1807 1271 marum
1821 1251 1982 1271 memnon
1998 1240 2099 1281 quod,
2120 1242 2267 1281 quamvis
2291 1243 2416 1272 animae
2430 1247 2506 1282 post
2523 1251 2612 1273 mor-

418 1293 526 1318 autem
548 1292 657 1328 posset
687 1287 800 1328 aliquis
829 1286 912 1317 laedi
935 1296 974 1317 ex
996 1286 1088 1317 malis
1118 1286 1246 1317 alterius
1275 1287 1336 1317 nisi
1366 1285 1486 1326 aliquid
1540 1291 1607 1316 tem
1629 1295 1698 1316 non
1728 1286 1790 1316 sint
1820 1286 2005 1326 simpliciter
2027 1286 2062 1316 in
2085 1289 2168 1316 statu
2190 1286 2280 1322 viae,
2303 1285 2360 1317 sed
2390 1291 2549 1326 quantum
2571 1285 2613 1317 ad

419 1333 448 1362 ei
471 1332 510 1363 de
534 1341 593 1363 suo
617 1332 860 1362 subtraheretur.
885 1331 926 1362 Et
948 1330 1022 1362 ideo
1053 1340 1121 1361 non
1143 1331 1187 1361 ita
1216 1330 1368 1361 convenit
1396 1329 1486 1370 quod
1501 1340 1523 1361 ες
1541 1329 1662 1370 aliquid
1677 1329 1783 1360 adhuc
1798 1335 1873 1360 sunt
1888 1330 1922 1360 in
1945 1334 2028 1360 statu
2043 1330 2129 1360 viae:
2153 1330 2347 1370 inquantum
2362 1330 2483 1361 scilicet
2497 1339 2612 1362 eorum

419 1376 532 1416 aliquis
554 1377 705 1417 puniatur
727 1385 786 1416 pro
810 1375 950 1416 peccatis
979 1375 1117 1412 alterius,
1141 1376 1223 1406 sicut
1246 1374 1336 1415 quod
1360 1375 1485 1405 emolu·
1540 1383 1726 1415 progressus
1742 1373 2036 1405 adhuc-retardatur
2052 1374 2090 1404 ab
2109 1373 2223 1404 ultima
2237 1375 2456 1406 retributione.
2481 1374 2523 1406 Et
2537 1373 2613 1406 ideo

418 1426 564 1451 mentum
586 1421 740 1461 percipiat
763 1429 801 1450 ex
824 1421 918 1450 bonis
941 1419 1079 1450 alterius.
1540 1419 1726 1459 simpliciter
1742 1428 1856 1449 eorum
1871 1419 1922 1449 via
1945 1424 1992 1449 est
2007 1418 2229 1459 circumsepta,
2246 1424 2282 1449 ut
2296 1428 2364 1450 non
2383 1419 2509 1460 possint
2530 1418 2613 1450 ulte-

1540 1464 1606 1494 rius
1627 1472 1685 1503 per
1709 1463 1815 1503 aliqua
1838 1472 1937 1503 opera
1952 1463 2154 1494 transmutari
2177 1463 2357 1494 secundum
2372 1468 2489 1495 statum
2512 1462 2613 1495 felici-

1540 1509 1611 1538 tatis
1636 1513 1667 1538 et
1689 1508 1844 1538 miseriae.
1870 1507 1934 1538 Sed
1957 1512 2114 1548 quantum
2138 1506 2178 1538 ad
2200 1508 2264 1538 hoc
2279 1517 2348 1539 non
2371 1513 2418 1539 est
2441 1508 2613 1539 circumse-

1502 1562 1527 1581 ιο
1541 1557 1605 1593 pta,
1622 1553 1712 1592 quin,
1729 1557 1888 1592 quantum
1903 1551 1943 1583 ad
1958 1552 2022 1582 hoc
2038 1551 2128 1592 quod
2144 1551 2326 1583 detinentur
2342 1553 2380 1583 ab
2396 1552 2510 1584 ultima
2523 1552 2612 1583 retri-

1540 1597 1685 1633 butione,
1702 1597 1826 1637 possint
1841 1596 1880 1627 ab
1905 1596 1972 1627 aliis
1988 1597 2105 1627 iuvari:
2131 1597 2207 1637 quia
2230 1596 2410 1628 secundum
2425 1597 2489 1628 hoc
2508 1595 2613 1628 adhuc

418 1651 502 1714 Ab
526 1650 689 1671 sacrmntm
712 1650 758 1671 src
783 1650 988 1671 PROCEDITUR.
1012 1639 1147 1671 Videtur
1163 1640 1254 1681 quod
1275 1641 1396 1672 mortui
1418 1651 1487 1672 non
1541 1646 1615 1672 sunt
1638 1642 1671 1672 in
1694 1642 1754 1671 via.
2237 1649 2240 1652 ’

594 1490 693 1521 ART.
711 1490 748 1521 II.
773 1500 878 1520 urium
901 1499 1020 1520 nomm
1048 1500 1173 1521 Possmr
1203 1500 1309 1521 nrum

597 1551 600 1553 -
764 1544 803 1565 ax
827 1544 975 1565 ornamus
998 1544 1139 1565 vrvomm

650 1589 682 1611 XV
696 1589 770 1616 Sena,
786 1589 839 1611 dist.
855 1595 893 1615 xv.
908 1595 947 1617 qu.
963 1595 988 1616 n,
1004 1593 1048 1612 art.
1062 1596 1082 1618 5,
1097 1590 1142 1618 (μιἰ
1156 1595 1177 1618 3,
1192 1589 1221 1611 ad
1236 1596 1256 1612 2.

482 1686 606 1726 possint
634 1685 736 1715 iuvari
765 1694 803 1715 ex
832 1685 983 1725 operibus
1006 1685 1165 1716 vivorum.
1194 1685 1319 1722 Primo,
1342 1695 1400 1726 per
1423 1686 1487 1716 hoc
1596 1686 1647 1716 An
1679 1695 1828 1716 numu-tm
1857 1695 2018 1716 mmmm
2050 1685 2157 1726 quod,
2190 1686 2336 1726 quamvis
2360 1685 2612 1717 communicatio

181 1741 190 1749 ·
205 1739 271 1761 vm.
288 1745 322 1760 ιο.
418 1729 506 1770 quod
530 1729 607 1760 dicit
621 1729 808 1770 Apostolus,
826 1729 853 1759 11
872 1729 949 1760 Cor.
966 1739 986 1759 v
1001 1730 1035 1759 ἰ
1064 1729 1182 1760 Omnes
1206 1739 1266 1761 nos
1281 1730 1488 1772 manifestari
1542 1730 1685 1761 civilium
1709 1739 1855 1771 operum,
1873 1729 1912 1760 de
1929 1739 1994 1771 qua
2016 1729 2232 1771 Philosophus
2251 1730 2406 1771 loquitur,
2421 1739 2490 1761 non
2511 1729 2614 1771 possit

418 1779 544 1814 oportet
565 1779 640 1804 ante
660 1774 803 1805 tribunal
821 1774 951 1810 Christi,
968 1779 1004 1804 ut
1027 1774 1163 1815 recipiat
1179 1775 1397 1816 unusquisque
1406 1784 1487 1816 pro·
1503 1783 1525 1803 ³5
1543 1784 1610 1805 esse
1633 1779 1839 1805 mortuorum
1855 1773 1895 1805 ad
1910 1775 2011 1810 vivos,
2029 1774 2104 1815 quia
2127 1775 2247 1805 mortui
2263 1780 2349 1805 extra
2371 1775 2470 1805 vitam
2485 1774 2612 1805 civilem
2639 1806 2650 1818 ,
2663 1805 2702 1829 α
2716 1805 2851 1828 Proca-io-

411 1819 490 1859 pria
513 1818 660 1859 corporis
678 1827 762 1860 quae
783 1818 892 1860 gessit.
917 1818 1003 1858 Ergo
1020 1827 1058 1849 ex
1080 1819 1129 1849 his
1153 1828 1236 1859 quae
1251 1825 1326 1860 post
1348 1825 1488 1850 mortem
1541 1824 1633 1856 sunt;
1657 1824 1764 1859 potest
1779 1824 1887 1849 tamen
1911 1828 2025 1850 eorum
2042 1819 2294 1850 communicatio
2314 1828 2384 1850 esse
2399 1823 2557 1860 quantum
2572 1817 2613 1850 ad
2639 1831 2852 1858 „„‚0.-d.pmd‚‚

416 1863 556 1894 hominis
571 1868 735 1903 geruntur,
752 1862 884 1903 quando
901 1868 987 1893 extra
1011 1872 1129 1904 corpus
1145 1863 1213 1899 erit,
1229 1864 1309 1894 nihil
1333 1864 1362 1894 ei
1382 1873 1487 1895 accre-
1542 1873 1641 1904 opera
1663 1864 1746 1894 vitae
1770 1863 1950 1903 spiritualis,
1975 1872 2058 1903 quae
2083 1868 2130 1894 est
2152 1872 2210 1904 per
2239 1864 2402 1895 caritatem
2425 1862 2465 1894 ad
2487 1863 2612 1899 Deum,
2639 1858 2851 1913 yfffirawfi

416 1916 503 1938 scere
526 1908 643 1948 poterit
667 1917 705 1938 ex
728 1908 889 1948 aliquibus
913 1907 1074 1948 operibus.
1542 1908 1595 1938 cui
1618 1913 1822 1938 mortuorum
1845 1907 1978 1948 spiritus
2001 1908 2114 1938 vivunt
2127 1908 2154 1938 ἦ
2639 1912 2741 1940 quam
2755 1915 2813 1934 om.

471 1961 500 1982 2.
524 1952 721 1988 Pantanus,
738 1952 801 1982 hoc
825 1951 911 1982 idem
934 1951 1059 1982 videtur
1083 1961 1121 1983 ex
1143 1952 1207 1982 hoc
1231 1952 1322 1993 quod
1354 1952 1487 1983 habetur

180 2004 189 2014 ·
208 2002 272 2024 vm.
290 2009 319 2031 ις.
416 1996 514 2036 Apoc.
542 2006 594 2026 xrv
619 1997 652 2026 *z
677 1996 772 2027 Beati
802 1996 923 2026 mortui
963 1996 1020 2037 qui
1046 1996 1078 2026 in
1106 1996 1248 2027 Domino
1280 1997 1528 2027 moriuntur-:40
1630 1993 1730 2023 ART.
1748 1992 1799 2022 111.
1824 2001 1928 2022 rmum
1944 2001 2116 2022 sunnon
2131 2001 2232 2022 nera
2255 2001 2313 2022 aaa
2327 2000 2523 2022 recca-roan

417 2049 516 2081 opera
539 2040 624 2071 enim
648 2041 779 2071 illorum
802 2045 981 2081 sequuntur
1004 2040 1088 2071 illos.
1935 2045 2069 2066 Moarurs
2092 2045 2222 2066 rnosmr

472 2085 501 2116 3.
526 2085 723 2121 Parianus,
746 2084 904 2126 proficere
927 2095 965 2116 ex
990 2094 1087 2126 opere
1118 2085 1228 2126 aliquo
1253 2091 1300 2116 est
1322 2085 1430 2116 solum
1453 2087 1487 2116 in
1647 2119 1651 2123 ¹
1675 2092 1736 2114 pm.
1752 2091 1791 2117 111,
1807 2097 1846 2119 qu.
1860 2096 1949 2116 uun,
1965 2094 2007 2112 art.
2023 2090 2050 2112 ⁶·
2068 2090 2089 2112 11
2103 2090 2178 2121 syn-t„
2193 2089 2247 2112 diu.
2262 2096 2301 2115 ιι,
2316 2094 2359 2112 m.
2373 2097 2397 2117 4,
2412 2090 2441 2112 ια
2452 2096 2480 2130 2³

416 2130 466 2160 via
489 2130 660 2161 existentis.
696 2129 759 2160 Sed
789 2130 938 2160 homines
968 2134 1043 2170 post
1072 2135 1211 2160 mortem
1234 2131 1299 2160 iam
1321 2139 1390 2160 non
1413 2136 1487 2161 sunt
1573 2119 1614 2145 lv,
1629 2119 1684 2141 dist.
1699 2125 1722 2146 v,
1738 2125 1776 2146 qu.
1793 2124 1816 2144 ιι,
1831 2122 1875 2140 art.
1890 2123 1911 2144 2,
1927 2117 1971 2145 qu·
1986 2124 2007 2143 a,
2023 2107 2051 2138 ad
2066 2123 2090 2143 ας
2106 2116 2160 2139 dist.
2175 2122 2224 2144 xix,
2240 2123 2280 2145 qu.
2296 2123 2312 2144 ι,
2327 2121 2370 2140 ιη.
2385 2123 2405 2144 a,
2420 2123 2452 2146 qu
2479 2123 2501 2144 a,
2515 2117 2544 2139 nd
2557 2124 2581 2144 4.

178 2182 188 2192 ·
204 2181 272 2203 Vers.
286 2181 307 2204 8.
416 2175 567 2205 viatores:
588 2175 664 2215 quia
681 2173 721 2205 de
737 2175 782 2204 eis
797 2174 860 2204 hoc
877 2173 1063 2214 intelligitur
1079 2173 1169 2215 quod
1185 2174 1300 2215 legitur
1316 2174 1375 2205 Iob
1390 2185 1442 2205 xrx
1454 2176 1485 2205 *z
1607 2185 1627 2205 1>
1651 2183 1786 2205 ram-nm
1812 2183 1857 2204 sic
1884 2182 2088 2203 paocanrrun.
2114 2172 2249 2203 Videtur
2272 2172 2363 2213 quod
2385 2172 2534 2214 suffragia
2554 2182 2613 2215 pet

416 2218 568 2249 Semitam
584 2229 687 2250 meam
704 2219 932 2259 circumsepsit,
951 2223 982 2249 et
996 2219 1138 2250 transire
1154 2228 1219 2249 non
1230 2228 1375 2260 possum.
1400 2219 1486 2260 Ergo
1501 2229 1525 2249 45
1544 2187 1792 2260 Apeccatores
1818 2217 1900 2248 facta
1915 2218 2061 2260 *mortuis
2084 2227 2152 2247 non
2167 2218 2301 2258 prosint.
2326 2217 2421 2256 Quia,
2438 2223 2475 2248 ut
2497 2217 2613 2249 dicitur

416 2264 535 2294 mortui
559 2263 599 2294 de
622 2262 778 2304 suffragiis
801 2263 935 2294 alicuius
958 2263 1059 2293 iuvari
1082 2272 1150 2293 non
1174 2269 1319 2303 possunt.
1542 2264 1629 2295 Ioan.
1647 2274 1678 2294 1x
1694 2264 1727 2299 *,
1746 2267 1935 2303 peccatores
1958 2262 2048 2292 Deus
2072 2271 2138 2292 non
2161 2261 2262 2293 audit.
2287 2261 2367 2298 Sed,
2394 2262 2419 2292 si
2452 2262 2613 2293 orationes
2640 2265 2650 2275 ·
2664 2262 2731 2285 ven.
2745 2268 2779 2292 3·-

471 2317 502 2347 4.
527 2308 723 2344 Ριιᾼιιτιιιιιιᾼ,
739 2307 848 2338 nullus
870 2308 998 2338 iuvatur
1021 2317 1060 2338 ex
1083 2317 1182 2348 opere
1213 2308 1341 2339 alterius
1363 2308 1424 2338 nisi
1448 2308 1487 2338 sit
1542 2318 1656 2339 eorum
1672 2306 1861 2348 prodessent
1883 2306 1944 2337 illis
1959 2316 2019 2347 pro
2044 2306 2161 2347 quibus
2177 2311 2279 2343 orant,
2296 2316 2314 2336 a
2337 2306 2409 2337 Deo
2426 2305 2612 2338 exaudiren-

417 2352 522 2392 aliqua
545 2352 628 2383 vitae
652 2353 904 2383 communicatio
928 2353 1010 2382 inter
1034 2361 1099 2382 eos.
1136 2351 1199 2383 Sed
1221 2353 1310 2383 nulla
1338 2362 1486 2383 commu·
1541 2359 1602 2383 tur.
1626 2352 1713 2392 Ergo
1736 2350 1884 2392 suffragia
1907 2360 1964 2392 per
1988 2360 2044 2381 eos
2067 2350 2149 2382 facta
2171 2351 2307 2381 mortuis
2330 2360 2397 2381 non
2421 2355 2567 2392 prosunt.

416 2397 534 2427 nicatio
558 2402 605 2427 est
628 2402 833 2427 mortuorum
856 2396 895 2426 ad
919 2397 1019 2433 vivos,
1037 2396 1216 2427 secundum
1239 2397 1485 2438 Philosophum,
1599 2407 1628 2427 2.
1652 2397 1850 2431 annnm,
1864 2395 2048 2436 Gregorius,
2062 2395 2094 2425 in
2111 2395 2276 2426 Pastorali
2291 2395 2318 2432 *‚
2331 2394 2408 2426 dicit
2423 2395 2524 2436 quod,
2540 2404 2612 2426 cum
2639 2399 2660 2447 ζ,
2713 2397 2750 2425 .1,
2761 2403 2812 2426 σοι».
2820 2404 2852 2426 ¹¹,

416 2441 449 2471 in
473 2441 485 2471 Ι
508 2440 611 2471 Ethic.
628 2442 645 2458 ⁴*
669 2441 754 2481 Ergo
771 2440 918 2481 suffragia
933 2441 1081 2472 vivorum
1105 2451 1173 2471 non
1188 2447 1325 2482 prosunt
1339 2442 1485 2472 mortuis.
1502 2450 1528 2471 5⁰
1542 2442 1569 2473 is
1585 2442 1640 2483 qui
1656 2441 1801 2481 displicet
1824 2440 1867 2471 ad
1882 2439 2151 2480 interpellandum
2171 2439 2318 2476 mittitur,
2334 2439 2412 2470 irati
2427 2440 2556 2471 animus
2569 2440 2613 2471 ad
2663 2441 2667 2446 ’
2683 2431 2706 2447 ¹*

180 2489 388 2539 'Cffimn-sssu
472 2485 534 2516 San
559 2495 682 2516 comm
698 2495 752 2516 asr
776 2485 866 2526 quod
882 2485 1015 2516 habetur
1039 2485 1066 2516 11
1082 2486 1232 2517 Machab.
1248 2496 1292 2517 xn
1307 2487 1340 2516 *z
1365 2486 1487 2517 Sancta
1541 2486 1705 2517 deteriora
1723 2489 1936 2525 provocatur.
1962 2483 2024 2515 Sed
2041 2484 2174 2524 quilibet
2196 2489 2347 2525 peccator
2362 2484 2434 2515 Deo
2455 2483 2611 2525 displicet.

179 2517 389 2571 -S‘Vef;‚¹⁶4⁰<}j¹v¹¹‘
417 2534 447 2560 et
468 2529 608 2561 salubris
630 2535 677 2561 est
699 2530 856 2572 cogitatio
868 2539 934 2570 pro
957 2529 1119 2572 defunctis
1141 2539 1292 2567 exorare,
1314 2536 1350 2561 ut
1372 2540 1392 2561 a
1409 2540 1486 2571 pec·
1541 2531 1627 2571 Ergo
1642 2539 1700 2571 per
1722 2534 1929 2570 peccatorum
1945 2527 2092 2568 suffragia
2108 2528 2196 2559 Deus
2218 2527 2259 2559 ad
2273 2527 2525 2560 misericordiam
2543 2537 2612 2560 non

417 2574 496 2605 catis
518 2575 698 2605 solvantur.
735 2573 798 2605 Sed
827 2574 890 2605 hoc
921 2580 1003 2605 esset
1032 2574 1145 2605 inutile
1175 2575 1237 2605 nisi
1267 2585 1323 2606 eos
1353 2575 1485 2606 iuvaret.
1541 2574 1687 2606 flectitur.
1713 2574 1754 2604 Et
1777 2573 1850 2604 ideo
1874 2573 1947 2604 talia
1970 2572 2117 2613 suffragia
2139 2582 2207 2603 non
2231 2578 2377 2614 prosunt.

416 2617 500 2659 Ergo
524 2617 671 2660 suffragia
693 2619 842 2649 vivorum
864 2619 1000 2649 mortuis
1022 2624 1168 2659 prosunt.
1598 2619 1627 2650 3.
1652 2619 1849 2654 Puteum,
1866 2627 1950 2658 opus
1966 2617 2100 2648 alicuius
2123 2618 2224 2658 magis
2238 2616 2364 2648 videtur
2379 2626 2448 2648 esse
2467 2615 2612 2648 fructuo-

473 2672 501 2693 2.
525 2662 722 2700 Puni-nam,
743 2663 943 2704 Augustinus
967 2662 1062 2700 dicit,
1085 2664 1119 2694 in
1141 2663 1223 2694 libro
1247 2663 1286 2694 de
1312 2663 1403 2694 Cura
1418 2674 1485 2704 pro
1502 2672 1524 2693 55
1541 2674 1613 2695 sum
1637 2662 1765 2694 facienti
1795 2671 1894 2702 quam
1924 2662 2022 2692 alteri.
2058 2660 2121 2692 Sed
2149 2667 2300 2702 peccator
2323 2671 2381 2702 per
2404 2671 2502 2702 opera
2529 2662 2609 2693 nihil

181 2714 191 2724 ·
206 2712 262 2739 Cap,
278 2718 294 2739 ι,
309 2717 332 2734 ιι.
346 2718 366 2741 3.
416 2707 552 2738 mortuis
575 2707 703 2750 agenda
726 2709 759 2738 *z
790 2707 865 2738 Non
887 2717 996 2749 parva
1027 2713 1074 2738 est
1103 2708 1275 2739 universae
1302 2708 1484 2745 Ecclesiae,
1541 2713 1681 2739 meretur
1704 2708 1773 2738 sibi.
1798 2707 1884 2747 Ergo
1907 2706 2011 2737 multo
2035 2706 2142 2736 minus
2165 2710 2272 2747 potest
2294 2705 2383 2737 alteri
2405 2706 2529 2737 mereri.

416 2761 498 2792 quae
521 2752 552 2782 in
569 2752 631 2783 hac
646 2751 877 2783 consuetudine
895 2752 1006 2788 claret,
1025 2752 1214 2789 auctoritas,
1232 2758 1268 2783 ut
1290 2752 1322 2783 in
1333 2753 1486 2793 precibus
1596 2762 1627 2792 4.
1645 2752 1842 2788 Pmarsaaa,
1859 2760 1957 2782 omne
1981 2760 2064 2791 opus
2087 2751 2288 2781 meritorium
2305 2755 2434 2791 oportet
2449 2759 2518 2781 esse
2532 2750 2611 2781 vivi-

416 2796 601 2832 sacerdotis,
624 2806 707 2838 quae
729 2796 872 2828 Domino
895 2797 966 2827 Deo
990 2796 1034 2827 ad
1056 2797 1126 2827 eius
1155 2797 1261 2828 altare
1273 2796 1484 2838 funduntur,
1541 2796 1682 2833 ficatum,
1698 2796 1780 2827 idest
1802 2795 1939 2827 caritate
1958 2795 2171 2837 informatum
2182 2795 2209 2826 ³.
2234 2794 2298 2826 Sed
2312 2804 2411 2835 opera
2425 2804 2483 2835 per
2497 2803 2611 2836 pecca·
2638 2800 2850 2829 ·ct.rm.1,qu.

418 2841 522 2871 locum
538 2850 631 2872 suum
647 2841 762 2872 habeat
784 2841 880 2872 etiam
896 2841 1131 2872 commendatio
1153 2846 1368 2872 mortuorum.
1392 2841 1485 2880 Quae
1540 2847 1625 2873 tores
1649 2840 1731 2872 facta
1754 2846 1828 2872 sunt
1842 2845 1980 2871 mortua.
2005 2839 2090 2880 Ergo
2110 2848 2178 2870 non
2202 2844 2338 2880 possunt
2351 2848 2410 2880 per
2433 2848 2470 2870 ea
2491 2839 2611 2870 mortui

418 2884 547 2925 quidem
572 2885 773 2916 consuetudo
790 2886 829 2916 ab
853 2886 929 2926 ipsis
952 2885 1118 2926 Apostolis
1142 2886 1325 2916 inchoavit:
1350 2891 1386 2917 ut
1409 2886 1486 2917 dicit
1499 2893 1526 2913 60
1540 2886 1642 2918 iuvari
1656 2895 1716 2927 pro
1741 2885 1858 2926 quibus
1881 2883 1973 2915 fiunt.

322 2966 326 2970 ᾗ
417 2928 642 2966 Dmascenus,
668 2931 701 2961 in
725 2929 867 2970 quodam
891 2939 1039 2961 sermone
1063 2929 1102 2960 de
1124 2929 1304 2972 Suffragiis
1335 2931 1487 2962 Mortuo·
1596 2930 1659 2962 San
1683 2939 1807 2960 coum
1830 2939 1885 2960 ast
1901 2927 1991 2969 quod
2014 2928 2122 2960 nullus
2141 2933 2249 2969 potest
2271 2929 2350 2959 scire
2374 2926 2413 2958 de
2436 2927 2536 2958 altero
2549 2935 2610 2968 pro

182 2975 393 3024 ξηΑΙ-αὓεαὴοιζωεινί
417 2982 489 3003 rum
504 2974 531 3009 *,
555 2975 599 3004 sic
624 2974 747 3005 dicens:
773 2975 1009 3016 Mysteriorum
1025 2974 1146 3005 conscii
1165 2974 1314 3016 discipuli
1337 2974 1486 3006 Salvato-
1541 2980 1628 3006 certo
1645 2980 1754 3005 utrum
1777 2974 1816 3004 sit
1839 2974 1873 3004 in
1896 2978 1978 3004 statu
2003 2973 2116 3014 culpae
2137 2973 2186 3003 vel
2201 2972 2318 3013 gratiae
2333 2973 2360 3002 “.
2386 2971 2419 3002 Si
2442 2980 2518 3012 ergo
2541 2976 2610 3002 tan·
2637 2979 2647 2990 ·
2664 2977 2702 3001 cf.
2721 2978 2783 3002 Pan.
2806 2978 2850 3000 ιυ-

184 3002 246 3055 runs,
260 3007 323 3051 fuum.
338 3009 392 3058 3¹²⁸
418 3017 464 3047 ris
487 3022 518 3048 et
538 3019 624 3048 sacri
656 3019 802 3059 Apostoli
832 3019 864 3049 in
896 3019 1068 3050 tremendis
1098 3024 1130 3050 et
1158 3019 1292 3061 vivificis
1322 3020 1485 3060 mysteriis
1540 3026 1610 3050 tum
1634 3019 1687 3050 illa
1710 3017 1857 3058 suffragia
1872 3017 2062 3059 prodessent
2084 3026 2168 3058 quae
2190 3015 2274 3048 fiunt
2294 3025 2353 3057 per
2375 3024 2432 3046 eos
2455 3015 2512 3056 qui
2535 3020 2610 3046 sunt
2637 3035 2671 3054 m
2691 3011 2762 3060 ’5⁶¹³‘

418 3062 604 3093 memoriam
617 3063 698 3103 fieri
714 3072 826 3094 eorum
842 3064 897 3104 qui
902 3063 1050 3105 fideliter
1064 3063 1276 3100 dormierunt,
1293 3070 1484 3098 sanxerunt.
1540 3065 1574 3095 in
1596 3064 1704 3104 gratia,
1721 3072 1789 3093 non
1812 3067 1921 3103 posset
1943 3062 2045 3092 homo
2068 3062 2148 3093 scire
2170 3070 2228 3102 per
2251 3070 2334 3101 quos
2357 3059 2504 3100 suffragia
2532 3069 2609 3091 con-

181 3107 193 3118 ·
207 3106 267 3129 ¹²¹¹*-
283 3113 306 3129 ιι
419 3105 517 3143 Quod
544 3107 638 3137 etiam
664 3116 721 3147 per
743 3107 938 3149 Dionysium
964 3114 1068 3148 patet,
1096 3109 1130 3138 in
1153 3108 1210 3139 ult.
1235 3117 1304 3149 cap.
1321 3109 1338 3125 θ
1361 3108 1483 3140 Eccles.
1499 3114 1523 3140 σς
1541 3109 1679 3149 quireret
1703 3108 1768 3138 suis
1783 3106 1952 3137 defunctis.
1977 3106 2018 3137 Et
2041 3107 2084 3137 ita
2099 3105 2192 3137 multi
2215 3115 2235 3136 a
2257 3103 2411 3145 suffragiis
2433 3113 2610 3145 procuran-

419 3149 524 3185 Hier„
540 3151 596 3180 ubi
619 3151 715 3181 ritum
746 3158 979 3183 commemorat
1002 3162 1069 3193 quo
1093 3153 1126 3183 in
1153 3153 1313 3193 primitiva
1342 3153 1485 3184 Ecclesia
1540 3152 1588 3184 dis
1611 3152 1851 3183 retraherentur.

183 3196 195 3207 ·
211 3198 270 3221 Pan.
286 3206 322 3228 ιιι,
336 3202 345 3227 5
358 3201 380 3223 6.
420 3202 479 3233 pro
495 3195 629 3224 mortuis
645 3196 808 3233 orabatur3
830 3197 885 3226 ubi
906 3197 1001 3227 etiam
1017 3198 1033 3214 ⁴*
1050 3197 1225 3238 Dionysius
1245 3197 1354 3228 asserit
1374 3196 1484 3228 suffra-
1598 3206 1626 3227 2.
1641 3197 1837 3232 Pmumu,
1850 3196 1932 3226 sicut
1943 3194 2170 3235 Augustinus·
2182 3192 2268 3229 dicit,
2280 3193 2315 3223 in
2326 3192 2428 3223 littera
2438 3193 2482 3229 ⁸,
2495 3202 2610 3224 secun-
2637 3198 2848 3227 ·Mfflae,oep.

420 3237 470 3276 gia
492 3239 638 3269 vivorum
654 3240 790 3270 mortuis
812 3240 973 3280 prodesse.
998 3241 1085 3282 Ergo
1108 3241 1172 3272 hoc
1187 3240 1403 3272 indubitanter
1419 3251 1485 3273 cre·
1541 3241 1619 3273 dum
1642 3241 1706 3271 hoc
1729 3241 1856 3271 iuvatur
1878 3239 1992 3280 aliquis
2015 3243 2162 3269 mortuus
2186 3247 2224 3268 ex
2247 3236 2414 3277 suffragiis,
2430 3236 2610 3269 secundum
2637 3231 2776 3275 ffbfflm,
2789 3257 2848 3278 nv,

421 3280 562 3312 dendum
584 3288 640 3313 est.
1541 3284 1640 3326 quod,
1659 3284 1737 3316 dum
1759 3285 1887 3320 viveret,
1905 3283 2021 3314 meruit
2037 3288 2072 3313 ut
2087 3283 2247 3313 iuvaretur
2261 3286 2336 3322 post
2350 3287 2499 3313 mortem.
2523 3281 2609 3322 Ergo
2633 3277 2790 3334 ἕπεθ’·
2807 3284 2849 3300 ⁸³·

475 3325 662 3357 Rnsronnno
686 3336 845 3358 mesanum
872 3329 962 3368 quod
992 3330 1118 3366 caritas,
1144 3338 1227 3370 quae
1250 3335 1297 3361 est
1319 3330 1486 3361 vinculum
1500 3341 1527 3363 70
1540 3330 1630 3361 valor
1645 3329 1870 3369 suffragiorum
1892 3332 2093 3358 mensuratur
2109 3325 2287 3357 secundum
2305 3325 2526 3357 conditionem
2542 3326 2610 3357 eius
2630 3339 2662 3351 x

183 3372 194 3383 ·
210 3374 245 3397 ef.
260 3375 295 3397 aa
310 3375 394 3404 Εριιει.
422 3368 582 3400 Ecclesiae
605 3371 747 3401 membra
762 3372 876 3402 uniens
891 3374 918 3409 *,
934 3382 1001 3404 non
1025 3374 1131 3404 solum
1155 3373 1195 3405 ad
1210 3374 1301 3405 vivos
1323 3384 1357 3405 se
1377 3379 1486 3405 exten-
1540 3383 1600 3415 pro
1617 3383 1685 3414 quo
1709 3372 1800 3404 fiunt.
1817 3372 1894 3403 Non
1918 3380 1993 3412 ergo
2018 3370 2122 3402 differt
2144 3376 2253 3401 utrum
2269 3379 2326 3411 per
2348 3370 2454 3401 bonos
2476 3370 2527 3401 vel
2542 3379 2610 3401 ma-

183 3407 396 3458 gff'c'gloe'seffinssf
423 3412 478 3448 dit,
494 3413 549 3443 sed
572 3414 667 3444 etiam
690 3414 729 3445 ad
751 3421 897 3446 mortuos
921 3417 977 3456 qui
999 3418 1033 3447 in
1057 3418 1183 3449 caritate
1207 3418 1382 3450 decedunt:
1408 3419 1486 3449 cari-
1540 3419 1590 3449 los
1613 3417 1701 3449 fiant.

183 3461 347 3505 Ψῡζΐξξῗψ
422 3461 470 3486 tas
493 3457 578 3487 enim
600 3458 663 3488 vita
694 3460 838 3498 corporis
859 3469 926 3490 non
949 3459 1067 3497 finitur,
1085 3462 1096 3492 1
1122 3462 1198 3493 Cor.
1220 3473 1275 3493 xm
1295 3463 1328 3493 ἢ
1355 3463 1486 3494 Caritas
1596 3462 1787 3493 Ruspounao
1811 3469 1971 3491 memnon
1987 3459 2077 3500 quod
2092 3459 2125 3489 in
2149 3457 2304 3499 suffragiis
2321 3468 2404 3500 quae
2427 3467 2485 3499 per
2507 3458 2609 3490 malos

424 3509 587 3540 nunquam
610 3501 738 3532 excidit.
762 3502 911 3533 Similiter
934 3505 1028 3534 etiam
1043 3507 1163 3536 mortui
1185 3507 1219 3537 in
1239 3508 1403 3538 memoriis
1426 3508 1486 3538 ho·
1540 3506 1633 3542 fiunt,
1650 3506 1716 3537 duo
1740 3510 1877 3547 possunt
1900 3503 2101 3535 considerari.
2125 3503 2244 3540 Primo,
2259 3504 2367 3544 ipsum
2390 3512 2474 3544 opus
2497 3512 2609 3543 opera-

423 3544 549 3574 minum
571 3544 746 3576 viventium
770 3546 896 3577 vivunt:
928 3553 958 3577 et
980 3548 1054 3578 ideo
1087 3550 1222 3581 intentio
1246 3551 1422 3582 vivendum
1446 3551 1486 3582 ad
1500 3562 1524 3583 7x
1540 3556 1626 3581 tum:
1652 3551 1734 3581 sicut
1757 3548 1948 3580 sacrificium
1971 3548 2096 3579 Altaris.
2121 3548 2162 3579 Et
2185 3548 2261 3589 quia
2283 3553 2391 3578 nostra
2414 3552 2610 3578 sacramenta
