2878 4088
77 480 88 490 '
102 478 168 500 Vers.
183 485 219 505 4¹·

78 525 87 534 ·
103 522 169 544 Vera.
183 528 216 551 33.

77 573 86 582 ·
101 570 204 594 lutei-lin.

78 747 88 757 ·
101 746 152 768 An.
167 752 188 774 3.

76 833 136 889 ΞΡ..
153 839 214 860 xcvi.
230 839 293 855 vers.

77 922 88 933 ·
102 920 169 944 Vm.
186 927 220 943 ιο.

22 983 23 986 ,
77 966 89 977 ”
101 964 204 988 Interlin.

88 3132 98 3142 ·
118 3129 155 3152 ef.
172 3135 211 3157 qu.
231 3134 298 3154 mx,

87 3156 254 3211 gaggam„-

87 3221 98 3231 '
115 3218 162 3246 Qu.
176 3223 263 3240 mvn.

88 3266 98 3275 ·
114 3262 162 3291 Qu.
176 3267 268 3284 uxvm.

88 3303 99 3314 ·
114 3301 164 3330 Qu.
177 3307 255 3323 uxrx.

1011 179 1274 227 QUAESTIO
1304 176 1458 223 LXXV,
1479 176 1773 213 ARTICULUS
1802 177 1816 212 Ι

315 261 404 291 ratis:
434 265 465 290 et
488 261 659 300 praecipue
684 270 759 291 cum
782 261 864 300 ignis
887 261 925 290 sit
948 259 1183 290 nobilissimum
1207 258 1382 288 elemento-

315 314 397 335 rum.
422 304 498 334 Non
517 314 593 344 ergo
612 304 737 335 videtur
761 304 850 345 quod
864 305 897 335 in
913 304 1075 335 infernum
1099 302 1211 333 debeat
1235 301 1327 332 deiici
1343 299 1383 330 ad

318 358 458 388 poenam
482 348 716 379 damnatorum.
1364 389 1369 394 ι

373 393 403 423 3.
427 393 623 429 ΡΚΑΕΤΕΜΑ,
635 394 718 433 ignis
734 394 790 433 qui
805 393 907 423 malos
923 392 1074 427 involvet,
1088 392 1146 422 erit
1161 391 1242 430 ignis
1257 389 1382 420 infemx.

317 436 379 468 Sed
401 438 483 477 ignis
506 437 559 468 ille
583 438 622 468 ab
645 438 736 468 initio
764 437 878 468 mundi
908 441 1110 477 praeparatus
1141 441 1187 465 est
1217 433 1381 465 damnatis.

317 481 411 513 Unde
441 482 552 512 Matth.
576 492 637 512 xxv
658 483 690 511 *2
720 482 784 518 Ite,
808 481 980 516 maledicti,
1005 481 1037 510 in
1063 481 1171 521 ignem
1199 483 1381 511 aeternum,

316 525 372 566 qui
398 531 538 566 paratus
575 531 622 557 est
652 526 792 557 diabolo.
828 526 869 556 Et
901 526 997 556 Isaiae
1029 534 1090 555 xxx
1113 525 1148 560 *,
1181 524 1383 562 Praeparata

317 575 364 600 est
386 570 426 600 ab
448 570 519 600 heri
545 571 682 611 Tophet,
707 580 727 601 a
752 571 841 612 Rege
863 574 1083 610 praeparata,
1108 573 1185 598 etc.:
1211 566 1326 597 Glossa
1347 566 1382 600 *,

317 614 356 644 ab
380 614 466 649 heri,
492 614 572 644 idest
594 615 634 645 ab
662 615 776 651 initio;
803 614 938 654 Tophet,
963 613 1044 643 idest
1071 612 1170 642 Vallis
1202 611 1382 659 Cebenna-e.

319 658 381 689 Sed
413 659 495 698 ignis
527 659 580 689 ille
614 658 717 689 finalis
752 658 1010 698 conflagrationis
1041 666 1109 687 non
1141 655 1202 686 fuit
1229 655 1267 685 ab
1291 654 1383 684 initio

318 708 536 742 praeparatus.
561 702 616 733 sed
639 713 677 733 ex
701 712 861 733 concursu
883 701 1123 732 mundanorum
1141 700 1265 739 ignium
1287 706 1384 748 gene-

317 747 436 777 rabitur
451 748 478 777 *.
502 747 588 787 Ergo
613 747 665 778 ille
683 747 765 787 ignis
790 752 837 777 est
852 746 932 777 alius
955 746 994 775 ab
1017 745 1090 784 igne
1114 743 1240 777 inferni,
1257 751 1314 782 qui
1336 750 1384 771 re-

317 792 437 831 probos
461 791 612 821 involvet.
1363 830 1368 835 ,

373 835 406 865 ΙΝ
430 845 630 865 con'rmumm
658 845 712 866 ns'r
740 834 830 874 quod
857 835 890 864 in
913 833 1041 863 Psalmo
1060 834 1076 849 ⁴*
1100 831 1140 862 de
1162 831 1218 862 illo
1243 831 1316 870 igne
1339 829 1385 859 di-

317 879 398 910 citur
421 879 511 919 quod
533 879 747 919 inflammabit
769 879 802 908 in
826 878 964 908 circuitu
988 876 1136 907 inimicos
1158 876 1236 906 eius.

375 932 405 953 2.
429 923 625 958 Pnaarnnna,
649 923 731 953 Dan.
747 932 791 952 vn
805 923 822 939 ⁴*
846 921 976 953 dicitur:
1001 921 1136 951 Flavius
1161 920 1276 961 igneus
1300 918 1386 958 rapi-

316 966 438 1007 dusque
460 967 687 1008 egrediebatur
701 976 722 998 a
731 967 827 1008 facie
850 966 941 997 eius:
965 965 1079 996 Glossa
1094 966 1121 1001 ἢ
1147 969 1182 995 ut
1198 962 1387 1004 peccatores

317 1011 460 1042 traheret
482 1011 515 1041 in
537 1012 729 1052 gehennam.
763 1011 923 1051 Loquitur
947 1015 1054 1040 autem
1078 1009 1248 1040 auctoritas
1271 1008 1324 1038 illa
1346 1006 1386 1037 de

316 1055 373 1087 illo
396 1055 470 1095 igne
494 1055 533 1086 de
557 1065 624 1096 quo
646 1065 734 1086 nunc
758 1061 805 1086 est
827 1056 967 1086 mentio:
991 1060 1028 1085 ut
1043 1059 1130 1095 patet
1148 1063 1205 1094 per
1225 1051 1386 1093 quandam

316 1099 455 1140 glossam
478 1101 512 1136 *‚
536 1109 619 1140 quae
642 1101 687 1131 ibi
712 1101 746 1117 ’θ’
770 1100 863 1136 dicit,
889 1105 924 1130 ut
946 1101 1048 1130 bonos
1071 1103 1195 1140 purget
1224 1102 1254 1128 et
1283 1097 1387 1127 malos

311 1145 439 1184 puniat.
464 1143 550 1184 Ergo
569 1144 775 1185 ignis'finalis
798 1143 1057 1185 conflagrationis
1079 1144 1112 1174 in
1128 1142 1290 1173 infernum
1311 1150 1387 1172 cum

317 1189 460 1229 reprobis
484 1188 695 1229 demergetur.

372 1233 562 1264 Ruspounno
587 1243 747 1265 nrcnunuu
762 1233 852 1273 quod
867 1238 935 1264 tota
951 1233 1098 1273 purgatio
1117 1230 1231 1262 mundi
1247 1236 1278 1261 et
1294 1230 1387 1260 inno-

317 1277 462 1313 xafioead
472 1278 700 1318 purgationem
715 1283 747 1309 et
760 1278 1004 1309 innovationem
1023 1277 1163 1307 hominis
1179 1275 1386 1306 ordinabitur.

318 1321 360 1354 Et
374 1321 448 1353 ideo
473 1327 602 1362 oportet
625 1321 715 1363 quod
737 1322 852 1353 mundi
874 1322 1022 1362 purgatio
1041 1326 1071 1351 et
1086 1321 1251 1352 innovatio
1272 1328 1387 1359 purga-

317 1366 400 1397 tioni
416 1372 447 1397 et
461 1366 662 1397 innovationi
685 1367 818 1397 humani
840 1366 964 1406 generis
979 1365 1171 1406 respondeat
1186 1365 1213 1394 ⁴⁹.
1244 1363 1388 1394 Humani

318 1415 426 1441 autem
449 1412 574 1451 generis
596 1412 743 1451 purgatio
767 1410 926 1451 quaedam
950 1411 1008 1441 erit
1031 1409 1162 1450 quando
1185 1409 1260 1440 mali
1284 1417 1394 1447 segre·⁴

318 1455 478 1495 gabuntur
501 1465 520 1485 a
543 1456 653 1486 bonis:
678 1455 764 1486 unde
788 1455 903 1486 dicitur
923 1455 1003 1486 Luc.
1019 1465 1054 1485 111
1069 1455 1102 1484 ἐ
1130 1453 1232 1484 Cuius
1254 1452 1388 1483 ventila-

317 1499 411 1531 brum
428 1499 461 1530 in
477 1509 577 1530 manu
601 1500 679 1535 eius,
699 1505 730 1530 et
746 1499 905 1541 purgabit
928 1509 1040 1530 aream
1063 1505 1175 1529 suam:
1198 1503 1230 1528 et
1251 1506 1388 1538 congre·

317 1543 410 1585 gabit
424 1543 566 1575 triticum
581 1553 685 1580 suum,
701 1544 782 1575 idest
798 1544 927 1580 electos,
945 1544 977 1574 in
993 1544 1146 1574 horreum
1161 1552 1265 1578 suum,
1273 1541 1389 1582 paleas

318 1593 435 1624 autem,
452 1587 534 1619 idest
555 1589 721 1628 reprobos,
737 1588 902 1619 comburet
924 1588 1000 1629 igne
1023 1586 1274 1628 inextinguibili.
1296 1584 1388 1616 Unde

319 1638 351 1672 et
368 1633 413 1664 ita
431 1633 489 1663 erit
510 1631 550 1663 de
569 1633 758 1672 purgatione
778 1632 901 1668 mundi,
919 1631 1008 1672 quod
1033 1630 1191 1672 quidquid
1214 1631 1272 1661 erit
1295 1635 1388 1670 turpe

319 1682 351 1708 et
365 1675 510 1712 foedum,
526 1677 559 1707 in
575 1676 737 1708 infernum
753 1686 829 1708 cum
844 1677 988 1716 reprobis
1012 1675 1206 1711 retrudetun
1231 1673 1389 1715 quidquid

318 1730 395 1752 vero
418 1721 569 1761 pulcrum
592 1726 624 1751 et
645 1721 765 1757 nobile,
790 1721 1030 1751 conservabitur
1051 1721 1085 1751 in
1108 1719 1326 1760 superioribus
1349 1717 1388 1748 ad

318 1766 453 1806 gloriam
477 1765 664 1796 electorum.
698 1765 739 1795 Et
761 1766 804 1795 ita
828 1766 923 1795 etiarn
948 1765 1006 1795 erit
1029 1764 1068 1795 de
1091 1764 1147 1795 illo
1170 1765 1245 1804 igne
1269 1762 1388 1793 confla-

318 1809 486 1851 grationis:
511 1810 594 1840 sicut
620 1809 697 1840 dicit
724 1809 874 1845 Basilius,
903 1819 999 1850 super
1022 1808 1101 1840 illud
1123 1808 1241 1839 Psalmi
1257 1809 1284 1843 *,
1321 1807 1390 1837 Vox

317 1854 452 1886 Domini
468 1853 687 1885 intercidentis
700 1854 875 1894 flammam
891 1854 988 1895 ignis.
1012 1853 1099 1891 Quia
1114 1852 1223 1893 quoad
1239 1851 1388 1887 calidum,

318 1899 477 1934 usn'vum‚
502 1904 534 1929 et
556 1904 715 1939 quantum
738 1898 778 1929 ad
800 1898 834 1929 id
857 1898 947 1938 quod
969 1899 1002 1928 in
1026 1899 1100 1938 igne
1128 1907 1276 1938 grossum
1299 1906 1389 1936 repe-

318 1943 426 1979 rietur,
442 1941 615 1974 descendet
629 1943 670 1974 ad
685 1942 805 1974 inferos
821 1943 861 1973 ad
875 1952 1017 1983 poenam
1033 1942 1274 1973 damnatorum:
1300 1940 1390 1980 quod

320 1996 396 2018 vero
421 1992 468 2018 est
486 1987 530 2018 ibi
545 1987 661 2018 subtile
677 1992 709 2018 et
723 1987 878 2023 lucidum,
903 1987 1080 2018 remanebit
1103 1987 1250 2027 superius
1266 1985 1306 2016 ad
1320 1985 1389 2026 glo-

318 2032 398 2064 riam
420 2031 608 2063 electorum.

373 2077 426 2107 An
458 2086 576 2107 ramum
607 2085 692 2108 tneo
724 2086 885 2107 mmmmm
917 2075 1008 2116 quod
1039 2076 1122 2115 ignis
1154 2076 1210 2115 qui
1243 2070 1390 2114 purgabit

320 2120 440 2151 electos
463 2126 536 2150 ante
559 2120 726 2157 iudicium,
747 2121 805 2151 erit
827 2120 913 2151 idern
937 2130 1013 2151 cum
1035 2121 1109 2160 igne
1133 2119 1390 2159 conflagrationis

319 2164 444 2200 mundi.
455 2165 601 2205 quamvis
617 2164 773 2205 quidam*
785 2165 981 2196 contrarium
992 2164 1115 2196 dicant:
1136 2164 1288 2195 convenit
1304 2163 1390 2194 enim

320 2214 366 2245 ut,
383 2218 459 2240 cum
474 2209 575 2240 homo
591 2210 631 2239 sit
646 2219 718 2250 pars
736 2209 861 2244 mundi,
883 2209 1000 2241 eodem
1022 2210 1096 2249 igne
1119 2213 1273 2249 purgetur
1287 2208 1388 2238 homo

321 2258 353 2284 et
374 2253 526 2284 mundus.
557 2253 717 2284 Dicuntur
744 2259 853 2284 autem
876 2254 943 2285 duo
966 2254 1056 2294 ignes
1080 2254 1136 2294 qui
1159 2253 1307 2294 purgabit
1330 2253 1390 2283 hos

321 2303 352 2329 et
369 2298 522 2328 cruciabit
541 2297 653 2334 malos,
670 2303 702 2329 et
717 2303 875 2338 quantum
891 2298 930 2329 ad
946 2297 1100 2334 officium,
1117 2303 1148 2328 et
1163 2298 1272 2338 aliquo
1289 2296 1389 2328 modo

321 2341 363 2373 ad
384 2342 608 2381 substantiam:
640 2343 716 2382 quia
739 2352 806 2374 non
829 2347 898 2373 tota
920 2343 1094 2373 substantia
1121 2343 1203 2383 ignis
1227 2342 1390 2382 purgantis

320 2387 355 2419 in
377 2386 538 2417 infernum
562 2386 751 2423 retrudetur,
775 2392 811 2418 ut
835 2387 957 2418 dictum
981 2392 1028 2417 est
1043 2388 1069 2417 *ἢ

376 2431 427 2462 Au
452 2441 615 2462 SBCUNDUM
637 2441 798 2462 mcuumm
821 2431 911 2472 quod
925 2432 960 2462 in
975 2432 1039 2462 hoc
1061 2432 1115 2462 ille
1137 2432 1219 2472 ignis
1242 2440 1391 2462 remune-

321 2475 456 2512 rabitur,
481 2475 570 2516 quod
600 2475 680 2506 illud
703 2475 795 2516 quod
817 2482 864 2507 est
886 2485 1034 2516 grossum
1057 2477 1092 2506 in
1115 2485 1172 2512 eo,
1196 2475 1392 2516 separabitur

323 2520 362 2551 ab
384 2520 456 2560 ipso
480 2525 512 2550 et
533 2519 712 2551 retrudetur
734 2521 768 2550 in
790 2520 963 2551 infernum.

377 2564 428 2594 An
452 2574 586 2594 ‘raa’riuu
609 2574 769 2595 nrcnnnuu
785 2564 884 2605 quod,
901 2565 983 2596 sicut
1001 2565 1102 2605 gloria
1125 2565 1303 2595 electorum
1318 2570 1392 2605 post

323 2606 479 2639 iudicium
502 2609 561 2639 erit
582 2609 686 2640 maior
709 2618 807 2649 quam
830 2614 914 2646 ante,
933 2610 976 2640 ita
992 2614 1024 2639 et
1038 2618 1145 2649 poena
1168 2609 1391 2649 reproborum.

323 2651 365 2684 Et
398 2651 472 2683 ideo
484 2676 492 2688 ,
526 2653 609 2683 sicut
643 2653 765 2684 claritas
798 2654 955 2694 superiori
990 2659 1151 2684 creaturae
1186 2653 1319 2684 addetur
1353 2653 1393 2684 ad

324 2696 598 2736 augmentandum
630 2697 765 2737 gloriam
797 2698 994 2734 electorum,
1027 2698 1070 2728 ita
1105 2699 1202 2728 etiam
1235 2697 1392 2738 quidquid

325 2746 372 2772 est
393 2746 487 2781 turpe
510 2742 544 2771 in
568 2741 718 2772 creaturis
740 2741 920 2772 retrudetur
941 2742 975 2773 in
990 2742 1152 2773 infernum
1176 2741 1216 2773 ad
1239 2751 1393 2782 augmen-

324 2784 454 2816 tandam
477 2786 637 2816 miseriam
653 2785 887 2816 damnatorum.
911 2786 953 2817 Et
975 2787 1018 2816 ita
1040 2787 1106 2826 igni
1129 2787 1167 2817 ab
1186 2787 1278 2817 initio
1302 2796 1393 2827 prae-

324 2835 435 2870 parato
468 2830 502 2860 in
534 2828 681 2866 inferno,
705 2839 774 2861 non
806 2836 853 2860 est
883 2831 1114 2862 inconveniens
1145 2832 1172 2862 si
1203 2831 1281 2861 alter
1311 2832 1392 2872 ignis

325 2873 467 2905 addatur.

432 2960 686 3004 QUAEsno
710 2960 1285 3006 SEPTUAGESIMAQUINTA

683 3019 727 3043 DE
748 3019 1038 3045 RESURRECTIONE

1405 441 1414 461 5

1400 661 1425 676 10

1402 887 1423 906 ¹5

1401 1107 1428 1123 20

1402 1329 1425 1349 ²5

1404 1549 1429 1569 ὀ

1405 1774 1426 1794 35

1404 2220 1427 2240 ⁴5

1406 2443 1432 2463 50

1408 2665 1430 2685 55

1407 2883 1434 2904 60

2428 177 2498 224 169

1515 300 1614 330 ART.
1640 300 1662 330 1.
1687 310 1791 330 urium
1815 310 1980 330 coaromm
2004 311 2210 331 Rasuaaecrro
2235 312 2280 332 sn*
2304 312 2424 332 rurum

1603 351 1634 372 lv
1651 350 1718 372 Cont.
1735 350 1982 405 Gen}.,aciapctoir3xxti:›;{)
1993 351 2116 400 ιῖὄηρκεησιιί.
2132 353 2224 400 ιἵἹιιῑοΙυ
2240 359 2290 380 cap.
2306 359 2354 377 eu:

1503 443 1523 463 r>
1538 443 1655 464 munim
1678 443 1724 463 sxc
1751 443 1955 464 moenum-ur..
1984 434 2116 464 Videtur
2139 436 2228 475 quod
2258 447 2431 477 corporum
2454 447 2501 467 re-

1440 446 1656 508 Asurrectio
1680 487 1748 508 non
1772 479 1811 508 sit
1831 477 1947 508 futura.
1982 478 2039 508 Iob
2060 489 2112 508 x1v
2127 481 2161 509 *z
2186 480 2311 517 Homo,
2333 491 2404 512 cum
2427 482 2502 512 dor-

1438 522 1552 557 mierit,
1571 532 1636 552 non
1657 527 1814 564 resurget,
1834 523 1936 552 donec
1959 527 2120 553 atteratur
2143 525 2276 555 caelum.
2301 525 2363 556 Sed
2379 526 2502 556 caelum

1437 575 1607 606 nunquam
1630 572 1797 597 atteretur:
1823 567 1898 606 quia
1922 571 2021 601 terra,
2042 566 2081 597 de
2105 577 2168 607 qua
2191 569 2297 599 minus
2320 570 2453 605 videtur,
2471 571 2502 600 in

1438 616 1605 641 aeternum
1634 616 1714 646 stat,
1739 617 1775 641 ut
1797 617 1884 651 patet
1906 611 2012 641 Eccle.
2037 621 2048 640 1
2065 612 2090 640 ’ἢ
2119 612 2204 652 Ergo
2229 613 2328 643 homo
2359 620 2504 644 mortuus

1438 664 1606 694 nunquam
1629 661 1780 694 resurget.

1496 709 1526 728 2.
1550 699 1746 734 Panum-am,
1772 699 1942 735 Dominus,
1967 700 2078 729 Matth.
2103 710 2167 730 xxn
2183 702 2208 736 ’ἢ
2234 702 2346 740 probat
2370 711 2505 732 resurre—

1440 743 1581 773 ctionem
1597 752 1655 782 per
1673 744 1894 773 auctoritatem
1910 743 1996 774 illam
2013 745 2039 780 ⁴⁶,
2056 744 2130 786 Ego
2154 755 2224 775 sum
2240 745 2329 776 Deus
2344 746 2505 776 Abraham

1439 792 1470 817 et
1484 787 1574 817 Deus
1597 787 1693 817 Isaac
1715 792 1746 817 et
1759 787 1849 818 Deus
1872 788 1980 824 Iacob,
1998 789 2073 828 quia
2097 799 2162 819 non
2187 795 2234 820 est
2251 790 2340 820 Deus
2363 795 2506 820 mortuo-

1441 841 1527 866 rum,
1551 831 1607 861 sed
1630 831 1812 862 viventium.
1842 831 1905 862 Sed
1922 838 2045 863 constat
2068 833 2167 873 quod,
2184 833 2314 874 quando
2338 835 2433 864 verba
2456 835 2507 865 illa

1441 874 1636 911 dicebantur,
1653 876 1824 911 Abraham,
1842 876 1926 907 Isaac
1943 883 1974 907 et
1990 877 2084 907 Iacob
2108 887 2175 908 non
2191 879 2340 909 vivebant
2361 889 2506 919 corpore,

1441 919 1496 950 sed
1511 920 1618 950 solum
1633 921 1748 950 anima.
1774 921 1859 961 Ergo
1883 923 2070 952 resurrectio
2087 932 2154 953 non
2178 923 2235 952 erit
2251 933 2435 963 corporum,
2452 924 2507 954 sed

1441 964 1546 995 solum
1570 965 1757 995 animarum.

1498 1009 1527 1039 3.
1552 1008 1748 1045 Prummu,
1772 1009 1959 1050 Apostolus,
1986 1010 1997 1040 Ι
2023 1011 2099 1041 Cor.
2120 1021 2160 1042 xv
2175 1013 2201 1048 ξ
2226 1012 2349 1042 videtur
2372 1013 2507 1053 probare

1441 1054 1705 1084 resurrectionem
1722 1063 1759 1084 ex
1775 1055 2032 1085 remuneratione
2056 1055 2202 1086 laborum
2223 1066 2306 1096 quos
2321 1057 2354 1087 in
2370 1057 2429 1087 hac
2444 1057 2507 1087 vita

1441 1098 1598 1128 sustinent
1625 1098 1740 1134 sancti,
1766 1099 1839 1138 qui,
1863 1099 1891 1129 si
1920 1100 1952 1129 in
1975 1100 2037 1129 hac
2064 1101 2129 1130 vita
2160 1105 2283 1131 tantum
2313 1101 2507 1142 confidentes

1441 1147 1553 1178 essent,
1570 1142 1820 1173 miserabiliores
1835 1149 1940 1173 essent
1961 1144 2107 1175 omnibus
2129 1145 2319 1176 hominibus.
2343 1145 2406 1176 Sed
2421 1145 2507 1177 suffi-

1442 1187 1528 1217 ciens
1552 1187 1766 1217 remuneratio
1794 1188 1940 1218 omnium
1970 1188 2116 1219 laborum
2144 1190 2284 1220 hominis
2311 1196 2417 1230 potest
2440 1200 2507 1221 esse

1441 1231 1475 1261 in
1498 1232 1604 1261 anima
1626 1236 1766 1261 tantum:
1790 1241 1858 1262 non
1882 1232 1969 1262 enim
1998 1238 2126 1272 oportet
2149 1234 2238 1273 quod
2261 1235 2506 1265 instrumentum

1442 1275 1537 1306 simul
1561 1285 1635 1305 cum
1664 1281 1816 1315 operante
1844 1283 2083 1313 remuneretur;
2115 1287 2232 1318 corpus
2263 1284 2370 1309 autem
2393 1280 2507 1310 instru-

1441 1324 1587 1350 mentum
1612 1320 1736 1350 animae
1761 1326 1816 1350 est.
1846 1320 1940 1351 Unde
1964 1322 2059 1351 etiam
2082 1322 2115 1352 in
2138 1323 2339 1363 purgatorio,
2362 1324 2418 1353 ubi
2442 1324 2508 1354 ani-

1441 1373 1513 1395 mae
1528 1365 1703 1404 punientur
1718 1374 1784 1404 pro
1800 1365 1850 1395 his
1868 1374 1951 1405 quae
1964 1372 2137 1406 gesserunt
2151 1367 2184 1396 in
2201 1376 2338 1407 corpore
2352 1369 2379 1403 *‚
2404 1368 2508 1398 anima

1442 1409 1510 1439 sine
1533 1417 1669 1448 corpore
1692 1409 1833 1448 punitur.
1868 1409 1953 1449 Ergo
1977 1419 2044 1440 non
2069 1416 2197 1451 oportet
2224 1421 2344 1452 ponere
2373 1422 2508 1443 resurre-

1443 1453 1584 1484 ctionem
1606 1462 1791 1493 corporum,
1808 1453 1864 1484 sed
1879 1453 1996 1484 sufficit
2018 1464 2140 1494 ponere
2163 1457 2427 1488 resurrectionem
2443 1458 2509 1487 ani-

1442 1507 1586 1527 marum:
1619 1507 1702 1537 quae
1726 1503 1773 1527 est
1796 1497 1874 1528 dum
1897 1498 2128 1530 transferuntur
2151 1500 2191 1530 de
2214 1506 2317 1531 morte
2341 1502 2455 1541 culpae
2479 1507 2509 1531 et

1442 1542 1587 1572 miseriae
1609 1542 1643 1572 in
1666 1542 1764 1572 vitam
1787 1543 1904 1582 gratiae
1928 1548 1959 1573 et
1981 1543 2110 1583 gloriae.

1498 1594 1528 1624 4.
1553 1586 1756 1622 Prummu,
1782 1587 1932 1617 ultimum
1962 1588 2006 1617 rei
2037 1593 2083 1618 est
2110 1588 2376 1628 perfectissimum
2399 1591 2432 1620 in
2457 1600 2508 1621 re:

1443 1631 1519 1670 quia
1548 1640 1605 1670 per
1634 1630 1714 1661 illud
1745 1631 1869 1671 attingit
1899 1630 1998 1661 finem
2031 1641 2136 1662 suum.
2170 1632 2232 1663 Sed
2262 1633 2510 1674 perfectissimus

1443 1680 1541 1706 status
1566 1675 1690 1705 animae
1714 1681 1761 1705 est
1784 1681 1820 1705 ut
1842 1676 1882 1705 sit
1905 1685 1923 1705 a
1947 1685 2083 1716 corpore
2106 1683 2263 1716 separata:
2293 1679 2368 1718 quia
2390 1679 2423 1709 in
2447 1679 2510 1709 hoc

1443 1725 1526 1750 statu
1549 1718 1749 1749 conformior
1773 1725 1819 1749 est
1839 1719 1911 1750 Deo
1936 1725 1967 1750 et
1982 1721 2120 1760 angelis;
2146 1726 2176 1751 et
2191 1723 2290 1762 magis
2314 1732 2403 1763 pura,
2420 1724 2511 1763 quasi

1443 1769 1586 1804 separata
1601 1764 1640 1793 ab
1657 1764 1747 1793 omni
1764 1769 1910 1794 extranea
1924 1770 2046 1795 natura.
2067 1765 2152 1805 Ergo
2169 1768 2325 1806 separatio
2343 1777 2360 1796 a
2376 1777 2510 1807 corpore

1444 1813 1491 1838 est
1513 1808 1646 1838 ultimus
1669 1813 1767 1838 status
1791 1809 1870 1838 eius.
1897 1808 1937 1838 Et
1961 1810 2003 1839 ita
2027 1819 2064 1839 ex
2089 1810 2150 1839 hoc
2174 1815 2256 1842 statu
2280 1820 2347 1842 non
2370 1811 2450 1842 redit
2473 1812 2511 1842 ad

1445 1862 1581 1892 corpus:
1606 1853 1688 1882 sicut
1711 1861 1771 1882 nec
1795 1862 1833 1882 ex
1857 1853 1925 1883 viro
1949 1852 1986 1883 fit
2008 1863 2098 1893 puer.

1501 1897 1531 1927 5.
1556 1897 1752 1933 Pramum,
1774 1906 1861 1927 mors
1885 1898 2059 1938 corporalis
2082 1899 2116 1929 in
2139 1909 2279 1940 poenam
2303 1901 2443 1931 hominis
2466 1907 2512 1931 est

1443 1940 1575 1972 inducta
1601 1950 1661 1981 pro
1688 1942 1790 1981 prima
1819 1942 2105 1981 praevaricatione,
2131 1949 2166 1974 ut
2189 1949 2275 1984 patet
2300 1945 2412 1975 Genes.
2438 1956 2459 1975 11
2475 1947 2509 1975 *2

1444 1986 1526 2016 sicut
1542 1991 1573 2016 et
1588 1995 1676 2016 mors
1699 1986 1880 2026 spiritualis,
1900 1995 1982 2026 quae
2007 1992 2053 2017 est
2076 1989 2232 2028 separatio
2256 1990 2379 2019 animae
2396 2000 2413 2019 a
2429 1990 2510 2025 Deo,

1445 2035 1491 2060 est
1505 2029 1625 2060 inflicta
1647 2030 1772 2060 homini
1795 2039 1855 2070 pro
1876 2036 2010 2070 peccato
2033 2033 2169 2063 mortali.
2195 2032 2258 2063 Sed
2274 2032 2313 2063 de
2329 2039 2432 2064 morte
2448 2035 2511 2075 spi-

1443 2074 1548 2104 rituali
1571 2083 1739 2114 nunquam
1763 2074 1898 2105 redeunt
1913 2075 1952 2105 ad
1969 2076 2065 2105 vitam
2085 2082 2158 2116 post
2176 2078 2365 2108 sententiam
2382 2078 2511 2109 damna—

1444 2119 1540 2149 tionis
1569 2124 1743 2158 acceptam.
1777 2119 1863 2159 Ergo
1891 2129 1951 2149 nec
1976 2120 2015 2150 de
2038 2126 2142 2151 morte
2170 2122 2329 2161 corporali
2352 2122 2391 2152 ad
2414 2124 2511 2153 vitam

1445 2163 1646 2202 corporalem
1670 2163 1728 2193 erit
1750 2173 1919 2203 regressus.
1944 2164 1985 2194 Et
2008 2165 2053 2194 sic
2076 2167 2264 2196 resurrectio
2288 2176 2355 2197 non
2379 2168 2446 2197 erit.

1499 2207 1562 2238 Sao
1586 2217 1710 2237 comm
1733 2218 1788 2238 usr
1805 2207 1894 2247 quod
1910 2207 2024 2239 dicitur
2048 2209 2105 2239 Iob
2128 2220 2180 2240 xix
2195 2211 2230 2240 *z
2255 2210 2329 2241 Scio
2350 2212 2437 2251 quod
2450 2212 2511 2242 Re·
2540 2219 2549 2228 ·

1444 2251 1592 2292 demptor
1616 2261 1706 2282 meus
1733 2252 1822 2288 vivit,
1848 2257 1880 2282 et
1901 2252 1934 2282 in
1959 2253 2132 2284 novissimo
2156 2255 2207 2285 die
2230 2255 2269 2285 de
2292 2260 2381 2286 terra
2404 2266 2512 2287 surre-

1445 2302 1556 2327 cturus
1578 2306 1665 2331 sum,
1691 2301 1721 2326 et
1738 2302 1859 2327 ‘rursus
1887 2297 2112 2328 circumdabor
2134 2299 2221 2339 pelle
2244 2309 2323 2330 mea.
2356 2300 2441 2340 Ergo
2465 2311 2513 2331 re-

1445 2341 1599 2372 surrectio
1624 2341 1682 2371 erit
1705 2342 1800 2371 etiam
1825 2351 2008 2381 corporum.

1503 2394 1531 2415 2.
1555 2385 1751 2421 Pmmnnm,
1768 2385 1892 2416 donum
1909 2385 2027 2416 Christi
2043 2392 2089 2417 est
2103 2388 2206 2417 maius
2230 2397 2327 2428 quam
2343 2396 2512 2429 peccatum

1445 2429 1545 2465 Adae,
1568 2435 1604 2460 ut
1627 2435 1715 2469 patet
1736 2430 1829 2460 Rom.
1853 2440 1874 2461 v
1889 2431 1915 2460 ⁴⁹.
1946 2430 2010 2461 Sed
2032 2440 2119 2461 mors
2142 2441 2199 2472 per
2222 2438 2390 2472 peccatum
2414 2434 2513 2464 intro-
2541 2440 2550 2449 ·

1446 2474 1542 2504 ducta
1572 2479 1619 2505 est
1634 2475 1666 2504 *2
1698 2474 1790 2514 quia,
1814 2475 1841 2504 si
1863 2480 2032 2515 peccatum
2062 2485 2130 2506 non
2157 2476 2284 2513 fuisset,
2308 2487 2395 2508 mors
2426 2479 2514 2508 nulla

1447 2524 1538 2549 esset.
1571 2519 1657 2558 Ergo
1691 2528 1748 2558 per
1780 2518 1904 2549 donum
1935 2518 2052 2550 Christi
2075 2530 2092 2550 a
2115 2526 2219 2551 morte
2253 2523 2448 2562 reparabitur
2475 2523 2514 2553 ad

1446 2564 1554 2594 vitam.

1505 2608 1534 2638 3.
1550 2607 1763 2643 ptumam,
1784 2608 1928 2638 membra
1959 2607 2076 2638 debent
2103 2618 2170 2640 esse
2201 2611 2296 2650 capiti
2327 2610 2514 2642 conformia.

1447 2651 1511 2683 Sed
1534 2658 1631 2692 caput
1653 2657 1801 2682 nostrum
1824 2652 1911 2688 vivit,
1929 2658 1960 2682 et
1974 2653 2008 2682 in
2031 2658 2196 2684 aeternum
2220 2655 2314 2691 vivet,
2331 2656 2364 2685 in
2381 2665 2515 2696 corpore

1447 2702 1479 2728 et
1502 2697 1622 2727 anima:
1655 2696 1731 2736 quia
1761 2706 1936 2737 resurgens
1960 2706 2001 2727 ex
2023 2698 2161 2728 mortuis
2189 2699 2252 2728 iam
2277 2709 2341 2729 non
2366 2701 2513 2736 moritur,

1447 2746 1484 2771 ut
1498 2746 1586 2780 patet
1601 2741 1693 2770 Rom.
1710 2750 1743 2770 vr
1758 2741 1784 2770 *.
1804 2741 1890 2780 Ergo
1907 2747 1938 2771 et
1953 2741 2102 2772 homines
2117 2743 2173 2782 qui
2189 2748 2263 2773 sunt
2278 2744 2347 2774 eius
2362 2745 2514 2779 membra,
2544 2752 2552 2761 ·

1447 2786 1556 2816 vivent
1578 2786 1612 2815 in
1636 2794 1772 2824 corpore
1797 2790 1828 2814 et
1851 2786 1966 2815 anima.
2000 2785 2041 2816 Et
2063 2786 2108 2816 sic
2135 2793 2262 2826 oportet
2290 2788 2390 2818 carnis
2414 2798 2516 2818 resur-

1447 2829 1625 2860 rectionem
1647 2838 1726 2859 esse.

1503 2873 1693 2904 Rsssronmzo
1717 2883 1877 2903 DICENDUM
1893 2873 1983 2913 quod
1998 2873 2177 2904 secundum
2193 2874 2330 2905 diversas
2345 2877 2515 2906 sententias

1448 2917 1487 2948 de
1512 2917 1627 2948 ultimo
1651 2916 1716 2947 fine
1738 2917 1888 2952 hominis,
1913 2917 2139 2948 diversificatae
2163 2925 2237 2949 sunt
2260 2921 2434 2950 sententiae
2457 2930 2515 2960 po—

1448 2962 1595 2992 nentium
1610 2961 1661 2991 vel
1677 2962 1863 3001 negantium
1886 2963 2161 2992 resurrectionem.
2187 2963 2325 2994 Ultimus
2342 2965 2428 2994 enim
2443 2963 2515 2994 finis

1448 3005 1598 3040 hominis,
1624 3014 1722 3044 quem
1746 3014 1859 3035 omnes
1882 3005 2030 3036 homines
2053 3007 2235 3037 naturaliter
2257 3007 2445 3045 desiderant,
2470 3014 2516 3038 est

1449 3048 1613 3080 beatitudo
1629 3050 1656 3079 ⁴.
1685 3049 1793 3087 Quam
1809 3049 1940 3089 quidam
1956 3050 2080 3081 homini
2096 3060 2192 3090 posse
2206 3053 2374 3091 provenire
2397 3053 2430 3083 in
2454 3053 2513 3083 hac

330 3095 439 3159 pos'r
462 3087 526 3117 hoc
550 3086 819 3118 considerandum
835 3093 882 3118 est
898 3087 937 3118 de
961 3089 1239 3122 circumstantibus
1262 3096 1293 3121 et
1315 3101 1393 3122 con·
1408 3103 1432 3129 ες
1450 3095 1512 3125 vita
1536 3098 1724 3133 posuerunt.
1750 3093 1843 3124 Unde
1858 3103 1926 3124 non
1943 3095 2140 3134 cogebantur
2162 3105 2283 3135 ponere
2307 3097 2399 3126 aliam
2418 3097 2515 3127 vitam

382 3131 609 3161 comitantibus
638 3132 904 3172 resurrectionem
920 3133 946 3162 ’ἢ
979 3132 1129 3171 Quorum
1156 3135 1259 3174 prima
1289 3137 1394 3167 consi-

327 3172 448 3205 deratio
465 3180 512 3205 est
527 3174 567 3205 de
582 3175 651 3215 ipsa
666 3176 916 3213 resurrectione;
940 3176 1090 3213 secunda,
1107 3177 1147 3208 de
1163 3179 1231 3210 eius
1251 3189 1345 3211 causa
1360 3181 1393 3217 *3

327 3218 437 3254 tertia,
468 3218 508 3249 de
538 3219 606 3250 eius
635 3225 782 3261 tempore
816 3226 847 3250 et
877 3220 978 3251 modo
1000 3222 1035 3258 *;
1069 3228 1197 3262 quarta,
1226 3222 1266 3254 de
1295 3225 1395 3265 ipsius

327 3262 465 3292 termino
500 3272 518 3292 a
552 3271 620 3303 quo
651 3265 687 3301 *;
723 3265 852 3305 quinta,
886 3264 926 3296 de
959 3266 1197 3298 conditionibus
1229 3278 1395 3309 resurgen-

329 3306 411 3336 tium
434 3306 460 3336 ⁴⁵.

329 3349 423 3380 Circa
445 3350 587 3390 primum
609 3358 807 3392 quaeruntur
829 3354 897 3384 tria.

383 3394 510 3424 Primo:
534 3399 643 3426 utrum
665 3398 853 3428 resurrectio
878 3407 1053 3439 corporum
1076 3400 1115 3430 sit
1139 3399 1254 3432 futura.

385 3437 554 3469 Secundo:
579 3444 687 3470 utrum
709 3441 749 3471 sit
772 3443 920 3473 omnium
943 3444 1140 3483 generaliter.

385 3481 515 3512 Tertio:
540 3487 648 3514 utrum
670 3485 821 3516 naturalis
843 3487 894 3517 vel
917 3488 1117 3519 miraculosa.

472 3589 582 3614 Summa
603 3590 703 3615 Τεεοι.
725 3591 754 3616 D.
773 3591 888 3617 Tuouas
908 3594 940 3619 T.
955 3594 995 3620 ΙΧ.

1410 3329 1437 3350 70

1409 3550 1434 3570 75

1450 3143 1524 3178 post
1546 3138 1648 3173 istam,
1673 3138 1707 3168 in
1730 3147 1795 3177 qua
1817 3138 1918 3168 homo
1941 3139 2087 3169 ultimam
2111 3140 2161 3170 sui
2183 3140 2415 3180 perfectionem
2439 3151 2516 3171 con-

1450 3187 1645 3222 sequeretur.
1669 3182 1711 3212 Et
1733 3182 1778 3212 sic
1800 3183 2066 3213 resurrectionem
2090 3184 2257 3224 negabant.

1505 3226 1545 3256 Et
1568 3227 1650 3256 hanc
1674 3226 1863 3266 opinionem
1891 3227 1964 3256 satis
1991 3228 2196 3267 probabiliter
2224 3229 2362 3260 excludit
2385 3230 2516 3260 varietas

1450 3269 1608 3306 fortunae,
1625 3276 1657 3301 et
1671 3269 1836 3300 infirmitas
1859 3271 1992 3301 humani
2012 3273 2165 3312 corporis,
2182 3273 2331 3304 scientiae
2348 3279 2379 3304 et
2394 3274 2516 3304 virtutis

1450 3314 1668 3354 imperfectio,
1694 3319 1724 3344 et
1756 3315 1957 3351 instabilitas,
1992 3316 2108 3355 quibus
2133 3317 2282 3348 omnibus
2313 3318 2515 3349 beatitudinis

1450 3358 1604 3399 perfectio
1627 3358 1810 3399 impeditur,
1834 3365 1871 3389 ut
1893 3360 2092 3399 Augustinus
2115 3362 2320 3402 prosequitur
2342 3363 2374 3393 in
2398 3361 2462 3392 fine
2478 3363 2517 3393 de

1453 3403 1590 3434 Ciuitate
1612 3403 1675 3434 Dei
1690 3404 1716 3433 ἦ

1506 3447 1547 3478 Et
1569 3447 1643 3478 ideo
1667 3448 1719 3478 alii
1741 3454 1920 3488 posuerunt
1943 3449 2036 3480 aliam
2060 3450 2156 3480 vitam
2181 3459 2248 3480 esse
2271 3456 2346 3490 post
2368 3451 2460 3487 hanc,
2484 3452 2517 3481 in

1451 3501 1515 3532 qua
1538 3492 1639 3522 homo
1666 3497 1791 3523 tanturn
1818 3492 1998 3523 secundum
2025 3494 2164 3524 animam
2188 3495 2314 3525 vivebat
2336 3500 2410 3535 post
2432 3505 2517 3526 mor-

1451 3542 1534 3566 tem:
1560 3542 1591 3566 et
1614 3537 1695 3567 hanc
1721 3538 1819 3567 vitam
1848 3538 2012 3577 ponebant
2041 3538 2186 3569 sufficere
2209 3539 2248 3569 ad
2270 3540 2412 3570 naturale
2436 3540 2517 3570 desi-

2325 3602 2373 3625 22*

2531 494 2540 503 ·
2556 492 2621 514 Vers.
2639 498 2671 514 12.

2533 625 2541 633 ·
2558 623 2623 644 Vers.
2638 631 2660 649 4.

2534 713 2543 721 ·
2558 711 2623 732 Vers.
2638 717 2673 739 31,
2689 717 2724 739 32.

2534 754 2543 763 ·
2558 752 2633 774 Exod.
2647 759 2697 780 cap.
2709 759 2744 779 ιιι,

2535 785 2594 800 vers.
2609 779 2630 800 6,

2535 1021 2544 1030 '
2561 1020 2683 1047 Vera.⁸4=9,
2701 1025 2728 1047 30

2534 1052 2585 1074 sqq.

2537 1370 2545 1379 ·
2552 1368 2572 1389 11
2580 1368 2614 1389 ad
2621 1367 2686 1394 Cor„
2696 1373 2747 1399 cap.

2536 1400 2682 1448 ἶν”ῗὲἒὴιῖῗ
2691 1394 2746 1442 35εὲ

2536 1454 2581 1488 ¹¹¹3
2593 1453 2632 1476 qu.
2646 1454 2662 1474 1,
2675 1451 2716 1469 art.
2730 1455 2748 1473 ι,

2537 1481 2567 1502 qu
2597 1481 2605 1496 ι

2540 1951 2548 1959 ·
2564 1948 2630 1970 Vei-s.
2646 1954 2683 1975 17:
2698 1953 2748 1974 cap.

2540 1982 2571 1999 ιιι,
2584 1981 2642 1996 vers.
2656 1980 2689 2002 ¹9·

2564 2217 2632 2239 Vers.
2648 2223 2680 2244 25,
2696 2215 2732 2236 26.

2566 2438 2632 2460 Vera.
2649 2444 2671 2465 ι5
2686 2443 2737 2465 sqq.

2542 2485 2551 2494 ·
2566 2483 2636 2504 Vers.
2652 2487 2684 2503 ¹2.

2569 2750 2632 2771 Vers.
2650 2755 2672 2776 9.

2544 3056 2553 3066 ‘
2576 3054 2612 3076 cf.
2638 3054 2699 3079 Aug.
2727 3052 2756 3073 de

2545 3081 2611 3102 Trin.
2629 3080 2669 3101 lib.
2689 3078 2754 3105 xln,

2544 3113 2610 3135 capp.
2627 3112 2664 3133 ιιι,
2676 3112 2714 3127 xx.

2545 3408 2730 3434 'Lib.xxll,ca
2749 3424 2755 3429 .

2545 3442 2600 3458 xxn.
2624 3447 2632 3451 -
2656 3435 2692 3456 Cf.
2714 3435 2729 3456 li
2750 3451 2755 3455 .

2545 3463 2606 3489 XIX,
2615 3468 2664 3488 cap.
2674 3468 2695 3483 ιν
2704 3468 2755 3489 sqq.
