2918 4088
156 1191 166 1202 '
181 1190 238 1218 Cap.
254 1195 285 1211 ιι.

155 1249 165 1259 ·
181 1247 247 1269 Vers.
263 1246 285 1269 6.

154 2153 165 2165 ’
181 2153 232 2174 Art.
252 2151 365 2179 praeced„

153 2185 201 2207 arg.
216 2179 265 2201 Sed
278 2181 339 2200 cont.

156 2254 167 2264 '¹
177 2253 200 2274 1³
210 2252 255 2274 11⁸⁸
290 2259 312 2274 u.

156 2283 198 2301 art.
207 2285 227 2305 2,
236 2259 302 2307 3:¹3⁸
311 2279 366 2305 11¹³,

156 2312 195 2333 qu.
210 2312 274 2333 Lvm,
289 2309 331 2328 art.
348 2313 366 2328 ι.

164 3254 174 3265 ·’
188 3253 224 3275 cf.
239 3256 280 3275 nn.
298 3259 346 3281 seq.

164 3380 175 3390 ·
189 3378 226 3401 Cf.
241 3384 305 3400 num.
321 3384 353 3400 ιιι.

403 152 479 189 300

1057 152 1321 200 QUAESTIO
1350 152 1548 200 LXXXV,
1578 150 1872 188 ARTICULUS
1900 151 1930 188 ΙΙ

450 234 507 270 AD
535 245 695 271 TERTIUM
722 245 904 270 DlCENDUM
934 233 1041 282 quod
1069 233 1199 270 dolere
1219 233 1267 269 de
1288 245 1334 270 eo
1355 232 1461 281 quod
1518 239 1573 268 est
1595 230 1832 280 displicentia
1851 243 1920 268 seu
1940 231 2158 280 reprobatio
2178 231 2265 269 facti
2284 231 2474 281 praeteriti
2493 243 2586 269 cum

397 286 503 335 prius
531 286 675 324 factum
704 294 759 324 est
786 298 877 323 cum
906 287 978 323 hac
997 285 1207 323 intentione
1227 285 1393 323 conandi
1413 285 1462 322 ad
1515 283 1726 321 intentione
1765 284 1994 321 removendi
2031 285 2229 333 sequelam
2267 284 2406 334 ipsius,
2446 284 2586 322 scilicet

397 341 473 377 hoc
501 340 608 389 quod
635 340 779 377 factum
807 352 888 376 non
906 339 1027 386 fuerit,
1058 347 1155 376 esset
1175 341 1344 376 stultum.
1376 339 1462 375 Hoc
1516 338 1707 374 offensam
1735 337 1807 374 Dei
1836 345 1872 374 et
1900 345 2050 374 reatum
2069 349 2231 387 poenae.
2261 339 2309 375 Et
2328 339 2404 375 hoc
2429 350 2511 375 non
2530 346 2586 375 est

397 401 527 431 autem
565 406 645 431 non
681 393 842 431 intendit
875 393 1096 443 poenitens:
1134 393 1201 430 sed
1236 392 1348 429 dolor
1380 391 1461 429 eius
1516 392 1687 428 stultum.

1162 555 1482 597 ARTICULUS
1518 553 1819 596 SECUNDUS

989 649 1146 680 UTRUM
1169 648 1470 679 POENITENTIA
1493 649 1559 680 SIT
1584 648 1802 679 SPECIALIS
1826 647 1984 679 vmrus

1183 727 1218 752 IV
1237 728 1320 757 Seni„
1341 728 1400 752 dist.
1419 735 1469 757 xiv,
1489 735 1534 760 qu.
1554 735 1571 759 1,
1591 733 1637 752 art.
1659 734 1683 758 1,
1703 727 1752 760 qu·
1773 726 1796 752 3.

518 842 537 862 w
594 823 633 847 D
650 822 838 847 SECUNDUM
854 821 905 846 sic
920 821 1156 846 PROCEDITUR.
1175 807 1336 845 Videtur
1355 808 1461 857 quod

469 862 476 870 ”
539 864 585 913 ’ζ’ἷ,
604 862 846 913 poenitentia
859 874 940 899 non
955 862 1000 899 sit
1014 860 1187 911 specialis
1202 861 1332 898 virtus.
1354 860 1462 899 Eius-

594 915 702 953 dem
722 916 826 952 enim
849 915 1004 952 rationis
1023 915 1175 951 videtur
1194 926 1275 951 esse
1295 914 1462 962 gaudere

488 993 496 996 ‹
535 1004 538 1005 γ
611 970 659 1006 de
687 969 800 1006 bonis
827 968 934 1017 prius
962 968 1063 1014 actis,
1081 975 1116 1004 et
1135 968 1265 1005 dolere
1285 968 1333 1004 de
1352 967 1462 1004 malis

395 1021 630 1072 perpetratis.
676 1022 752 1059 Sed
787 1020 974 1068 gaudium
1011 1021 1059 1057 de
1092 1021 1197 1057 bono
1229 1020 1336 1069 prius
1363 1020 1461 1056 facto

395 1088 475 1112 non
505 1082 559 1111 est
587 1074 759 1124 specialis
786 1074 919 1120 virtus,
949 1073 1016 1109 sed
1045 1081 1100 1110 est
1129 1072 1289 1122 quidam
1308 1072 1463 1122 affectus

394 1128 589 1166 laudabilis
625 1140 675 1164 ex
708 1128 862 1164 caritate
900 1128 1141 1175 proveniens,
1178 1133 1220 1162 ut
1254 1133 1357 1174 patet
1393 1137 1463 1174 per

394 1180 666 1229 Augusfinum,
689 1180 777 1216 XIV
796 1180 841 1216 de
863 1180 941 1216 Civ.
965 1180 1038 1215 Dei
1049 1178 1086 1215 *ε
1117 1178 1221 1215 unde
1242 1186 1278 1214 et
1296 1180 1461 1227 Aposto-

394 1237 474 1282 lus,
503 1235 517 1271 I
541 1235 627 1271 Cor.
649 1245 706 1270 xm
728 1232 766 1280 *⁷
795 1232 885 1269 dicit
913 1231 1021 1281 quod
1049 1233 1185 1268 caritas
1220 1244 1295 1268 non
1323 1232 1463 1281 gaudet

393 1300 504 1338 super
532 1288 737 1336 iniquitate,
772 1285 982 1335 congaudet
1009 1290 1132 1322 autem
1160 1285 1315 1322 veritati.
1359 1285 1461 1332 Ergo

393 1341 476 1391 pari
504 1340 649 1378 ratione
677 1338 924 1388 poenitentia,
954 1350 1054 1387 quae
1084 1345 1138 1374 est
1166 1337 1278 1374 dolor
1305 1337 1354 1374 de
1373 1350 1461 1387 pec-

394 1394 483 1432 catis
511 1392 731 1444 praeteritis,
761 1404 842 1429 non
870 1399 925 1428 est
953 1390 1125 1441 specialis
1153 1390 1286 1438 virtus,
1317 1391 1384 1428 sed
1406 1399 1462 1428 est

394 1447 554 1497 quidam
582 1446 742 1483 affectus
771 1457 817 1482 ex
845 1444 997 1482 caritate
1025 1444 1271 1494 proveniens.

449 1512 482 1537 2.
513 1501 746 1546 PRAETEREA,
776 1497 968 1548 quaelibet
994 1498 1116 1535 virtus
1145 1497 1317 1547 specialis
1345 1497 1462 1535 habet

394 1553 593 1591 materiam
622 1551 841 1602 specialem:
876 1551 968 1601 quia
996 1551 1149 1588 habitus
1176 1551 1462 1599 distinguuntur

393 1619 463 1657 per
490 1615 606 1654 actus,
636 1614 672 1643 et
700 1613 805 1642 actus
833 1617 903 1654 per
930 1604 1090 1642 obiecta.
1122 1604 1199 1642 Sed
1226 1604 1462 1654 poenitentia

394 1673 475 1699 non
503 1661 618 1697 habet
645 1658 847 1696 materiam
875 1658 1099 1708 specialem:
1130 1665 1219 1695 sunt
1247 1658 1352 1695 enim
1379 1658 1462 1695 eius

394 1713 552 1751 materia
592 1720 749 1763 peccata
789 1711 990 1762 praeterita
1032 1711 1131 1749 circa
1168 1724 1461 1761 quamcumque

394 1767 606 1805 materiam.
655 1767 757 1814 Ergo
798 1765 1033 1815 poenitentia
1070 1777 1151 1802 non
1193 1773 1248 1802 est
1289 1765 1462 1815 specialis

394 1821 527 1858 virtus.

450 1874 483 1910 3.
505 1874 737 1920 ΡΚΑΕΤΕΒΕΑ,
767 1872 863 1909 nihil
891 1872 1091 1922 expellitur
1118 1871 1190 1909 nisi
1218 1884 1241 1909 a
1269 1884 1341 1909 suo
1370 1883 1462 1909 con-

393 1926 520 1964 trario.
564 1926 641 1964 Sed
675 1925 909 1975 poenitentia
944 1925 1095 1975 expellit
1127 1925 1260 1963 omnia
1292 1933 1460 1975 peccata.

394 1981 495 2028 Ergo
511 1978 762 2017 contrariatur
781 1979 964 2017 omnibus
983 1978 1160 2029 peccatis.
1181 1980 1276 2016 Non
1295 1986 1350 2016 est
1370 1991 1460 2027 ergo

394 2032 566 2083 specialis
593 2032 726 2069 virtus.

447 2087 521 2124 SED
541 2097 687 2123 CONTRA
706 2098 772 2123 EST
791 2085 899 2135 quod
918 2085 966 2122 de
987 2098 1031 2123 ea
1055 2085 1168 2123 datur
1187 2085 1350 2136 speciale
1371 2085 1461 2134 legis

392 2147 654 2190 praeceptum,
684 2147 726 2176 ut
754 2151 871 2189 supra
889 2138 909 2160 ’¹‘
937 2139 1114 2176 habitum
1143 2147 1209 2176 est.

446 2194 671 2231 RESPONDEO
706 2205 889 2230 mCENDUM
926 2192 1052 2242 quod,
1089 2192 1186 2230 sicut
1213 2192 1253 2230 in
1282 2193 1462 2230 Secunda

321 2259 366 2279 mv,
393 2247 503 2284 Parte
517 2246 538 2268 ’¹‘
556 2245 733 2283 habitum
748 2253 814 2293 est,
831 2245 977 2295 species
997 2245 1202 2284 habituum
1221 2245 1461 2294 distinguun-

393 2307 455 2337 tur
482 2299 700 2337 secundum
728 2298 873 2348 species
901 2307 1077 2336 actuum:
1118 2307 1154 2336 et
1181 2299 1269 2337 ideo
1302 2299 1370 2337 ubi
1398 2312 1461 2337 oc-

395 2352 511 2390 currit
544 2352 716 2402 specialis
752 2359 857 2390 actus
885 2352 1104 2398 laudabilis,
1141 2352 1193 2390 ibi
1221 2365 1378 2390 necesse
1406 2361 1462 2390 est

393 2418 540 2456 ponere
568 2405 774 2455 specialem
802 2405 978 2442 habitum
1006 2405 1167 2443 virtutis.
1210 2405 1461 2443 Manifestum

395 2467 451 2496 est
478 2466 610 2496 autem
637 2459 745 2508 quod
764 2458 804 2496 in
822 2458 1058 2508 poenitentia
1076 2458 1270 2496 invenitur
1288 2458 1461 2509 specialis

395 2511 491 2549 ratio
519 2519 626 2549 actus
653 2511 865 2559 laudabilis,
895 2511 1035 2549 scilicet
1063 2511 1215 2561 operari
1243 2512 1293 2549 ad
1314 2512 1461 2550 destru-

397 2565 564 2602 ctionem
605 2564 750 2614 peccati
790 2564 982 2614 praeteriti
1022 2564 1256 2615 inquantum
1298 2573 1354 2602 est
1390 2565 1463 2603 Dei

451 2679 478 2714 α)
496 2681 544 2706 sed
563 2683 660 2706 tamen.
679 2695 697 2699 -
716 2680 749 2705 sF
769 2686 794 2705 et
812 2680 899 2712 tertia;
925 2684 1012 2706 tamen
1033 2681 1080 2713 pF,
1099 2685 1126 2706 et
1144 2684 1233 2706 tamen
1258 2680 1344 2706 ceteri.
1363 2695 1382 2700 —
1400 2682 1462 2706 Post

397 2716 554 2749 inquantum
573 2717 647 2741 tertia
666 2716 735 2741 addit
754 2715 863 2741 scilicet.

1516 808 1672 857 offensa,
1702 808 1810 858 quod
1838 820 1919 846 non
1944 808 2109 858 pertinet
2137 808 2186 845 ad
2214 808 2404 846 rationem
2433 809 2586 848 alterius

1515 861 1675 899 virtutis.
1719 862 1831 899 Unde
1861 874 2017 899 necesse
2046 869 2102 899 est
2133 874 2279 912 ponere
2315 863 2423 912 quod
2450 863 2586 913 poeni-

1514 915 1632 952 tentia
1660 914 1706 951 sit
1733 915 1906 964 specialis
1934 914 2066 952 virtus.

1568 969 1626 1005 Ao
1646 980 1782 1006 PRIMUM
1810 980 1909 1006 ERGO
1937 980 2120 1007 mCENDUM
2153 970 2261 1018 quod
2289 982 2312 1006 a
2339 970 2492 1008 caritate
2521 971 2586 1008 de-

1514 1021 1659 1058 rivatur
1686 1021 1822 1071 aliquis
1842 1029 1948 1059 actus
1976 1022 2187 1071 dupliciter.
2218 1023 2306 1060 Uno
2326 1024 2460 1072 modo,
2490 1023 2587 1062 sicut

1514 1074 1563 1110 ab
1592 1086 1638 1111 ea
1666 1074 1823 1111 elicitus.
1868 1075 1916 1111 Et
1943 1075 2026 1112 talis
2054 1083 2161 1112 actus
2189 1075 2385 1114 virtuosus
2419 1089 2501 1114 non
2529 1090 2586 1116 re-

1514 1126 1630 1175 quirit
1666 1127 1782 1164 aliam
1819 1127 2002 1164 virtutem
2042 1136 2193 1177 praeter
2230 1129 2446 1167 caritatem:
2490 1130 2588 1168 sicut

1515 1179 1669 1227 diligere
1698 1180 1852 1217 bonum
1881 1187 1918 1216 et
1944 1181 2113 1228 gaudere
2142 1181 2190 1218 de
2219 1194 2279 1225 eo,
2309 1190 2346 1219 et
2372 1183 2510 1220 tristari
2538 1184 2586 1221 de

1515 1231 1707 1281 opposito.
1737 1255 1762 1259 -
1791 1232 1878 1281 Alio
1907 1233 2028 1270 modo
2064 1233 2202 1283 aliquis
2237 1242 2344 1272 actus
2377 1248 2400 1272 a
2433 1236 2587 1274 caritate

1513 1285 1688 1334 procedit
1716 1285 1826 1335 quasi
1854 1298 1877 1323 a
1905 1286 2058 1323 caritate
2086 1286 2309 1336 imperatus
2340 1289 2389 1325 Et
2410 1288 2475 1336 sic,
2495 1289 2588 1339 quia

1513 1338 1597 1388 ipsa
1624 1338 1788 1388 imperat
1807 1339 1991 1376 omnibus
2009 1339 2228 1387 virtutibus,
2247 1349 2382 1390 utpote
2402 1342 2587 1381 ordinans

1515 1404 1579 1429 eas
1608 1392 1657 1429 ad
1684 1391 1806 1429 finem
1835 1405 1969 1439 suum,
2004 1400 2111 1430 actus
2138 1406 2162 1431 a
2190 1394 2343 1435 caritate
2370 1395 2587 1445 procedens

1512 1453 1638 1495 potest
1674 1444 1791 1483 etiam
1825 1445 1875 1483 ad
1908 1445 2020 1484 aliam
2049 1446 2232 1485 virtutem
2267 1447 2474 1498 specialem
2500 1461 2608 1500 per-.

1514 1507 1646 1536 tmere.
2067 1515 2071 1519 ·

1569 1552 1609 1590 Si
1637 1563 1727 1601 ergo
1762 1551 1803 1589 in
1830 1559 1918 1590 actu
1945 1553 2176 1603 poenitentis
2210 1554 2474 1594 consideretur
2506 1557 2588 1595 sola

1514 1605 1753 1655 displicentia
1779 1605 1925 1658 peccati
1952 1607 2156 1656 praeteriti,
2186 1608 2263 1646 hoc
2290 1608 2513 1648 immediate
2537 1609 2587 1648 ad

1514 1659 1711 1696 caritatem
1729 1659 1903 1709 pertinet,
1924 1659 2021 1698 sicut
2040 1668 2076 1698 et
2093 1661 2262 1709 gaudere
2282 1662 2331 1699 de
2345 1662 2459 1700 bonis
2477 1675 2587 1713 prae-

1513 1712 1643 1750 teritis.
1674 1712 1753 1750 Sed
1779 1712 1939 1751 intentio
1968 1714 2156 1764 operandi
2179 1715 2228 1752 ad
2248 1715 2482 1754 deletionem
2500 1729 2587 1767 pec-

1515 1766 1587 1817 cati
1627 1765 1820 1815 praeteriti
1862 1766 2020 1817 requirit
2053 1768 2261 1818 specialem
2292 1768 2477 1807 virtutem
2513 1769 2587 1808 sub

1515 1827 1680 1857 caritate.

1568 1875 1625 1910 An
1653 1886 1844 1911 sECUNDUM
1871 1882 2055 1912 monimum
2074 1875 2182 1924 quod
2209 1875 2447 1925 poenitentia
2470 1876 2588 1915 habet

1514 1926 1676 1976 quidem
1703 1927 1852 1964 realiter
1873 1929 2089 1975 generalem
2111 1928 2324 1977 materiam,
2353 1929 2588 1980 inquantum

1514 1979 1666 2030 respicit
1687 1979 1821 2018 omnia
1839 1988 2016 2030 peccata:
2047 1981 2114 2018 sed
2142 1989 2273 2019 tamen
2294 1988 2311 2004 α
2339 1983 2412 2020 sub
2438 1982 2586 2021 ratione

1514 2033 1682 2083 speciali,
1711 2033 1945 2083 inquantum
1973 2042 2062 2072 sunt
2081 2035 2340 2073 emendabilia
2365 2048 2437 2086 per
2455 2044 2587 2075 actum

1515 2085 1685 2125 hominis
1731 2086 1974 2137 cooperantis
2020 2088 2106 2126 Deo
2152 2088 2202 2126 ad
2248 2101 2358 2127 suam
2406 2089 2587 2128 iustifica-

1515 2148 1676 2178 tionem.

1567 2195 1624 2231 AD
1639 2206 1799 2232 TER-num
1818 2206 2001 2232 DICENDUM
2021 2195 2129 2245 quod
2149 2195 2343 2245 quaelibet
2360 2196 2482 2235 virtus
2501 2209 2586 2248 spe·

1514 2246 1619 2284 cialis
1639 2246 1818 2296 expellit!3
1837 2247 2015 2285 habitum
2029 2247 2110 2285 vitii
2124 2248 2310 2298 oppositi:
2332 2249 2430 2288 sicut
2447 2249 2586 2288 albedo

1514 2300 1668 2350 expellit
1686 2300 1929 2349 nigredinem
1947 2301 1997 2338 ab
2017 2301 2158 2339 eodem
2178 2301 2363 2341 subiecto.
2394 2303 2472 2342 Sed
2493 2316 2586 2354 poe-

1514 2353 1673 2391 nitentia
1692 2353 1845 2403 expellit
1864 2366 1982 2391 omne
2001 2362 2205 2404 peccatum
2220 2355 2406 2404 effective,
2422 2356 2587 2407 inquan-

1514 2414 1597 2444 tum
1633 2414 1815 2456 operatur
1853 2407 1901 2445 ad
1929 2407 2233 2446 destructionem
2267 2409 2431 2460 peccati,
2470 2418 2588 2460 prout

1515 2467 1571 2497 est
1599 2460 1824 2497 remissibile
1862 2472 1908 2498 ex
1937 2460 2068 2499 divina
2095 2461 2214 2510 gratia
2250 2462 2420 2509 homine,
2445 2476 2587 2515 coope-

1515 2520 1634 2550 rante.
1664 2513 1777 2551 Unde
1805 2525 1887 2551 non
1915 2514 2089 2564 sequitur
2117 2515 2224 2565 quod
2253 2515 2300 2553 sit
2326 2516 2448 2555 virtus
2475 2529 2590 2567 gene*

1516 2566 1615 2603 ralis.

1570 2681 1599 2722 β)
1618 2682 1738 2714 expellit.
1751 2696 1771 2701 -
1784 2683 1964 2715 corporaliter
1977 2684 2091 2716 expellit
2103 2684 2289 2718 1,sormaliter
2306 2685 2418 2718 expellit
2429 2685 2450 2711 1²·
2463 2691 2489 2711 et
2503 2691 2588 2712 cetera

1518 2722 1601 2742 tertia.

1069 2804 1407 2837 Commentario.
1429 2805 1682 2839 Gar-dinatus
1705 2806 1907 2840 Caietani

459 2903 559 2924 omum-
583 2894 722 2924 occurrit
750 2903 905 2934 magnum
932 2894 1014 2924 circa
1036 2895 1202 2926 materiam
1233 2895 1366 2926 secundi
1390 2896 1462 2926 arti-

401 2905 533 2975 Dculi,
558 2948 598 2968 an
621 2939 819 2979 poenitentia
833 2939 932 2969 virtus
954 2939 993 2969 sit
1008 2948 1082 2970 vere
1105 2945 1136 2969 et
1158 2940 1287 2980 proprie
1310 2949 1375 2970 una
1390 2949 1461 2980 spe-

397 2983 482 3013 cialis
505 2983 604 3013 virtus
628 2982 774 3013 distincta
790 2993 808 3013 a
823 2984 934 3014 ceteris
950 2983 1128 3014 virtutibus.
1153 2984 1194 3014 Et
1210 2989 1257 3014 est
1276 2985 1355 3015 ratio
1373 2983 1463 3026 dubii

396 3036 464 3057 non
488 3027 556 3057 sola
577 3027 709 3057 vatietas
732 3028 935 3068 opinionum,
959 3027 1015 3058 sed
1039 3028 1195 3068 quoniam
1210 3028 1361 3069 utrinque
1381 3029 1461 3060 ratio

397 3077 499 3111 urget.

453 3115 536 3145 Nam
566 3115 656 3155 quod
685 3116 725 3146 sit
751 3126 816 3146 una
838 3117 937 3147 virtus
967 3116 1114 3147 distincta
1141 3117 1179 3147 ab
1203 3118 1287 3154 aliis,
1311 3118 1463 3148 Auctoris

398 3159 478 3189 ratio
502 3160 534 3189 in
558 3159 660 3190 littera
688 3160 862 3196 concludit,
887 3160 1012 3191 dicens:
1042 3161 1176 3201 Operari
1204 3161 1244 3192 ad
1267 3161 1462 3193 deletionem

399 3204 522 3242 peccati
545 3205 714 3242 praeteriti,
730 3205 924 3244 inquantum
940 3211 987 3235 est
1002 3204 1124 3235 offensa
1140 3206 1211 3242 Dei,
1227 3215 1285 3246 per
1301 3206 1463 3246 quandam

399 3248 732 3286 recompensationem
747 3249 774 3284 ἦ
798 3249 893 3278 habet
916 3249 1086 3288 specialem
1109 3250 1267 3280 rationem
1283 3255 1371 3281 actus
1395 3250 1463 3281 lau-

401 3290 511 3320 dabilis
534 3301 602 3321 non
619 3292 832 3331 pertinentem
848 3292 887 3322 ad
903 3294 1060 3323 rationem
1076 3294 1202 3324 alterius
1218 3294 1352 3325 virtutis.
1376 3295 1462 3334 Ergo

401 3335 608 3374 poenitentia,
633 3336 685 3365 cui
708 3336 765 3365 iste
789 3341 877 3366 actus
900 3337 1088 3373 attribuitur,
1117 3343 1163 3367 est
1186 3338 1330 3377 specialis
1353 3339 1462 3369 virtus.

457 3378 494 3408 11.
518 3378 569 3408 Ad
591 3384 714 3418 partem
744 3384 852 3410 autem
873 3381 1053 3419 negativam
1082 3387 1174 3421 urget
1197 3381 1315 3421 duplex
1337 3383 1418 3413 ratio
1434 3383 1461 3413 *.

402 3421 474 3452 Una
497 3432 535 3452 ex
557 3423 703 3462 propriis.
735 3422 820 3460 Quia
849 3423 937 3453 nulla
966 3425 1064 3454 virtus
1095 3425 1191 3465 exigit
1214 3431 1268 3455 aut
1290 3427 1463 3466 praeexigit

402 3466 573 3497 habentem
591 3467 693 3507 ipsam
712 3468 770 3497 sub
786 3467 869 3497 illius
886 3469 1054 3500 contrario.
1079 3468 1142 3499 Sed
1160 3470 1358 3509 poenitentia
1372 3479 1462 3510 prae-

1516 2897 1613 2937 exigit
1635 2897 1859 2938 poenitentem
1881 2897 1978 2928 fuisse
2002 2898 2061 2929 sub
2085 2903 2237 2940 peccato,
2262 2897 2353 2939 quod
2376 2899 2587 2930 contrariatur

1514 2942 1742 2981 poenitentiae.
1767 2942 1852 2982 Ergo
1877 2943 2077 2982 poenitentia
2099 2952 2168 2973 non
2192 2947 2239 2973 est
2261 2943 2408 2983 specialis
2429 2943 2539 2974 virtus.
2562 2962 2587 2967 —

1514 2985 1555 3016 Et
1578 2986 1657 3016 haee
1680 2987 1761 3016 ratio
1786 2987 1950 3017 convincit
1971 2986 2172 3018 intellectum
2194 2995 2316 3017 meum.

1570 3029 1663 3068 Quae
1687 3035 1719 3061 et
1741 3029 1959 3062 confirmatur.
1995 3030 2082 3069 Quia
2106 3031 2262 3061 virtutum
2292 3031 2415 3062 semina
2444 3037 2519 3062 sunt
2542 3032 2586 3063 ita

1514 3075 1608 3105 nobis
1631 3075 1725 3105 insita
1746 3079 1783 3105 ut
1805 3076 1931 3116 possint
1952 3084 1971 3105 a
1985 3075 2080 3105 nobis
2099 3075 2230 3115 acquiri,
2247 3083 2323 3106 cum
2339 3075 2458 3106 auxilio
2474 3076 2590 3117 divino,

1516 3124 1547 3150 et
1569 3124 1656 3149 recta
1678 3120 1816 3154 ratione,
1839 3125 1916 3150 etc.:
1941 3124 1978 3149 ut
2003 3128 2072 3150 non
2095 3119 2136 3150 sit
2156 3128 2288 3150 necesse
2317 3129 2378 3150 nos
2401 3130 2535 3161 peccare
2558 3122 2586 3152 si

1515 3173 1629 3194 omnes
1652 3163 1817 3194 habendae
1836 3169 1910 3194 sunt
1925 3164 2056 3194 virtutes
2072 3163 2106 3194 in
2121 3169 2205 3194 actu.
2229 3162 2294 3195 Sed
2308 3163 2349 3194 ad
2366 3166 2586 3205 poenitentiae

1514 3208 1665 3238 virtutem
1688 3207 1868 3238 habendam
1891 3208 1925 3238 in
1948 3212 2021 3238 actu
2043 3208 2242 3248 impossibile
2265 3213 2313 3238 est
2334 3218 2395 3239 nos
2418 3211 2585 3249 pervenire

1515 3252 1576 3281 nisi
1599 3256 1769 3291 peccatum
1791 3252 1988 3282 interveniat.
2014 3251 2112 3292 Igitur
2133 3261 2201 3282 non
2218 3257 2265 3282 est
2279 3253 2379 3283 virtus
2394 3255 2550 3294 specialis.
2562 3273 2586 3278 —

1514 3296 1584 3326 Nec
1608 3295 1751 3326 evaditur
1780 3296 1859 3326 haec
1883 3295 2084 3326 confirmatio
2116 3306 2154 3326 ex
2178 3297 2241 3327 hoc
2268 3296 2359 3337 quod
2385 3299 2586 3338 poenitentia

1515 3345 1690 3380 poneretur
1711 3340 1810 3370 virtus
1825 3349 1894 3370 non
1909 3340 2073 3380 acquisita,
2091 3340 2147 3371 sed
2162 3340 2282 3371 infusa:
2308 3343 2464 3382 quoniam
2481 3343 2584 3374 simile

1517 3389 1563 3414 est
1590 3383 1629 3414 de
1653 3384 1797 3424 utn’sque
1823 3382 1980 3414 iudicium
2012 3384 2120 3424 quoad
2146 3385 2210 3416 hoc
2241 3386 2330 3426 quod
2359 3396 2428 3418 non
2455 3393 2586 3429 oportet

1517 3437 1650 3468 peccare
1680 3433 1717 3458 ut
1745 3428 1876 3458 virtutes
1906 3428 2080 3459 habeamus
2104 3429 2138 3459 in
2161 3435 2244 3460 actu.

1572 3472 1614 3502 Et
1637 3471 1844 3502 confirmatur
1859 3472 1975 3503 iterum
1999 3482 2037 3503 ex
2052 3479 2141 3514 parte
2165 3474 2309 3506 subiecti.
2333 3475 2420 3514 Quia
2437 3476 2471 3507 in
2491 3475 2584 3508 Chri-
