2918 4088
195 295 406 322 ‘1¹11¹‘‚qu.r.xx1v‚

194 325 236 343 art.
247 328 268 350 3.
283 322 311 342 ad
326 327 350 346 ας
366 327 405 348 qu.

194 354 240 375 cix,
256 351 297 369 art.
314 347 334 369 8.

194 555 205 565 ·
219 553 246 575 D·
261 558 311 581 397·

193 1052 203 1062 ·
219 1050 254 1072 Cf.
270 1055 333 1071 num.
349 1055 382 1071 ιιι.

193 1270 203 1279 ·
212 1268 246 1289 Cf.
258 1267 340 1289 Ezech.
350 1271 401 1292 cap.

192 1300 276 1319 xxxin,
294 1299 352 1315 vers.
369 1298 400 1314 η.

193 1331 204 1336 -
217 1320 277 1341 Vide
297 1320 354 1347 Mag.
369 1318 401 1340 IV

192 1347 263 1373 Seni...
279 1346 332 1368 dist.
345 1351 400 1372 xvn,

192 1379 243 1401 cap.
259 1379 273 1394 ι.

191 1576 201 1586 “
217 1574 252 1596 Cf.
267 1579 330 1595 num.
345 1579 374 1595 iv.

190 1710 201 1720 ·
220 1709 275 1730 Luc.
297 1714 346 1736 cap.
361 1714 403 1735 vn,

191 1741 250 1757 vers.
265 1741 301 1761 47.

194 2414 205 2424 ‘¹
211 2413 266 2435 L'oc.
274 2413 310 2435 cit.
318 2419 380 2434 num.
388 2419 404 2435 1.

195 2458 206 2469 ⁶
216 2457 271 2479 Luc.
283 2463 333 2484 cap.
341 2463 405 2485 nin,

195 2490 255 2506 vers.
269 2490 301 2511 4⁰
315 2490 366 2512 sqq.

198 3159 209 3169 '¹
222 3157 289 3180 Num.
304 3164 319 3180 ι.

436 207 509 244 316

432 297 531 334 quae
551 284 590 321 in
611 283 789 322 Secunda
808 284 918 320 Parte
933 282 953 304 '¹‘
980 281 1079 319 dicta
1099 288 1197 318 sunt.
1227 281 1275 316 Et
1294 279 1380 315 ideo
1399 289 1491 326 poe-

430 337 587 375 nitentia
628 337 675 374 de
716 335 879 386 peccatis
921 334 1146 372 mortalibus
1188 331 1343 381 requirit
1384 329 1491 388 quod

431 393 552 428 homo
580 397 772 440 proponat
800 388 987 426 abstinere
1011 388 1059 424 ab
1080 386 1261 424 omnibus
1281 392 1317 421 et
1336 383 1492 430 singuhs

430 443 594 494 peccatis
613 442 848 480 mortalibus.
881 441 956 478 Sed
985 440 1034 477 ad
1060 437 1334 489 poenitentiam
1357 447 1491 484 pecca-

429 505 559 534 torum
586 495 796 533 venialium
824 493 1028 543 requiritur
1056 492 1162 541 quod
1189 496 1382 540 proponat
1409 487 1490 546 abs-

429 550 548 587 tinere
576 562 598 586 a
617 548 784 597 singulis,
813 559 894 584 non
912 554 1041 583 tamen
1064 545 1112 582 ab
1133 543 1314 581 omnibus
1333 542 1369 577 *z
1400 552 1492 589 quia

430 604 507 640 hoc
543 602 743 639 infirmitas
777 600 892 637 huius
920 599 1019 635 vitae
1056 609 1135 634 non
1168 595 1319 645 patitur.
1368 593 1492 630 Debet

429 665 559 694 tamen
599 655 741 692 habere
782 652 1025 702 propositum
1066 662 1106 686 se
1146 646 1401 698 praeparandi
1442 646 1491 683 ad

429 716 584 759 peccata
625 706 788 745 venialia
830 703 1061 742 minuenda:
1104 701 1276 750 alioquin
1318 706 1416 758 esset
1457 699 1492 735 ei

430 762 645 812 periculum
674 758 896 805 deficiendi,
931 769 1018 794 cum
1055 756 1246 792 desereret
1278 759 1489 802 appetitum

1078 202 1341 250 QUAESTIO
1370 199 1599 244 LXXXVII,
1629 195 1922 234 ARTICULUS
1950 197 1965 233 I

1545 273 1795 325 proficiendi,
1824 286 1893 310 seu
1920 273 2079 310 tollendi
2106 273 2384 323 impedimenta
2411 274 2615 325 spiritualis

1545 328 1750 377 profectus,
1781 338 1881 375 quae
1910 334 2000 363 sunt
2026 334 2183 376 peccata
2210 327 2386 365 venialia.

1598 382 1655 417 An
1681 391 1871 417 SECUNDUM
1892 391 2075 417 montinum
2095 380 2203 428 quod
2221 380 2349 429 passio
2368 393 2440 430 pro
2461 380 2614 418 Christo

1546 440 1741 481 suscepta,
1771 431 1868 469 sicut
1895 443 2013 481 supra
2030 431 2051 454 ²⁸
2078 432 2226 469 dictum
2254 441 2329 480 est,
2359 433 2505 471 obtinet
2532 433 2612 471 vim

1545 485 1736 535 baptismi.
1771 486 1819 522 Et
1847 484 1935 522 ideo
1954 492 2091 534 purgat
2110 485 2158 522 ab
2179 485 2287 523 omni
2306 487 2421 536 culpa
2447 495 2484 524 et
2511 499 2614 524 mor-

1544 539 1608 576 tali
1637 546 1673 575 et
1700 537 1851 585 veniali,
1881 537 1954 574 nisi
1973 537 2169 575 actualiter
2187 540 2426 577 voluntatem
2455 540 2614 590 peccato

1545 590 1734 628 invenerit
1762 590 2040 628 inhaerentem.

1598 646 1655 681 An
1674 656 1835 681 ‘ri-:arum
1862 655 2046 681 mCENDUM
2074 644 2193 694 quod·
2210 645 2340 682 fervor
2357 645 2520 682 caritatis
2539 645 2614 683 vir-

1544 697 1695 734 tualiter
1722 696 1891 746 implicat
1910 697 2189 746 displicentiam
2208 698 2420 736 venialium
2438 706 2615 748 peccato-

1545 763 1646 798 rum,
1676 757 1718 787 ut
1746 762 1863 799 supra
1881 749 1901 772 ’¹‘
1930 750 2077 787 dictum
2105 758 2171 788 est.

1097 887 1432 920 Commentariis.
1456 884 1708 917 cardinalis
1730 884 1933 917 Caietani

460 1011 479 1030 N
506 1001 610 1040 primo
638 998 771 1029 articulo
802 996 996 1036 quaestionis
1029 993 1399 1034 octogesimaeseptimae
1431 991 1489 1022 du-

433 1012 548 1074 Ibium
565 1043 682 1083 duplex
706 1042 851 1072 occurrit.
876 1041 1019 1070 Primum
1035 1040 1051 1055 ᾖ
1076 1039 1158 1068 circa
1173 1038 1319 1073 litteram,
1339 1037 1395 1067 ubi
1411 1035 1489 1066 dici-

427 1093 493 1118 tur:
518 1087 676 1128 Exigitur
701 1085 745 1116 ad
771 1084 989 1115 remissionem
1010 1082 1137 1123 peccati
1163 1081 1312 1111 mortalis
1335 1085 1371 1111 ut
1392 1080 1488 1110 homo

427 1131 599 1162 actualiter
620 1130 752 1171 singula
775 1128 927 1159 mortalia
951 1127 1131 1158 detestetur.
1159 1125 1293 1156 Videtur
1317 1125 1403 1155 enim
1426 1125 1490 1154 hoc

427 1175 550 1205 falsum.
569 1175 655 1205 Tum
672 1174 747 1214 quia
763 1173 928 1203 detestatio
952 1171 1136 1202 universalis
1160 1169 1276 1200 suffieit
1292 1168 1331 1199 ad
1346 1169 1488 1209 gratiam.

427 1219 581 1259 Alioquin
604 1228 671 1249 non
691 1223 799 1258 posset
822 1217 922 1247 homo
945 1220 1095 1255 peccator
1118 1215 1223 1244 subito
1247 1212 1488 1253 ingemiscendo

427 1263 582 1303 consequi
604 1263 735 1302 gratiam
751 1263 784 1291 *z
810 1270 885 1291 cum
908 1270 975 1290 non
998 1260 1100 1299 possit
1119 1259 1220 1289 homo
1237 1263 1303 1288 tam
1319 1258 1424 1288 subito
1441 1267 1489 1288 re-

427 1307 596 1337 memorari
620 1306 742 1346 singula
769 1310 908 1345 peccata.
931 1322 954 1326 -
978 1304 1064 1334 Tum
1092 1303 1167 1343 quia
1194 1302 1340 1333 detestari
1366 1302 1490 1342 singula

426 1351 571 1382 mortalia
593 1356 647 1380 aut
669 1350 853 1389 intelligitur
876 1347 1082 1388 singulariter,
1103 1352 1158 1378 aut
1173 1347 1206 1377 in
1222 1346 1401 1377 universali.
1427 1345 1490 1377 Sed

427 1396 624 1435 singulariter
646 1403 714 1424 non
735 1399 842 1433 potest
864 1392 1013 1431 intelligi:
1043 1401 1118 1422 cum
1141 1390 1312 1421 ridiculum
1335 1390 1488 1425 videatur.

428 1438 523 1469 etiam
545 1440 578 1469 in
602 1438 820 1474 confessione,
845 1436 884 1467 de
908 1436 1039 1476 singulis
1063 1435 1244 1476 singillatim
1268 1434 1424 1466 confiteri.
1457 1434 1491 1465 Si

427 1489 534 1513 autem
550 1483 732 1523 intelligitur
747 1481 974 1516 universaliter,
987 1481 1131 1520 sequitur
1147 1479 1237 1520 quod
1252 1489 1320 1510 non
1333 1480 1391 1509 erit
1406 1489 1490 1519 opus

426 1528 631 1558 rememorari
653 1526 786 1566 singula.

481 1572 626 1602 Alterum
642 1571 777 1601 dubium
792 1571 808 1587 ὅ*
832 1575 878 1600 est
895 1570 977 1600 circa
992 1568 1080 1604 illud,
1098 1569 1233 1599 scilicet:
1256 1568 1410 1599 Virtualis
1425 1567 1490 1599 dis-

420 1616 576 1656 plicentia
600 1625 664 1646 non
680 1615 803 1656 sufficit
820 1614 863 1644 ad
879 1613 1098 1644 remissionem
1108 1613 1236 1654 peccati
1251 1613 1409 1649 mortalis,
1427 1612 1491 1643 nisi

426 1666 581 1701 quantum
604 1660 646 1691 ad
670 1659 778 1690 oblita.
802 1658 935 1689 Videtur
959 1658 1045 1688 enim
1068 1658 1132 1688 hoc
1156 1667 1222 1688 esse
1246 1657 1372 1688 falsum.
1397 1656 1490 1695 Quo-

426 1705 523 1741 niam,
548 1714 586 1735 ex
604 1704 737 1734 Domini
760 1703 915 1733 sententia
930 1703 956 1738 ’ἢ
981 1702 1112 1733 dimissa
1127 1707 1203 1732 sunt
1219 1702 1397 1742 peccatrici
1413 1711 1490 1742 pec-

427 1754 500 1781 cata
523 1749 624 1779 multa
647 1748 800 1789 quoniam
823 1747 937 1778 dilexit
959 1747 1114 1777 multum:
1144 1752 1267 1776 constat
1290 1747 1377 1777 enim
1401 1745 1491 1786 quod

428 1793 556 1824 dilectio
580 1802 648 1823 non
671 1798 718 1823 est
739 1793 800 1822 nisi
822 1791 962 1821 virtualis
985 1790 1193 1831 displicentia.

483 1837 520 1868 II.
544 1837 596 1867 Ad
618 1837 735 1867 horum
759 1835 960 1871 evidentiam,
986 1835 1106 1875 duplici
1129 1834 1287 1865 utendum
1311 1833 1358 1865 est
1380 1834 1491 1866 distin-

428 1882 544 1912 ctione.
569 1881 682 1917 Prima,
707 1880 746 1911 de
769 1881 955 1910 remissione
978 1885 1185 1920 peccatorum
1209 1879 1392 1919 dupliciter:
1426 1880 1490 1910 hoc

429 1932 484 1962 est,
508 1926 618 1965 plena;
642 1925 693 1955 vel
716 1924 824 1965 quoad
841 1925 969 1965 culpam
992 1929 1127 1955 tantum.
1151 1924 1192 1954 Et
1214 1924 1415 1964 regulariter;
1439 1924 1490 1954 vel

429 1980 467 2000 ex
490 1969 619 2010 speciali
642 1970 750 2009 gratia.

483 2013 630 2045 Secunda
653 2019 699 2044 est
722 2013 761 2043 de
777 2012 975 2052 displicentia
990 2013 1112 2052 peccati
1128 2012 1263 2048 formali,
1280 2012 1331 2043 vel
1346 2011 1488 2043 virtuali:

429 2064 460 2089 et
483 2058 608 2088 formali
630 2058 779 2098 generali,
802 2057 853 2086 vel
876 2057 1054 2087 universali.
1086 2057 1228 2087 Vocatur
1250 2062 1358 2087 autem
1381 2056 1490 2097 displi-

429 2103 532 2133 centia
547 2102 686 2132 formalis
703 2111 785 2142 quae
801 2100 974 2132 formaliter
986 2106 1032 2131 est
1048 2100 1255 2141 displicentia.
1276 2101 1368 2139 Quae
1384 2106 1491 2142 potest

429 2146 596 2187 dupliciter
619 2147 812 2186 contingere.
842 2145 978 2182 Scilicet,
1002 2151 1038 2176 ut
1061 2146 1100 2175 sit
1122 2145 1318 2182 universalis,
1343 2155 1490 2186 compre-

428 2190 571 2221 hendens
595 2191 714 2221 scilicet
737 2190 845 2220 omnia
867 2195 999 2229 peccata
1023 2191 1209 2226 commissa,
1238 2199 1313 2220 cum
1336 2199 1410 2220 vera
1432 2199 1490 2220 vo-

428 2235 549 2265 luntate
572 2235 610 2265 ab
634 2235 784 2265 omnibus
807 2239 838 2264 et
861 2234 992 2274 singulis
1015 2234 1203 2264 abstinendi.
1235 2234 1276 2264 Et
1298 2234 1362 2264 hoc
1384 2239 1492 2274 potest

430 2289 497 2310 esse
520 2280 554 2309 in
575 2284 753 2309 momento.
777 2278 819 2308 Et
842 2283 888 2308 est
912 2279 1062 2308 contritio
1086 2277 1245 2308 sufficiens
1268 2278 1308 2309 ad
1331 2279 1490 2309 remissio-

428 2333 504 2354 nem
526 2322 726 2354 infinitorum
749 2328 956 2362 peccatorum
978 2323 1182 2352 mortalium:
1215 2323 1290 2362 quia
1313 2322 1429 2353 sufficit
1452 2322 1492 2352 ad

429 2368 561 2407 gratiam
583 2366 772 2402 habendam,
798 2372 955 2406 quantum
979 2372 1026 2396 est
1049 2375 1087 2397 ex
1109 2372 1198 2406 parte
1222 2366 1381 2402 hominis,
1405 2367 1493 2397 iuxta

429 2411 509 2442 illud
520 2411 636 2441 Ezech.
649 2412 679 2441 ἐ
697 2410 736 2440 In
749 2420 947 2451 quacumque
958 2410 1042 2440 hora
1054 2410 1250 2451 ingemuerit
1254 2415 1419 2451 peccator,
1431 2416 1492 2441 etc.

430 2456 471 2486 Et
493 2455 562 2485 talis
586 2454 783 2495 displicentia
804 2453 929 2485 videtur
951 2453 1048 2484 fuisse
1064 2454 1097 2484 in
1113 2455 1252 2485 Latrone
1268 2455 1300 2484 ἐ
1327 2459 1358 2485 et
1381 2455 1491 2485 crebro

431 2498 573 2530 accidere
596 2498 733 2529 creditur
755 2499 803 2528 his
827 2499 884 2538 qui
898 2507 972 2528 vere
989 2496 1218 2529 convertuntur
1234 2497 1274 2528 ad
1289 2498 1396 2529 Deum
1419 2504 1494 2538 post

431 2544 532 2574 multa
555 2543 696 2573 crimina.
720 2560 741 2565 —
764 2542 838 2572 Alio
862 2547 969 2572 autem
992 2541 1091 2573 modo
1116 2543 1272 2582 contingit
1295 2542 1494 2582 displicentia

432 2587 573 2618 formalis
605 2596 680 2618 cum
708 2587 834 2616 homini
857 2585 1002 2626 displicet
1024 2596 1058 2617 se
1080 2596 1248 2626 peccasse,
1280 2587 1323 2616 ita
1350 2586 1440 2626 quod
1463 2592 1494 2618 et

433 2632 542 2662 omnia
565 2636 596 2662 et
618 2630 742 2671 singula
764 2640 821 2660 sua
843 2636 975 2670 peccata
997 2631 1031 2661 in
1053 2631 1194 2670 generali
1223 2631 1282 2661 sibi
1306 2630 1493 2671 displicent,

433 2681 464 2706 et
486 2675 580 2706 vellet
611 2675 644 2705 in
668 2685 706 2705 ea
735 2674 872 2715 amplius
902 2684 970 2704 non
1001 2674 1159 2710 incidere;
1190 2685 1258 2705 non
1287 2679 1395 2705 tamen
1421 2685 1493 2715 per-

431 2720 518 2750 venit
541 2719 581 2750 ad
602 2720 666 2749 hoc
689 2717 779 2759 quod
801 2728 874 2749 vere
905 2719 974 2749 vult
1003 2728 1060 2749 seu
1089 2719 1243 2759 proponit
1266 2719 1402 2759 amplius
1425 2729 1493 2750 non

431 2763 580 2794 incidere.
616 2763 657 2794 Et
686 2764 764 2793 haec
798 2772 866 2793 non
900 2762 1016 2793 sufficit
1050 2762 1090 2793 ad
1119 2764 1341 2794 remissionem
1370 2765 1494 2804 peccati

431 2808 584 2838 mortalis.

486 2852 635 2882 virtualis
658 2857 766 2882 autem
789 2850 986 2891 displicentia
1008 2857 1140 2882 vocatur
1163 2861 1246 2892 quae
1268 2861 1336 2882 non
1359 2857 1406 2882 est
1429 2851 1493 2882 for-

431 2896 555 2926 maliter
577 2895 791 2936 displicentia,
823 2895 879 2926 sed
908 2900 955 2926 est
978 2894 1151 2926 formaliter
1174 2896 1253 2926 alius
1277 2902 1383 2926 actus:
1415 2902 1494 2936 puta

432 2939 560 2970 dilectio
584 2940 645 2970 Dei
667 2945 772 2970 tantae
795 2940 841 2970 vis
865 2945 901 2970 ut
927 2949 965 2970 ex
989 2949 1028 2970 eo
1052 2945 1125 2970 nata
1147 2940 1187 2970 sit
1209 2941 1301 2980 sequi
1324 2939 1493 2981 displicen-

431 2985 474 3014 tia
496 2985 629 3024 peccati,
653 2984 695 3014 ita
719 2983 818 3024 quod,
843 2984 868 3014 si
891 2989 968 3014 tunc
992 2989 1173 3014 occurreret
1187 2985 1343 3015 memoria
1358 2985 1491 3025 peccati,

433 3038 471 3058 ex
493 3029 525 3058 vi
546 3028 630 3059 illius
653 3033 741 3058 actus
765 3034 950 3068 sequeretur
973 3027 1114 3059 formalis
1137 3028 1335 3069 displicentia
1358 3030 1491 3069 peccati.

432 3072 473 3102 Et
495 3073 539 3102 sic
563 3073 667 3102 omnis
691 3077 779 3103 actus
806 3072 983 3103 dilectionis
1007 3072 1068 3103 Dei
1097 3082 1135 3103 ex
1159 3074 1285 3104 caritate
1314 3073 1492 3113 procedens

433 3121 539 3156 potest
561 3116 623 3147 dici
646 3117 818 3146 virtualiter
841 3116 1039 3157 displicentia
1061 3118 1184 3157 peccati
1207 3118 1358 3148 mortalis.

488 3160 539 3190 111.
563 3161 621 3190 His
644 3161 832 3200 praelibatis,
849 3160 888 3191 ad
910 3162 1051 3201 primurn
1075 3161 1209 3192 dubium
1225 3163 1241 3178 ⁴*
1265 3161 1379 3192 dicitur
1402 3161 1492 3202 quod

434 3204 529 3234 verba
551 3203 699 3234 Auctoris
721 3214 795 3234 vera
817 3210 890 3235 sunt
922 3204 960 3235 de
984 3206 1105 3245 peccati
1135 3206 1276 3236 mortalis
1306 3206 1491 3237 remissione

434 3247 529 3287 plena
552 3253 583 3278 et
606 3249 754 3288 regulari:
786 3249 940 3288 quoniam
971 3250 1154 3289 regulariter
1183 3260 1251 3280 non
1282 3249 1319 3280 fit
1347 3251 1491 3281 remissio

435 3292 557 3330 peccati
579 3292 736 3328 mortalis,
761 3292 868 3332 quoad
891 3293 1019 3333 culpam
1043 3299 1074 3323 et
1098 3303 1229 3324 omnem
1251 3304 1407 3334 poenam,
1431 3295 1493 3325 nisi

435 3335 546 3370 homo,
564 3341 719 3374 quantum
734 3336 767 3365 in
783 3345 816 3366 se
833 3342 888 3372 est,
909 3336 1079 3367 detestetur
1094 3338 1217 3377 singula
1232 3339 1387 3375 mortalia,
1411 3339 1493 3369 sicut

436 3378 471 3408 in
493 3379 622 3418 singulis
645 3379 717 3418 plus
741 3379 799 3409 sibi
822 3379 951 3410 indulsit
975 3390 1072 3420 quam
1096 3381 1214 3412 debuit.

493 3422 579 3452 Cum
601 3428 707 3452 autem
724 3424 900 3462 quaeritur:
924 3424 976 3454 An
993 3424 1031 3454 de
1051 3425 1181 3465 singulis
1204 3426 1395 3466 singillatim,
1413 3425 1493 3457 etc.?

437 3465 646 3505 respondetur
669 3466 758 3506 quod
780 3467 843 3497 hoc
859 3473 964 3507 potest
980 3467 1147 3508 dupliciter
1161 3470 1303 3510 intelligi.
1327 3470 1387 3500 Vel
1404 3470 1493 3510 quod

438 3510 567 3540 cuilibet
589 3516 721 3550 peccato
752 3511 932 3550 singillatim
956 3511 1106 3543 debeatur
1129 3523 1185 3543 sua
1208 3514 1336 3554 propria
1360 3513 1492 3545 detesta-

1544 992 1601 1027 tio,
1626 992 1669 1022 ita
1693 990 1792 1031 quod,
1817 996 1899 1031 quot
1922 990 2051 1022 fuerunt
2074 996 2215 1032 peccata,
2240 996 2289 1022 tot
2311 996 2460 1032 oporteat
2475 1001 2543 1023 esse
2560 991 2615 1022 de-

1544 1036 1730 1066 testationes
1754 1041 1785 1066 et
1807 1034 2048 1066 satisfactiones.
2072 1036 2114 1066 Et
2129 1036 2193 1066 hoc
2209 1041 2256 1067 est
2271 1035 2444 1067 ridiculum
2459 1045 2613 1067 asserere:

1545 1089 1622 1110 cum
1644 1089 1705 1110 nec
1730 1080 1825 1110 etiam
1849 1079 2035 1110 confitendo
2059 1085 2207 1120 oporteat
2229 1085 2279 1110 tot
2299 1090 2367 1111 esse
2382 1086 2471 1111 actus
2485 1081 2520 1112 in
2536 1090 2615 1111 con-

1544 1123 1667 1155 fitendo
1699 1129 1781 1165 quot
1814 1129 1889 1154 sunt
1918 1129 2066 1164 peccata3
2098 1125 2255 1164 contingit
2286 1125 2372 1155 enim
2407 1125 2506 1155 unico
2541 1130 2616 1156 actu

1545 1167 1692 1199 confiteri
1711 1168 1799 1199 mille
1815 1168 2053 1198 fornicationes.
2076 1186 2099 1190 —
2122 1168 2182 1198 Vel
2206 1167 2296 1208 quod
2319 1168 2486 1208 quodlibet
2501 1178 2615 1210 pecca-

1544 1218 1615 1243 tum
1630 1213 1780 1243 terminet
1803 1212 2048 1243 detestationem
2070 1222 2128 1243 seu
2151 1212 2409 1243 satisfactionem.
2434 1213 2476 1243 Et
2497 1213 2550 1244 hic
2569 1218 2616 1244 est

1545 1267 1657 1288 sensus
1683 1257 1816 1287 litterae.
1841 1257 1887 1292 Ita
1914 1256 2013 1297 quod,
2041 1257 2124 1287 sicut
2150 1257 2184 1287 in
2208 1256 2412 1288 confessione
2438 1256 2517 1288 dum
2539 1267 2615 1297 pec-

1546 1307 1634 1332 cator
1657 1301 1749 1338 dicit,
1780 1301 1916 1332 Peccavi
1943 1301 2060 1332 millies
2091 1301 2123 1332 in
2146 1301 2393 1343 fornicatione,
2417 1302 2477 1332 iste
2499 1302 2616 1333 unicus

1545 1345 1756 1377 confessionis
1780 1350 1869 1376 actus
1902 1345 2089 1376 terminatur
2112 1345 2276 1376 actualiter
2302 1345 2342 1376 ad
2365 1345 2504 1386 singmlas
2527 1345 2616 1377 mille

1545 1390 1815 1426 fornicationum;
1839 1391 1892 1425 ita,
1910 1389 2019 1430 quoad
2042 1394 2131 1420 actus
2153 1390 2329 1426 interiores,
2352 1389 2431 1420 dum
2453 1390 2616 1430 peccatori

1545 1435 1714 1475 displicent
1736 1434 1825 1465 mille
1848 1433 2088 1470 fornicationes,
2107 1434 2272 1464 actualiter
2288 1433 2460 1465 detestatur
2475 1434 2615 1475 singulas

1544 1480 1601 1510 illo
1625 1489 1692 1510 uno
1717 1484 1748 1510 et
1772 1478 1889 1509 eodem
1912 1483 1995 1509 actu.
2020 1478 2062 1508 Et
2084 1478 2124 1508 ad
2147 1479 2211 1509 hoc
2234 1479 2329 1509 servit
2352 1478 2518 1519 inquisitio
2541 1478 2616 1510 dili-

1544 1533 1626 1566 gens
1645 1523 1688 1554 ad
1711 1522 1994 1554 rememorandum
2010 1523 2102 1553 cuius
2117 1523 2220 1553 littera
2235 1523 2393 1553 meminit.
2417 1523 2501 1554 Nam
2517 1523 2616 1555 oblita

1545 1578 1602 1599 seu
1625 1578 1693 1599 non
1717 1568 1917 1599 occurrentia
1934 1573 2065 1608 peccata
2080 1567 2115 1597 in
2130 1567 2251 1607 seipsis,
2270 1567 2353 1598 sicut
2368 1567 2533 1598 actualiter
2546 1576 2616 1599 non

1545 1612 1661 1644 adsunt
1683 1618 1756 1643 ante
1778 1617 1922 1642 mentem
1943 1612 2137 1652 peccatoris,
2171 1612 2215 1642 ita
2237 1621 2298 1642 nec
2321 1611 2486 1643 actualiter
2506 1612 2615 1644 termi-

1545 1662 1623 1688 nant
1646 1656 1891 1688 detestationem
1906 1665 1964 1686 seu
1980 1655 2223 1696 displicentiam.
2248 1655 2289 1686 Et
2303 1656 2383 1686 haec
2398 1664 2467 1686 non
2483 1655 2615 1688 acnmlis

1545 1701 1726 1732 terminatio
1750 1701 1927 1741 suppletur,
1952 1699 2061 1740 quoad
2083 1700 2214 1740 plenam
2232 1700 2464 1737 remissionem,
2489 1709 2528 1731 ex
2541 1701 2616 1732 uni-

1544 1746 1657 1777 versali
1680 1745 1890 1785 displicentia,
1914 1744 2125 1775 detestatione
2148 1754 2185 1775 ac
2208 1743 2433 1780 satisfactione,
2452 1754 2536 1785 quae
2551 1745 2615 1776 vir-

1544 1790 1671 1822 tualiter
1693 1789 1871 1820 includeret
1893 1788 2143 1820 satisfactionem
2166 1798 2250 1829 quae
2274 1788 2408 1820 debetur
2426 1787 2615 1821 huiusmodi

1544 1845 1613 1866 non
1637 1834 1889 1865 occurrentibus.

1601 1879 1654 1910 IV.
1678 1877 1730 1909 Ad
1753 1877 1932 1909 secundum
1959 1877 2095 1908 dubium
2113 1878 2130 1894 ⁴*
2154 1877 2269 1908 dicitur
2299 1876 2390 1918 quod
2415 1877 2540 1908 Auctor
2565 1877 2614 1909 lo-

1545 1924 1654 1964 quitur
1677 1922 1716 1953 de
1739 1922 1835 1964 plena
1858 1922 2055 1958 remissione,
2073 1927 2104 1952 et
2123 1922 2322 1962 regulariter:
2348 1922 2503 1962 quoniam
2518 1922 2615 1962 plena

1545 1968 1689 1999 remissio
1720 1967 1904 2007 regulariter
1934 1966 2030 2006 exigit
2060 1966 2288 1996 contritionem
2318 1971 2350 1997 et
2375 1965 2615 1998 confessionem

1545 2012 1756 2052 singulorum,
1781 2012 1837 2042 ubi
1861 2016 1990 2051 oportet
2012 2009 2122 2041 adesse
2138 2010 2371 2050 displicentiam
2387 2009 2566 2047 formalem,
2583 2015 2616 2042 et

1545 2067 1613 2087 non
1642 2056 1750 2087 solum
1781 2055 1960 2086 virtualem.
1996 2054 2203 2095 Magdalenae
2237 2060 2346 2085 autem
2380 2054 2616 2095 displicentiam

1545 2101 1714 2132 formalem
1737 2100 1812 2131 licet
1834 2109 1903 2130 non
1925 2100 2079 2140 legamus,
2095 2098 2152 2130 sed
2167 2099 2336 2130 virtualem
2350 2104 2476 2130 tantum
2490 2099 2524 2130 in
2541 2104 2615 2131 actu

1546 2145 1725 2176 dilectionis
1754 2149 1786 2175 et
1808 2142 1898 2181 fidei,
1922 2144 2070 2175 lacrimae
2100 2148 2209 2174 tamen
2239 2142 2365 2174 formali
2396 2142 2615 2184 displicentiae

1546 2194 1732 2220 attestantur
1746 2190 1773 2219 ⁴⁶.
1805 2188 1840 2219 In
1864 2189 1955 2219 cuius
1979 2188 2117 2228 signum,
2142 2197 2227 2224 cum,
2251 2192 2326 2228 post
2347 2188 2615 2220 resurrectionem

1545 2234 1665 2270 Lazari,
1677 2233 1777 2274 pedes
1791 2232 1927 2263 Domini
1941 2233 2059 2263 iterum
2078 2237 2218 2273 ungeret
2232 2237 2264 2262 et
2278 2231 2406 2272 capillis
2428 2237 2572 2274 tergeret
2585 2232 2613 2269 ⁶,

1546 2279 1694 2309 lacrimae
1716 2287 1785 2308 non
1809 2276 1978 2313 affuerunt,
2002 2277 2078 2316 quia
2100 2277 2165 2306 iam
2187 2277 2347 2316 peccatrix
2361 2285 2431 2306 non
2445 2281 2521 2307 erat.
2545 2276 2616 2308 Do-

1546 2323 1653 2353 minus
1677 2327 1796 2358 autem,
1816 2321 2005 2361 originalem
2027 2330 2086 2351 seu
2107 2320 2318 2360 principalem
2341 2325 2459 2356 actum,
2487 2321 2544 2361 qui
2567 2326 2616 2352 est

1547 2376 1642 2397 causa
1657 2365 1874 2406 displicentiae
1887 2364 2038 2400 fonnalis,
2050 2374 2110 2404 pro
2123 2374 2218 2395 causa
2229 2365 2425 2395 remissionis
2440 2364 2614 2402 adducens,

1546 2421 1615 2441 non
1627 2410 1760 2440 exclusit
1774 2410 1960 2450 proximum
1972 2414 2080 2439 actum
2092 2407 2309 2448 displicentiae
2321 2408 2474 2439 formalis.
2491 2409 2615 2447 Quam-

1546 2456 1603 2491 vis,
1628 2455 1654 2484 si
1677 2463 1715 2484 ex
1739 2453 1868 2494 speciali
1891 2453 1980 2484 dono
2003 2453 2064 2483 Dei
2091 2453 2159 2483 sola
2182 2452 2380 2493 displicentia
2402 2453 2544 2484 virtualis
2569 2452 2615 2484 af-

1546 2499 1667 2534 fuisset,
1692 2497 1885 2528 sufficienter
1907 2497 2045 2541 salvatur
2068 2506 2243 2527 concursus
2266 2497 2485 2537 poenitentiae
2507 2497 2615 2540 impli-

1548 2544 1609 2574 cite
1633 2548 1664 2573 et
1685 2542 1869 2572 virtualiter.

1602 2587 1642 2618 V.
1666 2587 1702 2617 In
1725 2586 1935 2626 responsione
1959 2585 1998 2616 ad
2021 2585 2211 2621 secundum,
2235 2585 2363 2616 adverte
2378 2585 2465 2617 idem
2481 2595 2549 2617 esse
2564 2587 2617 2618 iu-

1547 2631 1668 2662 dicium
1699 2630 1738 2661 de
1762 2630 1941 2661 dormiente
1969 2630 2077 2660 occiso
2105 2639 2165 2670 pro
2190 2629 2338 2667 Christo,
2361 2630 2413 2661 vel
2442 2631 2614 2672 baptizato.

1547 2675 1647 2714 Quod
1677 2675 1820 2715 intelligo
1853 2674 2033 2705 secundum
2055 2675 2168 2705 merita
2197 2674 2411 2706 secundarum
2435 2671 2613 2707 causarum.

1546 2720 1630 2751 Nam
1647 2720 1672 2750 si
1696 2720 1767 2759 quis
1783 2720 1869 2749 iisset
1892 2718 2067 2749 dormitum
2084 2728 2159 2749 cum
2175 2716 2344 2759 proposito
2369 2718 2496 2750 dicendi
2518 2729 2614 2751 mane

1547 2764 1752 2795 mendacium
1783 2762 1982 2799 officiosum,
2015 2768 2046 2793 et
2073 2763 2200 2793 interim
2228 2762 2391 2794 dormiens
2415 2763 2615 2795 occideretur

1547 2818 1606 2849 pro
1631 2808 1759 2839 Christo
1772 2831 1779 2844 ,
1804 2807 1993 2838 crediderim
2016 2817 2077 2847 ego
2102 2817 2140 2837 ex
2163 2807 2270 2838 divina
2292 2807 2435 2848 largitate
2457 2809 2554 2839 etiam
2575 2808 2614 2839 il-

1523 2866 1526 2868 *
1546 2853 1607 2883 lius
1631 2853 1754 2892 peccati
1777 2852 1995 2892 plenissimam
2017 2852 2240 2882 remissionem
2259 2861 2318 2893 per
2331 2852 2520 2893 martyrium
2535 2861 2614 2884 con-

1547 2897 1656 2937 sequi:
1690 2897 1835 2937 quamvis
1865 2905 1923 2936 per
1953 2896 2149 2936 baptismum
2179 2896 2264 2927 illius
2293 2897 2515 2928 remissionem
2544 2906 2614 2928 non

1547 2946 1816 2982 consequeretur,
1845 2946 1977 2981 propter
1998 2941 2200 2972 voluntatem
2229 2940 2409 2977 actualiter,
2434 2941 2614 2973 actualitate

1546 2986 1681 3022 virtuali,
1706 2991 1840 3025 peccato
1864 2985 2093 3016 inhaerentem.

1602 3030 1655 3060 Vl.
1681 3030 1716 3060 In
1746 3030 1956 3070 responsione
1986 3029 2027 3060 ad
2053 3029 2200 3066 tertium,
2229 3029 2311 3060 circa
2333 3030 2498 3060 materiam
2521 3039 2614 3070 argu-

1546 3075 1662 3111 menti,
1686 3074 1806 3105 scilicet
1836 3078 2006 3114 peccatum
2029 3074 2152 3104 veniale
2176 3074 2301 3114 opponi
2326 3073 2443 3104 fervori
2466 3074 2612 3112 caritatis,

1547 3118 1728 3155 Durandus‚
1744 3119 1778 3149 in
1797 3118 1840 3149 IV
1855 3118 1954 3154 Sent„
1971 3117 2041 3148 dist.
2057 3128 2120 3154 xvr,
2138 3127 2192 3159 qu.
2208 3128 2230 3155 1,
2247 3122 2302 3148 art.
2321 3127 2339 3148 2
2356 3119 2383 3154 ',
2400 3119 2549 3155 occurrit,
2565 3117 2614 3150 di-

1547 3173 1622 3194 cens
1638 3163 1702 3193 hoc
1719 3172 1787 3194 esse
1803 3162 1929 3193 falsum.
1947 3162 2035 3193 Tum
2051 3163 2127 3202 quia
2142 3171 2202 3193 nec
2222 3161 2406 3199 formaliter,
2422 3171 2483 3193 nec
2499 3172 2615 3194 conse-

1547 3208 1652 3238 cutive
1673 3207 1851 3247 opponitur
1874 3206 1991 3237 fervori
2014 3207 2158 3237 caritatis.
2183 3206 2224 3237 Et
2239 3205 2329 3246 quod
2343 3216 2411 3237 non
2427 3205 2612 3244 formaliter,

1546 3252 1670 3292 probat,
1695 3252 1771 3291 quia
1793 3260 1854 3282 nec
1877 3250 2013 3281 mortale
2036 3256 2206 3291 peccatum
2233 3251 2411 3291 opponitur
2438 3250 2614 3283 formaliter

1547 3296 1676 3326 caritati.
1715 3295 1881 3333 Quoniam
1916 3295 2060 3326 consistit
2093 3300 2268 3335 utrumque
2302 3295 2335 3325 in
2370 3294 2613 3327 deordinatione

1546 3345 1651 3370 actus:
1677 3340 1729 3370 cui
1745 3339 1919 3370 formaliter
1943 3340 2120 3379 opponitur
2134 3338 2328 3370 reordinatio
2345 3345 2443 3370 actus.
2466 3357 2490 3362 -
2513 3338 2613 3378 Quod

1545 3393 1622 3414 vero
1646 3393 1706 3414 nec
1730 3384 1945 3420 consecutive,
1969 3384 2085 3423 probat
2108 3393 2146 3414 ex
2170 3383 2345 3414 differentia
2373 3384 2455 3414 inter
2477 3384 2612 3415 mortale

1548 3434 1579 3458 et
1601 3428 1724 3458 veniale
1747 3428 1781 3458 in
1804 3428 1878 3464 hoc,
1903 3428 1979 3468 quia
2002 3427 2137 3458 mortale
2160 3436 2229 3458 non
2244 3433 2304 3458 stat
2320 3437 2395 3458 cum
2418 3428 2556 3464 caritate,
2581 3433 2613 3459 et

1546 3471 1620 3502 ideo
1645 3473 1821 3512 opponitur
1845 3472 2051 3502 consecutive
2078 3472 2140 3502 illi:
2168 3471 2292 3502 veniale
2322 3477 2430 3502 autem
2453 3477 2513 3502 stat
2536 3481 2613 3503 cum

1547 3516 1681 3546 caritatis
1705 3515 1838 3552 fervore,
1856 3522 1887 3546 et
1902 3515 1976 3546 ideo
2000 3525 2060 3547 nec
2083 3516 2289 3547 consecutive
2312 3516 2489 3556 opponitur
2510 3515 2566 3547 illi.

2643 439 2654 451 ·
2668 439 2716 466 Qu.
2733 444 2797 465 ιινι,
2811 442 2855 461 art.

2643 472 2676 488 u.

2641 759 2653 771 ·
2666 759 2693 781 In
2707 764 2815 787 corpore.

2642 1883 2654 1895 ·
2666 1881 2739 1905 Num.
2753 1887 2776 1909 ι,
2789 1878 2855 1904 Alte·

2641 2195 2653 2206 ·
2662 2193 2720 2216 Loe.
2730 2192 2770 2216 eit.
2778 2193 2803 2215 in
2811 2192 2857 2215 du-

2641 2219 2690 2247 bio,
2704 2225 2764 2243 mo.
2777 2219 2814 2249 38.

2640 2247 2652 2260 ·
2665 2246 2730 2269 lom.
2747 2251 2799 2275 eap.
2813 2251 2856 2274 ιιι,

2639 2279 2701 2296 ven.
2715 2279 2736 2303 3.

2640 3122 2651 3134 ·
2663 3121 2716 3149 Al..
2730 3120 2786 3144 diat.
2798 3126 2859 3149 m.

2639 3154 2679 3178 qu.
2693 3154 2720 3172 u.
