2918 4088
43 387 124 443 ¹7Loc.
134 387 182 414 cit..
192 392 256 409 num.

47 421 57 437 ι
73 430 80 437 .

32 2465 40 2471 .,
179 2450 254 2474 eom-

29 2489 55 2521 ψ,
71 2488 87 2522 'ss
132 2482 197 2500 unm.
216 2483 252 2506 uu,

38 3328 180 3361 νετι35.

29 3371 35 3383 ι

923 198 1185 246 QUAEST1O
1213 197 1388 244 Lxx1v,
1417 194 1709 233 ARUCULUS
1736 197 1817 233 v111

285 278 394 316 modi
427 289 548 327 aqua.⁴
588 278 708 325 Quod
745 290 825 315 non
859 278 974 315 habet
1009 290 1103 314 usus
1140 275 1343 314 Ecclesiae.

285 333 398 380 Aqua
431 343 520 379 ergo
548 339 604 368 est
636 331 685 368 de
714 330 934 368 necessitate
962 329 1078 367 huius
1105 327 1342 366 sacramenti.

339 384 413 422 SED
433 396 577 421 CONTRA
596 395 661 421 EST
680 384 787 433 quod
807 383 1024 433 Cyprianus
1043 382 1179 419 dicit*:
1208 383 1250 418 Si
1267 382 1344 429 quis

284 437 330 476 de
355 438 643 474 antecessoribus
662 438 794 474 nostris
821 439 1042 486 ignoranter
1057 435 1116 473 vel
1134 434 1346 482 simpliciter

285 488 359 527 nori
388 491 611 536 observavit,
644 497 687 526 ut
714 489 853 526 scilicet
880 500 1022 538 aquam
1049 487 1142 524 vino
1170 485 1344 523 misceret

283 541 324 580 in
349 549 602 588 sacramento,
625 548 745 592 potest
770 542 993 591 simplicitati
1018 542 1095 577 eius
1120 540 1230 577 venia
1257 550 1344 575 con-

283 594 373 632 cedi.
401 595 524 642 Quod
546 607 628 632 non
646 602 744 632 esset
762 594 793 631 si
811 606 913 643 aqua
941 600 1038 630 esset
1056 592 1104 629 de
1123 590 1344 628 necessitate

284 647 522 694 sacramenti,
543 647 640 685 sicut
666 655 722 684 est
739 647 878 684 vinum
903 647 966 683 vel
992 644 1113 695 panis
1142 645 1235 681 Non
1254 655 1344 692 ergo

284 712 407 749 aquae
434 700 618 738 admixtio
647 708 703 737 est
730 700 778 737 de
805 698 1026 736 necessitate
1053 696 1290 734 sacramenti.

338 754 562 791 nasi-omnm
589 765 772 790 memnon
806 752 914 801 quod
941 750 1128 788 iudicium
1159 750 1207 787 de
1236 749 1344 798 signo

284 806 520 844 sumendum
548 813 608 850 est
635 818 682 842 ex
708 817 756 842 eo
792 804 899 854 quod
927 803 1169 851 significatur.
1213 805 1344 852 Appo-

284 859 368 898 sitio
395 867 527 896 autem
553 870 679 907 aquae
706 858 756 895 ad
776 857 914 894 vinum
941 856 1100 893 refertur
1126 855 1175 893 ad
1203 855 1344 904 signifi-

283 911 452 950 candum
479 910 810 960 participationem
828 909 944 947 huius
963 907 1190 946 sacramenti
1209 921 1232 945 a
1249 908 1344 945 fide-

283 964 394 1012 libus,
423 971 614 1013 quantum
639 963 690 1000 ad
713 964 790 1000 hoc
808 962 916 1012 quod
933 974 1005 1012 per
1020 973 1166 1011 aquam
1185 961 1344 999 mixtam

282 1016 375 1055 vino
406 1016 641 1065 significatur
671 1017 841 1066 populus
876 1015 1068 1052 adunatus
1101 1014 1273 1061 Christo,
1302 1022 1345 1051 ut

283 1069 429 1108 dictum
453 1077 512 1107 est
528 1069 559 1106 ²⁸.
590 1069 667 1107 Sed
695 1077 732 1106 et
759 1070 834 1106 hoc
861 1068 991 1118 ipsum
1019 1068 1127 1118 quod
1154 1068 1201 1104 de
1229 1068 1344 1104 latere

283 1122 423 1163 Christi
455 1122 658 1172 pendentis
691 1121 732 1159 in
759 1134 872 1159 cruce
899 1134 1002 1171 aqua
1027 1120 1211 1170 profluxit
1229 1120 1266 1168 *‚
1295 1121 1343 1158 ad

282 1176 387 1215 idem
420 1176 598 1213 refertur:
635 1175 727 1224 quia
753 1187 823 1225 per
849 1187 993 1224 aquam
1028 1173 1312 1222 significabatur
1330 1172 1345 1203 β

282 1228 426 1268 ablutio
454 1236 702 1278 peccatorum
715 1258 723 1274 ‚
757 1240 856 1277 quae
883 1227 1001 1264 fiebat
1026 1239 1097 1277 per
1122 1226 1342 1276 passionem

284 1281 434 1320 Christi.
464 1281 620 1319 Dictum
639 1289 695 1318 est
713 1289 843 1318 autem
870 1293 988 1330 supra
1005 1279 1026 1302 ²¹³
1050 1280 1160 1329 quod
1187 1280 1264 1317 hoc
1287 1292 1343 1317 sa-

283 1342 525 1381 cramentum
539 1334 749 1384 *perficitur
775 1334 815 1371 in
834 1332 1121 1371 consecratione
1142 1332 1342 1370 materiae:

282 1386 377 1426 tis'us
404 1394 534 1425 autem
561 1386 736 1424 fidelium
755 1387 854 1424 ‘non
881 1394 937 1424 est
963 1386 1011 1423 de
1039 1386 1258 1423 necessitate
1287 1398 1344 1422 sa-

283 1440 487 1488 menti,
522 1440 590 1477 sed
618 1447 674 1477 est
697 1439 844 1489 aliquid
876 1451 1117 1488 consequens
1145 1439 1194 1476 ad
1222 1451 1344 1476 sacra-

282 1501 472 1531 mentum.
500 1494 550 1531 Et
567 1492 656 1530 ideo
675 1504 917 1542 consequens
937 1500 992 1529 est
1019 1492 1127 1541 quod
1154 1491 1343 1541 appositio

269 1558 406 1597 aquae
433 1557 515 1584 non
542 1545 588 1583 sit
616 1546 664 1583 de
691 1545 912 1583 necessitate
939 1552 1178 1582 sacramenti.

292 1626 309 1637 ψ,
333 1601 395 1638 {Au
424 1611 561 1636 mmm
592 1610 691 1636 ERGO
717 1610 900 1636 mmmmm
922 1597 1030 1647 quod
1056 1597 1223 1634 verbum
1249 1596 1342 1633 illud

282 1651 464 1702 Cypriani
498 1659 557 1688 est
583 1650 872 1699 intelligendum
906 1650 1123 1700 secundum
1147 1649 1258 1698 quod
1286 1649 1341 1686 di-

281 1703 379 1742 citur
397 1703 491 1741 illud
510 1715 592 1740 esse
610 1700 691 1740 non
708 1715 822 1752 posse
842 1703 950 1752 quod
969 1701 1242 1740 convenienter
1260 1714 1341 1739 esse

281 1768 362 1794 non
387 1764 523 1807 potest.
553 1757 602 1794 Et
619 1756 672 1793 sic
691 1756 899 1793 similitudo
918 1755 979 1792 illa
998 1754 1203 1792 attenditur
1221 1767 1342 1804 quan-

280 1817 366 1847 tum
392 1809 442 1849 ad
460 1809 553 1847 illud
581 1809 689 1858 quod
716 1809 830 1846 debet
847 1808 944 1854 fieri,
963 1820 1044 1845 non
1072 1815 1203 1845 autem
1221 1820 1342 1857 quan-

280 1870 366 1905 tum
391 1862 443 1900 ad
468 1861 752 1900 necessitatem:
781 1874 874 1898 nam
902 1873 1003 1911 aqua
1030 1869 1086 1898 est
1112 1860 1161 1898 de
1181 1860 1343 1898 essentia

279 1915 401 1966 panis,
430 1927 511 1953 non
539 1923 669 1952 autem
697 1915 745 1952 de
774 1914 936 1952 essentia
962 1913 1053 1951 vini.

334 2037 360 2072 β)
378 2039 591 2073 significabatur.
608 2054 627 2058 -
644 2039 813 2072 significatur
830 2038 904 2063 tertia
922 2044 1023 2071 praeter
1042 2038 1060 2063 1.

280 2073 365 2144 '‘qe-g
378 2074 442 2108 quia
468 2075 632 2101 admixtio...
660 2082 711 2100 non
741 2075 832 2108 refert.
860 2089 879 2093 -
904 2074 973 2104 Ptin
1002 2074 1164 2099 admixtio...
1193 2081 1244 2098 non
1271 2073 1342 2098 enim

352 2175 362 2193 ›

2384 197 2455 234 153

1452 275 1509 311 An
1537 285 1725 311 SECUNDUM
1752 285 1933 311 D1CEND1JM
1964 275 2071 324 quod
2100 275 2235 313 effusio
2264 275 2457 324 sanguinis

1399 327 1539 364 directe
1553 326 1764 375 pertinebat
1782 326 1832 362 ad
1851 326 1974 376 ipsam
1989 327 2128 364 Christi
2142 329 2358 377 passionem
2373 343 2381 366 :
2401 336 2458 366 est

1400 379 1504 416 enim
1522 380 1691 416 naturale
1707 378 1859 428 corpori
1879 380 2052 417 humano
2071 382 2270 418 vulnerato
2285 383 2391 430 quod
2410 394 2458 418 ex

1400 444 1447 469 eo
1466 432 1635 481 profluat
1648 432 1812 479 sanguis.
1834 432 1911 469 Sed
1930 432 2067 469 effusio
2086 445 2209 481 aquae
2224 446 2303 470 non
2322 434 2390 470 fuit
2408 435 2457 471 de

1400 485 1620 522 necessitate
1648 484 1845 534 passioniS,
1875 485 1942 521 sed
1971 485 2020 522 ad
2042 486 2387 523 demonstrandum
2407 487 2457 523 ef-

1399 538 1551 584 fectum,
1580 537 1648 586 qui
1676 545 1732 574 est
1759 537 1902 574 ablutio
1929 550 1952 574 a
1970 538 2133 586 peccatis
2161 546 2197 575 et
2224 539 2457 587 refrigerium

1399 598 1532 627 contra
1565 590 1744 627 ardorem
1779 590 2119 639 concupiscentiae.
2163 592 2210 628 Et
2238 591 2324 628 ideo
2357 603 2459 640 aqua

1400 656 1480 680 non
1508 655 1684 680 seorsum
1713 643 1872 680 offertur
1893 656 1915 680 a
1934 643 2025 680 vino
2054 643 2092 680 in
2113 645 2188 680 hoc
2206 652 2456 690 sacramento,

1399 696 1496 733 sicut
1523 696 1661 733 vinum
1688 707 1861 733 seorsum
1892 696 2051 733 offertur
2077 709 2100 733 a
2125 709 2242 746 pane:
2272 698 2338 733 sed
2357 709 2458 746 aqua

1399 749 1560 786 offertur
1572 749 1665 786 vino
1680 749 1879 798 permixta,
1895 756 1938 786 ut
1955 749 2178 786 ostendatur
2195 750 2303 798 quod
2321 750 2459 787 vinum

1398 814 1468 851 per
1495 814 1535 839 se
1563 801 1724 851 pertinet
1757 802 1807 838 ad
1835 802 1911 838 hoc
1938 810 2238 849 sacramentum,
2274 810 2459 851 tanquam

1398 855 1447 892 de
1475 855 1557 891 eius
1585 854 1805 891 necessitate
1833 854 2007 901 existens,
2036 867 2138 904 aqua
2166 863 2295 893 autem
2324 867 2458 892 secun-

1399 908 1495 945 dum
1523 908 1631 957 quod
1658 907 1876 955 adiungitur
1901 907 2005 944 vino.

1452 962 1509 998 AD
1523 973 1682 998 TER-rium
1696 972 1877 998 DICENDUM
1892 961 2011 1010 quod,
2027 961 2118 1010 quia
2132 961 2314 998 admixtio
2334 974 2458 1011 aquae

1399 1014 1448 1051 ad
1475 1013 1612 1050 vinum
1633 1026 1714 1050 non
1733 1021 1788 1050 est
1815 1014 1862 1051 de
1883 1014 2102 1050 necessitate
2121 1014 2358 1060 sacramenti,
2379 1026 2459 1052 non

1399 1067 1510 1104 refert
1536 1072 1570 1114 Υ,
1609 1074 1799 1116 quantum
1836 1067 1885 1103 ad
1922 1067 2183 1104 necessitatem
2220 1067 2457 1114 sacramenti,

1399 1132 1669 1169 quaecumque
1698 1132 1799 1169 aqua
1817 1119 2022 1157 misceatur
2039 1120 2143 1167 vino,
2172 1120 2253 1157 sive
2278 1121 2458 1158 naturalis

1399 1173 1479 1210 sive
1506 1172 1725 1218 artificialis,
1755 1180 1797 1209 ut
1824 1185 1990 1210 rosacea.
2032 1173 2238 1220 Quamvis,
2268 1181 2455 1222 quantum

1399 1227 1448 1263 ad
1476 1226 1781 1263 convenientiam
1812 1226 2056 1271 sacramenti,
2091 1234 2222 1275 peccet
2249 1226 2316 1275 qui
2344 1227 2458 1264 aliam

1399 1291 1542 1328 aquam
1570 1279 1703 1316 miscet
1730 1278 1801 1316 nisi
1829 1280 2041 1316 naturalem
2060 1286 2096 1315 et
2114 1291 2265 1316 veram:
2295 1280 2386 1329 quia
2409 1280 2457 1316 de

1398 1333 1512 1369 latere
1542 1331 1682 1369 Christi
1709 1332 1910 1381 pendentis
1937 1332 1976 1368 in
1999 1344 2112 1369 cruce
2140 1344 2231 1369 vera
2249 1345 2350 1382 aqua
2368 1345 2456 1382 pro-

1397 1385 1508 1422 fluxit
1529 1385 1568 1430 ³⁸,
1603 1397 1684 1422 non
1718 1385 1862 1422 humor
1892 1385 2186 1434 phlegmaticus,
2224 1393 2266 1422 ut
2297 1385 2456 1435 quidam

1398 1438 1593 1483 dixerunt,
1625 1438 1676 1475 ad
1703 1438 1986 1474 ostendendum
2013 1438 2121 1487 quod
2149 1450 2289 1487 corpus
2317 1438 2457 1475 Christi

1392 1497 1478 1528 'erat
1494 1503 1585 1529 vere
1604 1491 1865 1540 compositum
1884 1503 1930 1527 ex
1949 1498 2117 1539 quatuor
2129 1491 2341 1536 elementis;
2361 1492 2457 1528 sicut

1397 1556 1467 1593 per
1485 1543 1709 1592 sanguinem
1731 1543 1918 1580 fluentem
1946 1543 2217 1580 ostendebatur
2244 1545 2350 1593 quod
2379 1552 2457 1581 erat

1398 1596 1658 1645 compositum
1681 1608 1728 1632 ex
1747 1603 1913 1644 quatuor
1930 1596 2181 1642 humoribus;
2210 1605 2252 1633 ut
2273 1598 2456 1634 Innocen-

1395 1649 1470 1686 tius
1484 1650 1530 1686 111
1548 1648 1638 1686 dicit
1651 1648 1690 1685 in
1705 1648 1875 1697 quadam
1890 1648 2076 1686 Decretali
2089 1648 2120 1685 ³¹⁸.
2142 1649 2244 1696 Quia
2258 1661 2351 1686 vero
2365 1648 2379 1672 ὃ
2394 1650 2456 1687 ad-

1397 1701 1530 1738 mixtio
1558 1713 1682 1750 aquae
1702 1701 1750 1738 ad
1768 1701 1930 1738 farinam
1952 1709 2007 1738 est
2026 1701 2074 1738 de
2093 1702 2314 1739 necessitate
2342 1702 2457 1739 huius

1397 1754 1635 1800 sacramenti,
1655 1761 1787 1803 utpote
1807 1753 2039 1791 constituens
2058 1754 2308 1792 substantiam
2328 1755 2455 1804 panis;

1398 1807 1428 1844 si
1446 1807 1588 1844 farinae
1607 1807 1881 1844 admisceretur
1899 1819 2002 1856 aqua
2020 1819 2186 1853 rosacea,
2202 1810 2264 1844 vel
2282 1808 2457 1857 quicum-

1397 1872 1474 1910 que
1502 1860 1596 1897 alius
1624 1859 1752 1908 liquor
1778 1871 1898 1908 quam
1916 1872 2007 1897 vera
2033 1872 2145 1909 aqua,
2165 1872 2246 1897 non
2263 1869 2393 1910 posset
2411 1873 2458 1898 ex

1398 1926 1444 1950 eo
1460 1912 1599 1950 confici
1618 1920 1918 1950 sacramentum:
1935 1913 2025 1962 quia
2040 1925 2120 1950 non
2135 1921 2190 1950 est
2203 1926 2293 1951 vere
2307 1919 2320 1935 ⁸
2334 1914 2455 1964 panis,

1448 2036 1474 2071 ὃ)
1494 2040 1549 2063 ut...
1564 2031 1634 2068 Quia
1653 2044 1723 2062 vero.
1737 2051 1757 2055 -
1769 2037 1815 2066 ΡΗ
1833 2039 1859 2061 et
1878 2039 1932 2061 ut...
1952 2036 2015 2068 quia
2034 2044 2096 2061 vero
2115 2037 2214 2068 ABCD,
2229 2035 2266 2070 (et
2278 2036 2309 2071 F)
2325 2041 2380 2063 ut...
2394 2038 2457 2070 quia

1396 2080 1460 2098 vera
1479 2073 1529 2102 EF.
1549 2075 1601 2098 et...
1619 2073 1691 2104 quod
1709 2079 1772 2097 vera
1791 2072 1879 2100 GHbc,
1899 2075 1925 2096 et
1943 2072 2005 2104 quia
2025 2076 2080 2097 ut...
2099 2079 2162 2097 vera
2182 2073 2222 2098 ed.
2240 2080 2265 2097 a.

1449 2108 1471 2142 ε)
1491 2112 1531 2133 est
1549 2115 1619 2133 vere.
1630 2122 1650 2126 -
1661 2111 1728 2132 esset
1746 2115 1806 2132 vere
1819 2107 1837 2138 1,
1850 2110 1918 2132 esset
1936 2114 2014 2132 verus
2033 2112 2116 2132 cetera
2135 2107 2268 2137 tertia.·=st
2286 2115 2364 2133 verus
2376 2109 2418 2134 ed.
2430 2115 2456 2133 a.

955 2189 1288 2221 Commentaria
1310 2188 1561 2221 cardinalis
1584 2187 1783 2220 Caietam

283 2283 332 2346 In
354 2272 488 2303 articulo
512 2271 666 2312 septimo,
691 2270 774 2301 circa
802 2279 920 2310 aquam
944 2278 982 2299 ex
1012 2278 1076 2309 qua
1105 2268 1141 2298 fit
1168 2269 1259 2308 panis
1281 2277 1341 2308 pro
1367 2271 1371 2323 Ι
1395 2267 1598 2308 probandum
1625 2273 1722 2304 esset,
1746 2267 1885 2298 videndo
1909 2268 1942 2298 in
1966 2277 2032 2307 quo
2057 2267 2192 2298 differret
2215 2269 2253 2298 ab
2277 2268 2343 2298 aliis
2366 2269 2455 2308 pani-

311 2322 526 2352 sacramento,
549 2315 622 2346 vide
651 2315 808 2345 rationem
837 2314 957 2344 litterae
988 2314 1021 2343 in
1044 2312 1130 2343 calce
1154 2313 1275 2343 articuli
1302 2311 1342 2342 ad

279 2360 483 2402 probandum
507 2359 596 2400 quod
619 2364 747 2399 oportet
763 2368 830 2389 esse
847 2367 963 2398 aquam
979 2367 1086 2388 veram
1102 2362 1133 2387 et
1148 2357 1341 2387 naturalem:

281 2410 313 2438 et
333 2405 461 2445 suscipe
483 2404 571 2436 illam
593 2409 630 2434 ut
651 2403 880 2434 rationabilem.
905 2403 958 2432 An
977 2407 1084 2432 autem
1103 2401 1142 2431 sit
1157 2401 1341 2436 necessaria,

281 2449 474 2490 cogitatione
497 2458 580 2488 opus
603 2453 660 2478 est.
694 2447 736 2478 Et
758 2447 837 2477 ratio
862 2452 909 2477 est
932 2445 1043 2477 eadem
1067 2455 1142 2476 cum
1165 2446 1310 2485 superius
1325 2446 1342 2461 ὓ

281 2493 364 2524 dicta
391 2492 431 2523 de
454 2492 582 2522 diversis
605 2492 772 2532 speciebus
794 2500 967 2531 granorum
998 2490 1264 2530 componentium
1287 2499 1342 2529 pa-

279 2546 366 2568 nem.
397 2536 482 2574 Quia
505 2536 592 2566 enim
614 2535 654 2566 ad
676 2540 910 2566 sacramentum
933 2534 1048 2565 sufficit
1075 2533 1164 2574 quod
1188 2534 1226 2564 sit
1249 2543 1342 2564 verus

280 2582 381 2622 panis,
405 2581 431 2611 si
453 2581 544 2620 panis
566 2589 660 2610 verus
682 2584 789 2619 potest
810 2578 879 2609 fieri
902 2588 940 2609 ex
963 2588 1046 2618 aqua
1069 2577 1241 2614 artificiali,
1265 2583 1343 2618 puta

280 2634 427 2661 rosacea,
452 2633 653 2664 consequens
683 2628 730 2654 est
753 2622 842 2663 quod
864 2632 931 2654 non
956 2628 1002 2653 est
1025 2622 1064 2652 de
1086 2623 1272 2653 necessitate
1294 2632 1343 2652 sa-

281 2670 445 2700 cramenti*
465 2678 548 2708 aqua
578 2667 738 2698 naturalis.
776 2667 828 2697 An
858 2672 966 2697 autem
994 2667 1085 2706 panis
1116 2665 1281 2697 confectus
1305 2675 1343 2696 ex

280 2713 380 2744 farina
403 2718 434 2743 et
458 2713 691 2752 aquavrosacea
714 2716 795 2741 esset
813 2720 906 2741 verus
921 2711 1021 2751 panis,
1046 2711 1238 2750 experientia
1253 2719 1343 2741 com-

1238 2797 1265 2804 ν

1396 2313 1464 2342 bus.
1499 2313 1583 2342 Nam
1606 2313 1632 2342 si
1655 2312 1724 2342 solo
1749 2312 1848 2342 odore
1871 2321 2014 2342 rosarum
2039 2311 2162 2342 differre
2184 2318 2364 2352 appareret,
2389 2322 2455 2343 cre-

1396 2356 1504 2387 derem
1527 2357 1633 2396 ipsum
1657 2356 1800 2386 eiusdem
1823 2366 1891 2386 esse
1914 2357 2031 2396 speciei
2062 2366 2135 2386 curn
2160 2356 2243 2386 aliis:
2276 2366 2350 2387 cum
2373 2366 2456 2396 aqua

1395 2411 1463 2431 non
1486 2401 1525 2431 sit
1546 2410 1618 2441 pars
1642 2401 1813 2431 essentialis
1836 2401 1943 2440 panis,
1968 2400 2023 2430 sed
2045 2401 2174 2430 materia
2196 2402 2349 2431 transiens
2373 2401 2455 2430 eius-

1396 2445 1480 2475 dem.
1497 2445 1572 2475 Non
1588 2446 1674 2475 euim
1689 2450 1854 2484 permanet
1869 2454 1952 2484 aqua
1968 2444 2146 2475 secundum
2157 2445 2293 2485 seipsam
2309 2446 2341 2475 in
2357 2454 2453 2484 pane:

1396 2489 1452 2520 sed
1474 2490 1565 2529 panis
1588 2495 1635 2519 est
1657 2489 1747 2519 tertia
1769 2498 1818 2519 res
1840 2489 1994 2519 resultans
2024 2498 2062 2519 ex
2086 2489 2314 2519 commixtione
2338 2488 2455 2518 farinae

1396 2539 1428 2564 et
1450 2543 1551 2574 aquae
1575 2543 1632 2573 per
1654 2538 1761 2573 pastae
1785 2532 2017 2563 decoctionem.
2053 2533 2128 2563 Non
2153 2539 2198 2563 est
2221 2539 2327 2563 autem
2350 2542 2455 2563 remo-

1395 2583 1466 2608 tum
1488 2577 1682 2608 diversarum
1704 2578 1882 2617 specierum
1906 2587 1954 2607 res
1977 2587 2070 2617 posse
2087 2587 2154 2607 esse
2170 2578 2334 2608 materiam
2357 2583 2455 2607 trans-

1397 2627 1527 2653 euntem
1549 2627 1696 2662 respectu
1712 2621 1845 2651 alicuius
1861 2622 1956 2651 unius
1972 2622 2067 2651 etiam
2082 2622 2289 2661 homogenei:
2314 2627 2350 2652 ut
2369 2626 2455 2662 patet

1396 2666 1436 2697 de
1458 2667 1507 2696 his
1531 2675 1568 2696 ex
1591 2666 1708 2706 quibus
1730 2671 1898 2705 generatur
1920 2666 2056 2706 sanguis.

1451 2710 1492 2741 Et
1514 2710 1593 2740 haec
1617 2710 1711 2740 etiam
1735 2709 1891 2740 sufficiant
1913 2719 1973 2749 pro
1997 2715 2111 2740 octavo
2136 2710 2278 2740 articulo.

1058 2864 1376 2907 ARTICULUS
1406 2864 1679 2907 OCTAVUS

751 2960 905 2991 UTRUM
930 2959 1106 2990 DEBEAT
1129 2958 1252 2996 AQUA
1275 2958 1319 2988 IN
1343 2957 1500 2988 MAGNA
1524 2958 1812 2996 QUANTITATE
1835 2957 1990 2988 APPONI

846 3038 880 3063 IV
899 3039 981 3067 Sent„
1002 3038 1060 3063 dist.
1078 3045 1111 3069 xi,
1131 3045 1175 3070 qu.
1194 3045 1221 3066 n,
1241 3042 1287 3062 art.
1305 3044 1331 3069 4,
1350 3036 1400 3069 qu*
1417 3044 1450 3067 4;
1470 3036 1479 3060 I
1498 3036 1535 3061 ad
1556 3037 1625 3066 Cor„
1645 3044 1700 3069 cap.
1718 3043 1752 3067 xi,
1771 3036 1830 3061 lect.
1847 3043 1881 3061 vi.

334 3162 340 3169 .
366 3137 375 3162 ι
491 3131 514 3156 1)
534 3130 706 3156 οσΓΑνυΜ
725 3130 776 3155 s1c
796 3130 1030 3155 PROCEDITUR.
1055 3117 1216 3154 Videtur
1234 3116 1341 3166 quod

309 3168 355 3215 “J
420 3165 461 3218 ''⁷²‘'
493 3171 630 3208 debeat
662 3184 764 3220 aqua
800 3171 839 3208 in
867 3183 1007 3219 magna
1040 3170 1247 3220 quantitate
1275 3182 1341 3219 ap-

315 3258 321 3270 ,
344 3264 345 3267 ,
409 3269 418 3275 „
474 3223 597 3274 poni.
620 3224 725 3262 Sicut
744 3223 848 3261 enim
868 3223 1021 3272 sanguis
1041 3223 1088 3260 de
1104 3224 1216 3260 latere
1233 3222 1342 3260 Chri-

337 3304 339 3306 -
370 3271 425 3305 ῑ’“ῗν’
448 3270 480 3312 N
494 3277 539 3314 sti
567 3277 791 3314 sensibiliter
817 3276 938 3324 fluxit,
967 3276 1017 3314 ita
1036 3284 1072 3313 et
1090 3288 1209 3325 aqua:
1238 3276 1342 3313 unde

283 3329 419 3367 dicitur
445 3330 548 3367 Ioan.
568 3342 628 3367 xxx
645 3330 683 3367 *ε
719 3331 794 3373 Qui
818 3331 922 3376 vidit,
950 3331 1195 3367 testimonium
1218 3330 1343 3379 perhi-

282 3384 368 3420 buit.
399 3383 476 3420 Sed
501 3395 603 3432 aqua
621 3395 702 3421 non
719 3391 849 3433 posset
868 3382 1091 3420 sensibiliter
1109 3394 1191 3419 esse
1211 3382 1249 3419 in
1268 3383 1345 3419 hoc

1396 3123 1634 3153 sacramento
1667 3115 1739 3152 nisi
1765 3115 1805 3152 in
1834 3127 1972 3163 magna
1999 3114 2206 3164 quantitate
2234 3123 2451 3164 poneretur.

1396 3170 1498 3218 Ergo
1518 3169 1668 3206 videtur
1695 3169 1801 3218 quod
1821 3180 1922 3217 aqua
1940 3168 2076 3205 debeat
2095 3167 2238 3217 apponi
2257 3167 2296 3205 in
2314 3180 2454 3216 magna

1397 3222 1617 3272 quantitate.

1452 3287 1486 3312 2.
1516 3276 1748 3320 PRAETEREA,
1776 3286 1895 3324 parva
1914 3287 2016 3324 aqua
2034 3275 2156 3311 multo
2175 3274 2267 3311 vino
2287 3274 2454 3311 admixta

1397 3328 1667 3378 corrumpitur.
1697 3327 1816 3374 Quod
1844 3335 1974 3365 autem
2001 3334 2226 3376 corruptum
2248 3335 2312 3373 est,
2342 3339 2421 3364 non
2437 3332 2454 3348 ²

1398 3389 1463 3419 est.
1493 3382 1595 3429 Ergo
1623 3380 1727 3418 idem
1756 3388 1810 3417 est
1838 3393 2032 3431 apponere
2060 3392 2199 3430 parum
2221 3380 2267 3417 de
2287 3392 2387 3429 aqua
2415 3379 2454 3416 in

335 3504 363 3540 α)
382 3513 445 3532 non.
461 3519 482 3524 -
498 3506 552 3531 iam
571 3513 622 3531 non
642 3506 720 3536 PIsG,
740 3507 793 3532 iam
813 3514 865 3532 non
885 3507 936 3538 (est
955 3507 1023 3532 idem
1043 3513 1108 3539 ergo
1126 3491 1260 3538 apponere
1274 3513 1374 3538 parum
1394 3505 1426 3530 de
1444 3512 1516 3538 aqua
1535 3505 1561 3530 in
1581 3505 1629 3530 hoc
1646 3507 1814 3530 sacramento
1832 3507 1871 3529 est
1890 3503 1956 3528 nihil
1973 3503 2117 3535 apponere)
2137 3502 2165 3527 F.

423 3560 533 3585 Suntne
547 3559 650 3586 Tutior..
668 3560 699 3586 D.
717 3560 832 3585 Tamus
851 3560 883 3586 Τ.
902 3560 943 3586 ῙΧ.

2280 3564 2312 3582 20

2485 1395 2494 1405 ·
2508 1393 2536 1415 D.
2550 1399 2594 1422 ²35-

2484 1654 2494 1664 ·
2513 1653 2569 1680 Cap.
2592 1653 2617 1675 In
2638 1659 2695 1681 qua-

2485 1679 2539 1700 dam
2556 1681 2640 1701 nostra
2655 1680 2695 1701 de-

2485 1706 2570 1727 cretati
2580 1706 2656 1734 epist„
2666 1706 2696 1727 de

2486 1732 2575 1754 Celebr.
2596 1732 2694 1754 Minar.

2581 1759 2595 1784 ὃ
