2878 4088
1028 152 1291 200 QUAESTIO
1322 151 1478 197 LXXX,
1498 150 1791 187 ARTICULUS
1820 151 1870 187 IV
2464 151 2532 187 183

407 238 436 259 2.
461 229 657 266 PRAETEREA,
674 231 699 261 si
715 241 733 261 a
752 241 887 271 corpore
911 231 1051 261 hominis
1075 231 1275 261 subtrahatur
1297 228 1419 269 aliquid
1472 228 1727 267 uniuscuiusque
1757 227 1930 263 individui,
1964 229 2084 268 absque
2115 239 2154 260 eo
2188 230 2277 270 quod
2309 240 2347 260 ex
2380 231 2533 261 alimento

350 273 441 314 quod
464 279 511 304 est
534 273 574 304 de
597 276 726 306 veritate
754 276 913 306 humanae
941 282 1072 306 naturae
1095 276 1128 305 in
1151 276 1240 315 ipso,
1264 283 1332 304 non
1360 274 1418 303 erit
1472 277 1659 312 generatum
1690 277 1753 307 est;
1778 271 1867 311 quod
1901 272 2031 311 quidem
2062 283 2131 303 non
2161 274 2285 304 additur
2313 275 2372 305 nisi
2397 274 2436 305 ad
2459 275 2534 305 resi-

350 327 468 358 corpus
491 318 632 349 hominis
655 319 844 360 perfectum.
868 320 931 351 Sed
947 320 1053 350 omnis
1072 318 1272 359 imperfectio
1289 318 1418 348 tolletur
1472 315 1622 346 stendum
1645 316 1887 355 consumptioni
1911 325 1992 355 quae
2015 323 2124 356 posset
2150 318 2259 348 induci
2289 328 2345 358 per
2374 320 2534 349 actionem

349 362 383 392 in
405 364 656 394 resurrectione:
681 365 853 404 praecipue
877 365 915 394 ab
940 365 1057 400 electis,
1082 364 1199 403 quibus
1222 363 1417 403 promissum
1473 360 1585 390 caloris
1608 360 1774 395 naturalis,
1799 360 1881 389 sicut
1903 366 2035 399 argento
2059 363 2231 401 apponitur
2250 363 2419 402 plumbum
2439 373 2479 393 ne
2496 373 2534 393 ex

111 416 120 422 -
137 412 203 434 Vera.
220 411 254 434 ιε.
350 411 406 442 est,
423 406 606 443 Luc.xxr*,
623 408 712 448 quod
735 409 872 449 capillus
887 409 927 439 de
941 409 1044 449 capite
1067 417 1179 438 eorum
1203 417 1268 437 non
1287 406 1416 446 peribit.
1440 417 1449 436 5
1472 403 1701 444 liquefactione
1736 409 1953 434 consumatur.
1988 404 2099 440 Unde,
2129 415 2203 436 cum
2236 416 2269 436 in
2303 408 2534 437 resurrectione

350 450 436 490 Ergo
460 451 618 492 quidquid
641 452 701 483 fuit
724 453 764 483 de
784 454 914 483 veritate
937 454 1096 483 humanae
1119 457 1260 487 naturae,
1276 455 1418 490 resurget
1473 454 1620 489 oporteat
1642 454 1789 478 naturam
1812 449 1987 478 humanam
2017 449 2050 478 in
2080 459 2137 479 sua
2159 449 2356 489 perfectione
2387 452 2533 491 reparari,

350 495 383 524 in
406 495 550 526 homine.
1472 502 1532 523 nec
1556 493 1643 523 calor
1665 492 1816 522 naturalis
1839 498 1916 522 tunc
1940 497 2010 532 agat
2033 492 2072 522 ad
2097 495 2380 533 consumptionem
2410 495 2533 526 humidi

404 539 595 570 Rnsroumzo
619 551 778 571 monimum
798 541 888 581 quod
904 541 1162 582 unumquodque,
1179 540 1262 570 sicut
1275 548 1310 569 se
1324 538 1418 568 habet
1472 537 1638 573 naturalis,
1663 537 1751 567 nulla
1780 537 1950 567 necessitas
1981 537 2039 566 erit
2069 537 2158 577 quod
2188 545 2328 578 resurgat
2359 539 2478 579 aliquid
2501 540 2533 569 in

130 628 147 650 S
163 627 222 649 Thi
349 583 392 658 αἱ
415 593 492 620 esse,
517 585 562 615 ita
584 595 619 615 se
641 585 735 615 habet
756 585 800 616 ad
823 586 998 621 veritatem,
1017 591 1052 615 ut
1075 585 1190 615 dicitur
1212 583 1295 657 indll
1312 583 1416 612 Meta·
1472 581 1604 611 homine
1621 580 1724 655 ‘fllugd
1755 590 1811 654 exd
1821 581 1973 654 aflimegto
2006 581 2046 611 sit
2077 587 2279 655 genheratum:
2311 582 2367 612 sed
2394 589 2535 657 resurgiet

184 643 207 659 .·
225 631 324 650 “2⁸¹⁸
415 637 441 659 8.
458 630 492 659 *z
565 630 570 635 '
616 630 622 636 ”
754 639 774 658 ν
1047 639 1061 658 s
1098 629 1139 658 ‘ta
1162 633 1198 658 ut
1213 627 1244 657 vi
1268 632 1338 657 etur
1361 635 1416 656 co·
1432 636 1458 651 ιο
1471 630 1597 655 tantum
1620 635 1629 654 1
1655 634 1676 655 u
1744 634 1788 655 uo
1843 626 1891 655 uit
1936 634 1953 655 e
1975 625 2105 655 veritate
2152 635 2288 656 umanae
2307 632 2436 657 naturae
2453 628 2485 657 in
2509 628 2534 657 i-

111 654 320 708 B¹ss¹'b'¹²'⁰⁸⁹'
344 638 467 712 ’ἔῃζῐοτί
490 630 669 704 seqcltlilridiiiii
690 635 1108 714 {istugr’aEetstprqssZl-ehzss
1124 673 1289 702 Avicenna
1312 670 1416 701 dicit*
1470 668 1570 705 vidui,
1595 674 1626 699 et
1649 678 1706 708 per
1722 634 1925 699 cdecisionem
1956 674 1987 699 et
2017 669 2320 709 multiplicationem
2349 670 2388 700 ad
2412 671 2534 710 praedi-

110 707 322 762 }aeffi‘fg'fff'ffif‘ss
350 716 439 756 quod
470 718 589 748 veritas
621 718 872 758 uniuscuiusque
899 718 947 748 rei
974 722 1022 747 est
1043 717 1231 757 proprietas
1259 715 1311 745 sui
1338 723 1414 748 esse,
1471 718 1555 742 ctam
1578 713 1810 752 perfectionem
1834 714 1979 753 pervenit
2001 714 2034 743 in
2057 723 2194 744 numero
2219 719 2250 744 et
2273 715 2457 754 quantitate.

111 761 147 783 Cf·
169 761 228 783 Pm·
246 761 268 786 ¹·
283 767 321 789 qu.
348 761 436 801 quod
457 762 632 792 stabilitum
655 767 703 792 est
725 762 764 792 ei.
789 762 830 792 Et
850 761 1029 792 secundum
1051 762 1125 796 hoc,
1150 758 1270 799 aliquid
1294 758 1416 788 dicetur
1526 757 1674 787 Secunda
1697 762 1804 787 autem
1829 758 1952 797 opinio,
1970 758 2046 797 quia
2061 759 2154 798 ponit
2170 758 2259 798 quod
2275 768 2315 789 eo
2332 758 2422 798 quod
2441 759 2535 799 adge—

108 794 157 814 Μ,
173 791 216 809 ⁸¹¹1·
232 794 251 809 ¹·
350 815 418 836 esse
434 805 473 836 de
489 807 619 836 veritate
642 806 801 836 humanae
824 811 955 836 naturae
978 805 1054 845 quia
1071 804 1200 844 proprie
1224 803 1361 843 pertinet
1376 801 1416 832 ad
1470 806 1598 831 neratur
1622 811 1659 831 ex
1683 802 1890 838 nutrimento,
1914 801 2074 842 indigetur
2097 802 2136 833 ad
2159 802 2389 843 perfectionem
2411 804 2536 843 quanti-

0 826 7 886 ί
349 859 418 880 esse
440 850 599 880 humanae
622 855 763 880 naturae.
788 850 829 880 Et
843 850 907 880 hoc
924 855 970 880 est
986 848 1076 889 quod
1091 848 1258 888 participat
1278 846 1415 876 formam
1432 856 1454 876 ¹5
1470 846 1541 874 tatis
1564 845 1720 875 individui
1744 852 1775 876 et
1798 845 1838 876 ad
1860 846 2162 886 multiplicationem
2186 857 2269 888 quae
2292 847 2328 878 fit
2355 857 2413 888 per
2439 857 2535 888 gene—

0 892 2 903 '
349 894 508 924 humanae
530 900 680 924 naturae:
705 894 787 924 sicut
809 903 921 924 verum
945 903 1059 923 aurum
1083 893 1197 923 dicitur
1213 891 1302 932 quod
1322 891 1416 921 habet
1469 890 1637 926 rationem,
1661 899 1791 920 necesse
1815 891 1910 921 habet
1932 900 2053 930 ponere
2076 892 2197 932 aliquid
2221 892 2260 922 de
2290 893 2354 922 hoc
2385 893 2418 922 in
2446 892 2535 932 quod

349 947 455 968 veram
478 937 616 968 formam
638 938 716 974 auri,
742 947 780 968 ex
804 947 867 978 qua
892 943 938 968 est
964 938 1132 978 proprium
1157 946 1224 967 esse
1247 936 1326 966 auri.
1471 943 1664 965 conversum
1688 940 1735 965 est
1758 935 1957 971 alimentum,
1981 945 2159 976 resurgere:
2184 946 2251 967 non
2281 942 2389 967 tamen
2417 942 2533 973 totum,

405 981 448 1012 Ut
472 990 548 1022 ergo
571 981 716 1012 videatur
738 982 817 1022 quid
840 983 880 1012 sit
910 982 989 1012 illud
1021 981 1111 1022 quod
1141 987 1188 1012 est
1217 980 1257 1011 de
1285 980 1415 1010 veritate
1470 978 1526 1008 sed
1549 979 1655 1009 solum
1680 984 1838 1019 quantum
1861 978 2021 1019 indigetur
2044 980 2083 1010 ad
2110 980 2284 1020 perfectam
2317 982 2534 1021 reintegratio-

348 1026 506 1056 humanae
529 1031 670 1062 naturae,
695 1026 861 1057 sciendum
886 1032 933 1057 est
956 1026 1047 1067 quod
1063 1027 1145 1056 circa
1160 1026 1223 1055 hoc
1239 1030 1286 1055 est
1301 1024 1414 1064 triplex
1469 1032 1545 1052 nem
1569 1024 1728 1054 humanae
1751 1029 1882 1054 naturae
1906 1025 1938 1054 in
1963 1025 2114 1055 omnibus
2137 1026 2201 1055 suis
2224 1025 2406 1056 individuis,
2440 1025 2534 1056 Unde

107 1072 320 1102 magde-Nion,
348 1070 471 1110 opinio.
496 1070 638 1108 Quidam
653 1071 670 1087 ⁴*
686 1071 773 1101 enim
789 1077 968 1111 posuerunt
984 1070 1074 1111 quod
1089 1070 1167 1100 nihil
1185 1069 1224 1100 de
1240 1078 1328 1099 novo
1345 1078 1414 1098 esse
1429 1077 1455 1092 ²⁰
1469 1068 1562 1107 ponit
1584 1068 1663 1098 haec
1695 1069 1807 1108 opinio
1839 1068 1929 1108 quod
1958 1075 2064 1099 totum
2093 1069 2173 1100 illud
2207 1070 2296 1110 quod
2320 1069 2379 1100 fuit
2402 1070 2434 1100 in
2459 1071 2533 1101 sub-

107 1099 321 1155 Ἦρἶῖῗῖὃὲἷζ
347 1114 459 1154 incipit
482 1114 522 1145 de
544 1115 674 1145 veritate
698 1116 858 1146 humanae
881 1121 1023 1151 naturae,
1048 1114 1103 1145 sed
1127 1113 1286 1155 quidquid
1305 1113 1344 1143 ad
1359 1122 1413 1143 ve-
1469 1112 1582 1142 stantia
1605 1113 1745 1149 seminis,
1769 1118 1910 1152 resurget
1933 1113 1966 1143 in
1989 1114 2043 1144 illo
2064 1114 2196 1144 homine
2213 1115 2323 1154 quiex
2339 1114 2395 1144 illo
2412 1116 2533 1145 semine

105 1153 160 1208 ξφ,
201 1152 320 1201 ’‘¹¹⁸¹‘ssss
346 1159 471 1189 ritatem
494 1157 655 1190 humanae
677 1165 809 1190 naturae
833 1161 980 1200 pertinet,
1003 1165 1111 1190 totum
1134 1158 1195 1189 fuit
1217 1159 1250 1188 in
1274 1159 1343 1198 ipsa
1365 1158 1413 1187 in·
1468 1162 1635 1196 generatus
1660 1163 1723 1187 est:
1749 1158 1824 1196 quia
1847 1157 1910 1187 hoc
1934 1163 1981 1188 est
2004 1159 2220 1198 principaliter
2242 1159 2282 1189 de
2313 1159 2444 1189 veritate
2473 1160 2533 1190 hu-

104 1178 319 1234 *affl-eq.
347 1203 512 1234 stitutione
536 1204 696 1234 humanae
719 1210 850 1235 naturae
874 1204 914 1235 de
937 1205 1067 1234 veritate
1092 1204 1176 1239 eius;
1201 1208 1232 1233 et
1264 1203 1327 1232 hoc
1357 1211 1414 1242 per
1467 1210 1581 1231 manae
1604 1206 1735 1232 naturae
1758 1202 1792 1231 in
1814 1202 1897 1241 ipso.
1922 1202 1970 1232 De
1987 1211 2027 1232 eo
2043 1208 2150 1233 autem
2168 1203 2257 1243 quod
2275 1209 2388 1243 postea
2407 1203 2534 1234 advenit

347 1248 490 1288 seipsum
513 1248 752 1288 multiplicatur,
776 1255 812 1279 ut
836 1258 874 1279 ex
897 1258 937 1279 eo
961 1249 1062 1289 possit
1080 1257 1190 1278 semen
1206 1246 1310 1277 decidi
1325 1257 1344 1276 a
1359 1255 1412 1286 ge·
1468 1254 1526 1285 per
1548 1247 1791 1280 nutrimentum,
1815 1251 1940 1276 tantum
1963 1252 2106 1287 resurget
2127 1248 2161 1278 in
2185 1257 2225 1278 eo
2242 1254 2399 1288 quantum
2416 1253 2463 1278 est
2476 1258 2533 1279 ne-

347 1297 489 1328 nerante,
514 1302 551 1322 ex
575 1301 642 1332 quo
666 1292 751 1325 filius
773 1299 959 1333 generetur;
983 1294 1017 1323 in
1041 1302 1108 1333 quo
1132 1292 1227 1322 etiam
1257 1291 1310 1321 illa
1341 1300 1413 1331 pars
1428 1302 1451 1322 ²5
1469 1291 1640 1320 cessarium
1657 1290 1697 1320 ad
1719 1290 1951 1330 perfectionem
1968 1292 2168 1331 quantitatis:
2193 1297 2225 1322 et
2239 1301 2307 1322 non
2323 1298 2440 1329 totum,
2457 1294 2533 1333 quia

347 1335 453 1367 decisa
475 1337 716 1376 multiplicatur,
741 1342 772 1367 et
795 1337 835 1367 ad
857 1337 1033 1378 perfectam
1061 1337 1271 1377 quantitatem
1301 1344 1413 1375 perve-
1467 1334 1531 1364 hoc
1554 1344 1622 1364 non
1646 1335 1783 1375 pertinet
1799 1335 1888 1365 aliter
1904 1335 1943 1365 ad
1959 1337 2123 1366 veritatem
2146 1337 2305 1367 humanae
2322 1342 2452 1367 naturae
2472 1338 2533 1368 nisi

347 1381 394 1411 nit
417 1390 474 1421 per
497 1387 717 1420 augmentum,
735 1387 766 1412 et
788 1382 833 1412 sic
854 1381 1024 1422 deinceps;
1049 1387 1081 1411 et
1102 1382 1146 1411 ita
1164 1380 1412 1420 multiplicatum
1468 1384 1626 1418 quatenus
1649 1385 1761 1409 natura
1793 1378 1913 1419 indiget
1945 1389 1985 1410 eo
2017 1379 2056 1410 ad
2084 1380 2315 1420 perfectionem
2339 1382 2532 1421 quantitatis.

349 1430 395 1455 est
417 1430 524 1456 toturn
547 1435 649 1465 genus
671 1426 861 1456 humanum.
887 1426 996 1462 Unde,
1019 1425 1198 1456 secundum
1222 1425 1411 1465 opinionem
1468 1423 1531 1454 Sed
1554 1424 1630 1463 quia
1653 1424 1716 1454 hoc
1740 1423 1911 1454 humidum
1933 1425 2159 1455 nutrimentale
2182 1424 2252 1455 fluit
2276 1430 2307 1455 et
2330 1425 2444 1462 refluit,
2468 1427 2532 1457 hoc

347 1469 440 1504 hanc,
465 1469 624 1510 quidquid
647 1479 686 1500 ex
709 1470 861 1501 alimento
884 1476 1070 1511 generatur,
1095 1470 1241 1510 quamvis
1268 1468 1413 1499 videatur
1468 1467 1580 1498 ordine
1603 1469 1799 1508 reparabitur
1822 1468 1912 1507 quod
1935 1468 2013 1498 illud
2042 1469 2131 1509 quod
2161 1470 2266 1509 primo
2298 1469 2359 1500 fuit
2389 1470 2428 1500 de
2459 1471 2533 1501 sub-

346 1514 488 1554 speciem
512 1515 614 1544 carnis
637 1519 692 1545 aut
714 1515 876 1555 sanguinis
899 1515 1025 1550 habere,
1049 1524 1117 1544 non
1140 1519 1248 1544 tamen
1276 1514 1413 1553 pertinet
1428 1522 1453 1542 ³0
1468 1513 1581 1542 stantia
1597 1513 1741 1552 corporis
1756 1513 1907 1548 hominis,
1924 1518 2030 1543 totum
2045 1514 2257 1553 reparabitur;
2283 1519 2314 1544 et
2329 1514 2369 1544 de
2386 1524 2426 1545 eo
2443 1515 2533 1555 quod

348 1557 388 1588 ad
411 1559 577 1589 veritatem
600 1559 760 1589 humanae
782 1564 924 1589 naturae.
1467 1556 1611 1587 secundo
1635 1562 1667 1586 et
1689 1557 1782 1586 tertio
1814 1562 1845 1586 et
1868 1556 2019 1597 deinceps
2042 1557 2182 1594 advenit,
2208 1563 2365 1598 quantum
2388 1568 2533 1589 necessa-

105 1607 270 1635 ·A1exnnd.,·
288 1607 319 1629 ud
401 1602 466 1633 Alii
481 1603 498 1619 ⁴*
521 1612 598 1633 vero
622 1602 770 1639 dixerunt
793 1603 884 1643 quod
908 1602 1029 1643 aliquid
1052 1602 1092 1632 de
1115 1612 1204 1632 novo
1228 1601 1355 1632 additur
1373 1601 1412 1632 ad
1466 1602 1551 1631 rium
1574 1606 1621 1630 est
1644 1600 1684 1630 ad
1716 1602 1926 1640 quantitatem
1956 1602 2224 1642 reintegrandam,
2249 1602 2370 1642 duplici
2398 1604 2531 1634 ratione.

105 1633 318 1684 ‘quari-aemi
347 1647 511 1677 veritatem
534 1647 694 1677 humanae
716 1652 848 1677 naturae
875 1657 933 1687 per
963 1647 1262 1677 transmutationem
1285 1651 1412 1676 natura-
1467 1645 1590 1681 Primo,
1615 1646 1690 1685 quia
1719 1655 1815 1685 super
1847 1646 1911 1675 hoc
1941 1645 2030 1685 quod
2054 1646 2182 1676 advenit
2210 1646 2380 1677 inductum
2408 1646 2469 1677 fuit
2497 1653 2533 1678 ut

105 1693 192 1737 {¹⁸32}
202 1677 317 1735 arbona.
344 1690 410 1721 lem
439 1690 582 1721 alimenti
611 1691 646 1721 in
675 1700 794 1731 corpus
824 1692 1021 1727 humanum,
1054 1690 1252 1721 considerata
1282 1690 1412 1720 veritate
1466 1689 1545 1719 illud
1569 1689 1659 1728 quod
1682 1690 1787 1729 primo
1812 1695 1877 1719 erat
1900 1689 2102 1729 deperditum
2121 1696 2336 1731 repararetur:
2361 1697 2392 1721 et
2408 1692 2451 1721 ita
2465 1701 2533 1722 non

105 1743 150 1763 nn.
163 1730 239 1770 3.''qn.
253 1746 275 1763 ι.
311 1730 318 1741 ’
344 1735 504 1765 humanae
526 1739 658 1765 naturae
679 1736 713 1765 in
738 1736 855 1775 specie,
879 1735 919 1766 ad
943 1736 1035 1766 cuius
1059 1735 1336 1765 conservationem
1360 1744 1412 1764 or-
1427 1742 1450 1762 ³5
1466 1734 1509 1763 ita
1538 1734 1755 1773 principaliter
1784 1734 1922 1773 pertinet
1952 1733 1992 1764 ad
2019 1735 2183 1765 veritatem
2213 1735 2373 1765 humanae
2402 1741 2533 1766 naturae

343 1778 471 1810 dinatur
493 1784 582 1809 actus
605 1780 806 1820 generativae
829 1780 962 1810 virtutis.
987 1779 1021 1810 Si
1044 1785 1152 1810 autem
1168 1779 1282 1809 veritas
1298 1779 1411 1809 huma·
1466 1778 1549 1808 sicut
1571 1777 1774 1817 praecedens.
1799 1777 1961 1813 Secundo,
1979 1779 2055 1818 quia
2070 1778 2233 1809 adiunctio
2250 1779 2375 1809 humidi
2395 1781 2534 1810 extranei

343 1832 404 1854 nae
426 1828 559 1854 naturae
580 1824 614 1854 in
637 1823 804 1854 individuo
829 1824 1058 1860 consideretur,
1076 1823 1115 1854 ad
1131 1824 1223 1854 cuius
1243 1832 1411 1853 conserva-
1466 1822 1507 1852 ad
1522 1823 1663 1862 primum
1682 1821 1853 1852 humidum
1868 1822 2004 1853 radicale
2019 1822 2094 1853 facit
2110 1823 2199 1863 quod
2214 1828 2320 1853 totum
2339 1825 2533 1863 permixtum

315 1878 318 1881 ·
343 1868 468 1898 tionem
491 1873 523 1898 et
545 1867 779 1908 perfectionem
794 1874 884 1899 actus
898 1869 1068 1899 nutritivae
1087 1869 1212 1898 virtutis
1235 1867 1410 1903 ordinatur,
1466 1876 1534 1897 non
1557 1867 1600 1897 ita
1622 1865 1764 1906 perfecte
1787 1867 1954 1907 participet
1975 1868 2140 1898 veritatem
2161 1868 2279 1908 speciei
2295 1869 2377 1898 sicut
2393 1869 2533 1908 primum

343 1921 412 1943 non
435 1911 561 1943 additur
583 1912 704 1953 aliquid
727 1922 784 1953 per
807 1913 997 1944 alimentum
1020 1912 1110 1953 quod
1126 1913 1166 1943 sit
1180 1913 1285 1952 primo
1303 1911 1342 1942 de
1357 1921 1411 1943 ve-
1466 1912 1683 1952 participabat.
1708 1911 1749 1941 Et
1772 1912 1865 1951 ponit
1888 1912 2072 1952 exemplum
2095 1912 2321 1952 Philosophus,
2338 1913 2371 1943 in
2388 1913 2400 1942 1
2417 1913 2456 1943 de
2473 1913 2533 1944 Ge·
2560 1917 2613 1949 ’,ΟΒ
2630 1918 2774 1944 .1v‚n.18.-

343 1957 434 1987 ritate
457 1957 618 1987 humanae
640 1963 772 1988 naturae
795 1958 891 1988 huius
913 1957 1080 1993 individui,
1098 1956 1153 1987 sed
1169 1957 1275 1987 solum
1297 1966 1411 1986 secun·
1426 1967 1452 1987 40
1467 1961 1570 1986 uerat.
1587 1957 1614 1991 *,
1639 1955 1679 1986 de
1702 1965 1786 1996 aqua
1809 1957 1965 1996 permixta
1994 1956 2086 1992 vino,
2112 1966 2195 1997 quae
2225 1966 2352 1996 semper
2382 1957 2532 1988 virtutem
2560 1943 2614 1965 ⁵⁶⁶¹-
2630 1943 2700 1966 ’,ω’
2715 1950 2770 1966 '‘¹⁷¹''

344 2000 444 2032 dario.
467 2001 599 2032 Ponunt
622 2003 709 2032 enim
732 2002 823 2042 quod
845 2003 960 2032 veritas
982 2002 1142 2032 humanae
1157 2006 1290 2031 naturae
1304 2001 1410 2041 primo
1466 2001 1532 2030 vini
1555 1999 1714 2036 debilitat,
1742 2000 1785 2030 ita
1815 2000 1905 2040 quod
1934 2001 1967 2030 in
1998 1999 2063 2031 fine
2092 2001 2199 2041 ipsum
2230 2010 2391 2041 aquosum
2420 2001 2532 2033 reddit.

342 2050 378 2076 et
399 2045 616 2086 principaliter
639 2047 784 2077 consistit
806 2047 841 2076 in
863 2046 998 2077 humido
1029 2045 1175 2081 radicali‚
1200 2054 1238 2077 ex
1267 2054 1333 2085 quo
1365 2050 1412 2075 est
1466 2044 1570 2080 Unde,
1595 2045 1677 2075 sicut
1700 2044 1840 2075 secunda
1853 2054 1957 2084 aqua,
1983 2046 2128 2085 quamvis
2149 2051 2327 2076 assumatur
2342 2046 2375 2076 in
2391 2047 2531 2086 speciem

344 2090 448 2130 prima
463 2091 650 2121 constitutio
666 2091 800 2121 humani
815 2091 956 2131 generis:
981 2090 1072 2130 quod
1091 2095 1200 2120 autem
1216 2090 1412 2120 convertitur
1465 2090 1541 2125 vini,
1565 2098 1634 2119 non
1657 2094 1764 2119 tamen
1787 2089 1831 2118 ita
1854 2088 1994 2129 perfecte
2018 2090 2159 2129 speciem
2183 2090 2247 2120 vini
2266 2090 2434 2130 participat
2451 2091 2534 2121 sicut

346 2133 386 2165 de
409 2134 562 2165 alimento
581 2135 616 2165 in
638 2144 746 2166 veram
770 2144 899 2166 carnem
915 2141 947 2165 et
961 2135 1161 2175 sanguinem,
1178 2143 1246 2164 non
1262 2139 1309 2164 est
1324 2134 1411 2174 prin·
1466 2134 1569 2174 prima
1592 2142 1675 2173 quae
1698 2134 1732 2163 in
1754 2133 1867 2163 vinum
1891 2134 2121 2170 assumebatur,
2146 2135 2187 2164 ita
2211 2134 2290 2164 illud
2314 2135 2402 2174 quod
2419 2135 2459 2165 de
2475 2136 2530 2166 ali-

346 2179 490 2219 cipaliter
513 2179 554 2209 de
576 2180 764 2209 necessitate
787 2179 947 2210 humanae
970 2185 1102 2209 naturae
1129 2179 1214 2209 illius
1244 2178 1410 2214 individui,
1426 2188 1449 2208 45
1466 2183 1577 2208 mento
1602 2177 1745 2208 secundo
1769 2178 1802 2207 in
1826 2187 1955 2208 carnem
1985 2179 2198 2215 convertitur,
2222 2188 2289 2209 non
2319 2179 2362 2209 ita
2392 2179 2533 2220 perfecte

346 2222 403 2253 sed
425 2223 631 2259 secundario;
656 2223 712 2254 sed
734 2229 842 2263 potest
872 2233 940 2254 esse
971 2223 1187 2264 principaliter
1219 2222 1258 2253 de
1281 2223 1412 2253 veritate
1467 2223 1590 2262 attingit
1613 2221 1652 2252 ad
1676 2222 1816 2262 speciem
1841 2223 1942 2252 carnis
1965 2223 2047 2253 sicut
2071 2223 2160 2263 quod
2188 2224 2294 2263 primo
2325 2224 2532 2254 converteba-

347 2268 507 2298 humanae
530 2273 662 2298 naturae
685 2268 812 2298 alterius
835 2268 1002 2304 individui,
1023 2268 1113 2308 quod
1136 2277 1174 2298 ex
1190 2268 1312 2298 semine
1327 2267 1412 2298 illius
1466 2273 1527 2298 tur.
1551 2267 1592 2297 Et
1614 2266 1688 2296 ideo
1712 2276 1780 2296 non
1803 2267 1846 2296 ita
1868 2267 2006 2306 pertinet
2036 2267 2075 2297 ad
2098 2268 2262 2298 veritatem
2285 2268 2445 2298 humanae
2477 2278 2533 2298 na-

347 2318 525 2352 generatur.
550 2312 668 2342 Semen
684 2313 771 2343 enim
787 2318 915 2352 ponunt
937 2323 1005 2343 esse
1028 2311 1229 2352 superfluum
1252 2311 1410 2342 alimenti:
1466 2317 1566 2347 turae,
1590 2321 1650 2341 nec
1674 2310 1713 2341 ad
1736 2312 2011 2341 resurrectionem.
2037 2311 2089 2342 Sic
2113 2321 2188 2352 ergo
2217 2317 2304 2352 patet
2335 2312 2424 2352 quod
2454 2313 2533 2343 haec

348 2356 398 2387 vel
423 2366 505 2387 cum·
522 2356 718 2387 admixtione
741 2357 875 2388 alicuius
898 2357 988 2398 quod
1011 2362 1057 2387 est
1080 2357 1186 2397 primo
1211 2356 1250 2387 de
1281 2357 1412 2386 veritate
1468 2357 1580 2397 opinio
1603 2355 1697 2396 ponit
1720 2365 1883 2395 resurgere
1906 2361 2012 2386 totum
2036 2355 2068 2386 id
2092 2356 2182 2396 quod
2206 2362 2252 2387 est
2271 2356 2311 2387 de
2326 2357 2456 2387 veritate
2473 2358 2532 2388 hu-

318 2410 321 2413 ·
348 2401 508 2431 humanae
531 2406 662 2431 naturae
678 2402 710 2431 in
727 2408 908 2441 generante,
926 2407 962 2432 ut
978 2401 1109 2442 quidam
1126 2401 1253 2437 dicunt;
1277 2401 1327 2431 vel
1344 2401 1412 2431 sine
1428 2409 1453 2429 5⁰
1466 2410 1580 2431 manae
1604 2405 1735 2430 naturae
1758 2400 1989 2440 principaliter,
2013 2410 2081 2430 non
2105 2406 2213 2431 autem
2236 2407 2342 2431 totum
2366 2401 2456 2441 quod
2486 2407 2533 2432 est

349 2445 545 2476 admixtione
569 2446 646 2482 eius,
663 2451 700 2476 ut
722 2445 833 2476 dicunt
856 2446 918 2476 alii.
943 2446 984 2476 Et
1006 2446 1051 2476 sic
1075 2445 1164 2486 quod
1181 2451 1227 2476 est
1242 2445 1413 2476 humidum
1468 2445 1507 2476 de
1531 2445 1661 2475 veritate
1684 2444 1844 2475 humanae
1867 2450 1998 2475 naturae
2021 2444 2221 2475 secundario.

0 2305 27 2487 tvvm„
0 2149 6 2298 φήῃ-,Ἦ
8 2091 9 2094 „

348 2490 573 2521 nutrimentale
596 2490 630 2520 in
652 2499 731 2526 uno,
755 2490 791 2520 fit
814 2490 984 2521 humidum
1007 2490 1143 2521 radicale
1166 2491 1200 2520 in
1224 2490 1297 2520 alio.
1523 2489 1632 2520 Tertia
1655 2494 1762 2519 autem
1787 2489 1898 2529 opinio
1924 2495 2081 2529 quantum
2105 2489 2143 2519 ad
2168 2489 2287 2530 aliquid
2312 2489 2414 2520 differt
2438 2500 2455 2520 a
2485 2500 2533 2520 se-

108 2538 322 2570 ·Atiutot-deAni-
404 2534 513 2565 Tertia
536 2534 648 2574 opinio
665 2535 682 2551 ’ἕ
706 2540 752 2564 est
775 2535 865 2575 quod
888 2535 1008 2575 aliquid
1032 2535 1071 2565 de
1093 2544 1182 2565 novo
1205 2535 1318 2574 incipit
1345 2544 1413 2565 esse
1468 2533 1583 2570 cunda,
1609 2539 1640 2564 et
1664 2539 1822 2574 quantum
1852 2532 1891 2563 ad
1921 2533 2042 2574 aliquid
2066 2534 2217 2564 convenit
2241 2543 2316 2564 curn
2345 2544 2390 2564 ea.
2422 2534 2535 2564 Differt

107 2565 296 2620 ff’ssnss’sslgoe
314 2581 320 2614 ζ
349 2579 565 2619 principaliter
588 2579 628 2609 de
650 2579 780 2609 veritate
810 2580 970 2610 humanae
1001 2585 1132 2610 naturae
1163 2579 1257 2609 etiam
1287 2580 1320 2609 in
1350 2579 1412 2609 isto
1469 2578 1601 2619 quidem
1624 2583 1782 2618 quantum
1806 2577 1846 2608 ad
1869 2578 1942 2614 hoc,
1960 2578 2049 2618 quod
2067 2579 2161 2618 ponit
2176 2583 2282 2608 totum
2299 2578 2389 2619 quod
2413 2584 2459 2609 est
2475 2579 2533 2608 sub

107 2619 321 2668 {ffagjssbssff
349 2623 527 2654 individuo.
557 2622 642 2661 Quia
674 2633 742 2654 non
773 2629 820 2654 est
850 2624 1011 2654 distinctio
1039 2624 1110 2654 talis
1137 2624 1169 2653 in
1194 2633 1330 2663 corpore
1353 2624 1413 2653 hu-
1429 2635 1451 2655 ςς
1467 2623 1572 2654 forma
1595 2623 1696 2653 carnis
1720 2628 1751 2653 et
1775 2623 1854 2652 ossis
1871 2622 1983 2653 eadem
1998 2623 2121 2653 ratione
2138 2622 2177 2653 ad
2192 2623 2357 2653 veritatem
2373 2623 2533 2653 humanae

107 2675 165 2695 tm·
178 2677 278 2695 mxv-n.
311 2662 320 2673 '
349 2677 446 2698 mano
470 2674 506 2698 ut
530 2668 636 2707 aliqua
658 2677 730 2707 pars
753 2668 923 2698 materialis
946 2669 1067 2708 signata
1090 2667 1130 2698 de
1152 2669 1340 2698 necessitate
1355 2677 1413 2708 per
1467 2673 1598 2698 naturae
1621 2668 1790 2707 pertinere.
1822 2667 1907 2704 Quia
1936 2677 2004 2697 non
2034 2667 2198 2707 distinguit
2229 2667 2350 2707 aliquid
2373 2668 2534 2697 materiale

138 2715 141 2717 '
348 2718 450 2743 totam
474 2713 571 2742 vitam
595 2718 772 2742 remaneat:
797 2712 853 2743 sed
876 2713 916 2743 ad
939 2713 1002 2743 hoc
1025 2712 1240 2743 indifferenter
1262 2721 1296 2742 se
1319 2712 1414 2742 habet
1468 2713 1628 2753 signatum
1651 2721 1842 2752 permanens
1865 2711 1899 2741 in
1922 2712 2054 2742 homine
2077 2717 2147 2741 toto
2170 2717 2317 2751 tempore
2340 2711 2423 2741 vitae
2454 2712 2532 2747 eius,

349 2757 510 2797 quaelibet
533 2766 605 2796 pars
629 2757 751 2796 signata
774 2762 914 2797 accepta,
934 2756 1024 2796 quod
1045 2762 1155 2787 manet
1169 2765 1296 2796 semper
1311 2766 1412 2796 quan·
1468 2756 1559 2797 quod
1582 2766 1639 2796 per
1661 2765 1694 2786 se
1718 2755 1855 2796 pertinet
1886 2755 1926 2785 ad
1957 2756 2122 2785 veritatem
2152 2756 2311 2786 humanae
2341 2760 2473 2786 naturae
2501 2761 2532 2786 et

348 2807 419 2832 tum
442 2800 482 2831 ad
504 2800 537 2831 id
561 2801 650 2841 quod
673 2806 720 2831 est
742 2802 860 2841 speciei
883 2802 916 2831 in
941 2811 987 2836 ea,
1003 2801 1060 2831 sed
1082 2806 1189 2841 potest
1203 2800 1302 2831 fluere
1319 2806 1350 2831 et
1365 2810 1414 2831 re-
1467 2802 1590 2841 primo;
1615 2806 1647 2830 et
1670 2799 1791 2840 aliquid
1813 2799 1917 2829 fluens
1941 2805 1972 2829 et
1995 2799 2143 2835 refluens,
2160 2799 2249 2839 quod
2272 2800 2410 2839 pertinet
2425 2799 2464 2829 ad
2479 2809 2533 2830 ve-

349 2845 448 2877 fluere
473 2851 630 2885 quantum
654 2845 693 2875 ad
716 2845 748 2876 id
772 2845 860 2886 quod
884 2852 930 2876 est
953 2846 1103 2876 materiae
1126 2845 1160 2875 in
1189 2845 1268 2885 ipsa.
1299 2845 1340 2875 Et
1369 2846 1414 2876 sic
1427 2855 1454 2874 60
1468 2846 1592 2875 ritatem
1615 2845 1775 2875 humanae
1798 2849 1929 2873 naturae
1953 2844 2059 2873 solum
2086 2849 2218 2884 propter
2251 2843 2433 2884 quantitatis
2461 2853 2532 2883 per-

349 2889 519 2921 humidum
542 2890 768 2920 nutrimentale
791 2900 858 2920 non
876 2890 1079 2930 distinguitur
1095 2900 1112 2919 a
1127 2889 1254 2919 radicali
1271 2899 1309 2919 ex
1325 2895 1414 2929 parte
1469 2889 1653 2924 sectionem,
1670 2898 1738 2918 non
1753 2893 1885 2928 propter
1899 2888 2040 2928 primum
2057 2897 2125 2918 esse
2141 2888 2275 2927 speciei;
2297 2888 2379 2918 sicut
2394 2887 2534 2918 secunda

349 2935 507 2975 principii,
533 2940 568 2964 ut
592 2934 714 2964 dicatur
737 2934 872 2964 radicale
896 2934 986 2974 quod
1009 2940 1056 2964 est
1079 2943 1117 2964 ex
1140 2934 1261 2964 semine
1284 2943 1415 2973 genera·
1469 2934 1582 2974 opinio
1606 2933 1740 2963 dicebat.
1775 2932 1838 2963 Sed
1867 2933 1960 2972 ponit
1991 2941 2103 2962 omnes
2128 2937 2231 2972 partes
2255 2941 2338 2972 quae
2361 2941 2430 2962 non
2460 2937 2535 2962 sunt

349 2985 430 3015 tum,
453 2979 679 3009 nutrimentale
704 2979 794 3019 quod
816 2984 986 3019 generatur
1009 2988 1047 3009 ex
1066 2979 1155 3008 cibo:
1181 2977 1237 3008 sed
1251 2979 1352 3018 magis
1368 2977 1415 3008 di·
1469 2983 1593 3018 praeter
1615 2977 1829 3007 intentionem
1851 2982 1982 3006 naturae
2006 2976 2222 3016 adgeneratae,
2247 2977 2405 3016 pertinere
2425 2975 2464 3006 ad
2479 2985 2534 3006 ve-

349 3023 520 3064 stinguitur
543 3033 582 3053 ex
605 3024 754 3060 termino,
779 3023 868 3063 quod
892 3023 1026 3053 radicale
1051 3022 1166 3052 dicitur
1189 3022 1279 3062 quod
1297 3022 1337 3052 ad
1352 3027 1414 3052 ter-
1469 3023 1594 3052 ritatem
1616 3021 1776 3051 humanae
1799 3026 1930 3051 naturae
1955 3026 2112 3060 quantum
2136 3020 2175 3050 ad
2198 3020 2230 3050 id
2254 3020 2343 3060 quod
2359 3020 2478 3050 habent
2494 3019 2534 3051 de

350 3068 475 3098 minum
497 3068 712 3108 generationis
745 3068 890 3108 pervenit
920 3075 982 3108 per‘
1004 3073 1112 3097 actum
1141 3067 1341 3107 generativae
1364 3067 1415 3096 vel
1428 3075 1453 3100 ες
1470 3067 1587 3106 specie,
1613 3066 1688 3105 quia
1710 3066 1755 3095 sic
1778 3070 1925 3100 manent;
1949 3074 2018 3095 non
2042 3070 2149 3095 autem
2166 3070 2323 3104 quantum
2340 3063 2380 3094 ad
2395 3063 2428 3094 id
2443 3064 2533 3104 quod

351 3112 447 3142 etiam
469 3112 638 3142 nutritivae
661 3113 802 3148 virtutis;
827 3112 883 3142 sed
906 3111 1140 3146 nutrimentale‚
1158 3110 1248 3151 quod
1267 3110 1415 3141 nondum
1469 3111 1588 3141 habent
1604 3109 1643 3140 de
1659 3110 1799 3145 materia,
1816 3108 1891 3149 quia
1907 3110 1952 3139 sic
1967 3106 2073 3139 fluunt
2092 3114 2124 3139 et
2146 3108 2287 3139 refluunt
2301 3107 2531 3145 indifferentem

351 3157 495 3196 pervenit
509 3156 550 3186 ad
565 3157 652 3187 hunc
667 3157 851 3192 terminum,
864 3156 920 3187 sed
936 3162 982 3187 est
998 3155 1102 3186 adhuc
1117 3156 1151 3186 in
1173 3157 1224 3185 via
1243 3154 1414 3185 nutriendi.
1469 3160 1506 3185 ut
1528 3155 1571 3184 ita
1594 3155 1689 3184 etiarn
1712 3154 1926 3193 intelligamus
1949 3154 2134 3193 contingere
2149 3154 2181 3183 in
2198 3153 2340 3193 partibus
2363 3153 2459 3183 unius
2474 3153 2534 3183 ho-

112 3203 122 3212 ·
138 3202 186 3229 Qu.
202 3207 231 3228 ¹¹,
245 3204 287 3223 πῖ-
305 3208 323 3224 ¹·
406 3200 448 3230 Et
462 3200 523 3230 hae
534 3205 597 3231 tres
609 3201 780 3241 opiniones
792 3202 826 3231 in
839 3201 864 3231 11
878 3201 959 3231 libro
975 3200 1224 3235 Sententiarum,
1235 3199 1414 3235 dist.xxx*‚
1469 3199 1564 3229 minis
1588 3199 1670 3229 sicut
1700 3198 1857 3238 contingit
1885 3198 1919 3228 in
1950 3203 2018 3227 tota
2047 3196 2252 3228 multitudine
2282 3197 2432 3233 civitatis,
2457 3197 2533 3237 quia

112 3245 123 3256 ·
141 3244 178 3266 Cf·
197 3247 239 3266 “t-
260 3250 325 3272 wi,
352 3243 478 3284 plenius
493 3251 717 3284 percunctatae
733 3251 764 3276 et
779 3246 984 3286 investigatae
1001 3250 1075 3275 sunt
1084 3246 1110 3274 *ἦ
1132 3244 1172 3274 Et
1187 3243 1260 3274 ideo
1277 3253 1344 3274 non
1361 3243 1415 3274 de·
1470 3243 1585 3283 singuli
1608 3243 1836 3273 subtrahuntur
1859 3252 1877 3272 a
1899 3241 2105 3272 multitudine
2134 3251 2192 3281 per
2221 3246 2359 3271 mortem
2371 3265 2378 3277 ,
2403 3241 2470 3271 aliis
2500 3242 2534 3271 in

112 3271 325 3299 ⁶⁰‘9'’¹’⁰⁸⁸¹¹¹⁶d'
352 3288 429 3318 bent
450 3287 503 3318 hic
526 3289 638 3328 repeti,
661 3290 722 3320 nisi
745 3295 903 3330 quantum
927 3289 966 3320 ad
989 3289 1193 3330 propositum
1217 3288 1363 3328 pertinet.
1429 3300 1456 3320 το
1469 3288 1544 3318 loco
1562 3297 1676 3318 eorum
1693 3286 1954 3322 succedentibus;
1979 3286 2066 3316 unde
2081 3291 2185 3326 partes
2200 3285 2413 3316 multitudinis
2427 3284 2534 3316 fluunt

408 3331 582 3362 Sciendum
606 3338 653 3363 est
675 3342 751 3373 ergo
776 3334 865 3374 quod
888 3334 1067 3365 secundum
1090 3334 1146 3363 has
1170 3333 1341 3372 opiniones
1369 3331 1415 3363 di-
1470 3338 1502 3363 et
1523 3331 1664 3362 refluunt
1686 3331 1906 3367 materialiter,
1931 3330 1986 3361 sed
2018 3330 2191 3361 formaliter
2214 3334 2360 3366 manent,
2392 3330 2468 3370 quia
2495 3329 2534 3360 ad

353 3375 533 3406 versimode
549 3376 589 3406 ad
603 3377 686 3407 hanc
702 3379 924 3418 quaestionem
940 3383 1069 3419 oportet
1087 3376 1290 3417 respondere.
1310 3377 1415 3407 Prima
1471 3376 1582 3407 eadem
1599 3375 1703 3406 officia
1726 3381 1757 3406 et
1780 3375 1908 3406 ordines
1923 3375 2158 3405 substituuntur
2173 3374 2225 3405 alii
2242 3384 2259 3405 a
2275 3374 2392 3414 quibus
2413 3375 2534 3414 priores

354 3420 477 3460 opinio,
502 3429 558 3460 per
580 3421 665 3450 viam
687 3422 962 3462 multiplicationis
985 3432 1083 3463 quam
1107 3422 1208 3462 ponit,
1234 3427 1340 3462 potest
1355 3431 1415 3461 po-
1470 3421 1744 3456 subtrahebantur,
1761 3419 1847 3450 unde
1863 3419 2042 3460 respublica
2057 3429 2122 3450 una
2145 3428 2282 3449 numero
2306 3428 2470 3449 remanere
2487 3418 2534 3448 di-

354 3473 429 3494 nere
453 3463 684 3504 perfectionem
707 3465 866 3497 humanae
888 3472 1030 3503 naturae,
1056 3472 1087 3497 et
1110 3472 1268 3506 quantum
1292 3465 1331 3496 ad
1354 3475 1415 3496 nu·
1471 3466 1561 3496 citur.
1586 3465 1627 3495 Et
1650 3465 1793 3495 similiter
1817 3465 1912 3494 etiarn
1936 3463 2025 3500 dum,
2050 3463 2242 3504 quibusdam
2265 3463 2407 3503 partibus
2429 3462 2533 3493 fluen-

354 3517 479 3539 merum
502 3508 742 3539 individuorum
767 3515 798 3540 et
821 3516 978 3550 quantum
994 3511 1033 3542 ad
1049 3511 1188 3541 debitam
1205 3511 1415 3550 quantitatem
1429 3521 1453 3541 75
1470 3511 1554 3540 tibus
1586 3509 1645 3539 alia
1673 3514 1858 3549 reparantur
1881 3509 1914 3539 in
1938 3508 2050 3539 eadem
2073 3507 2174 3548 figura
2201 3513 2231 3538 et
2254 3508 2287 3538 in
2317 3507 2433 3537 eodem
2461 3508 2532 3543 situ,
