2918 4088
4 1776 262 1820 {W'Vuuny

960 220 1223 268 QUAESTIO
1252 221 1478 269 LXXXVII,
1507 221 1799 260 ARTICULUS
1828 224 1873 260 III

2432 224 2507 274 319

1129 392 1448 434 ARTICULUS
1476 391 1707 434 TERTIUS

479 502 637 534 UTRUM
659 502 866 534 PECCATA
888 503 1095 534 VENIALIA
1117 503 1441 535 REMITTANTUR
1463 504 1547 534 PER
1569 503 1870 535 ASPERSIONEM
1893 505 2044 543 AQUAE
2068 506 2356 545 BENEDICTAE,

785 548 843 578 ET
867 547 1169 579 EPISCOPALEM
1192 547 1567 584 BENEDICTIONEM,
1592 548 1651 578 ET
1674 548 1777 578 ALIA
1800 549 2045 580 HUIUSMODI

969 644 1062 675 Supra,
1081 650 1126 675 qu.
1145 650 1201 673 LxV,
1221 648 1268 668 art.
1289 650 1312 674 1,
1332 643 1364 668 ad
1383 642 1408 673 6,
1427 642 1459 673 8;
1479 651 1524 676 qu.
1543 651 1644 674 Lxxxnl,
1664 648 1712 669 art.
1733 644 1756 674 3,
1776 644 1808 668 ad
1829 643 1859 674 3;

358 679 392 704 1v
411 679 496 709 Sent„
516 679 575 704 dist.
593 686 643 710 xvt,
662 686 707 712 qu.
725 686 753 708 11,
772 683 819 704 art.
839 686 864 710 2,
883 678 933 711 qu⁸
945 686 977 710 45
997 679 1057 704 dist.
1074 685 1136 708 xvn,
1155 686 1200 711 qu.
1219 685 1257 708 111,
1275 683 1322 704 art.
1344 678 1367 709 3,
1387 679 1437 711 qu·
1452 678 1482 710 3;
1501 679 1560 704 dist.
1577 686 1628 710 xxx,
1647 687 1692 712 qu.
1706 687 1733 709 ιι,
1749 684 1795 704 art.
1812 687 1835 711 1,
1856 687 1886 711 2;
1907 679 1958 710 Qu.
1978 680 2082 713 Dis-pp„
2097 681 2130 706 de
2143 681 2226 711 Alalo,
2246 690 2291 715 qu.
2303 690 2347 713 vu,
2367 689 2413 708 art.
2429 690 2469 708 12.

389 790 415 830 1⁵
441 796 509 835 ,Ἀ
531 787 555 813 D
579 787 738 813 Tannum
764 788 817 813 s1c
836 787 1072 813 PRocenrrUR.
1099 775 1260 813 Videtur
1278 777 1386 826 quod

477 884 502 919 ’ἢ
517 877 797 931 aspersionem
824 893 949 930 aquae
976 881 1213 929 benedictae,
1243 890 1280 920 et
1306 882 1386 932 epi-

491 924 522 966 Ὢ
532 935 728 983 scopalem
746 934 1067 980 benedictionem,
1097 942 1134 972 et
1161 935 1234 972 alia
1251 935 1385 973 huius-

318 985 439 1023 modi.
482 986 643 1024 Peccata
677 987 783 1024 enim
815 987 982 1024 venialia
1021 999 1103 1025 non
1139 988 1386 1026 remittuntur

318 1038 398 1075 sine
417 1039 663 1088 poenitentia,
683 1047 726 1076 ut
744 1040 891 1078 dictum
910 1048 965 1077 est
982 1040 1014 1077 *.
1044 1041 1122 1078 Sed
1149 1042 1384 1090 poenitentia

317 1103 387 1141 per
414 1104 454 1128 se
482 1092 622 1130 sufficit
649 1093 700 1130 ad
727 1093 996 1131 remissionem
1022 1094 1234 1132 venialium
1252 1108 1383 1145 pecca-

316 1152 459 1182 torum.
493 1147 596 1194 Ergo
623 1146 694 1184 ista
720 1146 816 1184 nihil
843 1155 1053 1197 operantur
1080 1148 1130 1185 ad
1157 1148 1384 1187 huiusmodi

317 1209 597 1237 remlss1onem.

371 1262 406 1288 2.
440 1253 673 1299 ΡΒΑΕΤΕΚΕΑ,
702 1253 902 1302 quodlibet
929 1253 1089 1291 istorum
1120 1254 1345 1293 relationem
1366 1263 1382 1278 α

315 1304 432 1342 habet
459 1306 508 1344 ad
535 1318 662 1343 unum
689 1314 893 1355 peccatum
921 1307 1081 1354 veniale,
1111 1316 1148 1345 et
1167 1309 1216 1345 ad
1236 1310 1380 1347 omnia.

294 1357 357 1396 ‘Si
376 1370 467 1407 ergo
485 1371 556 1408 per
574 1358 733 1409 aliquod
751 1358 914 1397 istorum
933 1360 1136 1398 remittitur
1152 1362 1382 1411 peccatum?

314 1411 481 1458 veniale,
510 1420 694 1462 sequetur
720 1413 827 1462 quod
855 1413 939 1463 pari
966 1413 1114 1451 ratione
1142 1414 1383 1454 remittantur

315 1464 460 1502 omnia.
488 1466 537 1502 Et
564 1465 615 1502 ita
634 1477 712 1515 ⁴per
738 1478 860 1503 unam
881 1466 1104 1505 tunsionem
1122 1468 1299 1517 pectoris,
1319 1471 1383 1507 vel

279 1564 281 1566 Ι
313 1529 385 1567 per
411 1530 533 1556 unam
551 1518 816 1568 aspersionem
839 1531 964 1569 aquae
983 1520 1218 1568 benedictae,
1247 1523 1381 1559 redde-

314 1577 420 1608 retur
445 1571 568 1608 homo
590 1571 777 1609 immunis
796 1572 845 1610 ab
865 1572 1048 1610 omnibus
1067 1574 1232 1623 peccatis
1250 1575 1381 1613 venia-

313 1623 426 1662 libus.
457 1624 578 1671 Quod
604 1624 758 1662 videtur
785 1625 1075 1663 inconveniens.

367 1675 403 1714 3.
422 1677 656 1725 PRAETEREA,
671 1685 829 1727 peccata
845 1678 1008 1716 venialia
1021 1678 1211 1716 inducunt
1230 1688 1380 1719 reatum

312 1728 473 1771 alicuius
503 1742 676 1779 poenae,
711 1730 797 1768 licet
828 1731 1067 1780 temporalis:
1098 1732 1236 1770 dicitur
1262 1734 1379 1783 enim,

311 1783 327 1820 Ι
349 1783 437 1820 Cor.
458 1795 492 1820 111
509 1783 541 1830 ³¹²,
569 1783 618 1820 de
637 1795 686 1821 eo
713 1783 782 1833 qui
807 1785 1091 1834 superaedificat
1113 1786 1272 1836 lignum,
1291 1788 1380 1835 fae-

312 1848 403 1873 num
423 1842 456 1873 et
473 1836 658 1886 stipulam,
674 1837 783 1886 quod
801 1838 925 1875 salvus
944 1839 1023 1885 erit,
1038 1839 1091 1875 sic
1109 1845 1233 1876 tamen
1250 1843 1358 1889 quasi
1364 1847 1380 1870 Υ

303 1901 379 1939 per
405 1891 544 1939 ignem.
575 1889 653 1927 Sed
681 1889 908 1928 huiusmodi
926 1903 997 1940 per
1015 1903 1116 1941 quae
1136 1892 1274 1930 dicitur
1291 1905 1379 1943 pec-

310 1949 441 1980 catum
459 1941 610 1980 veniale
637 1943 789 1991 remitti,
818 1945 881 1981 vel
908 1945 1056 1982 nullam
1083 1946 1145 1982 vel
1173 1945 1378 1984 minimam

309 2007 481 2046 poenam
508 1995 548 2032 in
576 2008 616 2033 se
644 1996 799 2034 habent.
842 1998 945 2046 Ergo
982 2010 1063 2035 non
1098 1998 1295 2036 sufficiunt
1329 2000 1378 2038 ad

308 2049 466 2099 plenam
494 2049 763 2087 remissionem
790 2050 1002 2088 venialium
1029 2059 1291 2100 peccatorum.

364 2102 440 2140 SED
458 2114 604 2140 coum
622 2115 689 2140 EST
707 2103 815 2153 quod
843 2103 1081 2152 Augustinus
1100 2104 1200 2152 dicit,
1220 2106 1261 2143 in
1279 2105 1378 2144 libro

454 833 508 886 &5⁴
532 836 690 878 peccata
720 828 886 865 venialia
922 840 1004 865 non
1041 828 1282 866 remittantur
1317 841 1388 878 per

1440 778 1627 814 tolluntur
1643 785 1801 826 peccata
1819 776 1994 824 venialia,
2024 785 2066 815 ut
2094 790 2211 828 supra
2224 778 2244 800 ²¹²
2271 779 2418 817 dictum
2437 788 2502 818 est.

1441 830 1490 866 Et
1523 831 1600 867 hoc
1634 830 1756 867 modo
1792 842 1863 879 per
1899 831 2180 868 Eucharistiam
2221 839 2258 869 et
2294 840 2505 871 extremam

1439 883 1676 929 unctionem,
1692 891 1729 920 et
1747 883 2012 920 universaliter
2028 896 2099 934 per
2117 885 2250 922 omnia
2269 894 2506 924 sacramenta

1439 948 1566 973 novae
1594 936 1696 985 legis,
1727 936 1766 973 in
1795 936 1937 986 quibus
1965 938 2159 975 confertur
2184 938 2321 987 gratia,
2349 948 2506 988 peccata
2550 979 2555 984 ,

1439 989 1604 1026 venialia
1631 989 1888 1027 remittuntur.

1494 1043 1691 1090 Secundo,
1725 1042 1958 1092 inquantum
1991 1051 2079 1081 sunt
2112 1056 2203 1081 cum
2235 1044 2366 1094 aliquo
2394 1053 2505 1083 motu

1439 1095 1698 1133 detestationis
1716 1104 1976 1145 peccatorum.
2007 1097 2055 1134 Et
2072 1097 2150 1134 hoc
2168 1098 2288 1135 modo
2315 1099 2504 1136 confessio

1437 1149 1635 1198 generalis,
1655 1149 1784 1186 tunsio
1802 1149 1979 1199 pectoris,
1999 1157 2036 1186 et
2055 1150 2176 1187 oratio
2191 1151 2396 1189 Dominica
2414 1164 2504 1202 ope-

1438 1210 1572 1239 rantur
1607 1203 1656 1239 ad
1688 1202 1956 1240 remissionem
1988 1203 2199 1241 venialium
2233 1212 2501 1253 peccatorum:

1437 1268 1530 1293 nam
1549 1255 1590 1292 in
1609 1256 1782 1293 oratione
1802 1255 2008 1294 Dominica
2025 1256 2208 1306 petimus:
2228 1259 2381 1295 Dimitte
2399 1260 2504 1296 nohis

1437 1310 1558 1346 dehita
1586 1316 1724 1347 nostra.

1489 1362 1633 1410 Tertio,
1662 1362 1895 1412 inquantum
1923 1370 2012 1400 sunt
2039 1374 2128 1400 cum
2158 1363 2288 1413 aliquo
2308 1372 2419 1401 motu
2445 1376 2503 1401 re-

1435 1415 1629 1453 verentiae
1667 1415 1706 1452 in
1741 1417 1871 1453 Deum
1908 1423 1944 1452 et
1977 1415 2027 1453 ad
2054 1428 2114 1452 res
2146 1416 2308 1454 divinas.
2351 1418 2400 1454 Et
2427 1417 2503 1454 hoc

1435 1469 1556 1506 modo
1585 1468 1801 1506 benedictio
1830 1468 2069 1518 episcopalis,
2099 1470 2268 1519 aspersio
2296 1482 2421 1520 aquae
2439 1470 2502 1507 be·
2538 1502 2540 1504 .

1435 1521 1626 1569 nedictae,
1661 1521 1854 1571 quaelibet
1887 1522 2170 1559 sacramentalis
2198 1523 2328 1560 unctio
2341 1553 2350 1571 ,
2379 1523 2501 1560 oratio

1435 1574 1475 1611 in
1504 1575 1663 1612 ecclesia
1691 1574 1885 1619 dedicata,
1922 1583 1958 1611 et
1986 1574 2017 1611 si
2045 1587 2124 1624 qua
2150 1575 2224 1613 alia
2251 1584 2340 1613 sunt
2368 1576 2501 1614 huius-

1434 1628 1564 1674 modi,
1598 1635 1807 1677 operantur
1834 1628 1883 1664 ad
1912 1627 2180 1665 remissionem
2207 1636 2456 1678 peccatorum
2476 1630 2499 1667 ῑ.

1487 1682 1545 1718 Ao
1566 1693 1702 1718 PRIMUM
1721 1693 1820 1718 ERGO
1842 1693 2025 1718 morannum
2045 1682 2153 1730 quod
2173 1681 2306 1719 omnia
2323 1682 2394 1719 ista
2412 1695 2501 1720 cau-

1434 1742 1518 1771 sant
1545 1733 1815 1771 remissionem
1832 1741 2083 1783 peccatorum
2100 1734 2312 1772 venialium
2340 1735 2502 1784 inquan-

1432 1795 1518 1824 tum
1545 1786 1729 1824 inclinant
1756 1786 1925 1824 animam
1966 1787 2015 1824 ad
2042 1794 2197 1824 motum
2223 1787 2500 1837 poenitentiae,

1433 1840 1500 1890 qui
1528 1848 1584 1878 est
1611 1839 1809 1878 detestatio
1842 1848 2112 1889 peccatorum,
2141 1842 2203 1877 vel
2231 1841 2412 1891 implicite
2439 1844 2503 1880 vel

1434 1893 1620 1943 explicite.

1486 1948 1544 1984 ΑΒ
1572 1959 1763 1984 SECUNDUM
1790 1958 1972 1984 DICENDUM
2001 1946 2109 1995 quod
2128 1947 2261 1984 omnia
2278 1947 2359 1995 ista,
2380 1960 2501 1998 quan-

1431 2007 1517 2037 tum
1536 2007 1592 2037 est
1610 2000 1659 2037 de
1673 2012 1727 2046 se,
1743 2007 1952 2049 operantur
1970 2000 2019 2036 ad
2034 1999 2302 2038 remissionem
2321 2001 2501 2039 omnium

1431 2053 1643 2090 venialium
1683 2060 1944 2102 peccatorum.
1987 2054 2117 2090 Potest
2151 2061 2282 2091 tamen
2323 2054 2502 2104 impediri

1432 2105 1608 2143 remissio
1649 2113 1841 2155 quantum
1877 2106 1927 2143 ad
1963 2105 2092 2155 aliqua
2127 2114 2283 2156 peccata
2315 2107 2498 2156 venialia,

2532 788 2542 799 ²
2556 788 2615 811 lbid.

1432 2159 1575 2209 quibus
1602 2171 1714 2196 mens
1742 2158 1938 2196 actualiter
1955 2158 2145 2196 inhaeret:
2175 2159 2272 2197 sicut
2291 2160 2406 2198 etiam
2430 2173 2501 2211 per

1431 2212 1631 2272 fictionem
1676 2211 1886 2262 impeditur
1930 2212 2140 2262 aliquando
2173 2218 2192 2240 η
2233 2213 2392 2251 effectus
2433 2215 2499 2252 ba-

1432 2273 1574 2316 ptisrm.

8 2139 10 2142 ,
42 2186 46 2187 .
69 2163 284 2218 311,Ἧῶ
309 2155 356 2193 de
367 2156 598 2193 Poenitentia
611 2155 644 2201 *,
659 2157 767 2206 quod
786 2168 858 2206 pro
878 2156 1028 2194 levibus
1046 2158 1212 2207 peccatis
1221 2165 1378 2209 pectora

10 2211 15 2238 Γ
30 2203 45 2231 J
66 2217 186 2267 ωσι-ιιιιῐιύν
204 2218 282 2267 gaz:
310 2214 437 2246 nostra
463 2209 662 2256 tundimus,
691 2215 725 2246 et
752 2209 918 2257 dicimus,
946 2211 1098 2248 Dimitte
1124 2213 1231 2249 nohis
1258 2213 1378 2251 dehita

8 2258 10 2307 ξ
47 2263 49 2273 ²
69 2242 284 2320 &2331
310 2267 449 2300 nostra.
491 2263 541 2300 Et
572 2261 623 2299 ita
649 2261 803 2300 videtur
837 2263 945 2313 quod
979 2263 1108 2302 tunsio
1142 2265 1307 2314 pectoris
1342 2274 1379 2304 et

14 2450 20 2472 j
43 2446 59 2458 υ
71 2439 84 2450 “’
96 2437 151 2461 An.
164 2444 186 2461 ι.

50 2322 286 2380 ἆψροένὲ
310 2314 433 2353 oratio
467 2315 674 2353 Dominica
705 2324 865 2354 causent
900 2317 1169 2355 remissionem
1202 2327 1378 2368 peccato-

12 2397 17 2399 ,
70 2374 160 2400 aaa.

310 2380 401 2408 rum
418 2366 444 2406 ὃ.
474 2369 536 2422 Et·
550 2369 688 2406 eadem
715 2369 812 2407 ratio
839 2369 993 2408 videtur
1020 2382 1103 2408 esse
1132 2371 1180 2408 de
1208 2371 1300 2409 aliis.

363 2422 590 2459 Rsssron’mzo
618 2434 814 2460 memmim-
828 2423 949 2472 quod,
973 2423 1076 2461 sicut
1103 2423 1249 2462 dictum
1277 2433 1333 2462 est
1346 2426 1377 2474 *,

311 2473 362 2511 ad
388 2474 656 2512 remissionem
682 2475 842 2513 venialis
875 2476 1022 2526 peccati
1058 2489 1138 2514 non
1173 2478 1379 2528 requiritur

311 2537 439 2564 novae
465 2527 606 2575 gratiae
633 2527 794 2575 infusio,
830 2530 898 2566 sed
926 2529 1066 2567 sufficit
1101 2530 1238 2580 aliquis
1271 2539 1378 2570 actus

311 2580 527 2629 procedens
546 2592 594 2618 ex
610 2580 729 2628 gratia
756 2593 836 2631 quo
865 2583 987 2620 homo
1015 2583 1222 2621 detestetur
1242 2597 1377 2634 pecca-

312 2640 398 2670 tum
416 2637 429 2654 ⁸
457 2634 520 2670 vel
556 2633 742 2682 explicite,
779 2635 843 2671 vel
876 2637 1017 2673 saltem
1045 2636 1244 2686 implicite,
1282 2638 1379 2676 sicut

313 2697 403 2723 cum
424 2685 561 2735 aliquis
579 2686 769 2724 ferventer
786 2695 968 2725 movetur
985 2688 1026 2725 in
1044 2689 1187 2727 Deum.
1216 2691 1265 2727 Et
1287 2690 1377 2729 ideo

1485 2320 1543 2356 An
1569 2326 1730 2356 TERTIUM
1757 2330 1940 2356 DICENDUM
1968 2319 2076 2368 quod
2111 2331 2182 2368 per
2208 2318 2403 2368 praedicta
2428 2322 2499 2357 tol-

1431 2373 1563 2409 luntur
1590 2371 1751 2421 quidem
1769 2379 1926 2421 peccata
1944 2371 2108 2409 venialia
2135 2380 2327 2421 quantum
2343 2373 2401 2416 ,ad
2419 2375 2499 2410 cul-

1431 2437 1536 2475 pam,
1564 2432 1650 2462 tum
1676 2424 1816 2462 virtute
1844 2424 2004 2462 alicuius
2031 2425 2340 2463 sanctificationis
2358 2424 2385 2474 θ,
2414 2434 2499 2464 tum

1433 2478 1549 2516 etiam
1575 2477 1716 2515 virtute
1744 2477 1919 2524 caritatis,
1941 2477 2050 2516 cuius
2069 2486 2200 2516 motus
2217 2491 2288 2528 per
2305 2479 2500 2528 praedicta

1432 2531 1626 2569 excitatur.
1647 2532 1741 2568 Non
1760 2539 1891 2568 autem
1909 2543 1979 2581 per
1997 2531 2196 2581 quodlibet
2213 2532 2499 2581 praedictorum

1432 2597 1586 2634 semper
1612 2583 1755 2622 tollitur
1773 2592 1875 2622 totus
1894 2592 2021 2622 reatus
2038 2597 2207 2634 poenae:
2237 2585 2329 2635 quia
2352 2586 2406 2623 sic
2430 2585 2499 2635 qui

1432 2646 1530 2676 esset
1557 2637 1720 2675 omnino
1748 2637 1935 2675 immunis
1960 2651 1983 2675 a
2000 2645 2159 2687 peccato
2178 2638 2341 2685 mortali,
2370 2651 2498 2688 asper-

1432 2704 1498 2728 sus
1525 2703 1629 2741 aqua
1655 2690 1857 2728 benedicta
1888 2691 2014 2728 statim
2042 2693 2222 2729 evolaret.
2266 2692 2343 2729 Sed
2371 2700 2498 2729 reatus

311 2738 448 2788 triplici
474 2739 621 2776 ratione
640 2739 769 2789 aliqua
787 2749 945 2778 causant
963 2741 1231 2780 remissionem
1250 2744 1378 2782 venia-

313 2791 411 2829 lium
437 2799 699 2842 peccatorum.
728 2793 817 2830 Uno
845 2793 979 2840 modo,
1008 2794 1242 2844 inquantum
1264 2796 1304 2833 in
1323 2797 1378 2834 eis

312 2843 526 2882 infunditur
560 2845 695 2894 gratia:
739 2845 831 2895 quia
864 2858 934 2896 per
967 2846 1202 2886 infusionem
1237 2849 1378 2897 gratiae

1431 2756 1582 2794 poenae
1618 2743 1820 2781 remittitur
1846 2756 1917 2794 per
1942 2744 2136 2794 praedicta
2170 2745 2383 2782 secundum
2414 2757 2497 2782 mo-

1431 2805 1517 2835 tum
1535 2803 1543 2818 ⁸
1571 2796 1731 2834 fervoris
1758 2796 1798 2833 in
1826 2797 1967 2845 Deum,
1997 2796 2065 2846 qui
2091 2809 2162 2846 per
2178 2797 2372 2846 praedicta
2399 2798 2497 2835 exci-

1431 2857 1532 2887 tatur
1559 2850 1796 2899 quandoque
1825 2849 1956 2898 magis,
1986 2850 2224 2899 quandoque
2251 2850 2393 2887 minus.

1403 1572 1410 2894 ———————-—-——-—

1485 2999 1509 3032 ε)
1524 3003 1674 3031 peccatum.
1691 3013 1711 3018 -
1727 2999 1831 3024 veniale
1849 2999 1947 3024 addunt
1963 2999 1984 3024 F
2003 3005 2029 3024 et
2046 2999 2128 3025 tertia.

1485 3035 1511 3068 ζ)
1525 3038 1707 3067 peccatorum.
1725 3049 1745 3055 —-
1762 3035 1906 3060 venialium
1925 3035 2023 3060 addunt
2040 3035 2088 3065 Fa,
2105 3035 2246 3068 praemittit
2264 3035 2292 3060 P.

1484 3071 1512 3105 η)
1531 3070 1677 3103 impeditur
1694 3070 1849 3103 aliquando.
1861 3084 1882 3089 -
1895 3070 2040 3102 impeditur
2059 3070 2192 3095 interdum
2207 3070 2236 3100 F,
2249 3070 2395 3103 aliquando
2413 3071 2495 3104 impe-

1433 3106 1509 3131 ditur
1527 3106 1559 3136 G,
1579 3106 1714 3131 interdum
1733 3105 1879 3138 impeditur
1896 3111 1980 3130 cetera
1998 3106 2079 3131 tertia.

1485 3139 1510 3176 θ)
1528 3141 1755 3175 sanctificationis.
1772 3155 1792 3159 -
1808 3141 2002 3174 satquactionis
2021 3141 2064 3167 Pe.

1487 3177 1506 3211 ι)
1527 3180 1636 3202 motum.
1653 3191 1672 3196 -
1690 3177 1798 3202 modum
1818 3177 1847 3202 P.

366 2996 395 3031 ι)
413 2997 581 3023 relationem.
597 3012 617 3016 -
634 2998 746 3023 eandem
765 2998 921 3023 relationem
939 2998 960 3023 F
980 3003 1006 3023 et
1023 2999 1106 3024 tertia.

367 3032 394 3066 β)
408 3036 558 3066 peccatum.
575 3048 595 3052 -
612 3034 723 3066 aliquod
736 3038 877 3066 peccatum
896 3034 916 3058 F
935 3039 962 3059 et
978 3034 1061 3060 tertia.

365 3067 393 3102 γ)
411 3069 450 3095 sic
467 3072 556 3094 tamen
575 3069 661 3102 quasi.
673 3084 693 3088 -
710 3069 769 3094 FsD
784 3073 810 3094 et
823 3069 896 3094 tertia
909 3068 931 3103 (Ι
943 3077 998 3095 om.
1010 3069 1088 3104 per);
1107 3070 1146 3096 stc
1158 3073 1247 3096 tamen
1261 3070 1379 3104 ABCpD,

313 3104 339 3130 si
356 3107 445 3130 tamen
464 3105 494 3135 E,
512 3105 560 3130 sed
578 3108 667 3130 tamen
687 3105 728 3130 ed.
746 3112 772 3131 a.

366 3138 393 3175 ὃ)
407 3143 587 3173 peccatorum.
613 3154 634 3160 ·-
658 3144 829 3173 peccatorum
856 3141 1000 3166 venialium
1019 3140 1066 3170 Fa,
1089 3141 1207 3166 omnium
1235 3141 1379 3166 venialium

314 3175 404 3206 anc,
422 3176 566 3202 venialium
580 3180 754 3209 peccatorum
773 3176 813 3202 Pl.
