2878 4088
69 1666 73 1674 ι’
106 1652 320 1690 anamiim„

111 356 122 366 ·
131 354 142 376 1
155 353 189 375 ad
199 353 253 375 Cor.
271 358 321 381 cap.

109 387 149 407 xi,
167 386 227 402 vers.

110 407 196 435 Ephes.
219 412 270 434 cap.
291 413 321 433 v,

110 440 171 456 vers.
186 439 219 461 ²³·

107 1015 168 1038 ‘ct
182 1015 281 1038 Aristar.
292 1014 322 1036 de

105 1041 228 1065 mdiu.
232 1042 262 1068 11,
255 1047 320 1089 ''⁰⁸ss

15 1055 233 1120 ἷιῖἶᾶιι-ιιὲμ
221 1068 296 1091 -8.Τ

14 1177 16 1219 ἱ
63 1178 69 1206 -”
99 1218 102 1219 ⁷
108 1190 322 1215 ‘mdotdecene-

14 1221 16 1240 z
60 1231 62 1233 .
106 1217 267 1240 manua.
279 1217 319 1240 nb.

58 1259 59 1262 η
106 1244 127 1272 1,
138 1249 190 1273 up.
201 1250 230 1266 ιι·
239 1243 280 1266 nb.
291 1244 320 1266 ιι.

107 1277 161 1301 οφ.
175 1277 211 1298 ιη
222 1260 266 1293 lib.
278 1270 320 1297 iv,

106 1303 160 1326 αφ.
175 1303 192 1320 ι.

67 1551 69 1554 ,
107 1502 177 1559 ἶιαέ,
183 1501 320 1556 ‘mett

66 1572 76 1579 .,
105 1545 189 1584 aab-¹3
203 1546 260 1579 L'uc.
269 1562 320 1584 cap.

106 1586 144 1612 n»
153 1588 214 1607 m.
226 1588 254 1612 ιι
267 1589 321 1612 κια-

66 1622 71 1638 '¹
104 1631 189 1659 '‘bd.
197 1635 238 1663 111.
246 1641 311 1658 xxxii

105 1695 189 1739 κ’.
161 1689 214 1718 Dis.
229 1689 289 1715 xu,
303 1679 320 1714 1⁴:

105 1747 157 1765 m
171 1705 320 1770 Qud&

141 2343 200 2367 Clu.
225 2342 307 2367 uberi
314 2359 320 2369 ,

105 2369 320 2424 ἳέῗιῒὲιξξῖῑξὲἕῑ

106 2423 121 2447 1
220 2422 265 2451 ,de
273 2422 321 2447 Na-

109 2449 178 2472 mex
216 2438 320 2473 svenne.

51 2505 53 2507 v
108 2475 252 2503 ''Vm-⁴„

107 2502 170 2526 'Cf-
185 2502 265 2525 Glou.
281 2503 320 2525 cit.

242 386 268 408 3;
290 379 324 401 ad

645 183 909 230 QUAESTIO
938 183 1013 229 LII,
1034 182 1327 220 ART1CULUS
1355 181 1406 218 iv
1423 201 1449 208 -

350 266 382 292 et
403 271 486 292 uxor
507 261 698 298 iudicentur,
719 261 758 292 ad
782 271 865 302 quae
881 261 1024 292 conditio
1047 262 1205 292 servitutis
1221 270 1254 291 se
1274 269 1342 290 non
1366 269 1418 289 ex—

1470 180 1734 227 QUAESTIO
1763 182 1855 226 LIII,
1875 182 2168 221 ARTICULUS
2196 185 2210 221 Ι

1528 259 1580 289 An
1597 269 1745 289 (ιυᾼιιτιιιι
1768 270 1928 290 mes-,unum
1943 261 2043 301 quod,
2068 263 2143 302 quia
2165 263 2271 292 honor
2294 261 2352 293 filii
2374 262 2473 302 magis
2490 267 2536 292 est

349 305 466 342 tendit;
490 311 599 336 tamen
621 311 779 346 quantum
802 306 843 336 ad
866 306 1136 346 dispensationem
1163 305 1280 335 domus
1304 310 1335 334 et
1358 303 1418 334 alia
1473 313 1511 333 ex
1534 308 1622 343 patre
1646 313 1744 343 quam
1768 314 1806 334 ex
1829 310 1938 340 matre,
1955 305 2028 335 ideo
2045 306 2078 335 in
2097 307 2290 346 genealogiis
2307 307 2340 337 in
2356 306 2535 346 Scripturis‚

349 349 537 380 huiusmodi
559 350 771 390 superaddita,
787 351 835 380 vir
850 356 898 381 est
913 355 1009 390 caput
1024 350 1132 381 uxoris
1149 350 1166 366 ὓ
1189 354 1220 380 et
1236 348 1331 379 debet
1347 357 1417 378 cor·
1473 353 1504 377 et
1526 347 1706 378 secundum
1738 358 1948 379 communem
1981 350 2247 381 consuetudinem
2259 374 2266 386 ‚
2299 351 2399 390 magis
2430 351 2535 380 nomi-

348 394 449 434 rigere
480 403 570 431 eam,
594 404 662 425 non
692 400 801 425 autem
825 404 843 425 e
866 404 1033 425 converso.
1067 394 1109 424 Et
1137 393 1211 424 ideo
1241 403 1322 423 uxor
1349 401 1417 422 non
1471 397 1588 422 nantur
1611 391 1668 422 filii
1691 402 1709 422 a
1732 398 1820 432 patre
1843 402 1941 433 quam
1958 403 1975 423 a
1991 399 2101 424 matre.
2126 394 2250 424 Tamen
2273 395 2306 425 in
2329 395 2377 425 his
2397 404 2480 434 quae
2496 394 2536 425 ad

348 443 456 479 potest
478 447 512 468 se
535 438 609 469 dare
632 439 665 469 in
689 439 838 470 ancillam
859 438 992 469 nolente
1015 439 1094 468 viro.
1438 445 1448 466 5
1471 436 1656 467 servitutem
1679 442 1834 476 spectant,
1858 437 1958 477 magis
1981 443 2116 468 matrem
2139 444 2326 478 sequuntur.

403 483 454 512 An
502 493 523 512 u
940 483 995 512 ra'
1036 482 1090 512 illa
1128 480 1252 512 rocedit
1267 481 1307 511 de
1322 481 1416 511 rebus

350 493 629 567 ..mpsim
651 493 821 567 3⁶33&
835 482 940 558 ἓξὲξ,
962 488 1064 557 3311.
1085 492 1267 566 iriipediunt
1285 534 1416 565 gen...-
1565 500 1764 544 QUAEST
1766 500 1818 535 10
1843 501 2442 545 QUINQUAGESIMATERTIA

347 571 472 601 tionem
485 581 568 611 quae
583 581 651 602 non
667 571 830 602 sufficiunt
843 571 883 602 ad
899 570 1127 601 destruendum
1139 579 1208 600 rem
1222 574 1414 609 generatam.
1691 554 1735 579 DE
1755 554 1993 580 lMPEDlMENTO
2012 555 2096 579 VOTl
2116 555 2163 579 ET
2181 555 2318 580 0RD1NJS

349 614 412 646 Sed
434 616 468 645 in
491 616 586 646 rebus
609 616 772 656 perpetuis
788 621 895 655 potest
917 614 1186 655 impedimentum
1209 613 1359 653 praestari
1374 622 1415 644 ne

2465 194 2530 219 101

1533 622 1626 642 amna
1654 612 1924 644 considerandum
1948 618 1995 643 est
2018 612 2057 644 de
2081 612 2313 653 impedimento
2337 615 2405 644 voti
2429 620 2460 645 et
2484 624 2534 645 or—

347 669 398 690 res
412 660 483 690 talis
499 669 568 691 esse
579 661 720 700 incipiat,
736 669 806 690 non
817 665 926 690 autem
938 664 974 690 ut
985 668 1054 689 esse
1069 658 1214 688 desistat:
1231 658 1314 687 sicut
1329 662 1416 696 patet
1430 664 1457 680 ¹⁰
1533 655 1616 686 dinis
1631 657 1658 687 *ἢ
2563 691 2571 709 t
2564 661 2624 711 ·.cds
2639 668 2677 689 qu.
2692 668 2724 688 ιι,
2738 661 2776 683 ιιι-

349 703 389 734 de
413 705 520 734 anima
542 704 698 734 rationali.
722 704 764 734 Et
787 704 930 734 similiter
953 704 1049 733 etiam
1065 708 1111 732 est
1135 702 1174 732 de
1197 701 1415 737 matrimonio,
1471 699 1566 730 Circa
1589 701 1679 740 quod
1703 707 1901 740 quaeruntur
1924 706 2073 741 quatuor.
2573 694 2599 709 ‘⁰

349 748 438 788 quod
463 754 510 779 est
531 753 727 789 perpetuum
742 748 920 782 vinculum,
939 747 1102 787 praesenti
1123 746 1188 776 vita
1209 750 1370 776 manente.
1525 744 1653 775 Primo:
1678 750 1787 775 utrum
1802 751 1917 775 votum
1928 746 2068 786 simplex
2090 746 2333 777 matrimonium
2357 745 2492 777 dirimat.

1527 787 1697 819 Secundo:
1722 795 1831 820 utrum
1854 795 1968 820 votum
1992 790 2146 821 solemne.

370 823 470 854 ART.
488 823 540 854 IV.
557 833 662 854 urium
683 833 758 853 run
781 832 922 853 nanum-r
946 832 1037 852 snam
1057 830 1272 852 counrnomm
1287 830 1393 851 Parrus
1527 832 1656 863 Tertio:
1682 839 1791 864 utrum
1815 833 1896 864 ordo
1919 835 2161 866 matrimonium
2186 834 2349 875 impediat·

659 872 696 895 De
709 872 791 900 Malo,
807 878 848 900 Ψι-
864 878 894 899 ’ἰ
909 875 952 894 m·
968 872 991 899 ὃν
1006 878 1053 899 ¹¹¹8·
1071 878 1101 899 ¹⁵·
1431 884 1454 905 ις
1526 876 1669 914 Quarto:
1695 883 1804 908 utrum
1827 878 1942 918 aliquis
1957 885 2032 919 post
2047 880 2290 910 matrimonium
2313 889 2437 910 sacrum
2455 878 2539 910 ordi-

413 933 434 953 n
459 933 608 954 oum-rim
630 933 676 954 stc
699 932 904 953 Pnocnnrrun.
927 921 1063 953 Videtur
1086 921 1176 962 quod
1198 921 1255 952 filii
1280 921 1416 952 debeant
1560 931 1636 951 nem
1660 923 1821 963 suscipere
1845 923 1957 963 possit.

347 935 505 1008 Asequi
527 967 750 998 conditionem
772 967 879 1007 patris,
913 966 1000 1005 Quia
1023 966 1244 997 denominatio
1268 965 1305 996 fit
1327 975 1345 996 a
1368 965 1415 996 di-

345 1012 452 1051 gniori
467 1013 494 1042 ι.
519 1011 583 1043 Sed
597 1017 688 1052 patet
702 1012 736 1042 in
751 1012 959 1051 generatione
975 1016 1022 1041 est
1038 1011 1164 1051 dignior
1182 1020 1281 1051 quam
1303 1015 1414 1041 mater·
1558 997 1658 1028 ART.
1684 997 1706 1028 1.
1731 1008 1837 1028 urium
1859 1009 1917 1028 PER
1940 1008 2175 1029 onmessxomm
2198 1009 2272 1030 vori
2296 1009 2442 1030 smucxs

345 1055 433 1096 Ergo
469 1061 529 1087 etc.
1643 1052 1863 1073 mrnmonmm
1887 1053 2094 1074 commeruit
2117 1054 2218 1074 nmmr
2241 1054 2361 1074 namnu-

403 1079 444 1131 2.,
457 1101 654 1136 PRAETEREA
676 1110 744 1130 esse
767 1101 813 1130 rei
835 1101 936 1140 magis
964 1099 1125 1140 dependet
1148 1110 1166 1130 a
1189 1099 1294 1130 forma
1316 1109 1415 1140 quam
1428 1109 1456 1124 ²0
1545 1092 1631 1120 Quodl.
1645 1092 1686 1119 111,
1702 1099 1740 1121 qu.
1757 1099 1795 1118 vn.
1811 1097 1855 1115 art.
1872 1100 1893 1120 ι;
1911 1093 1971 1120 vm,
1988 1100 2026 1122 qu.
2042 1101 2063 1121 v,
2079 1098 2121 1115 art.
2136 1101 2160 1123 3:
2175 1093 2204 1121 X,
2220 1100 2260 1122 qu.
2274 1101 2296 1121 v,
2311 1098 2354 1116 art.
2369 1101 2389 1123 3,
2404 1095 2433 1116 nd
2450 1102 2467 1117 ι.

345 1154 365 1175 a
386 1145 528 1176 materia.
553 1144 616 1176 Sed
638 1145 673 1175 in
695 1145 902 1185 generatione
924 1150 1023 1185 pater
1044 1144 1101 1175 dat
1117 1145 1286 1186 formam,
1311 1149 1416 1174 mater
1535 1153 1566 1178 D,
1584 1154 1701 1174 ramum
1725 1154 1770 1175 sm
1793 1154 1998 1175 moeson-un.
2022 1145 2156 1176 Videtur
2175 1145 2265 1186 quod
2288 1155 2346 1186 per
2369 1138 2539 1186 obligatio-

345 1190 534 1225 materiam,
557 1194 595 1219 ιιι
624 1188 739 1220 dicitur
761 1189 834 1219 XVI
857 1189 897 1219 de
920 1189 1153 1220 Animalibus*
1197 1189 1283 1229 Ergo
1313 1189 1415 1229 magis
1535 1197 1610 1218 nem
1639 1189 1707 1219 voti
1741 1189 1895 1239 simplicis
1924 1190 2167 1220 matrimonium
2202 1195 2404 1221 contractum
2434 1191 2539 1221 dirimi

347 1233 443 1264 debet
464 1234 557 1274 sequi
580 1233 687 1273 proles
710 1239 834 1273 patrem
857 1243 956 1283 quam
978 1239 1124 1264 matrem.
1469 1231 1594 1262 debeat.
1618 1232 1746 1264 Fortius
1770 1234 1857 1263 enim
1879 1234 2046 1264 vinculum
2069 1233 2215 1265 debiliori
2237 1235 2444 1274 praeiudicat.
2475 1235 2538 1266 Sed

404 1278 433 1309 3.
458 1278 659 1314 Pmunn,
683 1277 762 1308 illud
788 1278 961 1318 praecipue
985 1277 1080 1308 debet
1102 1277 1223 1318 aliquid
1246 1278 1339 1317 sequi
1362 1277 1415 1308 cui
1470 1277 1637 1308 vinculum
1666 1278 1734 1308 voti
1767 1283 1813 1308 est
1845 1277 1959 1308 fortius
1993 1288 2091 1318 quam
2123 1279 2290 1309 vinculum
2321 1280 2536 1310 matrimonii:

307 1315 629 1363 mugrfsimilatur.
654 1321 718 1353 Sed
733 1321 817 1352 filius
833 1322 906 1362 plus
921 1322 1077 1353 similatur
1095 1322 1176 1362 patri
1193 1331 1291 1362 quam
1306 1322 1413 1352 matri:
1429 1330 1453 1351 2⁵
1471 1321 1547 1360 quia
1577 1321 1640 1352 hoc
1667 1321 1703 1352 fit
1726 1322 1867 1353 homini.
1892 1322 1973 1353 illud
2002 1328 2110 1354 autem
2139 1323 2221 1354 Deo.
2257 1323 2342 1363 Ergo
2371 1324 2538 1355 vinculum

346 1367 431 1398 sicut
453 1373 486 1398 et
507 1366 574 1397 filia
595 1366 669 1407 plus
691 1367 794 1397 matri.
817 1367 904 1406 Ergo
929 1366 969 1397 ad
987 1367 1094 1398 minus
1117 1366 1202 1397 filius
1225 1366 1298 1406 plus
1321 1366 1416 1396 debet
1470 1365 1536 1395 voti
1559 1365 1754 1405 praeiudicat
1776 1354 1907 1397 vinculo
1930 1368 2137 1398 matrimonii.

345 1412 441 1452 sequi
462 1416 597 1451 patrem,
621 1416 654 1441 et
675 1410 741 1441 filia
763 1417 908 1442 matrem.
1527 1419 1557 1439 2.
1581 1410 1782 1447 Panamara,
1811 1417 2020 1451 praeceptum
2049 1411 2109 1442 Dei
2136 1421 2204 1442 non
2233 1417 2280 1442 est
2301 1413 2410 1443 minus
2439 1422 2539 1453 quam

401 1464 434 1495 4.
457 1456 660 1492 Pmrnnm,
684 1455 719 1485 in
741 1465 829 1485 sacra
855 1455 1018 1495 Scriptura
1039 1464 1108 1486 non
1131 1459 1339 1495 computatur
1361 1463 1422 1494 geae
1469 1460 1679 1494 praeceptum
1713 1455 1885 1486 Ecclesiae.
1921 1455 1984 1486 Sed
2018 1461 2225 1496 praeceptum
2259 1456 2422 1487 Ecclesiae
2457 1456 2538 1488 adeo

345 1500 494 1540 nealogia
516 1509 574 1540 per
595 1499 756 1535 mulieres,
773 1499 828 1530 sed
851 1509 909 1539 per
931 1500 1016 1530 viros
1032 1500 1058 1530 *.
1090 1499 1176 1539 Ergo
1192 1499 1300 1539 proles
1315 1499 1415 1538 magis
1471 1498 1590 1537 obligat
1614 1499 1720 1538 quod,
1744 1500 1771 1529 si
1793 1505 1905 1530 contra
1927 1500 2035 1540 ipsum
2058 1501 2300 1531 matrimonium
2323 1502 2538 1538 contrahatur,

346 1545 492 1584 sequitur
514 1549 639 1584 patrem
662 1553 761 1594 quam
782 1549 928 1574 matrem.
1431 1551 1456 1570 ³⁰
1470 1541 1646 1573 dirimitur:
1679 1544 1761 1574 sicut
1790 1549 1878 1583 patet
1904 1543 1944 1574 de
1970 1544 2030 1574 illis
2062 1545 2118 1585 qui
2149 1545 2342 1575 contrahunt
2367 1546 2400 1575 in
2429 1546 2538 1586 aliquo

403 1588 466 1619 Snn
489 1598 630 1624 comm,
654 1588 681 1618 si
707 1588 779 1627 quis
809 1589 945 1618 seminat
974 1588 1007 1618 in
1037 1593 1119 1618 terra
1150 1587 1269 1623 aliena,
1293 1586 1416 1617 fructus
1468 1586 1569 1625 gradu
1593 1588 1876 1627 consanguinitatis
1900 1589 1939 1618 ab
1963 1589 2106 1619 Ecclesia
2128 1590 2302 1629 prohibito.
2336 1590 2439 1629 Ergo,
2463 1599 2537 1620 cum

314 1651 320 1663 .
344 1638 422 1663 sunt
450 1633 518 1663 eius
541 1633 634 1663 cuius
657 1637 705 1662 est
726 1638 809 1662 terra
824 1633 850 1662 ἕ.
883 1631 946 1663 Sed
969 1637 1080 1662 venter
1102 1632 1244 1662 mulieris
1267 1636 1415 1670 respectu
1470 1640 1593 1661 servare
1617 1637 1730 1662 votum
1754 1633 1794 1662 sit
1816 1638 2024 1672 praeceptum
2048 1633 2203 1670 divinum,
2220 1633 2345 1664 videtur
2369 1633 2459 1674 quod
2482 1634 2538 1674 qui

346 1677 477 1708 seminis
499 1677 559 1706 viri
581 1681 629 1706 est
651 1677 734 1706 sicut
756 1682 839 1706 terra
861 1681 1009 1716 respectu
1037 1677 1198 1706 sementis.
1227 1676 1328 1715 Ergo,
1353 1681 1414 1705 etc.
1470 1681 1583 1705 contra
1605 1681 1719 1706 votum
1743 1676 1888 1707 divinum
1916 1677 2159 1708 matrimonium
2187 1678 2362 1714 contrahit,
2387 1678 2477 1718 quod
2501 1688 2538 1708 ex

403 1730 433 1751 2.
455 1721 655 1756 Pinianus,
671 1721 705 1750 in
724 1720 792 1750 aliis
815 1721 1005 1751 animalibus
1021 1721 1085 1750 hoc
1101 1720 1258 1756 videmus,
1275 1729 1359 1759 quae
1375 1729 1414 1749 ex
1470 1718 1534 1748 hoc
1556 1720 1800 1750 matrimonium
1823 1721 1862 1751 sit
1885 1720 2111 1752 dirimendum.

346 1764 478 1796 diversis
500 1765 669 1805 speciebus
691 1771 880 1801 nascuntur,
904 1764 994 1804 quod
1015 1770 1124 1804 partus
1146 1764 1247 1803 magis
1271 1764 1416 1803 sequitur
1431 1772 1453 1791 ις
1527 1763 1556 1793 3.
1581 1763 1778 1798 Pam-ruam,
1803 1765 1836 1795 in
1859 1765 2066 1796 matrimonio
2096 1771 2203 1805 potest
2225 1766 2326 1796 homo
2351 1766 2399 1796 uti
2421 1766 2538 1796 carnali

345 1814 481 1840 matrem
496 1818 595 1849 quam
611 1814 751 1849 patrem:
768 1809 854 1839 unde
871 1809 952 1840 muli
968 1809 1023 1849 qui
1039 1814 1214 1839 nascuntur
1230 1818 1268 1838 ex
1285 1817 1369 1848 equa
1385 1812 1416 1837 et
1471 1807 1590 1847 copula
1613 1808 1681 1839 sine
1708 1814 1852 1848 peccato.
1888 1809 1950 1840 Sed
1981 1809 2034 1840 ille
2063 1810 2120 1850 qui
2149 1809 2224 1840 facit
2247 1816 2361 1840 votum
2391 1811 2536 1851 simplex,

345 1854 447 1890 asino,
463 1854 564 1894 magis
587 1853 799 1884 assimilantur
821 1854 966 1894 equabus
987 1862 1086 1893 quam
1100 1853 1147 1883 illi
1162 1853 1219 1893 qui
1241 1857 1416 1883 nascuntur
1470 1861 1639 1892 nunquam
1662 1858 1770 1893 potest
1793 1854 1958 1884 carnaliter
1981 1854 2073 1884 uxori
2089 1854 2290 1884 commisceri
2306 1855 2374 1885 sine
2392 1861 2537 1895 peccato.

300 1907 307 1915 ·
340 1902 386 1929 'ex
407 1898 496 1929 asina
519 1903 551 1929 et
574 1907 673 1939 equo.
698 1898 784 1938 Ergo
807 1898 951 1928 similiter
967 1897 1062 1928 debet
1085 1907 1153 1927 esse
1169 1898 1203 1927 in
1218 1897 1414 1927 hominibus.
1470 1896 1556 1936 Ergo
1582 1902 1695 1927 votum
1718 1898 1853 1938 simplex
1875 1898 2118 1929 matrimonium
2142 1898 2270 1929 dirimit.

400 1942 591 1973 Rnsponmzo
624 1952 785 1972 nicnuntm
819 1942 926 1982 quod,
958 1941 1138 1972 secundum
1169 1942 1255 1982 leges
1289 1941 1414 1976 civiles,
1525 1941 1677 1971 Probatio
1706 1942 1842 1972 mediae.
1877 1942 2012 1973 Constat
2040 1943 2130 1983 quod
2156 1943 2209 1973 ille
2237 1943 2295 1983 qui
2322 1949 2396 1983 post
2424 1949 2537 1974 votum

313 1992 460 2028 -partus
490 1987 638 2028 sequitur
669 1992 811 2017 ventrem
830 1988 857 2017 *.
892 1987 933 2017 Et
964 1987 1028 2017 hoc
1058 1986 1295 2016 rationabiliter.
1330 1985 1415 2023 Quia
1429 1997 1457 2017 4ο
1470 1985 1606 2025 simplex
1629 1987 1846 2017 continentiae
1868 1988 2111 2018 matrimonium
2135 1988 2303 2023 contrahit,
2319 1993 2431 2028 peccat
2451 1997 2538 2018 mor-

345 2031 455 2072 proles
475 2031 571 2062 habet
594 2041 612 2062 a
634 2037 723 2072 patre
748 2031 1025 2071 complementum
1049 2030 1194 2066 formale,
1211 2029 1266 2060 sed
1282 2040 1300 2059 a
1315 2035 1416 2060 matre
1470 2029 1590 2060 taliter·
1619 2031 1705 2070 quia,
1729 2030 1908 2062 secundum
1932 2032 2171 2072 Hieronymum
2187 2033 2213 2067 ’ζ
2238 2031 2459 2073 virginitatem
2482 2042 2538 2063 νο-
2565 2039 2650 2086 ·Aug.
2666 2039 2696 2060 de
2709 2039 2776 2060 Bono

344 2076 556 2107 &abstantiam
578 2077 732 2116 corporis.
767 2075 908 2106 Servitus
937 2081 1046 2105 autem
1073 2074 1247 2115 corporalis
1271 2073 1415 2111 conditio
1470 2074 1614 2105 ventibus
1638 2084 1703 2105 non
1727 2075 1833 2105 solum
1858 2076 1992 2111 nubere,
2016 2076 2073 2106 sed
2099 2076 2181 2106 uelle
2210 2076 2330 2106 nubere
2356 2076 2539 2107 damnabile
2566 2065 2778 2114 C}‘¹¹‡,¹2‘1;’⁶1}¹0¹{;0¹‚fj,·1

345 2125 412 2151 est:
437 2130 516 2151 cum
537 2130 646 2151 servus
670 2121 710 2151 sit
733 2121 824 2160 quasi
853 2121 1103 2150 instrumentum
1133 2119 1257 2149 domini
1280 2119 1313 2148 in
1337 2128 1416 2158 ope·
1470 2123 1525 2149 est.
1551 2118 1614 2149 Sed
1635 2125 1817 2150 contractus
1839 2120 2036 2150 matrimonii
2050 2129 2118 2151 non
2134 2126 2182 2150 est
2196 2125 2307 2151 contra
2329 2127 2443 2151 votum
2459 2131 2538 2152 con·
2565 2119 2675 2167 ξῗεεξῑιξεῑ·
2682 2118 2778 2172 Χέξζῐῐιῑ

345 2164 458 2196 tando.
493 2165 535 2195 Et
556 2164 632 2195 ideo
661 2164 768 2204 proles
798 2165 832 2194 in
860 2164 1003 2194 libertate
1032 2169 1064 2194 et
1090 2164 1241 2194 servitute
1271 2159 1416 2203 sequitur
1469 2163 1622 2193 tinentiae
1637 2164 1698 2194 nisi
1713 2164 1835 2194 ratione
1851 2164 1984 2195 carnalis
2000 2164 2147 2204 copulae.
2171 2165 2268 2204 Ergo,
2285 2165 2415 2205 quando
2431 2166 2537 2205 primo
2566 2178 2604 2200 qu.
2620 2178 2635 2199 ι,
2651 2178 2701 2193 can
2715 2178 2736 2194 2.

345 2214 491 2240 matrem.
525 2209 588 2240 Sed
618 2209 651 2239 in
675 2209 723 2238 his
747 2218 831 2248 quae
859 2209 1019 2248 pertinent
1041 2207 1082 2238 ad
1105 2207 1307 2247 dignitatem,
1332 2216 1415 2247 quae
1429 2217 1453 2238 45
1471 2207 1636 2237 carnaliter
1655 2209 1882 2238 commiscetur
1902 2210 2003 2245 uxori,
2019 2209 2194 2239 mortaliter
2216 2215 2338 2249 peccat.
2362 2210 2404 2240 Et
2426 2209 2538 2240 eadem

346 2259 395 2284 est
418 2263 456 2284 ex
480 2252 585 2283 forma
607 2253 663 2289 rei,
687 2253 831 2293 sequitur
854 2257 996 2293 patrem:
1021 2253 1104 2283 sicut
1126 2253 1160 2282 in
1183 2253 1361 2282 honoribus
1385 2257 1416 2281 et
1469 2252 1592 2282 ratione
1617 2253 1767 2283 omnibus
1791 2253 1859 2283 aliis
1874 2253 2013 2283 vicibus:
2040 2254 2116 2293 quia
2133 2259 2302 2293 peccatum
2325 2254 2431 2294 primo
2449 2264 2538 2285 com-

346 2297 531 2337 municipiis
555 2302 586 2327 et
607 2296 792 2333 hereditate,
809 2302 840 2327 et
856 2297 923 2327 aliis
938 2296 1135 2327 huiusmodi.
1160 2297 1201 2327 Et
1223 2297 1299 2326 huic
1320 2297 1415 2326 etiam
1469 2297 1604 2326 missum
1627 2306 1694 2327 non
1718 2302 1825 2337 potest
1848 2307 1998 2328 excusare
2022 2307 2040 2327 a
2062 2303 2196 2338 peccato
2220 2299 2378 2338 sequenti.

348 2341 547 2376 concordant
563 2351 704 2372 canones
719 2343 754 2378 *3
779 2347 810 2372 et
824 2342 876 2372 lex
891 2342 1008 2382 Moysi,
1024 2347 1060 2371 ut
1075 2346 1163 2381 patet
1177 2341 1354 2371 Exod.xx1
1369 2341 1414 2370 ss.
1525 2350 1556 2379 4.
1581 2341 1778 2377 paam-nam,
1794 2342 1841 2371 vir
1857 2347 1888 2371 et
1910 2342 2026 2372 mulier
2049 2342 2082 2371 in
2106 2343 2312 2372 matrimonio
2337 2342 2454 2373 debent
2470 2352 2537 2373 esse

403 2386 440 2416 In
463 2385 655 2426 quibusdam
678 2391 786 2416 tamen
805 2387 905 2422 terris,
922 2395 1006 2426 quae
1027 2387 1096 2416 iure
1116 2385 1201 2416 civili
1216 2395 1284 2416 non
1299 2394 1415 2425 regun-
1470 2395 1561 2425 pares
1585 2386 1756 2425 praecipue
1773 2391 1930 2426 quantum
1950 2386 1990 2416 ad
2005 2386 2164 2416 carnalem
2180 2387 2373 2426 copulam.
2347 2388 2364 2403 ὓ
2403 2386 2467 2417 Sed
2485 2387 2575 2417 ille·
2579 2391 2635 2444 rtC¹3
2651 2398 2690 2420 qu
2710 2398 2763 2413 mv

346 2435 409 2467 tur,
424 2436 534 2471 partus
557 2431 702 2470 sequitur
717 2430 907 2461 deteriorem
923 2430 1145 2461 conditionem
1159 2431 1194 2446 *·
1188 2453 1195 2460 .
1221 2435 1266 2466 ut,
1286 2430 1312 2460 si
1326 2435 1416 2470 pater
1431 2438 1456 2459 5⁰
1470 2430 1527 2470 qui
1550 2435 1664 2460 votum
1684 2430 1819 2481 simplex
1835 2431 2052 2461 continentiae
2067 2429 2151 2466 facit,
2168 2440 2337 2471 nunquam
2352 2436 2459 2471 potest
2481 2441 2538 2472 pe·
2565 2421 2607 2466 Si·
2623 2409 2776 2472 ³'‘,‚Cs‘0{⁸.¹,}

347 2475 388 2506 sit
410 2484 529 2511 servus,
554 2475 700 2515 quamvis
722 2481 824 2506 mater
846 2476 886 2506 sit
908 2475 1016 2511 libera,
1033 2479 1126 2505 erunt
1148 2474 1206 2504 filii
1228 2475 1310 2504 servi
1334 2474 1415 2514 (non
1469 2480 1535 2504 tere
1564 2474 1708 2505 debitum
1732 2475 1800 2505 sine
1823 2480 1978 2515 peccato:
2004 2475 2079 2515 quia
2101 2475 2164 2505 hoc
2188 2480 2235 2506 est
2258 2485 2403 2515 expresse
2427 2481 2538 2506 contra
2565 2471 2660 2520 Glossl
2662 2478 2742 2520 11:³1¹
2755 2476 2792 2493 ‘²²'

347 2525 456 2550 tamen
472 2520 498 2549 si
513 2525 588 2559 post
610 2525 776 2560 peractum
798 2519 1042 2550 matrimonium
1064 2524 1154 2559 pater
1177 2528 1211 2549 se
1234 2519 1267 2549 in
1287 2528 1415 2549 servum
1469 2524 1584 2549 votum
1608 2519 1835 2555 continentiae,
1861 2518 1901 2549 ad
1924 2528 2022 2559 quam
2046 2529 2085 2549 ex
2107 2525 2185 2550 voto
2208 2525 2344 2550 tenetur.
2368 2520 2454 2559 Ergo
2477 2529 2538 2550 nec

348 2563 436 2594 dedit
465 2564 598 2594 nolente
627 2563 759 2603 uxore);
790 2569 822 2594 et
849 2564 992 2595 similiter
1022 2564 1049 2594 si
1075 2565 1115 2594 sit
1138 2573 1155 2594 e
1179 2572 1346 2594 converso.
1382 2563 1415 2593 Si
1469 2563 1602 2594 reddere
1624 2569 1731 2603 potest
1755 2564 1822 2594 sine
1845 2569 1990 2604 peccato.

348 2613 457 2639 autem
486 2614 623 2648 uterque
653 2609 693 2638 sit
721 2608 842 2639 servilis
871 2608 1081 2644 conditionis,
1107 2613 1138 2638 et
1166 2608 1346 2648 pertineant
1375 2607 1415 2638 ad
1525 2607 1588 2638 San
1613 2617 1737 2638 CONTRA
1760 2618 1814 2638 asr
1837 2607 1927 2648 quod
1950 2608 2037 2648 Papa
2060 2607 2211 2638 Clemens
2235 2607 2311 2638 dicit
2325 2609 2352 2644 ἥ,
2376 2607 2466 2648 quod
2482 2618 2537 2639 vo-

348 2652 490 2683 diversos
513 2652 675 2689 dominos,
689 2658 770 2683 tunc
793 2652 939 2684 dividunt
961 2652 1045 2683 filios
1068 2653 1095 2683 si
1116 2652 1225 2692 plures
1247 2653 1328 2688 sint3
1353 2652 1414 2688 vel,
1431 2664 1453 2684 55
1469 2657 1540 2682 tum
1558 2652 1695 2692 simplex
1709 2652 1845 2692 impedit
1859 2652 2102 2684 matrimonium
2117 2652 2383 2688 contrahendum,
2399 2652 2456 2683 sed
2470 2662 2539 2683 non

348 2697 375 2727 si
398 2706 482 2727 unus
513 2702 654 2733 tantum,
677 2707 763 2727 unus
792 2697 880 2727 alteri
910 2697 1168 2737 recompensabit
1190 2696 1229 2727 de
1258 2697 1361 2736 pretio
1385 2702 1416 2727 et
1470 2696 1589 2727 dirimit
1612 2702 1823 2727 contractum.
2660 2724 2691 2745 m

349 2742 484 2781 accipiet
506 2741 633 2781 prolem
655 2747 763 2772 natam
787 2742 820 2771 in
843 2742 893 2772 sui
916 2742 1090 2772 servitium.
1106 2759 1130 2764 —
1145 2741 1270 2771 Tamen
1285 2751 1353 2771 non
1369 2746 1417 2771 est
1525 2741 1716 2772 Rnsrommo
1744 2751 1905 2771 nrcnnmm
1933 2741 2023 2781 quod
2049 2750 2107 2781 per
2129 2741 2192 2771 hoc
2215 2750 2265 2771 res
2288 2741 2395 2791 aliqua
2426 2741 2539 2772 desinit
2566 2729 2664 2778 ῗιῐιᾞῗῖε
2680 2730 2775 2773 ῐιέιαοψ

349 2786 498 2816 credibile
523 2785 613 2826 quod
635 2786 705 2816 talis
729 2785 931 2816 consuetudo
955 2786 1056 2826 possit
1079 2795 1147 2816 esse
1162 2786 1206 2815 ita
1220 2785 1416 2816 rationabilis
1471 2794 1540 2816 esse
1561 2786 1596 2816 in
1619 2790 1777 2826 potestate
1798 2786 1934 2817 alicuius
1958 2795 2015 2826 per
2043 2785 2132 2825 quod
2159 2785 2270 2815 transit
2297 2786 2330 2815 in
2358 2785 2538 2816 dominium

347 2830 431 2860 sicut
453 2830 534 2860 illud
557 2830 648 2870 quod
676 2831 855 2861 multorum
885 2831 1067 2870 sapientum
1097 2830 1249 2860 diuturno
1279 2830 1416 2860 consilio
1471 2830 1608 2860 alterius.
1641 2830 1816 2860 Promissio
1847 2835 1956 2861 autem
1983 2831 2118 2860 alicuius
2141 2830 2186 2859 rei
2209 2839 2276 2860 non
2299 2829 2445 2860 transfert
2468 2840 2538 2860 eam

348 2874 597 2906 determinatum
621 2881 678 2905 est.
1429 2879 1457 2899 ⁶⁰
1470 2874 1504 2904 in
1528 2874 1710 2905 dominium
1737 2875 1806 2905 eius
1834 2875 1887 2905 eui
1914 2875 2119 2915 promittitur.
2154 2874 2195 2904 Et
2217 2873 2290 2904 ideo
2319 2883 2387 2904 non
2414 2883 2453 2904 ex
2475 2874 2539 2904 hoc

404 2919 479 2949 Hoc
503 2920 599 2949 etiam
622 2920 655 2949 in
678 2919 875 2949 naturalibus
897 2919 1068 2954 invenitur,
1085 2917 1176 2958 quod
1194 2924 1355 2959 receptum
1371 2924 1418 2950 est
1470 2919 1542 2959 ipso
1567 2918 1657 2959 quod
1680 2919 1795 2959 aliquis
1821 2929 1889 2950 rem
1916 2919 2072 2959 promittit
2095 2918 2246 2958 aliquam,
2271 2917 2385 2949 desinit
2410 2928 2461 2948 res
2486 2918 2539 2948 illa

2565 2618 2720 2639 'Alexander
2737 2618 2776 2644 nl,

2567 2650 2618 2676 cap:
2640 2644 2777 2671 Consuluit,

2567 2671 2614 2699 Qui
2635 2671 2717 2692 clerici·
2741 2661 2779 2692 vel

2566 2704 2617 2720 νον.
2628 2702 2684 2721 etc.:
2700 2698 2777 2719 Caele-

312 2973 323 2979 ·
348 2963 384 2994 in
413 2963 586 3004 recipiente
603 2973 667 3004 per
689 2963 820 2994 modum
848 2963 1031 3004 recipientis
1046 2964 1081 2999 *‚
1110 2972 1178 2993 non
1201 2972 1258 3003 per
1280 2963 1417 2994 modum
1472 2972 1540 2993 esse
1569 2964 1603 2994 in
1632 2969 1790 3003 potestate
1819 2973 1887 2994 sua.
1921 2963 2007 2994 Cum
2039 2973 2114 3003 ergo
2145 2963 2178 2993 in
2201 2967 2279 2992 voto
2308 2962 2445 3002 simplici
2471 2972 2538 2993 non

316 3005 322 3017 ’
349 3007 463 3038 dantis.
493 3008 535 3038 Et
556 3007 631 3039 ideo
655 3008 842 3038 rationabile
869 3014 916 3038 est
939 3007 1030 3048 quod
1057 3017 1168 3038 semen
1194 3013 1362 3047 receptum
1383 3008 1416 3039 in
1471 3008 1511 3037 sit
1533 3007 1595 3038 nisi
1622 3008 1758 3047 simplex
1784 3009 1956 3048 promissio
1983 3008 2106 3048 proprii
2133 3007 2276 3047 corporis
2303 3006 2343 3037 ad
2371 3007 2539 3037 continen-

349 3052 484 3083 muliere
507 3051 548 3083 ad
571 3052 794 3083 conditionem
815 3053 916 3092 ipsius
939 3053 1091 3082 trahatur.
1471 3052 1549 3082 tiam
1565 3052 1636 3083 Deo
1659 3052 1848 3083 servandam
1870 3052 1962 3089 facta,
1979 3058 2054 3093 post
2076 3058 2189 3082 votum
2213 3051 2348 3091 simplex
2371 3050 2475 3081 adhuc
2489 3061 2539 3081 re-

404 3096 457 3127 An
478 3106 598 3127 rantum
619 3107 703 3128 xaoo
726 3107 887 3127 mmmmm
909 3096 1010 3136 quod,
1035 3097 1181 3136 quamvis
1203 3101 1294 3136 pater
1315 3096 1355 3127 sit
1371 3095 1418 3126 di·
1431 3100 1456 3126 ⁶5
1472 3101 1582 3127 manet
1603 3097 1704 3127 homo
1728 3096 1880 3128 dominus
1903 3098 1953 3128 sui
1977 3097 2130 3137 corporis.
2155 3096 2197 3126 Et
2211 3095 2285 3126 ideo
2308 3101 2415 3136 potest
2432 3096 2539 3135 ipsum

350 3141 444 3180 gnius
466 3141 677 3181 principium,
702 3147 810 3172 tamen
833 3147 933 3171 mater
957 3140 1010 3172 dat
1032 3141 1240 3171 substantiam
1267 3150 1418 3181 corpora·
1472 3140 1563 3171 alteri
1590 3140 1680 3177 dare,
1704 3141 1824 3172 scilicet
1851 3142 1964 3172 uxori:
1998 3142 2031 3172 in
2056 3151 2120 3181 qua
2148 3140 2276 3170 datione
2305 3145 2539 3170 sacramentum

350 3184 426 3220 lem,
443 3194 482 3215 ex
504 3190 592 3225 parte
616 3186 707 3216 cuius
730 3185 903 3216 attenditur
927 3185 1070 3216 conditio
1093 3185 1262 3215 servitutis.
1473 3185 1670 3216 matrimonii
1698 3186 1860 3222 consistit,
1885 3186 1975 3226 quod
2001 3185 2222 3216 indissolubile
2250 3189 2306 3215 est.
2341 3184 2383 3214 Et
2408 3189 2540 3224 propter

406 3229 458 3259 An
481 3238 643 3260 secuuntur
666 3240 827 3260 mmmmm
850 3230 940 3270 quod
962 3231 996 3260 in
1019 3230 1068 3260 his
1092 3239 1176 3270 quae
1198 3228 1239 3259 ad
1261 3230 1419 3260 rationem
1473 3230 1537 3259 hoc
1553 3235 1667 3260 votum
1682 3230 1828 3270 simplex,
1846 3231 1991 3270 quamvis
2010 3229 2164 3270 impediat
2183 3228 2447 3264 contrahendum,
2464 3229 2540 3268 quia

352 3273 471 3312 speciei
493 3274 664 3313 pertinent,
679 3275 780 3315 magis
804 3275 959 3305 similatur
981 3274 1066 3305 filius
1089 3274 1170 3314 patri
1193 3283 1292 3313 quam
1314 3275 1417 3304 matri.
1473 3278 1586 3314 peccat
1607 3275 1799 3306 contrahens
1820 3275 2064 3306 matrimonium
2086 3279 2160 3314 post
2175 3279 2288 3303 votum
2311 3272 2446 3312 simplex
2460 3282 2539 3303 con-

353 3315 418 3347 Sed
445 3317 480 3347 in
510 3318 726 3349 materialibus
758 3318 998 3349 conditionibus
1029 3319 1130 3358 magis
1164 3317 1258 3348 debet
1290 3318 1419 3349 similari
1432 3327 1460 3348 70
1473 3318 1646 3354 tinentiae;
1678 3323 1804 3355 tamen,
1829 3320 1905 3359 quia
1928 3329 2021 3350 verus
2051 3323 2232 3349 contractus
2256 3323 2319 3354 est,
2343 3326 2411 3347 non
2434 3322 2540 3357 potest

348 3361 447 3391 matri
463 3369 561 3400 quam
574 3362 675 3401 patri:
700 3363 776 3403 quia
787 3373 840 3394 res
855 3363 952 3394 habet
966 3373 985 3394 a
999 3362 1104 3394 forma
1127 3372 1196 3393 esse
1218 3362 1417 3403 specificam,
1473 3363 1717 3394 matrimonium
1739 3369 1872 3403 propter
1893 3364 1958 3394 hoc
1981 3363 2096 3395 dirimi.

353 3404 409 3435 sed
433 3404 635 3436 conditiones
657 3407 834 3438 materiales
857 3417 876 3438 a
897 3408 1039 3438 materia.
1530 3407 1581 3436 Αι)
1604 3417 1722 3438 ramim
1743 3417 1826 3439 noo
1850 3417 2010 3439 nicanum
2025 3406 2115 3447 quod
2137 3412 2250 3437 votum
2274 3411 2320 3436 est
2342 3404 2456 3436 fortius
2470 3405 2540 3436 vin-

409 3449 461 3479 An
484 3459 620 3480 mum(
642 3460 802 3482 ιιισιιωιιι
817 3451 908 3492 quod
922 3451 1007 3482 filius
1029 3451 1185 3482 similatur
1199 3451 1281 3491 patri
1295 3451 1419 3482 ratione
1475 3451 1586 3482 culum
1609 3460 1707 3491 quam
1730 3452 1972 3483 matrimonium
1994 3457 2154 3492 quantum
2177 3450 2217 3481 ad
2239 3450 2272 3481 id
2295 3450 2348 3480 cui
2370 3448 2420 3486 fit,
2446 3455 2479 3480 et
2501 3448 2540 3479 ad

353 3493 487 3530 formae,
511 3503 610 3534 quam
632 3494 728 3525 habet
750 3495 784 3526 in
806 3496 857 3526 sui
879 3496 1136 3536 complemento,
1160 3497 1243 3526 sicut
1266 3501 1296 3526 et
1319 3501 1417 3536 pater.
1475 3495 1565 3536 quod
1588 3496 1679 3535 ligat:
1703 3497 1780 3536 quia
1794 3505 1852 3536 per
1866 3497 2109 3527 matrimonium
2132 3496 2233 3526 homo
2256 3495 2370 3534 ligatur
2392 3494 2485 3524 uxori
2501 3493 2540 3523 ad

354 3538 396 3568 Et
417 3537 492 3568 ideo
515 3538 595 3568 ratio
618 3547 687 3569 non
710 3545 757 3569 est
775 3539 820 3570 ad
841 3541 1056 3580 propositum.
1433 3549 1457 3570 75
1474 3539 1688 3571 redditionem
1712 3540 1820 3577 debiti,
1844 3540 1901 3571 sed
1923 3549 1981 3581 per
2002 3546 2116 3572 votum
2139 3540 2211 3570 Deo
2235 3538 2275 3569 ad
2298 3539 2538 3569 continentiam.
