2878 4088
167 1112 179 1120 ·
192 1110 253 1136 Aug.
273 1108 303 1130 de
320 1108 379 1130 Vera

169 1135 253 1163 Rea-g„
269 1141 319 1163 cap.
333 1141 379 1156 xiv.

171 1901 180 1909 ·
193 1898 253 1920 Part.
268 1898 285 1925 1,
300 1904 340 1925 qu.
355 1904 383 1925 x,

173 1928 216 1947 m.
230 1931 251 1953 3,
267 1924 295 1946 ad
309 1930 328 1946 π.

171 1987 383 2035 ἐῗῖἱῑῗέὲῑῖἓὲἱῑῖ

171 2081 181 2090 ·
196 2079 263 2102 Vers.
278 2085 310 2107 25.

170 2257 181 2267 ·
233 2271 238 2277 .
347 2261 372 2277 ‚2

172 2255 381 2305 assu.¹:¹xd?nllff

170 2308 217 2330 Sen
229 2324 244 2336 .,
253 2309 307 2330 dist.
318 2315 381 2336 xxxr,

187 2341 209 2357 u.
231 2341 247 2356 n
257 2351 262 2361 ,
286 2339 327 2357 art.
353 2342 381 2362 4;

187 2361 381 2410 mugga-xxxxix,

405 138 481 184 246
960 135 1224 183 QUAESTIO
1253 135 1421 181 XCVIII,
1451 133 1744 171 ARTICULUS
1772 134 1963 181 V11,V111,
1985 135 2036 171 IX

406 216 446 246 ad
461 216 524 246 hoc
540 216 668 255 utrique
684 215 723 246 ad
739 215 913 245 terminum
936 216 1133 255 perveniant.
1157 215 1267 245 Potest
1283 219 1391 244 tamen
1406 214 1470 243 hoc
1524 212 1689 252 affligitur,
1714 212 1926 243 consideratio
1955 213 2080 243 animae
2109 213 2292 253 impeditur.
2324 214 2387 246 Sed
2416 217 2448 247 in
2479 216 2589 247 futuro

407 269 474 290 esse
497 265 644 300 respectu
663 260 797 300 praemii
813 258 1014 290 accidentalis
1038 260 1088 290 vel
1108 268 1233 300 poenae
1254 258 1469 292 secundariae,
1524 257 1631 287 anima
1653 266 1722 287 non
1745 258 1788 287 ita
1810 258 1951 287 trahetur
1973 267 1992 287 a
2015 266 2167 297 corpore:
2193 257 2265 294 sed,
2290 264 2589 302 quantumcumque

407 313 489 344 quae
513 309 649 344 possunt
672 304 780 344 augeri
803 312 906 343 usque
930 303 970 334 ad
993 303 1078 334 diem
1101 303 1220 334 iudicii.
1245 303 1286 333 Et
1301 303 1364 333 hoc
1380 311 1470 342 prae·
1525 310 1644 341 corpus
1667 300 1832 341 affligatur,
1856 307 1964 331 tamen
1988 302 2094 332 anima
2117 311 2243 342 semper
2271 303 2483 335 considerabit
2510 306 2589 336 luci-

407 350 501 389 cipue
525 349 557 378 in
582 348 792 378 daemonibus
824 348 875 378 vel
905 348 1024 388 angelis
1056 349 1168 378 bonis:
1194 357 1334 387 quorum
1362 346 1469 377 officio
1525 345 1654 376 dissime
1678 345 1731 375 illa
1754 355 1837 385 quae
1861 346 1890 375 ei
1913 351 2066 385 poterunt
2090 355 2157 376 esse
2181 356 2276 377 causa
2298 349 2460 379 maeroris.

407 393 505 432 aliqui
528 393 695 423 trahuntur
719 392 758 422 ad
781 392 926 428 salutem,
951 402 989 423 ex
1013 402 1080 432 quo
1104 393 1267 423 bonorum
1283 391 1470 431 angelorum
1493 401 1502 421 ς
1580 390 1631 420 An
1647 399 1783 420 ‘ram-mu
1798 399 1959 420 mcanmm
1982 390 2072 430 quod
2094 395 2222 430 tempus
2239 396 2286 421 est
2302 401 2396 422 causa
2420 393 2590 424 oblivionis

406 436 559 477 gaudium
577 438 707 474 crescit;
723 437 774 467 vel
786 436 826 467 ad
842 436 1092 473 damnationem,
1106 446 1143 467 ex
1160 446 1226 477 quo
1240 437 1351 466 crescit
1364 444 1471 475 poena
1525 443 1583 474 per
1606 433 1770 470 accidens,
1794 434 1987 474 inquantum
2014 439 2140 471 motus,
2165 436 2257 465 cuius
2281 441 2328 466 est
2355 446 2520 474 mensura,
2545 443 2591 468 est

407 481 623 512 daemonum:
1526 487 1621 509 eausa
1636 478 1918 509 transmutationis.
1935 478 1999 509 Sed
2013 484 2088 519 post
2103 478 2189 510 diem
2204 479 2314 510 iudicii
2329 490 2398 514 non
2414 482 2472 512 erit
2482 487 2591 512 motus

462 525 513 555 An
537 535 654 555 ramim
676 535 760 555 aneo
782 535 942 556 »mannum
966 525 1055 565 quod
1077 525 1141 555 hoc
1166 530 1212 555 est
1235 533 1400 556 summum
1422 523 1471 553 in—
1526 523 1623 553 caeli:
1648 522 1735 553 unde
1757 532 1819 553 nec
1835 522 1956 553 oblivio
1973 532 2042 553 esse
2057 524 2174 563 poterit
2190 533 2228 554 ex
2244 530 2506 566 quantacumque
2521 525 2591 557 diu-

408 569 630 606 commodum,
644 569 684 600 ad
699 579 859 600 summam
874 570 1034 600 malorum
1050 570 1242 609 pervenisse,
1255 579 1293 600 ex
1309 578 1375 608 quo
1393 577 1471 598 con·
1525 568 1685 597 turnitate.
1711 566 1774 598 Sed
1797 573 1869 597 ante
1893 566 1978 597 diem
2001 567 2111 598 iudicii
2135 569 2241 598 anima
2263 574 2406 609 separata
2427 579 2497 601 non
2519 580 2591 601 mu-

407 614 500 654 tingit
516 614 549 644 in
566 614 722 644 damnatis
739 614 828 655 quod
843 614 998 645 demereri
1013 623 1082 644 non
1105 619 1250 654 possunt.
1275 613 1369 644 Unde
1384 617 1472 653 patet
1487 625 1512 641 ιο
1525 616 1610 642 tatur
1633 621 1651 642 a
1673 621 1730 642 sua
1753 611 1965 652 dispositione
1988 621 2046 652 per
2067 617 2196 643 motum
2220 613 2309 644 caeli.

407 658 498 699 quod
521 667 559 689 ex
582 663 716 698 peccato
741 658 953 689 commodum
976 668 1045 689 non
1067 663 1240 698 reportant.

462 703 513 733 An
537 712 700 733 sacmmtm
715 713 875 733 mmmmm
891 702 981 743 quod
997 702 1036 733 ad
1052 702 1276 733 damnatorum
1299 702 1471 732 hominum

408 746 552 778 officium
575 756 642 777 non
665 747 803 787 pertinet
834 747 913 779 alios
943 746 983 777 ad
1014 747 1253 778 damnationem
1281 747 1471 787 pertrahere,
1528 754 1611 817 AD
1628 754 1776 775 oei-avum
1791 754 1837 775 src
1857 754 2062 775 paocanrrua.
2079 743 2214 775 Videtur
2233 745 2323 786 quod
2343 746 2517 787 aliquando
2540 747 2593 778 da-

407 792 490 822 sicut
512 792 649 831 pertinet
672 790 712 821 ad
735 790 879 822 officium
903 791 1118 827 daemonum,
1142 792 1266 822 ratione
1295 791 1387 821 cuius
1417 789 1471 821 de·
1591 789 1692 819 mnati
1711 789 1898 829 cogitabunt
1914 788 1954 820 de
1969 789 2051 820 Deo.
2073 788 2159 827 Quia
2178 799 2246 820 non
2261 796 2369 830 potest
2388 791 2497 822 haberi
2517 791 2593 823 odio

408 841 571 866 merentur
595 840 752 875 quantum
775 835 815 865 ad
838 835 1058 866 secundariam
1081 845 1232 876 poenam.
1487 846 1510 867 ις
1527 838 1600 863 actu
1623 834 1684 863 nisi
1707 833 1740 864 id
1763 833 1803 864 de
1828 843 1894 874 quo
1919 834 2085 874 cogitatur.
2116 833 2179 864 Sed
2211 834 2353 866 damnati
2380 835 2488 866 Deum
2516 836 2592 867 odio

1583 677 1682 708 ART.
1700 677 1783 709 VIII.
1807 688 1912 708 uranu
1943 687 2082 708 mmmm
2107 687 2295 709 coortu-mu
2319 689 2386 710 smr
2409 690 2450 712 na
2473 691 2536 712 nao

463 879 514 909 Ar>
530 889 665 908 raarmm
681 889 841 908 mmmmm
861 879 951 918 quod
966 889 1034 909 non
1052 885 1184 919 propter
1203 881 1267 910 hoc
1283 884 1473 909 excusantur
1526 878 1700 913 habebunt,
1724 882 1761 908 ut
1783 878 1817 908 in
1840 878 1942 909 littera
1957 879 1974 895 ⁴‘
1997 878 2122 909 dicitur.
2146 878 2232 919 Ergo
2257 879 2297 910 de
2320 879 2392 910 Deo
2420 880 2593 921 aliquando
2621 887 2632 897 ·

408 933 425 953 a
449 923 604 954 demerito
629 923 704 962 quia
727 923 949 952 necessitatem
972 923 1111 954 habeant
1129 923 1301 963 peccandi:
1326 923 1381 953 sed
1398 923 1474 963 quia
1529 922 1725 961 cogitabunt.

408 967 447 997 ad
470 976 630 997 summam
650 967 810 996 malorum
826 972 1050 1006 pervenerunt.
1586 975 1615 995 2.
1639 966 1837 1002 pannum,
1865 965 2006 997 damnati
2028 967 2192 998 habebunt
2218 977 2400 999 remorsum
2427 970 2594 1001 conscien-

463 1011 588 1041 Tamen
602 1011 772 1041 necessitas
791 1010 946 1051 peccandi
970 1011 1062 1041 cuius
1086 1021 1181 1042 causa
1203 1020 1325 1046 sumus,
1346 1015 1475 1041 excusat
1527 1010 1590 1039 tiae
1606 1010 1632 1039 *.
1667 1009 1731 1040 Sed
1753 1010 1949 1040 conscientia
1971 1012 2090 1050 patitur
2111 1021 2292 1043 remorsum
2315 1013 2355 1044 de
2377 1014 2454 1044 actis
2484 1019 2595 1045 contra
2622 1020 2632 1030 ‘

407 1065 425 1085 a
449 1055 543 1095 culpa
574 1056 767 1095 inquantum
791 1061 838 1085 est
859 1056 1029 1085 necessitas
1057 1055 1234 1095 quaedam:
1270 1055 1346 1095 quia
1376 1063 1475 1085 omne
1488 1066 1515 1081 ιο
1529 1053 1646 1083 Deum.
1671 1053 1757 1094 Ergo
1782 1053 1822 1084 de
1844 1054 1916 1084 Deo
1940 1054 2114 1094 aliquando
2139 1057 2334 1096 cogitabunt.

407 1105 577 1140 peccatum
593 1104 722 1140 oportet
745 1109 814 1129 esse
836 1100 1053 1130 voluntarium
1070 1101 1096 1130 ff.
1130 1098 1193 1130 Sed
1216 1099 1306 1139 quod
1329 1108 1398 1129 non
1422 1108 1475 1129 ex·
1585 1097 1648 1128 Snn
1679 1108 1819 1134 CONTRA,
1851 1097 2081 1138 perfectissima
2110 1100 2251 1131 hominis
2275 1102 2426 1141 cogitatio
2456 1107 2504 1133 est
2531 1112 2595 1143 qua

408 1149 507 1179 cuset‚
523 1144 586 1174 hoc
606 1149 653 1174 est
674 1144 867 1184 inquantum
891 1154 908 1174 a
931 1144 1097 1174 voluntate
1112 1143 1323 1184 praecedente
1346 1152 1475 1184 proces·
1530 1142 1650 1181 cogitat
1672 1141 1712 1172 de
1735 1142 1817 1173 Deo.
1843 1142 1907 1173 Sed
1929 1142 2071 1174 damnati
2094 1149 2188 1174 erunt
2213 1145 2248 1175 in
2275 1150 2358 1176 statu
2385 1146 2595 1187 imperfectis-

407 1189 456 1219 sit.
481 1188 522 1218 Et
544 1189 589 1218 sic
613 1194 718 1218 totum
742 1187 933 1219 demeritum
957 1189 1119 1229 sequentis
1143 1188 1258 1228 culpae
1287 1187 1412 1219 videtur
1436 1187 1476 1218 ad
1530 1187 1623 1216 simo.
1648 1186 1734 1226 Ergo
1759 1186 1798 1217 de
1821 1186 1893 1217 Deo
1916 1196 1984 1218 non
2009 1188 2205 1228 cogitabunt.

408 1233 544 1273 primam
567 1233 696 1273 culpam
723 1234 890 1273 pertinere.
1584 1231 1775 1261 stponnno
1792 1241 1952 1262 mmmmm
1975 1231 2065 1272 quod
2087 1233 2175 1263 Deus
2198 1238 2306 1273 potest
2328 1234 2522 1266 considerari
2536 1234 2596 1266 du-

1489 1286 1514 1307 25
1529 1274 1663 1315 pliciter.
1688 1275 1763 1306 Uno
1786 1275 1898 1312 modo,
1923 1276 2103 1307 secundum
2126 1287 2170 1313 se,
2194 1283 2226 1308 et
2247 1278 2427 1310 secundum
2445 1279 2479 1310 id
2505 1279 2595 1320 quod

1530 1324 1577 1349 est
1599 1320 1778 1360 proprium,
1803 1320 1924 1350 scilicet
1947 1330 2015 1351 esse
2037 1322 2136 1352 totius
2160 1322 2310 1353 bonitatis
2333 1324 2538 1364 prIncipium.
2554 1324 2597 1355 Et

1529 1364 1574 1394 sic
1597 1364 1689 1394 nullo
1713 1364 1813 1395 modo
1839 1365 1970 1405 cogitari
1985 1370 2092 1406 potest
2107 1367 2176 1397 sine
2192 1366 2414 1399 delectatione.
2438 1368 2532 1399 Unde
2550 1369 2596 1400 sic

473 1419 493 1439 r>
517 1419 668 1440 sam-natm
684 1419 729 1440 src
751 1419 955 1440 PROCEDITUR.
981 1409 1115 1440 Videtur
1136 1409 1226 1450 quod
1246 1409 1386 1440 damnati
1406 1419 1475 1440 non
1528 1408 1619 1439 nullo
1642 1408 1744 1439 modo
1768 1419 1787 1439 a
1809 1408 1966 1440 damnatis
1989 1410 2189 1450 cogitabitur.
2213 1429 2237 1434 -
2258 1411 2333 1442 Alio
2353 1412 2465 1449 modo,
2482 1422 2596 1444 secun-

412 1422 597 1494 Apossint
625 1455 672 1484 uti
699 1455 813 1484 notitia
845 1464 943 1495 quam
973 1455 1005 1485 in
1033 1455 1097 1485 hoc
1128 1454 1252 1485 mundo
1282 1455 1473 1485 habuerunt.
1529 1452 1608 1483 dum
1631 1453 1752 1493 aliquid
1776 1453 1866 1494 quod
1896 1459 1943 1485 est
1973 1455 2002 1485 ei
2032 1455 2124 1495 quasi
2146 1454 2342 1487 accidentale
2369 1457 2403 1487 in
2431 1456 2596 1489 effectibus

409 1498 445 1528 In
469 1498 724 1529 consideratione
754 1499 841 1529 enim
871 1499 1021 1529 scientiae
1052 1504 1099 1529 est
1127 1499 1265 1530 maxima
1293 1498 1472 1530 delectatio.
1489 1510 1515 1530 30
1529 1498 1608 1534 eius,
1631 1502 1746 1538 utpote
1769 1499 1894 1539 punire,
1918 1498 1969 1529 vel
1993 1499 2114 1540 aliquid
2135 1500 2332 1531 huiusmodi.
2356 1501 2398 1531 Et
2416 1501 2596 1533 secundum

409 1542 471 1573 Sed
494 1543 527 1573 in
552 1543 596 1573 eis
618 1543 741 1573 nullam
772 1542 1018 1574 delectationem
1048 1549 1095 1574 est
1124 1553 1256 1584 ponere.
1289 1543 1375 1583 Ergo
1405 1553 1474 1574 non
1527 1542 1592 1572 hoc
1615 1542 1829 1574 consideratio
1846 1542 1886 1574 de
1901 1543 1973 1574 Deo
1989 1549 2096 1584 potest
2110 1544 2268 1576 tristitiam
2283 1545 2446 1577 inducere.
2470 1546 2512 1577 Et
2530 1547 2594 1578 hoc

408 1592 544 1627 possunt
567 1587 615 1617 uti
638 1588 769 1618 scientia
791 1588 879 1628 prius
902 1588 1009 1618 habita
1031 1588 1210 1619 secundum
1235 1588 1375 1628 aliquam
1395 1597 1474 1619 con—
1528 1586 1629 1617 modo
1653 1586 1794 1618 damnati
1817 1587 1857 1618 de
1880 1588 1952 1618 Deo
1977 1589 2172 1628 cogitabunt.

408 1631 644 1662 siderationem.
1583 1631 1635 1661 An
1662 1641 1779 1662 PRIMUM
1809 1641 1893 1662 nano
1920 1642 2081 1663 memnon
2108 1633 2198 1673 quod
2221 1633 2362 1664 damnati
2385 1644 2452 1666 non
2476 1635 2596 1666 habent

467 1685 495 1706 2.
520 1676 716 1712 Panamara,
734 1676 874 1706 damnati
897 1682 972 1706 sunt
994 1677 1027 1707 in
1051 1677 1226 1707 maioribus
1246 1677 1360 1717 poenis
1376 1685 1475 1716 quam
1529 1675 1636 1706 Deum
1660 1675 1736 1706 odio
1760 1677 1821 1707 nisi
1844 1676 1968 1707 ratione
1990 1678 2186 1717 punitionis,
2211 1683 2243 1708 et
2271 1679 2498 1719 prohibitionis
2527 1680 2597 1711 eius

410 1720 473 1750 sint
488 1720 613 1760 aliquae
628 1730 754 1761 poenae
777 1721 872 1751 huius
888 1721 1011 1751 mundi.
1036 1721 1099 1752 Sed
1113 1722 1147 1751 in
1163 1722 1227 1751 hoc
1242 1720 1378 1757 mundo,
1395 1720 1473 1751 durn
1489 1733 1512 1754 35
1529 1719 1619 1759 quod
1641 1720 1744 1751 malae
1767 1721 1926 1751 voluntati
1949 1731 2064 1752 eorum
2087 1728 2254 1753 consonat.
2278 1722 2373 1754 Unde
2394 1733 2464 1755 non
2490 1725 2595 1755 consi-

411 1764 524 1804 aliquis
548 1770 595 1794 est
617 1765 650 1795 in
673 1765 819 1795 maximis
851 1766 1020 1795 tormentis
1043 1766 1252 1801 constitutus,
1277 1774 1345 1795 non
1367 1770 1475 1806 potest
1529 1763 1686 1795 derabunt
1709 1774 1785 1795 eum
1806 1765 1868 1795 nisi
1891 1771 1928 1795 ut
1950 1766 2135 1806 punitorem
2159 1771 2191 1797 et
2213 1768 2455 1808 prohibitorem.

411 1808 612 1839 considerare
634 1809 756 1849 aliquas
771 1809 985 1849 intelligibiles
1008 1810 1244 1846 conclusiones,
1261 1810 1434 1840 abstractus
1457 1819 1475 1840 a
1584 1808 1626 1838 Et
1655 1818 1713 1849 per
1745 1809 1808 1840 hoc
1838 1814 1925 1850 patet
1956 1811 2051 1841 etiam
2080 1811 2200 1841 solutio
2229 1811 2268 1842 ad
2291 1812 2480 1843 secundum.
2509 1812 2596 1851 Quia

410 1853 524 1892 poenis
548 1862 627 1893 quas
649 1854 778 1893 patitur.
802 1854 887 1893 Ergo
911 1854 1015 1884 multo
1039 1855 1146 1884 minus
1170 1855 1203 1884 in
1226 1853 1364 1884 inferno.
1529 1853 1726 1883 conscientia
1748 1863 1817 1884 non
1840 1853 2002 1896 remordet
2024 1854 2064 1886 de
2087 1861 2222 1895 peccato
2244 1856 2306 1886 nisi
2328 1857 2522 1897 inquantum
2550 1863 2597 1888 est

466 1897 495 1927 3.
513 1897 708 1933 mmmmm,
726 1897 866 1927 damnati
882 1903 956 1928 sunt
971 1898 1105 1928 subiecti
1120 1899 1258 1938 tempori
1273 1899 1300 1928 *ἦ
1325 1897 1388 1928 Sed
1403 1898 1474 1928 lon·
1529 1896 1638 1927 divino
1661 1903 1835 1938 praecepto
1859 1899 2025 1929 contraria.

409 1940 521 1980 gitudo
538 1942 692 1981 temporis
708 1946 755 1971 est
770 1951 864 1971 causa
881 1941 1070 1972 oblivionis:
1095 1947 1131 1972 ut
1147 1942 1262 1972 dicitur
1276 1943 1310 1972 in
1330 1942 1373 1972 IV
1387 1942 1474 1983 Phy-
1487 1953 1515 1974 4⁰

408 1985 464 2015 sic·
481 1986 498 2002 {—
529 1985 614 2025 Ergo
646 1985 786 2016 damnati
819 1985 1047 2016 obliviscentur
1076 1995 1190 2017 eorum
1221 1995 1304 2027 quae
1335 1987 1387 2016 hic
1419 1987 1474 2017 ha,
1572 1971 1672 2002 ART.
1694 1972 1747 2003 IX.
1772 1983 1877 2003 uranu
1900 1983 2040 2004 DAMNA'H
2063 1984 2204 2005 erorum
2226 1985 2393 2006 annorum
2414 1986 2562 2007 mnam-⁴

409 2030 556 2060 buerunt.
1876 2023 1962 2052 Quoad.
1979 2023 2041 2051 VIII,
2057 2030 2095 2052 qu.
2111 2030 2151 2050 vu,
2166 2028 2209 2046 nrt.
2227 2032 2246 2047 ι.

465 2073 527 2104 San
545 2083 668 2104 coi-zm
686 2083 741 2104 nsr
757 2073 847 2114 quod
862 2074 941 2104 Luc.
958 2084 1011 2104 xvr
1026 2075 1043 2091 ἦ
1059 2074 1174 2105 dicitur
1189 2075 1287 2105 Diviti
1304 2074 1472 2106 damnato:
1531 2083 1615 2147 An
1639 2082 1749 2104 nomm
1772 2083 1817 2104 src
1844 2083 2050 2105 Paocnnrrun.
2079 2074 2214 2105 Videtur
2241 2075 2331 2116 quod
2358 2076 2499 2107 damnati
2525 2077 2595 2118 glo-

408 2118 595 2148 Recordare
618 2118 694 2158 quia
723 2118 869 2158 recepisti
892 2118 993 2155 bona,
1018 2124 1078 2149 etc.
1112 2119 1198 2159 Ergo
1228 2118 1475 2150 considerabunt
1593 2118 1673 2148 riam
1696 2118 1865 2149 beatorum
1887 2127 1956 2149 non
1979 2118 2117 2150 videant.
2142 2119 2244 2160 Magis
2272 2120 2359 2151 enim
2378 2120 2472 2152 distat
2491 2122 2531 2152 ab
2551 2122 2596 2153 eis

409 2171 446 2192 ea
470 2172 552 2203 quae
575 2163 627 2192 hic
651 2162 820 2193 sciverunt.
1488 2174 1513 2194 4ς
1529 2162 1630 2203 gloria
1652 2163 1821 2193 beatorum
1851 2172 1950 2203 quam
1982 2172 2019 2194 ea
2046 2173 2129 2204 quae
2156 2164 2190 2194 in
2212 2164 2277 2195 hoc
2299 2165 2424 2196 mundo
2448 2166 2595 2206 aguntur.

466 2216 495 2237 2.
519 2207 719 2243 Pnaarnaaa,
744 2208 866 2247 species
897 2207 1110 2248 intelligibiles
1139 2208 1173 2238 in
1204 2208 1310 2238 anima
1333 2213 1475 2248 separata
1530 2207 1593 2238 Sed
1615 2207 1677 2247 ipsi
1699 2216 1767 2237 non
1791 2206 1901 2238 vident
1924 2217 2007 2248 quae
2031 2208 2114 2239 circa
2135 2217 2196 2239 nos
2224 2214 2380 2249 aguntur:
2404 2210 2492 2241 unde
2518 2210 2596 2242 dicit

519 1299 618 1329 ART.
635 1299 703 1329 VII.
728 1309 833 1329 urium
857 1309 995 1330 οΑΜΝΑτι
1018 1309 1143 1330 ΡοεεῐΝτ
1166 1309 1218 1329 orl
1240 1309 1368 1330 norun

658 1353 745 1374 QUAM
761 1354 792 1373 IN
816 1353 879 1374 1-10c
903 1353 1011 1374 MUNDo
1035 1354 1221 1374 HABUERUNT

408 2256 584 2287 remanent,
601 2254 637 2281 ut
659 2260 755 2291 supra
770 2252 787 2268 ⁴*
804 2251 924 2282 dictum
942 2257 997 2282 est.
1022 2251 1054 2282 Si
1074 2252 1169 2292 igitur
1185 2253 1230 2282 eis
1245 2262 1312 2283 non
1336 2253 1383 2283 uti
1399 2262 1474 2293 pos-
1530 2251 1715 2292 Gregorius,
1738 2251 1796 2282 XII
1812 2252 1935 2282 Moral.
1952 2253 1979 2288 ⁴,
2003 2261 2099 2293 super
2121 2252 2201 2283 illud
2223 2253 2283 2284 Iob
2298 2254 2350 2290 ”,
2374 2254 2449 2285 Sive
2461 2255 2597 2297 ficet-int
2622 2257 2634 2270 ·

409 2301 488 2331 sent,
513 2295 627 2326 frustra
649 2302 850 2326 remanerent
871 2297 906 2326 in
930 2297 983 2326 eis.
1530 2297 1652 2327 nobiles
1664 2296 1735 2337 filii
1757 2297 1827 2327 eius
1845 2301 1925 2327 etc.:
1950 2296 2042 2328 Sicut
2054 2297 2089 2328 hi
2115 2298 2172 2338 qui
2193 2297 2300 2329 adhuc
2313 2298 2434 2336 vivunt,
2450 2305 2596 2331 mortuo-

463 2340 652 2370 Rnsponmzo
677 2350 837 2371 mmmmm
853 2340 952 2380 quod,
970 2341 1051 2371 sicut
1067 2345 1198 2380 propter
1213 2340 1388 2381 perfectam
1404 2350 1474 2372 san-
1529 2350 1602 2371 rum
1622 2341 1751 2371 animae
1766 2350 1830 2381 quo
1847 2341 1920 2371 loco
1935 2341 2118 2372 habeantur
2132 2342 2291 2383 ignorant
2297 2349 2310 2380 ,⁸
2333 2343 2379 2374 ita
2393 2344 2524 2381 mortui,
2538 2345 2596 2386 qui

409 2389 535 2414 ctorum
558 2384 789 2415 beatitudinem
811 2385 891 2415 nihil
915 2385 973 2415 erit
994 2386 1028 2415 in
1052 2386 1097 2415 eis
1120 2384 1210 2425 quod
1228 2395 1296 2416 non
1313 2386 1352 2416 sit
1366 2385 1475 2426 gaudii
1490 2392 1516 2413 5⁰
1529 2386 1747 2426 corporaliter
1778 2385 1949 2422 vixerunt,
1975 2386 2041 2417 vita
2065 2386 2097 2416 in
2121 2396 2222 2417 carne
2241 2387 2427 2427 positorum
2457 2389 2598 2429 qualiter

408 2429 549 2465 materia,
573 2430 616 2459 ita
638 2429 718 2459 nihil
742 2430 800 2459 erit
822 2429 856 2459 in
879 2429 1036 2459 damnatis
1059 2429 1149 2470 quod
1172 2439 1240 2460 non
1263 2431 1302 2460 sit
1332 2430 1376 2461 eis
1407 2440 1474 2461 ma·
1528 2430 1617 2461 circa
1640 2439 1696 2460 eos
1718 2430 1926 2470 disponatur,
1950 2430 2110 2470 ignorant.
2144 2431 2230 2471 Ergo
2253 2432 2358 2463 multo
2385 2433 2494 2464 minus
2520 2442 2596 2474 pos·

408 2473 485 2503 teria
519 2479 549 2504 et
579 2482 674 2503 causa
703 2474 864 2510 tristitiae;
895 2483 956 2504 nec
984 2473 1104 2514 aliquid
1127 2474 1217 2514 quod
1247 2473 1287 2505 ad
1316 2475 1474 2506 tristitiam
1528 2480 1603 2505 sunt
1625 2474 1732 2505 videre
1755 2475 1889 2514 gloriam
1912 2475 2091 2506 beatorum.

407 2517 508 2557 possit
531 2518 700 2557 pertinere,
725 2517 833 2553 deerit,
850 2523 887 2548 ut
902 2518 942 2548 sit
957 2527 1071 2548 eorum
1091 2518 1217 2548 miseria
1240 2525 1472 2550 consummata.
1585 2529 1614 2549 2.
1639 2519 1836 2555 Pium-nam,
1860 2519 1940 2550 illud
1963 2519 2054 2559 quod
2070 2519 2259 2550 conceditur
2273 2521 2389 2552 sanctis
2404 2521 2438 2552 in
2453 2521 2513 2552 hac
2531 2522 2597 2553 vita

409 2560 632 2592 Consideratio
657 2571 733 2601 ergo
753 2561 937 2602 aliquorum
951 2567 1106 2592 notorum
1123 2567 1280 2602 quantum
1296 2562 1335 2594 ad
1352 2563 1472 2604 aliquid
1527 2573 1587 2603 pro
1611 2573 1730 2604 magno
1753 2573 1899 2598 munere.
1922 2573 2092 2604 nunquam
2116 2563 2312 2596 concedetur
2334 2565 2501 2596 damnatis.
2531 2565 2596 2598 Sed

406 2605 530 2636 inducit
552 2605 722 2645 gaudium:
746 2606 797 2636 vel
813 2615 851 2636 ex
866 2611 956 2646 parte
979 2607 1256 2647 cognoscibilium‚
1279 2607 1473 2647 inquantum
1488 2618 1511 2639 55
1527 2608 1628 2638 Paulo
1651 2617 1711 2648 pro
1735 2617 1854 2648 magno
1881 2617 2016 2639 munere
2047 2608 2108 2639 fuit
2139 2618 2331 2640 concessum
2360 2609 2468 2641 videre
2496 2610 2595 2642 vitam

407 2649 597 2690 diliguntur3
622 2650 672 2680 vel
696 2660 734 2680 ex
757 2655 846 2690 parte
868 2651 968 2691 ipsius
992 2651 1196 2691 cognitionis,
1212 2652 1405 2692 inquantum
1426 2658 1473 2683 est
1526 2652 1614 2683 illam
1637 2662 1702 2693 qua
1725 2653 1825 2683 sancti
1848 2653 2047 2684 aeternaliter
2070 2662 2146 2684 cum
2169 2653 2241 2684 Deo
2263 2654 2393 2685 vivunt:
2417 2660 2454 2685 ut
2480 2654 2596 2686 dicitur

408 2695 603 2724 conveniens
627 2699 659 2725 et
680 2694 831 2735 perfecta.
864 2695 974 2726 Potest
998 2696 1094 2726 eu'am
1116 2696 1259 2726 tristitiae
1283 2705 1351 2726 esse
1374 2698 1471 2728 ratio:
1527 2696 1555 2726 II
1581 2697 1658 2727 Cor.
1675 2707 1719 2727 xn
1734 2698 1761 2732 ᾗ
1777 2698 1810 2727 in
1835 2696 1950 2728 Glossa
1966 2698 2011 2727 st.
2043 2697 2129 2738 Ergo
2153 2697 2295 2729 damnati
2317 2704 2502 2730 sanctorum
2523 2699 2594 2740 glo·

407 2743 438 2768 et
461 2748 499 2768 ex
522 2744 611 2778 parte
635 2739 921 2779 cognoscibilium‚
946 2749 1030 2780 quae
1062 2745 1135 2770 nata
1163 2745 1237 2771 sunt
1265 2741 1470 2778 contristare3
1526 2742 1606 2771 riam
1628 2751 1696 2772 non
1719 2740 1884 2772 videbunt.

407 2788 438 2812 et
462 2792 498 2813 ex
522 2788 610 2823 parte
633 2784 732 2823 ipsius
756 2784 959 2823 cognitionis,
979 2789 1077 2824 prout
1093 2785 1160 2815 eius
1174 2784 1376 2825 imperfectio
1393 2795 1471 2816 con·
1582 2785 1645 2816 San
1673 2795 1797 2816 CONTRA
1817 2796 1872 2816 asr
1895 2785 1986 2826 quod
2009 2786 2124 2817 dicitur
2146 2786 2226 2817 Luc.
2243 2796 2296 2817 xvr
2311 2787 2345 2823 ³,
2369 2787 2460 2827 quod
2481 2787 2590 2824 Dives,

407 2826 569 2863 sideratur,
594 2833 707 2868 utpote
731 2837 806 2858 cum
830 2828 944 2868 aliquis
969 2828 1148 2859 considerat
1164 2838 1198 2859 se
1214 2828 1351 2860 deficere
1366 2830 1400 2860 in
1416 2840 1471 2861 co-
1484 2839 1512 2859 60
1526 2830 1559 2860 in
1583 2830 1751 2860 tormentis
1767 2830 1911 2870 positus,
1927 2830 2007 2862 vidit
2028 2830 2202 2867 Abraham,
2221 2836 2254 2862 et
2274 2831 2438 2872 Lazarum
2459 2832 2494 2862 in
2516 2831 2591 2863 sinu

406 2871 550 2911 gnitione
574 2872 707 2903 alicuius
730 2873 786 2908 rei,
810 2873 902 2903 cuius
924 2872 1158 2913 perfectionem
1181 2878 1355 2914 appeteret.
1525 2875 1603 2905 eius.

462 2915 514 2946 Sic
538 2925 613 2956 ergo
637 2917 671 2946 in
693 2916 849 2947 damnatis
872 2917 931 2947 erit
953 2918 1084 2948 actualis
1115 2917 1327 2949 consideratio
1357 2927 1470 2950 eorum
1579 2919 1770 2949 stpounao
1794 2928 1955 2949 mcanntm
1986 2919 2076 2959 quod
2102 2919 2243 2950 damnati
2269 2924 2342 2950 ante
2365 2919 2451 2950 diem
2480 2918 2591 2950 Iudicii

406 2968 489 2999 quae
512 2961 600 3000 prius
623 2961 784 2991 sciverunt
806 2966 843 2991 ut
865 2962 996 2992 materia
1023 2962 1184 2999 tristitiae,
1209 2972 1276 2993 non
1303 2968 1412 2994 autem
1433 2969 1471 2994 ut
1523 2962 1634 2994 vident
1656 2963 1767 2994 beatos
1789 2964 1823 2994 in
1846 2963 1957 3004 gloria,
1980 2973 2049 2994 non
2071 2964 2135 2995 hoc
2157 2963 2260 2995 modo
2276 2963 2366 3004 quod
2383 2963 2519 3003 gloriam
2535 2972 2590 2994 eo-

406 3003 624 3035 delectationis
641 3014 745 3036 causa.
770 3005 1030 3037 Considerabunt
1045 3007 1132 3037 enim
1148 3012 1179 3037 et
1194 3007 1278 3037 mala
1301 3016 1384 3047 quae
1399 3017 1468 3048 ges·
1524 3017 1597 3038 rum
1621 3008 1723 3048 qualis
1747 3008 1787 3038 sit
1810 3013 2015 3048 cognoscant,
2032 3008 2089 3039 sed
2111 3008 2218 3039 solum
2234 3012 2435 3048 cognoscunt
2450 3016 2506 3038 eos
2522 3017 2590 3039 esse

405 3053 533 3085 serunt,
557 3058 595 3079 ex
625 3049 741 3089 quibus
770 3049 910 3080 damnati
939 3055 1033 3087 sunt;
1058 3056 1088 3081 et
1118 3051 1205 3081 bona
1232 3051 1362 3088 dilecta,
1387 3061 1470 3092 quae
1482 3056 1507 3083 ὂς
1523 3052 1557 3082 in
1579 3052 1681 3092 gloria
1705 3051 1844 3092 quadam
1867 3052 2100 3083 inaestimabili.
2131 3052 2173 3082 Et
2195 3061 2243 3082 >ex
2272 3052 2337 3082 hoc
2359 3051 2587 3083 turbabuntur:

405 3093 593 3129 amiserunt3
619 3099 650 3124 et
680 3103 718 3124 ex
751 3099 890 3134 utroque
919 3095 1166 3135 torquebuntur.
1196 3095 1346 3127 Similiter
1373 3097 1469 3127 en'am
1523 3101 1594 3127 tum
1616 3101 1748 3136 propter
1770 3095 1933 3132 invidiam,
1958 3095 2103 3127 dolentes
2127 3095 2167 3126 de
2189 3095 2339 3126 felicitate
2363 3105 2495 3133 eorum3
2518 3101 2590 3127 tum

404 3137 641 3177 torquebuntur
664 3137 704 3168 de
726 3139 789 3168 hoc
813 3138 903 3178 quod
926 3139 1174 3170 considerabunt
1195 3140 1343 3171 notitiam
1371 3150 1469 3181 quam
1522 3146 1655 3181 propter
1678 3141 1742 3171 hoc
1765 3140 1856 3181 quod
1878 3141 1939 3181 ipsi
1961 3141 2058 3171 talem
2072 3140 2207 3180 gloriam
2223 3139 2415 3176 amiserunt3
2439 3140 2527 3171 unde
2542 3140 2589 3171 di-

405 3180 445 3211 de
468 3181 562 3212 rebus
585 3182 831 3221 speculabilibus
864 3183 1044 3214 habuerunt
1073 3183 1294 3224 imperfectam
1329 3194 1413 3221 esse,
1438 3190 1470 3216 et
1523 3186 1604 3216 citur
1619 3185 1728 3225 Sap.v
1743 3186 1760 3202 ὓ
1783 3184 1824 3216 de
1838 3185 1964 3225 impiis:
1987 3184 2132 3215 Videntes
2147 3183 2364 3214 turbabuntur
2378 3185 2495 3215 timore
2513 3185 2589 3215 hor·
2614 3191 2627 3203 ·

405 3225 549 3256 amisisse
569 3235 729 3257 summam
753 3226 821 3257 eius
844 3227 1092 3267 perfectionem,
1117 3237 1215 3268 quam
1238 3234 1387 3269 poterant
1414 3229 1468 3260 ad·
1523 3229 1619 3259 ribili.
1645 3228 1708 3260 Sed
1723 3234 1798 3269 post
1813 3228 1899 3260 diem
1913 3227 2024 3259 iudicii
2039 3228 2174 3258 omnino
2190 3228 2359 3258 beatorum
2382 3229 2505 3260 visione
2523 3230 2588 3270 pri-

404 3268 505 3308 ipisci.
1482 3282 1509 3303 7⁰
1521 3274 1691 3304 vabuntur.
1716 3273 1786 3304 Nec
1807 3278 1916 3303 tamen
1939 3281 1978 3302 ex
1999 3272 2064 3303 hoc
2087 3281 2202 3302 eorum
2219 3281 2326 3312 poena
2341 3273 2515 3310 minuetur,
2531 3273 2588 3305 sed

459 3313 510 3343 An
531 3323 648 3344 ramma
671 3324 754 3345 noo
778 3319 937 3345 mmmmm
961 3316 1060 3355 quod,
1085 3317 1231 3356 quamvis
1255 3317 1467 3348 consideratio
1521 3318 1699 3357 augebitur.
1734 3317 1820 3355 Quia
1840 3316 2033 3347 :ne-oriam
2061 3315 2226 3347 habebunt
2254 3317 2374 3356 gloriae
2402 3318 2586 3354 beatorum,

405 3357 444 3386 sit
467 3366 524 3396 per
547 3367 580 3388 se
604 3357 813 3394 delectabilis,
838 3365 945 3389 tamen
970 3369 1007 3390 ex
1030 3360 1140 3400 aliquo
1170 3361 1334 3392 accidente
1361 3367 1468 3402 potest
1522 3370 1621 3402 quam
1643 3362 1678 3392 in
1700 3360 1821 3391 iudicio
1844 3359 1999 3390 videbunt
2021 3360 2072 3390 vel
2095 3365 2168 3390 ante
2190 3360 2363 3392 iudicium:
2389 3366 2421 3392 et
2442 3362 2506 3393 hoc
2529 3362 2586 3393 erit

406 3404 474 3430 esse
495 3401 636 3432 tristitiae
660 3412 763 3432 causa.
787 3403 829 3433 Et
851 3404 895 3433 sic
919 3404 977 3433 erit
999 3404 1033 3434 in
1057 3403 1222 3435 damnatis.
1522 3406 1567 3436 eis
1589 3406 1623 3435 In
1646 3409 1854 3435 tormentum.
1888 3403 1952 3434 Sed
1981 3403 2114 3435 ulterius
2144 3404 2324 3445 affligentur
2352 3406 2386 3436 in
2409 3406 2473 3437 hoc
2496 3405 2586 3447 quod

460 3444 511 3474 Ar>
535 3455 696 3476 sactmmm
719 3456 879 3477 mcmmuu
895 3447 984 3487 quod
999 3448 1032 3478 in
1048 3449 1111 3479 hoc
1126 3448 1251 3479 mundo
1267 3450 1374 3480 amma
1389 3459 1467 3480 con·
1520 3448 1676 3479 videbunt
1697 3458 1731 3478 se
1754 3447 1904 3488 indignos
1926 3449 2065 3488 reputari
2089 3449 2185 3480 etiam
2207 3449 2315 3481 videre
2337 3450 2472 3490 gloriam
2487 3459 2586 3491 quam

405 3487 547 3528 iungitur
571 3490 767 3530 corruptibili
785 3492 928 3531 ‘coi-pori.
953 3491 1047 3522 Unde
1070 3502 1127 3533 per
1149 3493 1213 3523 ho'c
1237 3492 1327 3532 quod
1349 3502 1466 3534 corpus
1480 3512 1504 3534 ⁷5
1522 3493 1622 3523 sancti
1645 3497 1808 3522 merentur
1830 3492 1956 3523 habere.

2621 2703 2746 2726 'ven-a.

2618 2729 2836 2780 ffifmfflm⁸¹
2874 2731 2878 2773 ζ

2618 2798 2628 2809 ·
2642 2795 2712 2819 Ven-
2727 2802 2762 2826 ³³·

2641 3189 2708 3213 Vm.
2722 3196 2745 3213 a.
