2918 4088
192 794 203 804 ·
217 793 267 814 Art.
286 792 391 819 praeced.

429 191 448 216 10

454 192 475 227 Nl

482 191 502 215 10

1083 182 1345 229 QUAESTIO
1378 181 1583 226 LXXXIII,
1613 178 1905 216 ARTICULUS
1933 178 1963 214 ΙΙ

1193 318 1511 361 ARTICULUS
1541 315 1842 357 SECUNDUS

544 413 702 444 UTRUM
727 413 1071 444 CONVENIENTER
1095 413 1162 444 SIT
1186 411 1543 443 DETERMINATUM
1567 410 1741 441 TEMPUS
1766 408 2113 440 CELEBRArloNis
2135 408 2268 440 Huius
2291 408 2495 439 MYSTERII

1192 492 1225 516 1v
1245 491 1328 520 Sent„
1349 491 1408 515 dist.
1427 497 1481 520 xm,
1501 497 1546 523 qu.
1564 497 1581 518 1,
1601 495 1647 514 art.
1668 496 1691 520 2,
1712 489 1761 522 qu⁸
1782 489 1805 518 3,
1825 497 1850 520 4.

483 612 492 621 ,
549 600 591 622 „4
642 584 664 608 D
679 584 867 609 SECUNDUM
887 585 939 609 S1c
954 584 1188 609 paoceme.
1209 570 1370 607 Videtur
1389 569 1495 618 quod

492 620 507 642 ·”
557 622 957 670 ‘'''Jinconvenienter
991 625 1036 661 sit
1072 623 1369 661 determinatum
1401 630 1496 659 tem-

431 794 528 819 vum
556 783 782 820 Dominicae
810 783 1009 832 passionis,
1039 791 1080 820 ut
1107 782 1252 820 dictum
1281 790 1336 819 est
1354 781 1384 818 *.
1420 781 1497 818 Sed

432 836 751 873 commemoratio
789 836 1015 873 Dominicae
1053 835 1242 885 passionis
1277 835 1319 871 fit
1354 834 1393 871 in
1425 835 1496 871 Ec-

433 887 545 925 clesia
564 891 682 925 semel
701 888 740 925 in
769 901 892 925 anno:
923 889 1012 926 dicit
1038 888 1141 925 enim
1169 887 1417 936 Augustinus,
1437 899 1496 923 su-

194 951 405 973 ·Enarr·111'n1³s·
427 953 499 990 per
524 943 691 978 Psalmos
718 942 754 977 *ε
798 943 945 984 Quoties
973 943 1118 978 Pascha
1145 942 1373 986 celebratur,
1403 953 1496 976 nun-

193 984 240 1003 xxi,
257 984 319 999 num.
338 985 355 1000 Ι.

194 1846 404 1874 ‘Matth.cap.xxv1‚

192 1879 253 1895 vers.
273 1879 314 1898 2o;
333 1873 403 1894 Marc.

194 1906 243 1927 cap.
251 1905 361 1925 xiv,vers.
370 1906 403 1926 ¹73

192 1927 248 1948 Luc.
270 1932 320 1954 cap.
342 1932 403 1951 xxn,

192 1959 252 1974 vers.
274 1959 313 1979 ¹43
339 1952 349 1973 1
372 1952 406 1973 ad

194 1979 404 2006 cor.cap.xi,vers.

192 2012 280 2054 33'Cam
304 2031 405 2053 Necesse

192 2061 229 2080 est
241 2061 327 2080 autem.

191 2087 201 2096 '
208 2085 305 2106 Primus.
313 2096 322 2100 -
329 2084 403 2112 Epist.

193 2111 232 2135 IX.
242 2111 316 2138 ath,
324 2117 374 2138 cap.
381 2116 403 2132 ιι.

192 2140 202 2149 ·
218 2139 264 2165 Qu.
278 2144 346 2164 cxxx,
361 2140 403 2159 art.

193 2165 214 2191 8,
229 2165 257 2186 ad
271 2171 290 2193 5.

193 2328 203 2338 '¹
218 2327 286 2348 Dom.
301 2325 333 2347 tx
351 2328 405 2352 post

194 2354 322 2375 Pentecost.

194 2647 203 2657 ·
218 2646 254 2667 Cf.
271 2651 348 2674 respp.
365 2645 392 2666 ad

193 2673 291 2694 obiecta.

193 2701 203 2710 ·
218 2701 268 2721 Art.
287 2698 392 2726 praeced.

198 3172 207 3182 ¹
222 3170 289 3192 Vers.
303 3175 323 3197 3.

199 3207 208 3216 '¹
223 3205 298 3226 Serm.
312 3210 409 3230 univ,

199 3232 227 3253 al.
236 3230 332 3252 deVerb.
342 3231 408 3252 Dom.

198 3263 277 3279 xxviii.
305 3268 315 3273 -
351 3257 410 3277 Inter

199 3284 262 3312 opp.
277 3284 337 3311 Aug.

433 994 521 1043 quid
537 996 638 1039 toties
670 996 834 1032 Christus
852 994 1058 1031 occiditur?
1085 994 1159 1032 Sed
1183 1000 1306 1031 tamen
1327 995 1496 1030 anniver-

430 1048 533 1083 saria
566 1047 773 1083 recordatio
811 1053 1061 1096 repraesentat
1096 1047 1196 1096 quod
1229 1046 1317 1083 olim
1346 1045 1496 1093 factum

433 1105 500 1145 est,
539 1105 572 1135 et
604 1101 657 1135 sic
692 1111 758 1135 nos
782 1099 882 1146 facit
915 1101 1062 1136 moveri
1095 1104 1272 1147 tanquam
1307 1098 1497 1135 videamus

430 1153 635 1188 Dominum
665 1153 701 1187 in
738 1163 848 1188 cruce
877 1157 1112 1200 praesentem
1138 1156 1165 1187 α.
1205 1152 1306 1198 Ergo
1335 1151 1411 1186 hoc
1439 1162 1496 1186 sa-

431 1211 673 1241 cramentum
706 1216 785 1240 non
821 1204 935 1240 debet
972 1203 1153 1240 celebrari
1190 1203 1262 1239 nisi
1297 1204 1417 1239 semel
1458 1202 1496 1238 in

431 1270 546 1294 anno.

486 1322 519 1346 2.
541 1312 773 1355 PRAETEREA,
793 1309 920 1358 passio
942 1308 1079 1345 Christi
1100 1315 1430 1345 commemoratur
1457 1307 1496 1344 in

430 1363 600 1401 Ecclesia
627 1370 731 1399 Sexta
757 1362 849 1399 feria
877 1370 963 1399 ante
992 1363 1151 1408 Pascha,
1181 1374 1261 1398 non
1290 1369 1417 1398 autem
1457 1360 1497 1397 in

430 1418 523 1454 festo
552 1415 708 1453 Natalis.
750 1416 851 1452 Cum
889 1427 978 1463 ergo
1017 1415 1093 1451 hoc
1130 1422 1414 1451 sacramentum
1452 1413 1498 1449 sit

430 1468 821 1508 commemorativum
849 1467 1076 1506 Dominicae
1111 1467 1316 1517 passionis,
1346 1467 1499 1504 videtur

430 1522 707 1560 inconveniens
735 1522 842 1572 quod
871 1521 910 1558 in
938 1520 1000 1558 die
1029 1521 1174 1558 Natalis
1202 1529 1258 1557 ter
1285 1520 1498 1558 celebratur

430 1578 506 1614 hoc
534 1583 837 1620 sacramentum,
867 1575 906 1612 in
934 1575 1146 1612 Parasceve
1174 1582 1305 1611 autem
1337 1573 1498 1611 totaliter

430 1629 700 1668 intermittitur.

487 1683 520 1720 3.
550 1684 783 1728 PRAETEREA,
803 1680 843 1718 in
862 1680 1116 1718 celebratione
1135 1679 1252 1717 huius
1271 1678 1498 1717 sacramenti

431 1735 602 1775 Ecclesia
629 1735 743 1773 debet
769 1733 907 1772 imitari
934 1732 1210 1771 institutionem
1240 1732 1390 1771 Christi.
1422 1732 1499 1770 Sed

433 1789 606 1828 Christus
635 1787 871 1826 consecravit
898 1788 974 1826 hoc
1003 1794 1287 1824 sacramentum
1314 1787 1412 1824 hora
1444 1798 1498 1822 se-

431 1843 556 1880 rotina
573 1842 604 1878 ²²⁵.
634 1843 736 1890 Ergo
755 1840 908 1878 videtur
926 1841 1033 1890 quod
1052 1840 1115 1877 tali
1142 1840 1240 1877 hora
1267 1839 1404 1877 debeat
1423 1839 1499 1876 hoc

432 1903 717 1934 sacramentum
744 1893 937 1932 celebrari.

484 1962 521 1998 4.
538 1949 770 1994 PRAETEREA,
787 1947 882 1985 sicut
899 1947 1063 1984 habetur
1077 1948 1122 1985 de
1140 1948 1326 1992 Consecr.,
1342 1945 1426 1983 dist.
1442 1945 1498 1993 1*-,

430 2004 514 2042 Leo
551 2003 658 2052 Papa
675 2001 695 2023 ³*
723 2000 850 2039 scribit
886 2000 1074 2038 Dioscoro
1109 1999 1370 2037 Alexandrino
1408 1998 1499 2049 Epi-

431 2068 563 2106 scop0,
585 2055 691 2105 quod
711 2056 748 2092 in
763 2057 892 2104 prima
914 2060 1025 2104 parte
1052 2054 1126 2091 diei
1143 2053 1278 2090 missas
1306 2051 1498 2090 celebrare

431 2108 527 2147 licet.
559 2108 635 2147 Sed
663 2107 744 2146 dies
772 2107 903 2158 incipit
922 2120 944 2144 a
963 2107 1091 2145 media
1118 2114 1243 2154 nocte,
1273 2114 1315 2143 ut
1343 2117 1461 2155 supra
1478 2104 1498 2127 ’¹‘

431 2161 578 2200 dictum
610 2168 675 2199 est.
705 2162 807 2208 Ergo
835 2161 987 2199 videtur
1014 2161 1121 2211 quod
1157 2159 1271 2197 etiam
1302 2166 1391 2209 post
1417 2171 1498 2197 me-

431 2214 537 2253 diam
564 2222 719 2252 noctem
747 2214 855 2251 liceat
883 2214 1086 2252 celebrare.

488 2269 520 2304 5.
551 2269 783 2314 PRAETEREA,
803 2267 843 2304 in
867 2267 1035 2316 quadam
1065 2266 1297 2304 Dominicali
1325 2265 1498 2303 oratione

432 2329 575 2359 secreta
593 2321 612 2342 ’¹‘
640 2320 795 2358 dicitur:
835 2321 1005 2358 Concede
1033 2322 1148 2366 nobis,
1177 2321 1358 2365 Domine,
1389 2331 1498 2368 quae-

431 2386 570 2420 sumus,
589 2375 680 2411 haec
695 2374 942 2423 frequentare
961 2375 1151 2422 mysteria.
1182 2373 1260 2410 Sed
1278 2372 1403 2410 maior
1431 2371 1499 2409 erit

432 2427 646 2477 frequentia
673 2426 704 2463 si
732 2426 847 2464 etiam
874 2427 1051 2476 pluribus
1079 2426 1185 2464 horis
1213 2427 1252 2464 in
1287 2425 1348 2463 die
1376 2437 1498 2463 sacer-

434 2480 504 2517 dos
523 2480 697 2517 celebret.
727 2480 828 2529 Ergo
847 2480 1000 2517 videtur
1019 2480 1126 2529 quod
1145 2492 1226 2517 non
1245 2479 1382 2517 debeat
1409 2490 1497 2528 pro-

433 2532 557 2570 hiberi
584 2532 763 2571 sacerdos
790 2532 931 2582 pluries
959 2533 1150 2570 celebrare
1178 2531 1217 2569 in
1246 2532 1319 2569 die.

488 2586 561 2624 SED
591 2598 624 2623 IN
654 2597 885 2624 CONTRARIUM
913 2598 979 2623 EST
1007 2585 1248 2623 consuetudo
1277 2597 1397 2635 quam
1423 2596 1498 2622 ser-

433 2647 498 2676 vat
526 2639 695 2676 Ecclesia
723 2639 939 2676 secundum
967 2651 1164 2676 canonum
1193 2646 1330 2676 statuta
1348 2638 1378 2675 ²¹⁸.

487 2693 712 2730 RESPONDEo
739 2704 922 2730 mcaNDUM
950 2692 1068 2741 quod,
1097 2691 1194 2728 sicut
1219 2691 1365 2729 dictum
1394 2698 1449 2728 est
1467 2690 1497 2737 ³¹²,

433 2744 474 2782 in
508 2744 761 2783 celebratione
795 2744 912 2782 huius
940 2744 1109 2795 mysterii
1142 2744 1347 2782 attenditur
1379 2752 1415 2782 et
1442 2756 1499 2782 re-

432 2798 687 2847 praesentatio
715 2797 941 2836 Dominicae
969 2798 1169 2848 passionis,
1199 2806 1234 2835 et
1261 2797 1498 2848 participatio

432 2852 577 2890 fructus
613 2851 706 2889 eius.
746 2852 794 2889 Et
830 2852 1047 2889 secundum
1083 2859 1293 2900 utrumque
1331 2850 1500 2901 oportuit

433 2904 688 2941 determinare
707 2912 861 2954 tempus
880 2912 1015 2954 aptum
1043 2904 1289 2942 celebrationi
1308 2904 1424 2942 huius
1444 2917 1498 2942 sa-

434 2957 629 2995 cramenti.
659 2957 762 3005 Quia
782 2957 886 2996 enim
904 2958 1029 2996 fructu
1054 2958 1283 2996 Dominicae
1310 2957 1498 3008 passionis

434 3011 606 3060 quotidie
632 3010 851 3061 indigemus
868 3019 1025 3061 propter
1043 3010 1290 3061 quotidianos
1317 3011 1497 3057 defectus,

435 3063 604 3113 quotidie
633 3063 673 3101 in
692 3064 862 3102 Ecclesia
881 3064 1100 3113 regulariter
1118 3066 1194 3102 hoc
1215 3071 1499 3101 sacramentum

436 3116 604 3154 offertur.
644 3117 755 3154 Unde
792 3125 829 3154 et
865 3118 1058 3155 Dominus
1095 3130 1166 3155 nos
1202 3124 1332 3166 petere
1369 3117 1498 3165 docet,

435 3169 530 3206 Luc.
551 3182 586 3206 xi
603 3169 643 3216 ⁹²²,
670 3172 812 3207 Panem
842 3177 1007 3208 nostrum
1036 3171 1290 3220 quotidianum
1318 3170 1366 3207 da
1395 3172 1499 3208 nobis

437 3222 562 3258 hodie:
597 3223 702 3270 quod
731 3235 927 3272 exponens
963 3223 1216 3271 Augustinus,
1246 3223 1285 3260 in
1320 3222 1416 3260 libro
1454 3223 1499 3259 de

445 3275 571 3311 Verbis
598 3276 752 3311 Domini
768 3276 803 3322 ²¹²,
833 3276 937 3312 dicit:
973 3279 1013 3313 Si
1039 3277 1270 3326 quotidianus
1302 3282 1352 3312 est
1373 3278 1497 3325 panis,

493 3387 686 3447 aJPDominum
706 3389 731 3413 in
752 3396 829 3414 cruce
847 3392 1024 3420 praesentem.
1042 3404 1060 3408 -
1079 3390 1105 3414 in
1130 3397 1208 3415 cruce
1229 3390 1387 3421 pendentem
1409 3389 1502 3414 Domi-

439 3430 502 3447 num
546 3442 551 3448 .

493 3457 517 3491 β)
536 3459 593 3518 ειέΙα
612 3459 838 3484 commemoratio.
856 3474 874 3477 —
894 3460 939 3484 illa
958 3460 1173 3484 commemoratio
1193 3461 1227 3484 sB
1247 3465 1272 3484 et
1290 3460 1372 3489 tertia,
1392 3459 1438 3484 illa
1456 3466 1499 3484 co-

440 3494 532 3518 mestio
574 3511 580 3518 .

1550 581 1618 605 cur
1631 575 1715 618 post
1734 581 1876 606 annum
1895 569 1997 605 illum
2016 581 2152 614 sumas,
2169 569 2479 617 quemadmodum
2499 569 2615 605 Grae-

1549 624 1586 658 ci
1602 624 1639 658 in
1660 623 1800 659 oriente
1816 623 1953 670 facere
1976 621 2275 659 consueverunt?
2300 622 2440 671 Accipe
2459 621 2617 670 quotidie

1551 675 1650 724 quod
1677 675 1835 724 quotidie
1861 677 1926 712 tibi
1946 676 2076 724 prosit.
2097 697 2122 701 —
2159 673 2262 723 Quia
2289 686 2382 710 vero
2411 673 2616 710 Dominica

1549 727 1677 777 passio
1706 728 1893 765 celebrata
1920 735 1975 764 est
2003 740 2025 764 a
2052 726 2159 776 tertia
2187 728 2284 764 hora
2311 738 2436 776 usque
2470 727 2520 764 ad
2547 738 2616 764 no-

1550 793 1642 818 nam
1661 781 1691 827 ²¹²,
1713 781 1800 818 ideo
1829 780 2048 828 regulariter
2067 780 2106 817 in
2125 780 2187 817 illa
2205 787 2311 830 parte
2340 779 2415 816 diei
2435 779 2616 816 Solemni-

1550 842 1606 870 ter
1634 834 1846 871 celebratur
1874 834 1913 870 in
1942 833 2112 871 Ecclesia
2139 834 2215 870 hoc
2243 840 2540 870 sacramentum.

1556 934 1559 937 r
1603 888 1660 923 Ar)
1690 899 1825 924 PRlMUM
1854 899 1951 924 ERGO
1979 899 2161 924 DICENDUM
2190 886 2297 935 quod
2326 885 2365 922 in
2393 887 2469 923 hoc
2497 897 2616 922 sacra-

1550 947 1682 977 mento
1711 939 1890 977 recolitur
1922 940 2049 989 passio
2089 939 2227 979 Christi
2263 939 2481 976 secundum
2509 939 2617 988 quod

1551 992 1633 1029 eius
1669 993 1826 1030 effectus
1855 992 1904 1029 ad
1931 992 2063 1029 fideles
2091 991 2296 1030 derivatur.
2337 992 2414 1030 Sed
2441 999 2616 1041 tempore

1550 1045 1738 1094 passionis
1775 1045 1954 1082 recolitur
1984 1045 2112 1095 passio
2147 1044 2286 1082 Christi
2321 1047 2448 1083 solum
2480 1057 2616 1082 secun-

1551 1098 1647 1134 dum
1680 1098 1787 1146 quod
1823 1098 1861 1134 in
1890 1098 1974 1146 ipso
2012 1098 2135 1147 capite
2171 1106 2303 1135 nostro
2338 1098 2407 1135 fuit
2439 1098 2616 1147 perfecta.

1551 1150 1671 1196 Quod
1695 1150 1855 1199 quidem
1874 1151 2016 1187 factum
2046 1158 2100 1186 est
2128 1152 2264 1188 semel:
2295 1150 2466 1199 quotidie
2486 1159 2617 1188 autem

1549 1203 1718 1239 fructum
1745 1202 1972 1239 Dominicae
2007 1202 2196 1251 passionis
2229 1203 2363 1240 fideles
2390 1203 2617 1252 percipiunt.

1551 1256 1600 1291 Et
1627 1255 1715 1291 ideo
1736 1256 1816 1292 sola
1835 1255 2156 1292 commemoratio
2177 1254 2191 1284 β
2218 1255 2261 1291 fit
2289 1257 2408 1292 semel
2436 1255 2474 1292 in
2495 1268 2615 1293 anno:

1551 1308 1627 1344 hoc
1656 1315 1786 1344 autern
1815 1306 1999 1356 quotidie,
2023 1315 2060 1344 et
2087 1315 2245 1357 propter
2271 1307 2438 1345 fructum
2467 1316 2503 1345 et
2529 1320 2619 1358 pro-

1550 1368 1635 1410 pter
1662 1372 1792 1408 iugem
1820 1372 2063 1398 memoriam.

1604 1414 1661 1450 AD
1690 1425 1880 1451 SECUNDUM
1899 1425 2082 1451 DICENDUM
2102 1414 2222 1462 quod,
2242 1413 2420 1451 veniente
2448 1414 2618 1462 veritate,

1551 1474 1671 1504 cessat
1689 1466 1824 1515 figura.
1854 1467 1942 1504 Hoc
1968 1474 2100 1504 autem
2119 1475 2404 1505 sacramentum
2423 1475 2479 1504 est
2494 1467 2620 1516 figura

1551 1520 1745 1569 quaedam
1765 1527 1801 1556 et
1819 1521 2043 1569 exemplum
2061 1520 2250 1569 passionis
2268 1520 2508 1568 Dominicae,
2523 1520 2620 1559 sicut

1552 1572 1698 1610 dictum
1718 1581 1774 1610 est
1791 1572 1822 1610 ²⁸.
1852 1574 1902 1610 Et
1924 1573 2012 1612 ideo
2031 1573 2072 1611 in
2091 1573 2153 1612 die
2181 1586 2262 1623 quo
2281 1573 2364 1624 ipsa
2391 1573 2520 1624 passio
2539 1574 2619 1612 Do-

1551 1626 1646 1663 mini
1666 1626 1844 1664 recolitur
1870 1634 1986 1675 prout
2014 1626 2162 1664 realiter
2188 1634 2292 1676 gesta
2320 1634 2385 1675 est,
2414 1638 2496 1664 non
2523 1628 2619 1665 cele-

1551 1680 1684 1717 bratur
1711 1679 1945 1717 consecratio
1974 1679 2091 1717 huius
2118 1680 2357 1718 sacramenti.
2393 1680 2454 1718 Ne
2488 1688 2620 1719 tamen

1552 1732 1722 1771 Ecclesia
1757 1745 1803 1771 eo
1838 1732 1954 1770 etiam
1986 1733 2047 1770 die
2082 1733 2129 1771 sit
2162 1732 2244 1770 sine
2276 1733 2402 1771 fructu
2429 1733 2620 1783 passionis

1551 1799 1622 1836 per
1649 1787 1725 1824 hoc
1757 1794 2039 1824 sacramentum
2074 1786 2187 1824 nobis
2221 1786 2390 1824 exhibito
2414 1791 2447 1835 Υ,
2477 1798 2620 1837 corpus

1554 1839 1693 1877 Christi
1721 1847 1990 1877 consecratum
2017 1839 2057 1877 in
2085 1839 2147 1877 die
2174 1839 2418 1889 praecedenti
2450 1851 2619 1877 reserva-

1552 1901 1614 1930 tur
1641 1893 1879 1931 sumendum
1906 1892 1946 1929 in
1974 1892 2035 1930 illa
2063 1892 2136 1930 die.
2166 1893 2259 1930 Non
2287 1899 2418 1930 autem
2452 1892 2620 1942 sanguis,

1552 1954 1710 1996 propter
1744 1946 1982 1996 periculum:
2022 1953 2059 1982 et
2095 1945 2187 1995 quia
2224 1945 2378 1993 sanguis
2418 1945 2620 1995 specialius

1553 2007 1608 2037 est
1635 1999 1762 2048 imago
1799 1998 2028 2036 Dominicae
2065 1998 2272 2048 passionis,
2302 2006 2344 2036 ut
2378 2010 2496 2048 supra
2519 1998 2540 2021 ’¹‘
2566 1998 2621 2036 di-

1552 2060 1658 2090 ctum
1677 2060 1743 2089 est.
1773 2053 1857 2090 Nec
1885 2051 2000 2089 etiam
2027 2064 2167 2089 verum
2195 2059 2260 2098 est,
2281 2051 2390 2102 quod
2421 2050 2583 2102 quidam
2601 2051 2622 2074 *

1552 2106 1704 2151 dicunt,
1734 2105 1841 2156 quod
1878 2117 1948 2155 per
1979 2104 2261 2142 immissionem
2295 2103 2503 2155 particulae
2537 2117 2620 2143 cor-

2644 781 2655 792 ·
2668 779 2704 803 ef.
2719 785 2780 809 resp.
2791 780 2821 804 nd
2833 771 2856 812 3ss

2645 1579 2657 1591 ⁶
2670 1578 2696 1602 1n
2710 1585 2819 1608 corpore.

2647 2001 2658 2012 '¹
2663 1999 2711 2028 Qu.
2716 2005 2811 2028 unm.
2817 2003 2863 2025 m-

2646 2026 2784 2077 Ξὺῖἀῡῗυικ.
2793 2053 2863 2083 offic.

2646 2079 2862 2136 {tila-iatrossssz

2646 2133 2748 2156 Ateuint.

1551 2159 1656 2209 poris
1675 2159 1715 2196 in
1733 2171 1884 2205 vmum,
1900 2165 2146 2196 convertatur
2163 2157 2302 2196 vinum
2319 2170 2361 2195 m
2377 2157 2618 2206 sanguinem.
2652 2195 2654 2199 ,

1553 2214 1640 2250 Hoc
1667 2212 1773 2250 enim
1801 2211 1907 2250 aliter
1924 2211 2009 2249 fieri
2027 2223 2109 2249 non
2135 2218 2261 2260 potest
2289 2223 2408 2261 quam
2435 2223 2506 2261 per
2528 2223 2620 2249 con-

1552 2266 1806 2304 secrationem
1823 2266 1962 2302 factam
1988 2265 2061 2302 sub
2089 2263 2217 2302 debita
2242 2263 2368 2301 forma
2394 2263 2619 2302 verborum.

1605 2321 1648 2356 In
1676 2318 1738 2356 die
1775 2326 1906 2356 autem
1943 2316 2158 2355 Nativitatis
2191 2317 2322 2366 plures
2358 2315 2497 2354 missae
2526 2318 2620 2355 cele-

1552 2373 1732 2418 brantur,
1770 2378 1928 2421 propter
1963 2369 2151 2420 triplicem
2189 2369 2329 2407 Christi
2370 2369 2618 2407 nativitatem.

1553 2426 1734 2473 Quarum
1753 2436 1832 2462 una
1851 2431 1907 2460 est
1925 2430 2095 2461 aeterna:
2126 2434 2240 2472 quae,
2256 2430 2448 2472 quantum
2467 2423 2516 2460 ad
2535 2434 2620 2470 nos,

1553 2486 1608 2516 est
1627 2479 1787 2515 occulta.
1818 2478 1866 2514 Et
1885 2476 1972 2514 ideo
1993 2488 2072 2513 una
2099 2475 2216 2513 missa
2235 2483 2408 2513 cantatur
2426 2475 2467 2513 in
2485 2483 2619 2515 nocte:

1552 2531 1592 2568 in
1620 2531 1730 2568 cuius
1759 2529 1915 2567 introitu
1943 2529 2097 2576 dicitur,
2127 2530 2314 2566 Dominus
2341 2529 2435 2566 dixit
2465 2529 2517 2566 ad
2542 2528 2619 2567 mei

1552 2585 1669 2622 Filius
1705 2595 1809 2620 meus
1843 2595 1880 2620 es
1914 2589 1973 2628 tu,
2002 2594 2074 2633 ego
2107 2582 2216 2619 hodie
2251 2583 2370 2632 genui
2395 2588 2440 2619 te.
2477 2604 2502 2608 -
2534 2580 2620 2620 Alia

1553 2645 1684 2675 autem
1704 2644 1759 2674 est
1781 2635 2015 2685 temporalis,
2036 2635 2103 2672 sed
2123 2634 2344 2684 spiritualis:
2374 2647 2453 2684 qua
2480 2633 2620 2673 scilicet

1554 2690 1727 2728 Christus
1755 2691 1874 2727 oritur
1900 2695 2078 2738 tanquam
2107 2689 2261 2735 Lucifer
2287 2689 2325 2725 in
2354 2688 2526 2726 cordibus
2554 2700 2620 2726 no-
2643 2704 2646 2707 ·

1551 2746 1645 2790 stris,
1674 2751 1717 2781 ut
1744 2742 1881 2780 dicitur
1908 2743 1938 2779 II
1966 2743 2044 2779 Pet.
2075 2740 2133 2778 1³⁸.
2168 2740 2216 2779 Et
2242 2748 2400 2791 propter
2427 2741 2503 2779 hoc
2530 2752 2619 2779 can-

1552 2805 1653 2834 tatur
1679 2796 1797 2834 missa
1824 2795 1864 2833 in
1892 2807 2051 2833 aurora:
2081 2794 2121 2832 in
2149 2794 2259 2832 cuius
2286 2793 2443 2832 introitu
2469 2793 2618 2842 dicitur,

1553 2852 1641 2887 Lux
1653 2851 1820 2900 fulgebit
1838 2846 1852 2871 ὃ
1879 2861 1991 2898 super
2010 2860 2087 2886 nos.
2108 2870 2133 2874 —
2153 2846 2284 2885 Tertia
2311 2855 2367 2884 est
2386 2845 2527 2884 Christi
2553 2858 2618 2885 na-

1551 2903 1675 2941 tivitas
1703 2901 1924 2952 temporalis
1952 2909 1988 2939 et
2016 2900 2237 2951 corporaIiS,
2261 2899 2479 2938 secundum
2498 2911 2618 2949 quam

1551 2956 1709 2994 visibilis
1736 2955 1849 2993 nobis
1876 2954 2061 3005 processit
2088 2966 2135 2992 ex
2162 2961 2272 2991 utero
2299 2951 2471 3001 virginali
2503 2964 2617 2991 carne

1552 3010 1722 3048 indutus.
1743 3010 1792 3046 Et
1811 3008 1861 3046 ob
1881 3009 1958 3046 hoc
1977 3014 2149 3046 cantatur
2166 3005 2274 3044 tertia
2291 3004 2408 3043 missa
2426 3003 2467 3042 in
2479 3005 2618 3055 plena⁸

1551 3065 1654 3102 luce:
1685 3062 1724 3099 in
1752 3061 1861 3100 cuius
1880 3059 2037 3098 introitu
2064 3058 2332 3107 dicitur„Puer
2360 3063 2466 3095 natus
2485 3064 2536 3095 est
2555 3071 2617 3096 no-

1553 3118 1617 3154 bis.
1647 3138 1671 3142 —
1699 3114 1807 3152 Licet
1834 3127 1855 3151 e
1883 3125 2073 3152 converso
2100 3119 2231 3163 posset
2252 3110 2327 3149 dici
2354 3110 2463 3160 quod
2483 3110 2618 3149 nativi-

1551 3177 1608 3207 tas
1635 3176 1800 3215 aeterna,
1830 3166 2047 3204 secundum
2075 3177 2128 3212 se,
2157 3171 2212 3202 est
2239 3162 2279 3201 in
2306 3164 2421 3214 plena
2448 3164 2551 3202 luce:
2582 3172 2619 3202 et

1553 3223 1604 3260 ob
1642 3223 1718 3258 hoc
1755 3221 1794 3257 in
1822 3218 2031 3267 Evangelio
2068 3216 2197 3255 tertiae
2232 3216 2370 3254 missae
2403 3215 2445 3253 fit
2473 3215 2618 3255 mentio

1554 3275 1601 3312 de
1629 3273 1821 3311 nativitate
1857 3279 2020 3309 aeterna.
2061 3269 2287 3308 Secundum
2320 3277 2450 3306 autem
2487 3269 2619 3307 nativi-

1608 3388 1635 3421 γ)
1655 3388 1784 3413 exhibito.
1807 3401 1826 3406 -
1850 3386 1925 3417 PsG;
1948 3385 2096 3410 exhibitum
2121 3384 2203 3409 etiam
2228 3384 2257 3414 B,
2275 3383 2398 3408 exhibita
2417 3383 2450 3414 H,
2469 3383 2619 3409 exhibitum

1555 3429 1641 3492 αἲξ),-
1644 3458 1770 3491 fulgebit.
1789 3472 1807 3476 -
1826 3457 1904 3482 hodie
1922 3446 1991 3480 addit
2009 3455 2090 3480 tertia.

1608 3494 1630 3527 ε)
1645 3495 1736 3525 plena.
1753 3506 1772 3512 —-
1787 3493 1878 3524 prima
1896 3492 1959 3524 FpG
1979 3491 2046 3524 (luce
2064 3498 2117 3515 om.
2136 3490 2176 3524 F),
2196 3491 2270 3515 clara
2290 3490 2327 3515 sG
2348 3495 2372 3514 et
2390 3490 2523 3516 editiones.

2645 2743 2736 2781 fvert.
2752 2750 2790 2774 19.
