2878 4088
77 980 137 1004 Ὀἱ
155 980 189 1003 1v
207 981 289 1009 δοκι,

77 1006 131 1030 diet.
146 1013 198 1034 ιη,
213 1013 252 1034 qn.
269 1014 288 1036 r,

74 1037 118 1056 art.
132 1040 153 1063 3,
168 1023 246 1062 ςιιῑη.

72 1632 286 1662 ‘Arta-rga.

70 1725 87 1737 ⁴
99 1723 136 1748 Cf.
155 1723 190 1747 m
210 1724 288 1751 Sene„

68 3185 84 3196 ⁶
102 3183 127 3206 S.
144 3183 231 3206 Bomv.
252 3184 285 3206 1v

71 3209 145 3238 Sene,
161 3210 215 3233 dist.
229 3216 286 3236 xvn,

68 3242 138 3286 Ξάιιὸ.
138 3240 208 3265 mn,
219 3243 284 3265 qim,

641 189 904 236 QUAESTIO
934 190 1010 235 VII,
1032 188 1325 227 ARTICULUS
1353 187 1398 224 ΙΙΙ
1426 209 1451 213 -
1480 188 1743 234 QUAESTIO
1772 190 1865 236 VIII,
1885 191 2176 230 ARTICULUS
2205 195 2218 230 Ι

322 275 417 300 tenet.
442 269 483 299 Et
505 268 579 300 ideo
603 269 761 300 confessio
786 274 833 299 est
851 270 974 300 bonum
991 279 1029 300 ex
1044 279 1170 310 genere,
1188 275 1218 300 et
1234 275 1281 299 est
1296 273 1384 298 actus

321 314 453 344 virtutis.
469 331 492 336 —
514 313 577 344 Sed
592 318 699 344 tamen
714 319 820 354 potest
840 313 922 343 male
942 313 1020 350 fieri,
1036 314 1097 344 nisi
1113 314 1180 344 aliis
1197 313 1309 344 debitis
1325 312 1384 342 cir-

322 358 518 388 cumstantiis
541 358 701 388 vestiatur.

375 402 426 431 Ar>
449 411 565 431 panum
587 411 671 432 niteo
694 411 853 431 mensuum
884 400 973 441 quod
996 401 1036 431 ad
1059 401 1295 431 confessionem
1319 400 1382 430 veri

319 445 420 476 modo
448 445 556 476 debito
588 445 782 482 faciendam,
806 446 862 476 ubi
890 450 1018 484 oportet
1045 451 1076 475 et
1102 446 1154 475 cui
1182 449 1325 485 oportet,
1349 444 1383 473 in

319 489 458 529 generali
473 490 605 520 inclinat
619 491 699 520 ratio
715 489 874 520 naturalis.
895 489 935 519 Et
950 489 1129 519 secundum
1144 489 1207 519 hoc
1223 487 1382 518 confessio

319 539 367 564 est
394 533 433 564 de
460 535 528 564 iure
557 534 700 565 naturali.
733 533 795 564 Sed
826 533 1046 563 determinatio
1076 533 1383 563 circumstantiarum

319 577 450 618 quando
475 583 506 608 et
529 577 697 618 quomodo
716 583 748 608 et
763 577 841 617 quid
864 576 1009 607 confiteri
1032 582 1178 616 oporteat
1193 582 1224 606 et
1240 576 1303 611 cui,
1319 576 1382 605 hoc

319 627 367 652 est
390 632 427 652 ex
450 622 649 652 institutione
677 622 754 652 iuris
781 621 880 651 divini
902 621 936 650 in
959 619 1161 650 confessione
1184 619 1224 650 de
1247 629 1312 659 qua
1333 619 1382 649 lo-

319 666 459 706 quimur.
490 666 530 696 Et
553 667 598 696 sic
621 671 708 706 patet
735 665 824 705 quod
846 665 896 694 ius
918 663 1061 694 naturale
1088 664 1218 694 inclinat
1241 663 1281 693 ad
1304 672 1381 693 con-

319 709 492 741 fessionem
522 710 682 740 mediante
711 710 780 739 iure
809 708 935 743 divino,
960 716 1027 747 quo
1051 707 1304 737 circumstantiae
1328 706 1382 736 de—

318 755 543 785 terminantur·
567 755 650 784 sicut
671 754 767 784 etiam
782 753 815 782 in
831 751 982 782 omnibus
998 757 1044 781 est
1067 760 1149 791 quae
1169 756 1243 781 sunt
1259 749 1298 780 de
1313 751 1382 780 iure

342 799 468 828 ositivo.

318 808 339 839 p
373 842 423 872 An
447 851 609 872 strennuum
631 850 790 870 monimina
813 839 903 879 quod
926 839 1010 869 illius
1032 839 1155 869 virtutis
1179 839 1270 869 cuius
1293 838 1380 868 obie-

318 891 405 916 ctum
430 891 477 916 est
499 890 667 925 peccatum
690 883 916 918 commissum,
941 883 1087 922 quamvis
1114 883 1258 912 habitum
1281 882 1382 922 possit

316 930 473 960 innocens
495 929 621 962 habere,
637 934 744 958 tamen
768 933 875 957 actum
897 936 966 958 non
989 927 1093 963 habet,
1109 926 1294 957 innocentia
1310 935 1381 966 per-

316 978 465 1003 manente
481 974 508 1002 *.
543 972 584 1002 Et
605 972 679 1002 ideo
707 972 801 1002 etiam
828 970 988 1002 confessio
1018 976 1225 1011 peccatorum
1252 970 1291 1000 de
1318 979 1382 1010 qua

315 1026 403 1047 nunc
441 1017 621 1056 loquimur,
655 1025 724 1046 non
757 1015 912 1055 competit
945 1015 1128 1051 innocenti,
1164 1015 1309 1055 quamvis
1343 1014 1382 1044 sit

315 1066 404 1091 actus
426 1061 559 1091 virtutis.

370 1105 421 1135 An
444 1114 579 1134 ‘ram-ruit
601 1114 762 1134 memnon
785 1103 890 1143 quod,
915 1104 1060 1144 quamvis
1082 1104 1180 1143 gratia
1203 1112 1380 1133 sacramen-

315 1156 423 1179 torum
447 1154 478 1179 et
500 1149 598 1188 gratia
620 1149 774 1178 virtutum
798 1149 837 1178 sit
860 1148 919 1178 alia
942 1154 973 1178 et
996 1148 1066 1182 alia,
1085 1157 1152 1178 non
1176 1153 1284 1177 tamen
1307 1152 1382 1177 sunt

315 1193 504 1228 contrariae,
528 1192 584 1223 sed
612 1192 796 1232 disparatae.
829 1192 870 1222 Et
892 1191 966 1222 ideo
990 1201 1058 1222 non
1081 1197 1128 1222 est
1150 1191 1381 1222 inconveniens

315 1242 352 1267 ut
373 1237 459 1268 idem
482 1237 522 1267 sit
545 1242 634 1267 actus
656 1237 780 1266 virtutis
803 1236 982 1266 secundum
1006 1235 1095 1276 quod
1119 1245 1156 1266 ex
1180 1236 1280 1266 libero
1300 1235 1380 1265 arbi-

314 1282 375 1311 trio
399 1282 498 1321 gratia
527 1280 700 1311 informato
730 1280 894 1320 procedit;
928 1286 959 1311 et
982 1281 1021 1310 sit
1048 1285 1298 1315 sacramentum,
1329 1279 1378 1309 vel

314 1334 386 1366 pars
409 1326 613 1360 sacramenti,
641 1324 820 1355 secundum
850 1325 940 1364 quod
968 1330 1014 1355 est
1040 1323 1199 1354 medicina
1221 1324 1255 1354 in
1277 1333 1406 1354 reme-2

315 1369 406 1400 diuin
428 1370 551 1409 peccati
574 1369 727 1399 ordinata.

315 1435 414 1466 ART.
431 1435 482 1465 ΙΙΙ.
507 1444 611 1465 υτιιυιι
626 1444 792 1464 εοΝιτΕ55ιο
819 1444 864 1464 srr
887 1444 983 1464 Acrus
1000 1443 1224 1464 poam-ramma
1239 1443 1378 1463 vnn-uns

379 1511 400 1531 D
416 1511 551 1531 τιιιιτιυιι
566 1510 612 1530 stc
627 1510 831 1530 PROCEDITUR.
855 1499 989 1530 Videtur
1014 1499 1103 1539 quod
1127 1499 1287 1529 confessio
1310 1495 1378 1528 non

316 1511 419 1575 Asit
433 1551 521 1575 actus
544 1545 760 1584 poenitentiae
776 1544 908 1574 virtutis.
933 1543 1018 1581 Quia
1041 1548 1130 1573 actus
1154 1543 1237 1573 illius
1254 1543 1377 1572 virtutis

315 1594 363 1620 εει
385 1598 468 1629 quae
491 1594 538 1619 est
561 1597 655 1618 causa
679 1589 757 1618 eius.
788 1587 851 1618 Sed
881 1597 975 1617 causa
1006 1586 1216 1618 confessionis
1240 1592 1286 1616 est
1307 1596 1379 1626 spes

314 1633 450 1663 veniae:
472 1638 508 1662 ut
531 1641 568 1662 ex
592 1631 778 1662 definitione
801 1631 932 1661 inducta
946 1632 963 1648 ἕ
986 1636 1125 1671 apparet.
1150 1631 1235 1670 Ergo
1254 1630 1379 1660 videtur

315 1676 404 1717 quod
427 1677 467 1706 sit
489 1681 578 1706 actus
601 1676 679 1715 spei,
704 1681 735 1705 et
757 1685 826 1705 non
848 1675 1074 1715 poenitentiae.

370 1730 400 1751 2.
429 1720 625 1755 Puerum,
642 1718 834 1749 verecundia
853 1725 901 1749 est
915 1728 987 1759 pars
1013 1719 1241 1758 temperantiae
1257 1719 1284 1748 *.
1316 1717 1380 1748 Sed

314 1764 474 1796 confessio
505 1774 547 1794 ex
569 1763 786 1794 erubescentia
816 1768 984 1803 operatur:
1016 1768 1052 1793 ut
1083 1772 1122 1792 ex
1148 1762 1379 1802 praeassignata

279 1799 500 1840 =definitione
515 1809 532 1825 ⁴*
555 1813 695 1848 apparet.
720 1808 805 1847 Ergo
829 1813 876 1838 est
899 1813 987 1837 actus
1010 1807 1248 1847 temperantiae,
1265 1811 1296 1836 et
1310 1815 1378 1836 non

312 1853 540 1894 poenitentiae.

370 1898 400 1928 3.
423 1897 619 1932 PRAETERRA,
635 1901 724 1927 actus
739 1896 956 1936 poenitentiae
977 1895 1121 1925 innititur
1144 1894 1268 1925 divinae
1284 1895 1378 1924 mise-

312 1941 476 1972 ricordiae.
501 1940 565 1971 Sed
580 1940 740 1971 confessio
759 1940 859 1980 magis
875 1940 1020 1970 innititur
1035 1940 1223 1979 sapientiae:
1247 1944 1379 1979 propter

312 1986 477 2017 veritatem
507 1994 590 2025 quae
612 1985 646 2015 in
669 1985 738 2024 ipsa
768 1994 836 2015 esse
865 1983 970 2014 debet.
1004 1984 1090 2023 Ergo
1120 1993 1188 2014 non
1216 1989 1263 2013 est
1290 1988 1378 2013 actus

312 2030 538 2071 poenitentiae.

367 2083 399 2113 4.
423 2074 619 2109 Pastinum,
644 2072 684 2103 ad
706 2073 938 2113 poenitentiam
960 2077 1070 2102 movet
1093 2071 1243 2102 articulus
1267 2071 1306 2101 de
1329 2071 1378 2101 iu-

313 2118 414 2149 dicio:
438 2123 570 2158 propter
591 2118 758 2153 timorem,
783 2118 839 2157 qui
862 2116 1079 2157 poenitentiae
1109 2117 1200 2155 origo
1228 2121 1284 2146 est.
1315 2114 1378 2145 Sed

312 2162 352 2193 ad
375 2162 612 2193 confessionem
635 2167 745 2191 movet
768 2161 918 2191 articulus
937 2160 977 2190 de
992 2161 1056 2190 vita
1071 2166 1215 2190 aeterna:
1241 2160 1316 2199 quia
1331 2164 1379 2189 est

312 2213 443 2247 propter
466 2216 558 2246 spem
579 2206 701 2236 veniae.
726 2205 811 2245 Ergo
834 2214 902 2235 non
926 2210 972 2235 est
995 2210 1083 2235 actus
1106 2205 1332 2244 poenitentiae.

370 2252 399 2282 5.
423 2251 619 2285 Pina-mam,
636 2249 676 2279 ad
690 2250 840 2280 virtutem
858 2249 996 2279 veritatis
1019 2249 1156 2288 pertinet
1178 2253 1213 2278 ut
1232 2247 1378 2278 ostendat

277 2314 285 2322 ·
313 2305 346 2325 se
370 2296 442 2335 quis
465 2295 561 2324 talem
585 2294 687 2333 qualis
711 2299 758 2324 est
772 2295 799 2324 ἃ.
824 2293 887 2324 Sed
908 2293 972 2323 hoc
995 2292 1070 2323 facit
1093 2292 1259 2323 confitens.
1291 2292 1376 2332 Ergo

314 2344 360 2370 est
383 2344 472 2369 actus
494 2339 616 2369 virtutis
641 2347 723 2377 quae
746 2337 861 2368 dicitur
880 2338 1003 2373 veritas,
1021 2342 1052 2367 et
1066 2346 1134 2367 non
1149 2337 1376 2377 poenitennae.

368 2383 431 2414 San
462 2393 602 2418 CONTRA,
633 2382 832 2422 poenitentia
864 2381 1028 2412 ordinatur
1058 2380 1097 2411 ad
1128 2381 1377 2411 destructionem

1395 1114 1422 1129 20

1394 1553 1419 1574 30

2456 193 2498 229 15

1439 267 1478 298 ad
1493 268 1692 299 liberandum
1708 279 1726 299 a
1741 279 1856 309 poena,
1873 270 2063 310 inquantum
2079 273 2147 311 ipsa
2163 273 2379 303 erubescentia
2394 282 2500 313 poena

1439 311 1596 352 quaedam
1620 318 1682 349 est;
1707 314 1789 343 sicut
1812 314 1907 343 etiam
1926 314 2028 344 claves
2045 316 2204 347 Ecclesiae
2228 326 2405 347 concausae
2421 327 2499 347 con-

1438 355 1584 386 fessionis
1607 356 1647 387 ad
1669 357 1733 387 hoc
1756 362 1840 387 sunt.

1493 400 1544 430 Ar>
1559 410 1694 430 ‘mm-nm
1709 411 1868 431 DICRNDUM
1887 401 1976 440 quod
1998 403 2175 433 secundum
2195 403 2356 443 quandam
2372 404 2499 444 adapta-

1406 453 1415 473 ς
1437 445 1560 474 tionem
1589 450 1693 485 partes
1722 445 1938 485 poenitentiae
1965 446 2064 475 tribus
2094 448 2260 477 atttributis
2288 448 2498 479 Personarum

1438 488 1577 528 adaptari
1604 494 1758 529 possunt:
1790 494 1827 519 ut
1854 490 2002 519 contritio
2030 490 2264 521 misericordiae
2287 492 2337 521 vel
2364 492 2498 522 bonitati

1437 532 1637 572 respondeat,
1654 538 1785 573 propter
1800 532 1946 563 dolorem
1963 532 2002 563 de
2018 534 2123 569 malo;
2141 534 2299 564 confessio
2316 536 2496 574 sapientiae,

1436 582 1568 616 propter
1601 577 1738 607 veritatis
1772 576 2080 613 manifestationem
2115 577 2284 608 satisfactio
2318 580 2496 618 potentiae,

1436 626 1568 660 propter
1590 620 1800 651 satisfaciendi
1822 621 1976 651 laborem.
1999 621 2040 651 Et
2064 622 2138 661 quia
2162 623 2310 652 contritio
2333 627 2379 652 est
2397 624 2498 662 prima

1397 671 1423 686 ¹⁰
1436 673 1508 703 pars
1522 665 1749 704 poenitentiae,
1766 670 1798 695 et
1813 664 1986 695 efficaciam
2001 665 2069 695 aliis
2085 666 2225 705 partibus
2244 666 2407 706 praebens,
2424 666 2497 697 ideo

1437 707 1552 738 eodem
1574 708 1676 739 modo
1698 708 1856 739 iudicatur
1879 708 1918 739 de
1941 713 2008 739 tota
2030 710 2226 749 poenitentia
2253 711 2335 740 sicut
2358 709 2397 740 de
2421 720 2498 740 con-

1435 752 1574 782 tritione.

1490 796 1541 825 Ar>
1567 806 1715 826 QUARTUM
1737 806 1896 826 mmmmm
1920 796 2026 837 quod,
2050 798 2124 836 quia
2148 797 2307 828 confessio
2337 799 2437 838 magis
2461 808 2497 828 ex

1436 849 1492 879 spe
1516 840 1661 879 procedit
1683 849 1781 880 quam
1805 850 1842 871 ex
1865 842 1980 871 timore
1996 842 2023 877 ὓ,
2040 841 2114 871 ideo
2138 842 2237 881 magis
2260 842 2404 872 innititur
2427 843 2498 872 arti-

1397 890 1420 910 15
1437 883 1511 913 culo
1535 883 1574 914 de
1597 884 1660 914 vita
1676 890 1811 921 aeterna,
1829 894 1927 925 quem
1950 886 2077 925 respicit
2092 895 2173 925 speS‚
2191 895 2288 925 quam
2309 886 2442 916 articulo
2459 886 2498 917 de

1435 927 1566 964 iudicio,
1584 937 1682 968 quern
1705 930 1832 969 respicit
1854 930 1967 960 timor:
1993 930 2138 969 quamvis
2160 931 2356 970 poenitentia
2375 931 2497 961 ratione

1437 973 1636 1002 contritionis
1660 983 1677 1002 e
1701 982 1856 1004 converso
1880 983 1913 1004 se
1936 974 2059 1004 habeat.

1490 1016 1542 1046 Αι)
1566 1027 1706 1047 omnum
1728 1023 1815 1057 patet
1838 1018 1956 1057 solutio
1981 1027 2019 1048 ex
2043 1018 2133 1049 dictis
2149 1020 2175 1049 ’ἢ

1680 1117 1978 1160 QUAESTIO
2013 1118 2254 1152 OCTAVA

1717 1193 1763 1217 DE
1782 1193 1946 1218 MlNISTRO
1967 1193 2210 1218 CONFESSIONIS

1409 1289 1589 1355 ςΒΕιΝῡι-«ι
1613 1279 1880 1310 considerandum
1913 1286 1959 1310 est
1982 1280 2021 1310 de
2051 1282 2195 1311 ministro
2227 1281 2435 1311 confessionis
2451 1282 2478 1311 *.

1497 1323 1590 1354 Circa
1614 1323 1704 1364 quod
1726 1330 1922 1364 quaeruntur
1945 1330 2078 1365 septem.

1488 1368 1611 1398 Primo:
1637 1374 1744 1398 utrum
1768 1369 1981 1399 necessarium
2004 1370 2044 1399 sit
2067 1368 2212 1400 confiteri
2235 1368 2400 1399 sacerdoti.

1489 1411 1656 1442 Secundo:
1681 1418 1789 1442 utrum
1804 1413 1838 1442 in
1854 1413 1962 1452 aliquo
1979 1422 2054 1443 casu
2077 1413 2169 1443 liceat
2193 1413 2259 1443 aliis
2275 1422 2373 1452 quam
2396 1422 2497 1443 sacer-

1566 1456 1694 1486 dotibus
1718 1455 1873 1487 confiteri.

1489 1500 1617 1530 Tertio:
1642 1506 1750 1530 utrum
1778 1506 1863 1530 extra
1894 1510 2002 1531 casum
2031 1502 2225 1531 necessitatis
2253 1502 2354 1540 possit
2383 1502 2497 1541 aliquis

1564 1554 1632 1574 non
1656 1544 1802 1574 sacerdos
1826 1544 2062 1575 confessionem
2085 1545 2258 1575 venialium
2281 1545 2399 1576 audire.

1488 1588 1628 1626 Quarto:
1653 1594 1761 1618 utrum
1777 1589 1816 1618 sit
1838 1590 2051 1619 necessarium
2072 1588 2161 1628 quod
2183 1589 2284 1619 homo
2308 1585 2517 1619 confiteatur'

1565 1633 1697 1672 proprio
1721 1632 1885 1662 sacerdoti.

1489 1675 1632 1713 Quinto:
1657 1682 1765 1706 utrum
1788 1677 1889 1716 possit
1911 1677 2025 1716 aliquis
2055 1677 2143 1706 alteri
2167 1686 2264 1716 quam
2294 1678 2426 1717 proprio
2450 1687 2497 1707 sa-

1568 1719 1688 1750 cerdoti
1701 1719 1846 1750 confiteri
1859 1730 1896 1750 ex
1909 1721 2074 1760 privilegio
2086 1721 2137 1751 vel
2149 1720 2299 1750 mandato
2316 1722 2496 1760 superioris.

1395 1772 1417 1793 35
1489 1763 1602 1794 Sexto:
1627 1769 1735 1794 utrum
1765 1765 1934 1803 poenitens
1957 1765 1991 1794 in
2015 1770 2156 1795 extremo
2188 1765 2269 1794 vitae
2293 1774 2367 1795 suae
2398 1766 2498 1804 possit

1567 1808 1688 1838 absolvi
1712 1818 1730 1838 a
1753 1808 1897 1847 quolibet
1920 1808 2093 1839 sacerdote.

1489 1852 1651 1892 Septimo:
1676 1857 1784 1882 utrum
1801 1862 1907 1892 poena
1929 1853 2113 1892 temporalis
2136 1853 2233 1883 taxari
2249 1852 2362 1883 debeat
2384 1863 2498 1883 secun-

1567 1896 1645 1927 dum
1669 1897 1878 1936 quantitatem
1902 1897 2025 1936 culpae.

1492 1963 1591 1993 ART.
1609 1963 1632 1992 I.
1656 1972 1762 1992 UTRUM
1784 1973 1830 1992 sn·
1853 1973 2061 1993 NEcassARmM
2084 1973 2256 1994 SAcanoon
2279 1974 2443 1994 coxan-1:1³1

1393 1992 1419 2012 4⁰

1497 2039 1518 2059 n
1542 2039 1658 2059 mmmm
1681 2039 1727 2059 stc
1749 2038 1953 2059 PROCEDITUR.
1974 2029 2108 2059 Videtur
2127 2029 2216 2069 quod
2235 2039 2303 2060 non
2326 2030 2365 2060 sit
2387 2040 2497 2060 neces-

1434 2041 1615 2103 Asarium
1631 2072 1786 2103 sacerdoti
1809 2072 1964 2103 confiteri.
1987 2073 2039 2103 Ad
2062 2073 2298 2104 confessionem
2322 2075 2408 2104 enim
2429 2084 2497 2104 non

1433 2118 1612 2157 obligamur
1635 2117 1695 2147 nisi
1719 2127 1757 2147 ex
1781 2116 1887 2147 divina
1905 2117 2113 2147 institutione.
2138 2117 2201 2148 Sed
2216 2117 2322 2148 divina
2340 2119 2495 2149 institutio

1432 2162 1526 2192 nobis
1548 2162 1739 2201 proponitur
1763 2161 1822 2191 Iac.
1838 2171 1860 2191 v
1874 2162 1901 2197 θ’,
1925 2161 2129 2202 Confitemini
2151 2162 2344 2192 alterutrum
2360 2167 2496 2202 peccata

1392 2213 1416 2233 45
1433 2211 1548 2242 vestra,
1565 2206 1621 2236 ubi
1644 2215 1711 2235 non
1734 2204 1771 2235 fit
1792 2206 1914 2235 mentio
1938 2205 1978 2236 de
2001 2205 2174 2236 sacerdote.
2198 2206 2284 2246 Ergo
2307 2215 2375 2236 non
2399 2216 2496 2247 opor-

1432 2256 1477 2280 tet
1500 2249 1646 2280 confiteri
1669 2249 1834 2280 sacerdoti.

1488 2304 1518 2324 2.
1541 2295 1737 2329 PaAa‘rssmzA,
1754 2294 1951 2343 poenitentia
1967 2299 2013 2324 est
2035 2294 2228 2324 necessitatis
2251 2300 2495 2331 sacramentum,

1432 2339 1514 2368 sicut
1537 2344 1568 2368 et
1590 2339 1775 2378 baptismus.
1800 2337 1862 2368 Sed
1885 2338 1919 2368 in
1941 2338 2111 2378 baptismo,
2127 2344 2258 2378 propter
2276 2340 2496 2369 necessitatem

1432 2383 1628 2418 sacramenti,
1646 2388 1692 2412 est
1714 2382 1857 2412 minister
1880 2382 2014 2421 quilibet
2031 2383 2143 2412 homo.
2168 2383 2253 2422 Ergo
2278 2388 2308 2413 et
2330 2384 2364 2413 in
2383 2384 2496 2423 poeni-

312 2428 446 2468 peccati.
475 2424 538 2457 Sed
561 2426 601 2457 ad
623 2427 686 2456 hoc
712 2425 798 2456 idem
828 2426 992 2457 ordinatur
1020 2425 1190 2456 confessio.
1221 2425 1306 2465 Ergo
1331 2430 1378 2455 est
1393 2433 1418 2452 5⁰
1431 2428 1538 2457 tentia.
1563 2427 1648 2466 Ergo
1672 2425 1788 2456 sufficit
1811 2426 1940 2456 cuilibet
1963 2425 2118 2456 confiteri.

313 2477 402 2502 actus
425 2471 650 2512 poenitentiae.

367 2516 556 2546 Rnspommo
585 2525 745 2545 mmmmm
775 2514 864 2555 quod
891 2515 954 2545 hoc
976 2515 1010 2544 in
1033 2514 1200 2544 virtutibus
1231 2513 1376 2544 conside-

312 2559 448 2590 randum
464 2565 520 2595 est,
538 2559 636 2599 quod.
653 2559 784 2599 quando
803 2569 898 2599 supra
921 2559 1084 2589 obiectum
1106 2558 1229 2588 virtutis
1253 2557 1377 2588 additur

312 2604 456 2644 specialis
479 2605 559 2634 ratio
583 2604 661 2633 boni
684 2609 715 2634 et
738 2603 883 2639 difficilis,
899 2603 1070 2643 requiritur
1092 2602 1237 2642 specialis
1259 2602 1374 2632 virtus:

304 2649 394 2684 ,sicut
409 2649 517 2688 magni
535 2653 683 2687 sumptus
699 2647 738 2678 ad
753 2647 1022 2687 magnificentiam
1045 2647 1214 2687 pertinent,
1231 2647 1376 2686 quamvis

312 2693 527 2723 communiter
554 2698 701 2732 sumptus
727 2691 905 2722 mediocres
928 2697 959 2722 et
982 2691 1171 2722 donationes
1199 2691 1378 2731 pertineant

256 2755 263 2762 ·
274 2751 284 2756 -
312 2736 352 2767 ad
374 2737 603 2772 liberalitatem,
620 2742 656 2766 ut
679 2742 766 2776 patet
789 2736 814 2766 11
829 2736 934 2766 Ethic.
950 2736 967 2752 *
983 2741 1015 2766 et
1030 2735 1072 2765 IV
1088 2736 1122 2752 *ὓ
1139 2758 1147 2766 .
1172 2735 1213 2765 Et
1235 2735 1377 2765 similiter

240 2809 246 2819 ‚
266 2782 286 2815 ,Ξ
312 2786 359 2811 est
374 2781 407 2811 in
423 2780 626 2811 confessione
641 2781 726 2811 veri:
752 2790 834 2820 quae
859 2780 1004 2820 quamvis
1019 2779 1059 2810 ad
1074 2779 1212 2810 veritatis
1227 2780 1376 2810 virtutem

264 2835 271 2842 ·
310 2826 467 2865 pertineat
497 2825 659 2860 absolute,
683 2830 808 2860 tamen,
833 2823 1011 2854 secundum
1042 2823 1132 2863 quod
1161 2823 1267 2863 aliqua
1295 2824 1375 2854 ratio

311 2870 390 2900 boni
413 2869 547 2905 additur,
572 2868 611 2899 ad
634 2869 728 2899 aliam
750 2869 900 2899 virtutem
922 2869 1079 2908 pertinere
1100 2868 1221 2908 incipit.
1246 2868 1287 2898 Et
1301 2867 1375 2898 ideo
1390 2872 1418 2892 6⁰

257 2922 285 2934 ··
311 2913 388 2944 dicit
409 2913 635 2953 Philosophus,
652 2913 694 2943 IV
712 2913 817 2944 Ethic.
833 2914 860 2948 ⁴²,
881 2912 970 2953 quod
994 2911 1153 2942 confessio
1181 2921 1263 2952 quae
1286 2911 1323 2942 fit
1342 2913 1376 2943 in

262 2953 270 2961 ⁵
310 2957 446 2994 iudiciis,
469 2967 538 2988 non
560 2958 697 2997 pertinet
720 2957 759 2987 ad
781 2958 918 2987 veritatis
945 2957 1111 2992 virtutem,
1135 2956 1191 2986 sed
1213 2957 1313 2996 magis
1336 2956 1376 2987 ad

310 3003 471 3033 iustitiam.
500 3002 541 3032 Et
564 3002 707 3032 similiter
730 3001 889 3032 confessio
913 3000 1144 3031 beneficiorum
1167 3000 1229 3031 Dei
1251 3001 1284 3031 in
1307 3001 1375 3031 lau—

311 3046 386 3077 dem
408 3046 548 3076 divinam
575 3056 643 3076 non
671 3046 808 3086 pertinet
834 3045 873 3075 ad
900 3046 1050 3075 virtutem
1078 3045 1233 3079 veritatis,
1257 3045 1312 3075 sed
1336 3045 1376 3075 ad

1488 2471 1517 2501 3.
1541 2471 1738 2506 PRAETERBA‚
1758 2470 1917 2500 confessio
1942 2476 1988 2500 est
2011 2470 2051 2500 ad
2074 2471 2136 2500 hoc
2155 2472 2331 2501 necessaria
2353 2477 2389 2501 ut
2411 2477 2496 2502 taxe-

1431 2521 1482 2545 tur
1504 2515 1684 2555 poenitenti
1706 2514 1927 2544 satisfactionis
1950 2514 2077 2544 modus.
2102 2514 2164 2545 Sed
2188 2515 2359 2555 aliquando
2383 2516 2496 2555 aliquis

1430 2569 1498 2590 non
1522 2559 1668 2589 sacerdos
1684 2558 1847 2588 discretius
1870 2564 1979 2598 posset
1993 2559 2171 2598 poenitenti
2187 2559 2260 2589 dare
2275 2559 2496 2590 satisfactionis

1430 2603 1567 2634 modum
1590 2613 1688 2643 quarn
1703 2603 1796 2633 multi
1819 2602 2008 2633 sacerdotes.
2032 2603 2117 2643 Ergo
2134 2613 2202 2633 non
2221 2609 2268 2633 est
2282 2605 2495 2634 necessarium

1392 2654 1414 2674 55
1431 2647 1521 2688 quod
1544 2647 1703 2680 confessio
1727 2646 1782 2677 fiat
1805 2647 1971 2677 sacerdoti.

1485 2702 1516 2731 4.
1541 2692 1737 2727 PRAETEREA,
1759 2691 1919 2721 confessio
1943 2691 1983 2721 ad
2006 2691 2070 2721 hoc
2093 2697 2139 2721 est
2163 2691 2306 2722 ordinata
2327 2692 2361 2721 in
2385 2693 2495 2722 Eccle-

1431 2737 1476 2767 sia
1490 2742 1527 2767 ut
1541 2742 1680 2766 rectores
1689 2745 1847 2776 pecorum
1869 2745 2004 2766 suorum
2027 2735 2150 2766 vultum
2166 2741 2367 2777 cognoscant
2381 2738 2407 2766 ἢ
2432 2736 2495 2767 Sed

1431 2780 1628 2821 quandoque
1657 2786 1761 2810 rector
1783 2780 1835 2810 vel
1863 2780 2020 2820 praelatus
2050 2789 2117 2810 non
2141 2785 2188 2810 est
2218 2780 2373 2810 sacerdos.
2408 2781 2494 2820 Ergo

1431 2825 1591 2856 confessio
1614 2834 1682 2854 non
1705 2833 1832 2864 semper
1854 2823 1998 2854 facienda
2021 2829 2067 2854 est
2090 2824 2254 2854 sacerdoti.

1485 2869 1547 2900 Snn
1565 2878 1698 2904 CONTRA,
1715 2868 1873 2898 absolutio
1889 2869 2092 2908 poenitentis,
2106 2874 2236 2908 propter
2252 2878 2349 2908 quam
2365 2868 2400 2898 fit
2416 2878 2494 2899 con-

1430 2913 1536 2949 fessio,
1552 2922 1620 2943 non
1643 2913 1780 2952 pertinet
1794 2913 1854 2942 nisi
1878 2912 1918 2942 ad
1936 2912 2123 2948 sacerdotes,
2141 2913 2257 2952 quibus
2279 2913 2380 2942 claves
2404 2922 2493 2942 com-

1430 2958 1544 2987 missae
1567 2964 1651 2987 sunt.
1675 2957 1760 2996 Ergo
1785 2956 1944 2987 confessio
1969 2956 2063 2987 debet
2086 2956 2154 2986 fieri
2177 2956 2341 2987 sacerdoti.

1487 3011 1516 3031 2.
1539 3001 1735 3037 PRAETEREA,
1756 3000 1916 3031 confessio
1939 3000 2168 3040 praefiguratur
2191 3001 2223 3031 in
2243 3001 2352 3030 Lazari
2374 3002 2493 3031 mortui

1429 3045 1643 3076 vivificatione
1658 3046 1685 3075 ὕ.
1710 3044 1772 3075 Sed
1788 3045 1948 3075 Dominus
1971 3045 2077 3075 solum
2101 3044 2262 3084 discipulis
2282 3046 2443 3084 praecepit
2458 3050 2494 3075 ut

310 3091 460 3121 virtutem
489 3090 607 3120 latriae.
640 3090 681 3120 Et
711 3090 754 3120 ita
783 3090 878 3120 etiam
909 3088 1068 3119 confessio
1099 3094 1306 3129 peccatorum
1336 3089 1375 3119 ad
1389 3092 1414 3118 65
1430 3090 1589 3120 solverent
1612 3090 1784 3119 Lazarum:
1809 3094 1845 3119 ut
1867 3095 1954 3129 patet
1970 3090 2056 3120 Ioan.
2074 3099 2104 3119 xx
2121 3090 2146 3119 ἦ
2171 3089 2256 3129 Ergo
2277 3089 2531 3119 sacerdotibus

310 3135 531 3165 remissionem
555 3144 668 3165 eorum
695 3133 966 3174 consequendam,
990 3143 1058 3163 non
1081 3134 1218 3173 pertinet
1241 3133 1375 3164 elicitive

311 3178 352 3209 ad
373 3179 523 3209 virtutem
545 3179 693 3214 veritatis,
717 3184 754 3209 ut
776 3178 907 3218 quidam
923 3179 939 3194 ‘²‘
963 3177 1084 3214 dicunt,
1101 3177 1156 3208 sed
1171 3177 1211 3207 ad
1226 3178 1375 3207 virtutem

311 3223 536 3263 poenitentiae.
560 3223 747 3263 Imperative
763 3228 870 3253 autem
886 3222 926 3252 ad
941 3222 1057 3252 multas
1072 3222 1202 3252 virtutes
1217 3222 1374 3262 pertinere

311 3271 436 3306 potest:
460 3266 638 3297 secundum
661 3267 751 3307 quod
766 3268 799 3297 in
815 3266 914 3297 finem
936 3266 1110 3296 multarum
1126 3267 1279 3296 virtutum
1295 3266 1373 3296 trahi

311 3315 418 3350 potest
441 3310 651 3341 confessionis
674 3317 773 3342 actus.

367 3354 417 3384 An
440 3363 557 3384 Ριιιιισιι
579 3364 662 3385 noo
686 3365 845 3385 montinum
874 3354 968 3395 quod.
990 3364 1061 3395 spes
1090 3360 1136 3384 est
1165 3354 1374 3385 confessionis

312 3407 407 3428 causa
428 3407 496 3428 non
519 3399 601 3428 sieut
623 3398 761 3435 eliciens,
785 3399 841 3430 sed
863 3400 946 3430 sicut
968 3399 1137 3439 imperans.

366 3442 415 3472 Αιι
439 3451 600 3472 snctmntm
622 3452 780 3473 mcmmuu
808 3443 898 3483 quod
925 3443 1143 3474 erubescentia
1165 3443 1198 3473 in
1221 3443 1274 3473 illa
1297 3442 1375 3473 defi-

311 3486 434 3516 nitione
457 3495 524 3516 non
547 3487 678 3526 ponitur
701 3488 791 3526 quasi
813 3497 908 3518 causa
931 3487 1152 3523 confessionis,
1177 3497 1251 3517 cum
1274 3487 1375 3527 magis

1430 3133 1574 3164 facienda
1597 3139 1644 3163 est
1666 3133 1836 3164 confessio.

1484 3178 1674 3208 Rsssponnno
1697 3187 1856 3207 mmmmm
1880 3177 1970 3217 quod
1992 3178 2103 3218 gratia,
2130 3187 2211 3217 quae
2234 3177 2268 3206 in
2291 3177 2493 3207 sacramentis

1430 3221 1531 3257 datur,
1547 3231 1566 3251 a
1589 3222 1692 3261 capite
1715 3222 1748 3251 in
1771 3222 1915 3252 membra
1938 3221 2100 3252 descendit
2118 3223 2144 3251 ᾗ.
2169 3222 2209 3251 Ει
2232 3220 2305 3251 ideo
2329 3221 2416 3251 solus
2439 3221 2492 3251 ille

1429 3266 1572 3296 minister
1594 3271 1642 3295 est
1663 3271 1954 3302 sacramentorum,
1979 3267 2012 3296 in
2036 3266 2152 3305 quibus
2182 3266 2279 3305 gratia
2301 3264 2411 3300 datur,
2436 3265 2493 3304 qui

1389 3319 1416 3340 70
1429 3311 1524 3340 habet
1546 3310 1758 3340 ministerium
1781 3319 1877 3350 super
1900 3319 2017 3350 corpus
2041 3310 2157 3340 Christi
2172 3319 2293 3339 verum.
2318 3308 2417 3346 Quod
2440 3319 2492 3339 so-

1429 3354 1490 3384 lius
1514 3353 1685 3384 sacerdotis
1701 3359 1757 3390 est,
1774 3354 1831 3394 qui
1854 3363 2038 3384 consecrare
2059 3354 2288 3384 Eucharistiam
2311 3358 2426 3393 potest.
2451 3353 2493 3383 Et

1429 3398 1520 3434 ideo,
1547 3407 1622 3428 cum
1645 3398 1678 3428 in
1702 3404 1899 3428 sacramento
1923 3399 2139 3438 poenitentiae
2169 3398 2266 3437 gratia
2293 3397 2490 3433 conferatur,

1430 3443 1517 3473 solus
1541 3441 1687 3472 sacerdos
1710 3442 1853 3472 minister
1876 3447 1922 3472 est
1944 3443 2039 3473 huius
2070 3442 2265 3472 sacramenti.
2301 3441 2341 3471 Et
2364 3441 2438 3471 ideo
2462 3442 2491 3471 ei

1430 3487 1490 3517 soli
1510 3486 1653 3516 facienda
1669 3492 1715 3516 est
1738 3487 1970 3517 sacramentalis
1986 3486 2155 3522 confessio,
2173 3495 2254 3525 quae
2270 3486 2414 3516 ministro
2431 3485 2491 3515 Ec·

311 3536 383 3560 nata
407 3531 446 3560 sit
468 3530 623 3570 impedire
645 3530 854 3562 confessionis
877 3537 1001 3562 actum:
1025 3531 1081 3562 sed
1104 3532 1194 3572 quasi
1216 3541 1376 3562 concausa
1389 3540 1413 3560 75
1430 3531 1542 3562 clesiae
1566 3530 1635 3561 fieri
1658 3530 1761 3561 debet.

2526 848 2536 857 ²
2551 846 2586 868 Cf.
2597 848 2705 871 art.1.ad
2715 854 2734 870 ι.

2525 1023 2535 1033 ·
2549 1022 2574 1043 Ῑιι
2590 1027 2695 1050 corpore.

2523 1285 2583 1333 ¹²¹·ng
2595 1286 2734 1313 qu.v1,1n-

2522 2165 2533 2175 ·
2548 2163 2612 2185 Vers.
2629 2163 2663 2185 16.

2521 2736 2600 2758 ²Prov.
2608 2742 2658 2764 cap.
2665 2742 2732 2763 xxvii,

2521 2769 2580 2785 vers.
2595 2769 2628 2791 ²3·

2520 3044 2583 3066 ²Cf.
2603 3044 2635 3065 IV
2653 3045 2729 3067 Sem,

2520 3071 2573 3093 dist.
2588 3077 2643 3097 xvn,
2654 3077 2703 3098 cap.
2715 3077 2730 3092 ι.

2545 3097 2610 3119 Vers.
2626 3105 2664 3124 44

2519 3221 2529 3231 ⁶
2538 3219 2573 3242 Cf.
2580 3220 2637 3241 Part.
2645 3220 2684 3245 ΙΙΙ,
2691 3226 2729 3247 qu.

2519 3253 2572 3270 vm.
2588 3250 2629 3268 art.
2647 3254 2671 3271 ι;
2690 3253 2728 3273 qu.

2518 3279 2574 3297 exn,
2589 3277 2630 3295 art.
2645 3279 2665 3300 5.
