<?xml version="1.0" encoding="UTF-8"?>
<!DOCTYPE html PUBLIC "-//W3C//DTD XHTML 1.0 Transitional//EN"
    "http://www.w3.org/TR/xhtml1/DTD/xhtml1-transitional.dtd">
<html xmlns="http://www.w3.org/1999/xhtml" xml:lang="en" lang="en">
 <head>
  <title>
</title>
<meta http-equiv="Content-Type" content="text/html;charset=utf-8" />
  <meta name='ocr-system' content='tesseract 3.04.00' />
  <meta name='ocr-capabilities' content='ocr_page ocr_carea ocr_par ocr_line ocrx_word'/>
</head>
<body>
  <div class='ocr_page' id='page_1' title='image "./operaomniaiussui12thom_0236.png"; bbox 0 0 2918 4088; ppageno 0'>
   <div class='ocr_carea' id='block_1_1' title="bbox 212 453 424 501">
    <p class='ocr_par' dir='ltr' id='par_1_1' title="bbox 212 453 424 501">
     <span class='ocr_line' id='line_1_1' title="bbox 212 453 424 478; baseline 0 -6"><span class='ocrx_word' id='word_1_1' title='bbox 212 454 223 464; x_wconf 86' lang='lat'>·</span> <span class='ocrx_word' id='word_1_2' title='bbox 231 453 424 478; x_wconf 77' lang='lat' dir='ltr'>Qu.1.x11,art.4‚</span> 
     </span>
     <span class='ocr_line' id='line_1_2' title="bbox 212 479 423 501; baseline -0.014 0"><span class='ocrx_word' id='word_1_3' title='bbox 212 479 343 501; x_wconf 85' lang='lat' dir='ltr'>comment.</span> <span class='ocrx_word' id='word_1_4' title='bbox 360 483 423 499; x_wconf 91' lang='lat' dir='ltr'>num.</span> 
     </span>
    </p>
   </div>
   <div class='ocr_carea' id='block_1_2' title="bbox 213 510 304 532">
    <p class='ocr_par' dir='ltr' id='par_1_2' title="bbox 213 510 304 532">
     <span class='ocr_line' id='line_1_3' title="bbox 213 510 304 532; baseline -0.011 -6"><span class='ocrx_word' id='word_1_5' title='bbox 213 511 237 526; x_wconf 85' lang='grc' dir='ltr'>ιιι</span> <span class='ocrx_word' id='word_1_6' title='bbox 253 510 304 532; x_wconf 86' lang='lat' dir='ltr'><strong>sqq.</strong></span> 
     </span>
    </p>
   </div>
   <div class='ocr_carea' id='block_1_3' title="bbox 218 1561 348 1583">
    <p class='ocr_par' dir='ltr' id='par_1_3' title="bbox 218 1561 348 1583">
     <span class='ocr_line' id='line_1_4' title="bbox 218 1561 348 1583; baseline -0.008 0"><span class='ocrx_word' id='word_1_7' title='bbox 218 1563 227 1573; x_wconf 89' lang='lat'>&#39;¹</span> <span class='ocrx_word' id='word_1_8' title='bbox 242 1562 277 1583; x_wconf 85' lang='lat' dir='ltr'>Cf.</span> <span class='ocrx_word' id='word_1_9' title='bbox 292 1561 348 1583; x_wconf 88' lang='lat' dir='ltr'>ibid.</span> 
     </span>
    </p>
   </div>
   <div class='ocr_carea' id='block_1_4' title="bbox 226 2808 437 2888">
    <p class='ocr_par' dir='ltr' id='par_1_4' title="bbox 226 2808 437 2888">
     <span class='ocr_line' id='line_1_5' title="bbox 226 2808 437 2833; baseline -0.005 -4"><span class='ocrx_word' id='word_1_10' title='bbox 226 2810 236 2819; x_wconf 77' lang='lat'><strong>¹</strong></span> <span class='ocrx_word' id='word_1_11' title='bbox 251 2808 301 2829; x_wconf 80' lang='lat' dir='ltr'>Art.</span> <span class='ocrx_word' id='word_1_12' title='bbox 319 2814 340 2833; x_wconf 72' lang='grc' dir='ltr'>ις</span> <span class='ocrx_word' id='word_1_13' title='bbox 357 2810 399 2828; x_wconf 76' lang='lat' dir='ltr'>art.</span> <span class='ocrx_word' id='word_1_14' title='bbox 414 2814 437 2833; x_wconf 68' lang='lat'>4,</span> 
     </span>
     <span class='ocr_line' id='line_1_6' title="bbox 227 2834 437 2863; baseline -0.014 -7"><span class='ocrx_word' id='word_1_15' title='bbox 227 2834 255 2856; x_wconf 86' lang='lat' dir='ltr'>ad</span> <span class='ocrx_word' id='word_1_16' title='bbox 270 2841 296 2863; x_wconf 71' lang='lat'>33</span> <span class='ocrx_word' id='word_1_17' title='bbox 316 2840 353 2861; x_wconf 87' lang='lat' dir='ltr'>qu.</span> <span class='ocrx_word' id='word_1_18' title='bbox 369 2840 437 2859; x_wconf 57' lang='lat' dir='ltr'>cxxv,</span> 
     </span>
     <span class='ocr_line' id='line_1_7' title="bbox 226 2864 340 2888; baseline 0 -6"><span class='ocrx_word' id='word_1_19' title='bbox 226 2864 269 2883; x_wconf 87' lang='lat' dir='ltr'>art.</span> <span class='ocrx_word' id='word_1_20' title='bbox 285 2867 305 2887; x_wconf 86' lang='lat'>2,</span> <span class='ocrx_word' id='word_1_21' title='bbox 319 2867 340 2888; x_wconf 91' lang='lat'>7.</span> 
     </span>
    </p>
   </div>
   <div class='ocr_carea' id='block_1_5' title="bbox 454 206 527 231">
    <p class='ocr_par' dir='ltr' id='par_1_5' title="bbox 454 206 527 231">
     <span class='ocr_line' id='line_1_8' title="bbox 454 206 527 231; baseline -0.014 0"><span class='ocrx_word' id='word_1_22' title='bbox 454 206 527 231; x_wconf 89' lang='lat'>212</span> 
     </span>
    </p>
   </div>
   <div class='ocr_carea' id='block_1_6' title="bbox 450 270 1516 885">
    <p class='ocr_par' dir='ltr' id='par_1_6' title="bbox 450 270 1513 437">
     <span class='ocr_line' id='line_1_9' title="bbox 450 270 1512 314; baseline -0.004 -10"><span class='ocrx_word' id='word_1_23' title='bbox 450 284 530 305; x_wconf 89' lang='lat' dir='ltr'>sona</span> <span class='ocrx_word' id='word_1_24' title='bbox 550 274 669 304; x_wconf 82' lang='lat' dir='ltr'><strong><em>Christi</em></strong></span> <span class='ocrx_word' id='word_1_25' title='bbox 689 274 821 314; x_wconf 86' lang='lat' dir='ltr'>loquens</span> <span class='ocrx_word' id='word_1_26' title='bbox 836 273 897 303; x_wconf 83' lang='lat' dir='ltr'>hoc</span> <span class='ocrx_word' id='word_1_27' title='bbox 913 273 1041 314; x_wconf 90' lang='lat' dir='ltr'><strong><em>conficit</em></strong></span> <span class='ocrx_word' id='word_1_28' title='bbox 1055 277 1315 303; x_wconf 85' lang='lat' dir='ltr'>sacramentum:</span> <span class='ocrx_word' id='word_1_29' title='bbox 1338 281 1412 300; x_wconf 90' lang='lat' dir='ltr'>nam</span> <span class='ocrx_word' id='word_1_30' title='bbox 1429 270 1512 310; x_wconf 81' lang='lat' dir='ltr'>ipso-</span> 
     </span>
     <span class='ocr_line' id='line_1_10' title="bbox 451 314 1512 357; baseline -0.006 -8"><span class='ocrx_word' id='word_1_31' title='bbox 451 329 523 349; x_wconf 89' lang='lat' dir='ltr'>rum</span> <span class='ocrx_word' id='word_1_32' title='bbox 547 318 716 349; x_wconf 77' lang='lat' dir='ltr'>verborum</span> <span class='ocrx_word' id='word_1_33' title='bbox 741 318 857 348; x_wconf 83' lang='lat' dir='ltr'>virtute</span> <span class='ocrx_word' id='word_1_34' title='bbox 879 318 1057 348; x_wconf 84' lang='lat' dir='ltr'>substantia</span> <span class='ocrx_word' id='word_1_35' title='bbox 1075 317 1174 357; x_wconf 79' lang='lat' dir='ltr'>panis</span> <span class='ocrx_word' id='word_1_36' title='bbox 1198 316 1229 346; x_wconf 89' lang='lat' dir='ltr'>in</span> <span class='ocrx_word' id='word_1_37' title='bbox 1247 325 1364 355; x_wconf 78' lang='lat' dir='ltr'>corpus</span> <span class='ocrx_word' id='word_1_38' title='bbox 1383 314 1512 349; x_wconf 81' lang='lat' dir='ltr'><strong><em>Christi,</em></strong></span> 
     </span>
     <span class='ocr_line' id='line_1_11' title="bbox 451 358 1513 403; baseline -0.006 -10"><span class='ocrx_word' id='word_1_39' title='bbox 451 368 482 393; x_wconf 87' lang='lat' dir='ltr'>et</span> <span class='ocrx_word' id='word_1_40' title='bbox 502 362 681 393; x_wconf 80' lang='lat' dir='ltr'>substantia</span> <span class='ocrx_word' id='word_1_41' title='bbox 704 362 770 393; x_wconf 78' lang='lat' dir='ltr'>vini</span> <span class='ocrx_word' id='word_1_42' title='bbox 794 362 826 392; x_wconf 90' lang='lat' dir='ltr'>in</span> <span class='ocrx_word' id='word_1_43' title='bbox 850 361 1043 403; x_wconf 78' lang='lat' dir='ltr'>sanguinem</span> <span class='ocrx_word' id='word_1_44' title='bbox 1067 364 1309 391; x_wconf 83' lang='lat' dir='ltr'>convertuntur.</span> <span class='ocrx_word' id='word_1_45' title='bbox 1345 359 1408 389; x_wconf 89' lang='lat' dir='ltr'>Ubi</span> <span class='ocrx_word' id='word_1_46' title='bbox 1432 358 1513 391; x_wconf 87' lang='lat' dir='ltr'>clare</span> 
     </span>
     <span class='ocr_line' id='line_1_12' title="bbox 450 403 1417 437; baseline -0.004 -1"><span class='ocrx_word' id='word_1_47' title='bbox 450 406 538 437; x_wconf 88' lang='lat' dir='ltr'>vides</span> <span class='ocrx_word' id='word_1_48' title='bbox 561 407 711 437; x_wconf 88' lang='lat' dir='ltr'>virtutem</span> <span class='ocrx_word' id='word_1_49' title='bbox 733 407 906 437; x_wconf 90' lang='lat' dir='ltr'>verborum</span> <span class='ocrx_word' id='word_1_50' title='bbox 930 411 1078 435; x_wconf 84' lang='lat' dir='ltr'>assertam</span> <span class='ocrx_word' id='word_1_51' title='bbox 1102 415 1119 434; x_wconf 92' lang='lat' dir='ltr'>a</span> <span class='ocrx_word' id='word_1_52' title='bbox 1143 413 1231 434; x_wconf 91' lang='lat' dir='ltr'>sacro</span> <span class='ocrx_word' id='word_1_53' title='bbox 1258 403 1417 433; x_wconf 89' lang='lat' dir='ltr'>Concilio.</span> 
     </span>
    </p>

    <p class='ocr_par' dir='ltr' id='par_1_7' title="bbox 450 448 1516 885">
     <span class='ocr_line' id='line_1_13' title="bbox 507 448 1513 490; baseline -0.006 -9"><span class='ocrx_word' id='word_1_54' title='bbox 507 450 543 481; x_wconf 89' lang='grc' dir='ltr'>ΙΙ.</span> <span class='ocrx_word' id='word_1_55' title='bbox 569 451 612 481; x_wconf 91' lang='lat' dir='ltr'>Ut</span> <span class='ocrx_word' id='word_1_56' title='bbox 634 456 743 481; x_wconf 88' lang='lat' dir='ltr'>autem</span> <span class='ocrx_word' id='word_1_57' title='bbox 765 450 911 490; x_wconf 88' lang='lat' dir='ltr'>superius</span> <span class='ocrx_word' id='word_1_58' title='bbox 927 451 943 467; x_wconf 67' lang='lat'>⁴*</span> <span class='ocrx_word' id='word_1_59' title='bbox 968 449 1104 479; x_wconf 85' lang='lat' dir='ltr'>diximus</span> <span class='ocrx_word' id='word_1_60' title='bbox 1135 448 1174 478; x_wconf 91' lang='lat' dir='ltr'>de</span> <span class='ocrx_word' id='word_1_61' title='bbox 1197 448 1312 477; x_wconf 92' lang='lat' dir='ltr'>virtute</span> <span class='ocrx_word' id='word_1_62' title='bbox 1336 455 1513 476; x_wconf 89' lang='lat' dir='ltr'>sacramen-</span> 
     </span>
     <span class='ocr_line' id='line_1_14' title="bbox 450 491 1514 534; baseline -0.005 -9"><span class='ocrx_word' id='word_1_63' title='bbox 450 501 573 531; x_wconf 89' lang='lat' dir='ltr'>torum,</span> <span class='ocrx_word' id='word_1_64' title='bbox 597 495 642 525; x_wconf 88' lang='lat' dir='ltr'>sic</span> <span class='ocrx_word' id='word_1_65' title='bbox 667 500 901 534; x_wconf 83' lang='lat' dir='ltr'><strong>consequenter</strong></span> <span class='ocrx_word' id='word_1_66' title='bbox 924 503 1011 524; x_wconf 91' lang='lat' dir='ltr'>nunc</span> <span class='ocrx_word' id='word_1_67' title='bbox 1035 493 1171 523; x_wconf 82' lang='lat' dir='ltr'>dicimus</span> <span class='ocrx_word' id='word_1_68' title='bbox 1195 491 1234 521; x_wconf 93' lang='lat' dir='ltr'>de</span> <span class='ocrx_word' id='word_1_69' title='bbox 1257 492 1372 521; x_wconf 88' lang='lat' dir='ltr'>virtute</span> <span class='ocrx_word' id='word_1_70' title='bbox 1396 491 1514 520; x_wconf 92' lang='lat' dir='ltr'>horum</span> 
     </span>
     <span class='ocr_line' id='line_1_15' title="bbox 451 533 1514 579; baseline -0.005 -11"><span class='ocrx_word' id='word_1_71' title='bbox 451 540 640 575; x_wconf 88' lang='lat' dir='ltr'>verborum,</span> <span class='ocrx_word' id='word_1_72' title='bbox 665 538 755 579; x_wconf 92' lang='lat' dir='ltr'>quod</span> <span class='ocrx_word' id='word_1_73' title='bbox 784 548 851 568; x_wconf 92' lang='lat' dir='ltr'>non</span> <span class='ocrx_word' id='word_1_74' title='bbox 875 543 921 568; x_wconf 88' lang='lat' dir='ltr'>est</span> <span class='ocrx_word' id='word_1_75' title='bbox 952 537 1085 577; x_wconf 82' lang='lat' dir='ltr'>qualitas</span> <span class='ocrx_word' id='word_1_76' title='bbox 1115 536 1221 575; x_wconf 88' lang='lat' dir='ltr'>aliqua</span> <span class='ocrx_word' id='word_1_77' title='bbox 1249 533 1450 575; x_wconf 85' lang='lat' dir='ltr'>superaddita</span> <span class='ocrx_word' id='word_1_78' title='bbox 1479 539 1514 564; x_wconf 92' lang='lat' dir='ltr'>ut</span> 
     </span>
     <span class='ocr_line' id='line_1_16' title="bbox 451 578 1513 623; baseline -0.007 -9"><span class='ocrx_word' id='word_1_79' title='bbox 451 593 500 614; x_wconf 92' lang='lat' dir='ltr'>res</span> <span class='ocrx_word' id='word_1_80' title='bbox 517 583 674 623; x_wconf 86' lang='lat' dir='ltr'>quaedam</span> <span class='ocrx_word' id='word_1_81' title='bbox 690 583 835 613; x_wconf 90' lang='lat' dir='ltr'>distincta</span> <span class='ocrx_word' id='word_1_82' title='bbox 851 582 974 612; x_wconf 85' lang='lat' dir='ltr'>realiter</span> <span class='ocrx_word' id='word_1_83' title='bbox 990 582 1028 611; x_wconf 91' lang='lat' dir='ltr'>ab</span> <span class='ocrx_word' id='word_1_84' title='bbox 1045 582 1112 620; x_wconf 88' lang='lat' dir='ltr'>ipsa</span> <span class='ocrx_word' id='word_1_85' title='bbox 1137 580 1282 610; x_wconf 93' lang='lat' dir='ltr'>oratione</span> <span class='ocrx_word' id='word_1_86' title='bbox 1305 578 1513 618; x_wconf 86' lang='lat' dir='ltr'>significante,</span> 
     </span>
     <span class='ocr_line' id='line_1_17' title="bbox 451 622 1515 667; baseline -0.006 -9"><span class='ocrx_word' id='word_1_87' title='bbox 451 627 506 658; x_wconf 91' lang='lat' dir='ltr'>sed</span> <span class='ocrx_word' id='word_1_88' title='bbox 530 633 576 658; x_wconf 88' lang='lat' dir='ltr'>est</span> <span class='ocrx_word' id='word_1_89' title='bbox 605 628 674 667; x_wconf 92' lang='lat' dir='ltr'>ipsa</span> <span class='ocrx_word' id='word_1_90' title='bbox 703 627 804 657; x_wconf 89' lang='lat' dir='ltr'>oratio</span> <span class='ocrx_word' id='word_1_91' title='bbox 835 625 1014 665; x_wconf 84' lang='lat' dir='ltr'>significans</span> <span class='ocrx_word' id='word_1_92' title='bbox 1045 630 1081 654; x_wconf 93' lang='lat' dir='ltr'>ut</span> <span class='ocrx_word' id='word_1_93' title='bbox 1113 625 1361 654; x_wconf 86' lang='lat' dir='ltr'>instrumentum</span> <span class='ocrx_word' id='word_1_94' title='bbox 1391 623 1452 652; x_wconf 90' lang='lat' dir='ltr'>Dei</span> <span class='ocrx_word' id='word_1_95' title='bbox 1476 622 1515 652; x_wconf 92' lang='lat' dir='ltr'>ad</span> 
     </span>
     <span class='ocr_line' id='line_1_18' title="bbox 453 666 1516 710; baseline -0.006 -8"><span class='ocrx_word' id='word_1_96' title='bbox 453 672 737 702; x_wconf 89' lang='lat' dir='ltr'>consecrationem.</span> <span class='ocrx_word' id='word_1_97' title='bbox 773 671 817 700; x_wconf 93' lang='lat' dir='ltr'>Ita</span> <span class='ocrx_word' id='word_1_98' title='bbox 856 669 945 710; x_wconf 90' lang='lat' dir='ltr'>quod</span> <span class='ocrx_word' id='word_1_99' title='bbox 983 670 1084 699; x_wconf 93' lang='lat' dir='ltr'>oratio</span> <span class='ocrx_word' id='word_1_100' title='bbox 1118 669 1203 708; x_wconf 90' lang='lat' dir='ltr'>ipsa,</span> <span class='ocrx_word' id='word_1_101' title='bbox 1234 673 1329 707; x_wconf 84' lang='lat' dir='ltr'>puta,</span> <span class='ocrx_word' id='word_1_102' title='bbox 1359 666 1435 697; x_wconf 88' lang='lat' dir='ltr'>Hoc</span> <span class='ocrx_word' id='word_1_103' title='bbox 1469 671 1516 697; x_wconf 88' lang='lat' dir='ltr'>est</span> 
     </span>
     <span class='ocr_line' id='line_1_19' title="bbox 452 710 1515 756; baseline -0.006 -10"><span class='ocrx_word' id='word_1_104' title='bbox 452 725 569 756; x_wconf 84' lang='lat' dir='ltr'>corpus</span> <span class='ocrx_word' id='word_1_105' title='bbox 592 725 706 751; x_wconf 88' lang='lat' dir='ltr'>meum,</span> <span class='ocrx_word' id='word_1_106' title='bbox 731 714 909 745; x_wconf 89' lang='lat' dir='ltr'>secundum</span> <span class='ocrx_word' id='word_1_107' title='bbox 932 723 965 744; x_wconf 88' lang='lat' dir='ltr'>se</span> <span class='ocrx_word' id='word_1_108' title='bbox 990 712 1121 753; x_wconf 89' lang='lat' dir='ltr'>quidem</span> <span class='ocrx_word' id='word_1_109' title='bbox 1147 722 1215 742; x_wconf 92' lang='lat' dir='ltr'>non</span> <span class='ocrx_word' id='word_1_110' title='bbox 1239 717 1285 741; x_wconf 83' lang='lat' dir='ltr'>est</span> <span class='ocrx_word' id='word_1_111' title='bbox 1308 710 1394 741; x_wconf 88' lang='lat' dir='ltr'>aliud</span> <span class='ocrx_word' id='word_1_112' title='bbox 1418 719 1515 751; x_wconf 86' lang='lat' dir='ltr'>quam</span> 
     </span>
     <span class='ocr_line' id='line_1_20' title="bbox 453 755 1515 799; baseline -0.005 -9"><span class='ocrx_word' id='word_1_113' title='bbox 453 760 629 791; x_wconf 83' lang='lat' dir='ltr'>enuntiatio</span> <span class='ocrx_word' id='word_1_114' title='bbox 661 758 840 799; x_wconf 87' lang='lat' dir='ltr'>significans</span> <span class='ocrx_word' id='word_1_115' title='bbox 863 759 924 788; x_wconf 81' lang='lat' dir='ltr'>hoc</span> <span class='ocrx_word' id='word_1_116' title='bbox 947 767 1014 788; x_wconf 86' lang='lat' dir='ltr'>esse</span> <span class='ocrx_word' id='word_1_117' title='bbox 1044 766 1161 797; x_wconf 83' lang='lat' dir='ltr'>corpus</span> <span class='ocrx_word' id='word_1_118' title='bbox 1191 765 1294 786; x_wconf 90' lang='lat' dir='ltr'>meum</span> <span class='ocrx_word' id='word_1_119' title='bbox 1301 762 1313 792; x_wconf 86' lang='lat'>‚·</span> <span class='ocrx_word' id='word_1_120' title='bbox 1336 755 1391 786; x_wconf 90' lang='lat' dir='ltr'>sed</span> <span class='ocrx_word' id='word_1_121' title='bbox 1410 760 1445 785; x_wconf 90' lang='lat' dir='ltr'>ut</span> <span class='ocrx_word' id='word_1_122' title='bbox 1468 765 1515 785; x_wconf 89' lang='lat' dir='ltr'>as-</span> 
     </span>
     <span class='ocr_line' id='line_1_21' title="bbox 453 799 1516 844; baseline -0.005 -10"><span class='ocrx_word' id='word_1_123' title='bbox 453 809 580 844; x_wconf 89' lang='lat' dir='ltr'>sumpta</span> <span class='ocrx_word' id='word_1_124' title='bbox 612 813 629 833; x_wconf 85' lang='lat' dir='ltr'>a</span> <span class='ocrx_word' id='word_1_125' title='bbox 663 803 790 833; x_wconf 88' lang='lat' dir='ltr'>Christo</span> <span class='ocrx_word' id='word_1_126' title='bbox 823 803 856 832; x_wconf 91' lang='lat' dir='ltr'>in</span> <span class='ocrx_word' id='word_1_127' title='bbox 888 803 1136 832; x_wconf 88' lang='lat' dir='ltr'>instrumentum</span> <span class='ocrx_word' id='word_1_128' title='bbox 1170 800 1209 830; x_wconf 91' lang='lat' dir='ltr'>ad</span> <span class='ocrx_word' id='word_1_129' title='bbox 1242 799 1516 830; x_wconf 89' lang='lat' dir='ltr'>consecrationem</span> 
     </span>
     <span class='ocr_line' id='line_1_22' title="bbox 453 843 1516 885; baseline -0.005 -7"><span class='ocrx_word' id='word_1_130' title='bbox 453 849 561 884; x_wconf 90' lang='lat' dir='ltr'>istam,</span> <span class='ocrx_word' id='word_1_131' title='bbox 590 853 636 878; x_wconf 90' lang='lat' dir='ltr'>est</span> <span class='ocrx_word' id='word_1_132' title='bbox 665 857 732 877; x_wconf 92' lang='lat' dir='ltr'>non</span> <span class='ocrx_word' id='word_1_133' title='bbox 763 846 869 876; x_wconf 90' lang='lat' dir='ltr'>solum</span> <span class='ocrx_word' id='word_1_134' title='bbox 893 846 1070 877; x_wconf 86' lang='lat' dir='ltr'>enuntiatio</span> <span class='ocrx_word' id='word_1_135' title='bbox 1102 844 1298 885; x_wconf 87' lang='lat' dir='ltr'>significans,</span> <span class='ocrx_word' id='word_1_136' title='bbox 1323 843 1378 874; x_wconf 93' lang='lat' dir='ltr'>sed</span> <span class='ocrx_word' id='word_1_137' title='bbox 1401 844 1516 874; x_wconf 88' lang='lat' dir='ltr'>instru-</span> 
     </span>
    </p>
   </div>
   <div class='ocr_carea' id='block_1_7' title="bbox 453 889 1524 931">
    <p class='ocr_par' dir='ltr' id='par_1_8' title="bbox 453 889 1524 931">
     <span class='ocr_line' id='line_1_23' title="bbox 453 889 1524 931; baseline -0.005 -9"><span class='ocrx_word' id='word_1_138' title='bbox 453 892 631 923; x_wconf 85' lang='lat' dir='ltr'>mentaliter</span> <span class='ocrx_word' id='word_1_139' title='bbox 661 891 815 926; x_wconf 84' lang='lat' dir='ltr'>efficiens;</span> <span class='ocrx_word' id='word_1_140' title='bbox 840 890 929 931; x_wconf 93' lang='lat' dir='ltr'>quod</span> <span class='ocrx_word' id='word_1_141' title='bbox 954 895 999 920; x_wconf 91' lang='lat' dir='ltr'>est</span> <span class='ocrx_word' id='word_1_142' title='bbox 1022 890 1138 920; x_wconf 89' lang='lat' dir='ltr'>habere</span> <span class='ocrx_word' id='word_1_143' title='bbox 1161 890 1321 924; x_wconf 88' lang='lat' dir='ltr'>virtutem,</span> <span class='ocrx_word' id='word_1_144' title='bbox 1345 889 1446 918; x_wconf 90' lang='lat' dir='ltr'>immo</span> <span class='ocrx_word' id='word_1_145' title='bbox 1471 893 1524 918; x_wconf 37' lang='lat' dir='ltr'>est&gt;</span> 
     </span>
    </p>
   </div>
   <div class='ocr_carea' id='block_1_8' title="bbox 450 937 1520 1372">
    <p class='ocr_par' dir='ltr' id='par_1_9' title="bbox 454 937 704 967">
     <span class='ocr_line' id='line_1_24' title="bbox 454 937 704 967; baseline -0.008 0"><span class='ocrx_word' id='word_1_146' title='bbox 454 946 522 967; x_wconf 88' lang='lat' dir='ltr'>esse</span> <span class='ocrx_word' id='word_1_147' title='bbox 545 937 704 966; x_wconf 88' lang='lat' dir='ltr'>virtutem.</span> 
     </span>
    </p>

    <p class='ocr_par' dir='ltr' id='par_1_10' title="bbox 450 976 1520 1372">
     <span class='ocr_line' id='line_1_25' title="bbox 509 976 1517 1020; baseline -0.004 -10"><span class='ocrx_word' id='word_1_148' title='bbox 509 981 549 1010; x_wconf 94' lang='lat' dir='ltr'>Et</span> <span class='ocrx_word' id='word_1_149' title='bbox 573 981 647 1020; x_wconf 89' lang='lat' dir='ltr'>quia</span> <span class='ocrx_word' id='word_1_150' title='bbox 671 989 738 1009; x_wconf 89' lang='lat' dir='ltr'>esse</span> <span class='ocrx_word' id='word_1_151' title='bbox 762 980 911 1009; x_wconf 90' lang='lat' dir='ltr'>virtutem</span> <span class='ocrx_word' id='word_1_152' title='bbox 943 984 989 1008; x_wconf 89' lang='lat' dir='ltr'>est</span> <span class='ocrx_word' id='word_1_153' title='bbox 1020 977 1184 1017; x_wconf 79' lang='lat' dir='ltr'>quoddam</span> <span class='ocrx_word' id='word_1_154' title='bbox 1216 976 1423 1007; x_wconf 91' lang='lat' dir='ltr'>adventitium</span> <span class='ocrx_word' id='word_1_155' title='bbox 1448 986 1517 1006; x_wconf 87' lang='lat' dir='ltr'>ora-</span> 
     </span>
     <span class='ocr_line' id='line_1_26' title="bbox 453 1021 1518 1058; baseline -0.004 -4"><span class='ocrx_word' id='word_1_156' title='bbox 453 1025 534 1054; x_wconf 91' lang='lat' dir='ltr'>tioni</span> <span class='ocrx_word' id='word_1_157' title='bbox 557 1024 712 1058; x_wconf 87' lang='lat' dir='ltr'>absolute,</span> <span class='ocrx_word' id='word_1_158' title='bbox 736 1022 809 1053; x_wconf 90' lang='lat' dir='ltr'>ideo</span> <span class='ocrx_word' id='word_1_159' title='bbox 830 1022 944 1052; x_wconf 90' lang='lat' dir='ltr'>dicitur</span> <span class='ocrx_word' id='word_1_160' title='bbox 968 1022 1148 1052; x_wconf 86' lang='lat' dir='ltr'>orationem</span> <span class='ocrx_word' id='word_1_161' title='bbox 1167 1021 1284 1051; x_wconf 83' lang='lat' dir='ltr'>habere</span> <span class='ocrx_word' id='word_1_162' title='bbox 1303 1021 1462 1055; x_wconf 82' lang='lat' dir='ltr'>virtutem,</span> <span class='ocrx_word' id='word_1_163' title='bbox 1487 1026 1518 1050; x_wconf 91' lang='lat' dir='ltr'>et</span> 
     </span>
     <span class='ocr_line' id='line_1_27' title="bbox 455 1064 1516 1101; baseline -0.004 -3"><span class='ocrx_word' id='word_1_164' title='bbox 455 1068 604 1098; x_wconf 79' lang='lat' dir='ltr'>virtutem</span> <span class='ocrx_word' id='word_1_165' title='bbox 634 1077 702 1097; x_wconf 85' lang='lat' dir='ltr'>esse</span> <span class='ocrx_word' id='word_1_166' title='bbox 729 1067 760 1096; x_wconf 84' lang='lat' dir='ltr'>in</span> <span class='ocrx_word' id='word_1_167' title='bbox 790 1066 909 1101; x_wconf 83' lang='lat' dir='ltr'>verbis,</span> <span class='ocrx_word' id='word_1_168' title='bbox 935 1071 966 1096; x_wconf 91' lang='lat' dir='ltr'>et</span> <span class='ocrx_word' id='word_1_169' title='bbox 993 1066 1095 1095; x_wconf 85' lang='lat' dir='ltr'>virtus</span> <span class='ocrx_word' id='word_1_170' title='bbox 1127 1065 1314 1100; x_wconf 84' lang='lat' dir='ltr'>verborum,</span> <span class='ocrx_word' id='word_1_171' title='bbox 1340 1070 1370 1094; x_wconf 95' lang='lat' dir='ltr'>et</span> <span class='ocrx_word' id='word_1_172' title='bbox 1394 1064 1516 1094; x_wconf 89' lang='lat' dir='ltr'>similia.</span> 
     </span>
     <span class='ocr_line' id='line_1_28' title="bbox 453 1109 1518 1151; baseline -0.004 -10"><span class='ocrx_word' id='word_1_173' title='bbox 453 1111 495 1141; x_wconf 87' lang='lat' dir='ltr'>Et</span> <span class='ocrx_word' id='word_1_174' title='bbox 524 1112 598 1151; x_wconf 93' lang='lat' dir='ltr'>quia</span> <span class='ocrx_word' id='word_1_175' title='bbox 624 1111 722 1141; x_wconf 91' lang='lat' dir='ltr'>virtus</span> <span class='ocrx_word' id='word_1_176' title='bbox 754 1109 924 1140; x_wconf 86' lang='lat' dir='ltr'>adventitia</span> <span class='ocrx_word' id='word_1_177' title='bbox 955 1109 1114 1148; x_wconf 90' lang='lat' dir='ltr'>qualitatis</span> <span class='ocrx_word' id='word_1_178' title='bbox 1145 1109 1302 1138; x_wconf 91' lang='lat' dir='ltr'>rationem</span> <span class='ocrx_word' id='word_1_179' title='bbox 1333 1118 1370 1138; x_wconf 89' lang='lat' dir='ltr'>ac</span> <span class='ocrx_word' id='word_1_180' title='bbox 1397 1117 1518 1138; x_wconf 90' lang='lat' dir='ltr'>nomen</span> 
     </span>
     <span class='ocr_line' id='line_1_29' title="bbox 450 1151 1519 1194; baseline -0.005 -8"><span class='ocrx_word' id='word_1_181' title='bbox 450 1155 573 1191; x_wconf 82' lang='lat' dir='ltr'>induit,</span> <span class='ocrx_word' id='word_1_182' title='bbox 594 1154 672 1185; x_wconf 86' lang='lat' dir='ltr'>ideo</span> <span class='ocrx_word' id='word_1_183' title='bbox 697 1154 831 1194; x_wconf 83' lang='lat' dir='ltr'>qualitas</span> <span class='ocrx_word' id='word_1_184' title='bbox 855 1153 985 1184; x_wconf 90' lang='lat' dir='ltr'>dicitur:</span> <span class='ocrx_word' id='word_1_185' title='bbox 1018 1162 1093 1182; x_wconf 90' lang='lat' dir='ltr'>cum</span> <span class='ocrx_word' id='word_1_186' title='bbox 1116 1158 1224 1182; x_wconf 88' lang='lat' dir='ltr'>tamen</span> <span class='ocrx_word' id='word_1_187' title='bbox 1248 1151 1428 1182; x_wconf 89' lang='lat' dir='ltr'>secundum</span> <span class='ocrx_word' id='word_1_188' title='bbox 1451 1161 1519 1181; x_wconf 91' lang='lat' dir='ltr'>rem</span> 
     </span>
     <span class='ocr_line' id='line_1_30' title="bbox 450 1195 1517 1238; baseline -0.005 -8"><span class='ocrx_word' id='word_1_189' title='bbox 450 1199 532 1230; x_wconf 85' lang='lat' dir='ltr'>nihil</span> <span class='ocrx_word' id='word_1_190' title='bbox 555 1198 642 1229; x_wconf 85' lang='lat' dir='ltr'>aliud</span> <span class='ocrx_word' id='word_1_191' title='bbox 664 1199 703 1228; x_wconf 89' lang='lat' dir='ltr'>sit</span> <span class='ocrx_word' id='word_1_192' title='bbox 742 1207 840 1238; x_wconf 90' lang='lat' dir='ltr'>quam</span> <span class='ocrx_word' id='word_1_193' title='bbox 871 1197 1050 1227; x_wconf 90' lang='lat' dir='ltr'>orationem</span> <span class='ocrx_word' id='word_1_194' title='bbox 1078 1205 1146 1226; x_wconf 89' lang='lat' dir='ltr'>esse</span> <span class='ocrx_word' id='word_1_195' title='bbox 1169 1197 1418 1226; x_wconf 80' lang='lat' dir='ltr'>instrumentum</span> <span class='ocrx_word' id='word_1_196' title='bbox 1441 1195 1517 1231; x_wconf 75' lang='lat' dir='ltr'>Dei3</span> 
     </span>
     <span class='ocr_line' id='line_1_31' title="bbox 455 1240 1519 1283; baseline -0.005 -9"><span class='ocrx_word' id='word_1_197' title='bbox 455 1243 543 1283; x_wconf 90' lang='lat' dir='ltr'>quod</span> <span class='ocrx_word' id='word_1_198' title='bbox 566 1242 645 1273; x_wconf 82' lang='lat' dir='ltr'>nihil</span> <span class='ocrx_word' id='word_1_199' title='bbox 664 1242 755 1272; x_wconf 86' lang='lat' dir='ltr'>-aliud</span> <span class='ocrx_word' id='word_1_200' title='bbox 778 1247 825 1272; x_wconf 91' lang='lat' dir='ltr'>est</span> <span class='ocrx_word' id='word_1_201' title='bbox 848 1250 946 1281; x_wconf 85' lang='lat' dir='ltr'>quam</span> <span class='ocrx_word' id='word_1_202' title='bbox 969 1241 1076 1271; x_wconf 89' lang='lat' dir='ltr'>Deum</span> <span class='ocrx_word' id='word_1_203' title='bbox 1100 1241 1146 1270; x_wconf 91' lang='lat' dir='ltr'>uti</span> <span class='ocrx_word' id='word_1_204' title='bbox 1166 1241 1310 1270; x_wconf 85' lang='lat' dir='ltr'>oratione</span> <span class='ocrx_word' id='word_1_205' title='bbox 1327 1240 1519 1270; x_wconf 88' lang='lat' dir='ltr'>instrumen—</span> 
     </span>
     <span class='ocr_line' id='line_1_32' title="bbox 453 1284 1520 1319; baseline -0.005 -1"><span class='ocrx_word' id='word_1_206' title='bbox 453 1288 556 1319; x_wconf 86' lang='lat' dir='ltr'>taliter</span> <span class='ocrx_word' id='word_1_207' title='bbox 579 1286 619 1317; x_wconf 85' lang='lat' dir='ltr'>ad</span> <span class='ocrx_word' id='word_1_208' title='bbox 641 1287 738 1317; x_wconf 91' lang='lat' dir='ltr'>talem</span> <span class='ocrx_word' id='word_1_209' title='bbox 762 1285 922 1316; x_wconf 89' lang='lat' dir='ltr'>effectum.</span> <span class='ocrx_word' id='word_1_210' title='bbox 955 1285 1044 1316; x_wconf 88' lang='lat' dir='ltr'>Sicut</span> <span class='ocrx_word' id='word_1_211' title='bbox 1068 1285 1155 1315; x_wconf 88' lang='lat' dir='ltr'>enim</span> <span class='ocrx_word' id='word_1_212' title='bbox 1179 1284 1284 1314; x_wconf 87' lang='lat' dir='ltr'>omnis</span> <span class='ocrx_word' id='word_1_213' title='bbox 1309 1289 1450 1314; x_wconf 89' lang='lat' dir='ltr'>creatura</span> <span class='ocrx_word' id='word_1_214' title='bbox 1474 1289 1520 1313; x_wconf 90' lang='lat' dir='ltr'>est</span> 
     </span>
     <span class='ocr_line' id='line_1_33' title="bbox 453 1327 1520 1372; baseline -0.005 -10"><span class='ocrx_word' id='word_1_215' title='bbox 453 1332 487 1362; x_wconf 90' lang='lat' dir='ltr'>in</span> <span class='ocrx_word' id='word_1_216' title='bbox 510 1332 654 1372; x_wconf 90' lang='lat' dir='ltr'>potentia</span> <span class='ocrx_word' id='word_1_217' title='bbox 678 1330 882 1361; x_wconf 82' lang='lat' dir='ltr'>obedientiali</span> <span class='ocrx_word' id='word_1_218' title='bbox 906 1329 945 1359; x_wconf 91' lang='lat' dir='ltr'>ad</span> <span class='ocrx_word' id='word_1_219' title='bbox 967 1330 1031 1359; x_wconf 94' lang='lat' dir='ltr'>hoc</span> <span class='ocrx_word' id='word_1_220' title='bbox 1055 1328 1145 1369; x_wconf 92' lang='lat' dir='ltr'>quod</span> <span class='ocrx_word' id='word_1_221' title='bbox 1169 1327 1207 1358; x_wconf 91' lang='lat' dir='ltr'>de</span> <span class='ocrx_word' id='word_1_222' title='bbox 1224 1338 1260 1358; x_wconf 91' lang='lat' dir='ltr'>ea</span> <span class='ocrx_word' id='word_1_223' title='bbox 1284 1327 1339 1358; x_wconf 89' lang='lat' dir='ltr'>fiat</span> <span class='ocrx_word' id='word_1_224' title='bbox 1362 1327 1520 1368; x_wconf 91' lang='lat' dir='ltr'>quidquid</span> 
     </span>
    </p>
   </div>
   <div class='ocr_carea' id='block_1_9' title="bbox 454 1415 1528 2211">
    <p class='ocr_par' dir='ltr' id='par_1_11' title="bbox 454 1415 1525 1946">
     <span class='ocr_line' id='line_1_34' title="bbox 455 1415 1521 1458; baseline -0.004 -8"><span class='ocrx_word' id='word_1_225' title='bbox 455 1426 491 1450; x_wconf 86' lang='lat' dir='ltr'>ut</span> <span class='ocrx_word' id='word_1_226' title='bbox 514 1421 553 1450; x_wconf 90' lang='lat' dir='ltr'>sit</span> <span class='ocrx_word' id='word_1_227' title='bbox 571 1420 819 1450; x_wconf 87' lang='lat' dir='ltr'>instrumentum</span> <span class='ocrx_word' id='word_1_228' title='bbox 835 1418 896 1448; x_wconf 89' lang='lat' dir='ltr'>Dei</span> <span class='ocrx_word' id='word_1_229' title='bbox 920 1417 959 1448; x_wconf 92' lang='lat' dir='ltr'>ad</span> <span class='ocrx_word' id='word_1_230' title='bbox 975 1417 1208 1458; x_wconf 89' lang='lat' dir='ltr'>quodcumque</span> <span class='ocrx_word' id='word_1_231' title='bbox 1224 1416 1408 1447; x_wconf 83' lang='lat' dir='ltr'>faciendum</span> <span class='ocrx_word' id='word_1_232' title='bbox 1430 1415 1521 1446; x_wconf 88' lang='lat' dir='ltr'>Deus</span> 
     </span>
     <span class='ocr_line' id='line_1_35' title="bbox 455 1461 1522 1501; baseline -0.004 -7"><span class='ocrx_word' id='word_1_233' title='bbox 455 1465 507 1495; x_wconf 89' lang='lat' dir='ltr'>illa</span> <span class='ocrx_word' id='word_1_234' title='bbox 530 1465 577 1494; x_wconf 91' lang='lat' dir='ltr'>uti</span> <span class='ocrx_word' id='word_1_235' title='bbox 600 1464 747 1494; x_wconf 89' lang='lat' dir='ltr'>voluerit.</span> <span class='ocrx_word' id='word_1_236' title='bbox 783 1463 823 1493; x_wconf 91' lang='lat' dir='ltr'>Et</span> <span class='ocrx_word' id='word_1_237' title='bbox 846 1463 928 1492; x_wconf 88' lang='lat' dir='ltr'>sicut</span> <span class='ocrx_word' id='word_1_238' title='bbox 952 1463 1059 1492; x_wconf 91' lang='lat' dir='ltr'>Deum</span> <span class='ocrx_word' id='word_1_239' title='bbox 1088 1462 1123 1492; x_wconf 89' lang='lat' dir='ltr'>in</span> <span class='ocrx_word' id='word_1_240' title='bbox 1144 1466 1345 1491; x_wconf 90' lang='lat' dir='ltr'>sacramento</span> <span class='ocrx_word' id='word_1_241' title='bbox 1373 1461 1522 1501; x_wconf 88' lang='lat' dir='ltr'>baptismi</span> 
     </span>
     <span class='ocr_line' id='line_1_36' title="bbox 454 1505 1522 1549; baseline -0.005 -10"><span class='ocrx_word' id='word_1_242' title='bbox 454 1518 512 1549; x_wconf 90' lang='lat' dir='ltr'>per</span> <span class='ocrx_word' id='word_1_243' title='bbox 536 1508 654 1539; x_wconf 87' lang='lat' dir='ltr'>Christi</span> <span class='ocrx_word' id='word_1_244' title='bbox 677 1508 872 1548; x_wconf 90' lang='lat' dir='ltr'>baptismum</span> <span class='ocrx_word' id='word_1_245' title='bbox 903 1506 1027 1537; x_wconf 81' lang='lat' dir='ltr'>dedisse</span> <span class='ocrx_word' id='word_1_246' title='bbox 1049 1507 1200 1536; x_wconf 88' lang='lat' dir='ltr'>virtutem</span> <span class='ocrx_word' id='word_1_247' title='bbox 1223 1505 1314 1545; x_wconf 90' lang='lat' dir='ltr'>aquis</span> <span class='ocrx_word' id='word_1_248' title='bbox 1340 1505 1522 1535; x_wconf 82' lang='lat' dir='ltr'>inchoative</span> 
     </span>
     <span class='ocr_line' id='line_1_37' title="bbox 456 1549 1523 1591; baseline -0.005 -8"><span class='ocrx_word' id='word_1_249' title='bbox 456 1553 591 1584; x_wconf 88' lang='lat' dir='ltr'>dicimus</span> <span class='ocrx_word' id='word_1_250' title='bbox 607 1553 634 1589; x_wconf 72' lang='lat'>*,</span> <span class='ocrx_word' id='word_1_251' title='bbox 658 1552 747 1582; x_wconf 91' lang='lat' dir='ltr'>nulla</span> <span class='ocrx_word' id='word_1_252' title='bbox 769 1557 877 1582; x_wconf 84' lang='lat' dir='ltr'>tamen</span> <span class='ocrx_word' id='word_1_253' title='bbox 901 1551 1034 1591; x_wconf 87' lang='lat' dir='ltr'>qualitas</span> <span class='ocrx_word' id='word_1_254' title='bbox 1058 1549 1260 1590; x_wconf 90' lang='lat' dir='ltr'>superaddita</span> <span class='ocrx_word' id='word_1_255' title='bbox 1283 1554 1453 1590; x_wconf 91' lang='lat' dir='ltr'>propterea</span> <span class='ocrx_word' id='word_1_256' title='bbox 1476 1554 1523 1579; x_wconf 88' lang='lat' dir='ltr'>est</span> 
     </span>
     <span class='ocr_line' id='line_1_38' title="bbox 456 1593 1523 1638; baseline -0.004 -11"><span class='ocrx_word' id='word_1_257' title='bbox 456 1598 563 1638; x_wconf 90' lang='lat' dir='ltr'>aquis;</span> <span class='ocrx_word' id='word_1_258' title='bbox 581 1602 612 1627; x_wconf 90' lang='lat' dir='ltr'>et</span> <span class='ocrx_word' id='word_1_259' title='bbox 627 1595 838 1637; x_wconf 91' lang='lat' dir='ltr'>postmodum</span> <span class='ocrx_word' id='word_1_260' title='bbox 851 1595 1011 1635; x_wconf 91' lang='lat' dir='ltr'>complete</span> <span class='ocrx_word' id='word_1_261' title='bbox 1025 1594 1116 1625; x_wconf 89' lang='lat' dir='ltr'>datur</span> <span class='ocrx_word' id='word_1_262' title='bbox 1127 1595 1226 1624; x_wconf 84' lang='lat' dir='ltr'>virtus</span> <span class='ocrx_word' id='word_1_263' title='bbox 1239 1603 1340 1634; x_wconf 90' lang='lat' dir='ltr'>aquae</span> <span class='ocrx_word' id='word_1_264' title='bbox 1357 1594 1391 1624; x_wconf 93' lang='lat' dir='ltr'>in</span> <span class='ocrx_word' id='word_1_265' title='bbox 1406 1593 1523 1624; x_wconf 90' lang='lat' dir='ltr'>actuali</span> 
     </span>
     <span class='ocr_line' id='line_1_39' title="bbox 455 1637 1521 1681; baseline -0.003 -10"><span class='ocrx_word' id='word_1_266' title='bbox 455 1641 626 1681; x_wconf 90' lang='lat' dir='ltr'>baptismo,</span> <span class='ocrx_word' id='word_1_267' title='bbox 640 1650 700 1681; x_wconf 90' lang='lat' dir='ltr'>per</span> <span class='ocrx_word' id='word_1_268' title='bbox 715 1641 779 1670; x_wconf 93' lang='lat' dir='ltr'>hoc</span> <span class='ocrx_word' id='word_1_269' title='bbox 799 1639 888 1680; x_wconf 88' lang='lat' dir='ltr'>quod</span> <span class='ocrx_word' id='word_1_270' title='bbox 902 1639 1049 1670; x_wconf 70' lang='lat' dir='ltr'>‘Christus</span> <span class='ocrx_word' id='word_1_271' title='bbox 1066 1639 1230 1678; x_wconf 88' lang='lat' dir='ltr'>baptizans</span> <span class='ocrx_word' id='word_1_272' title='bbox 1246 1638 1345 1668; x_wconf 91' lang='lat' dir='ltr'>utitur</span> <span class='ocrx_word' id='word_1_273' title='bbox 1357 1637 1410 1668; x_wconf 90' lang='lat' dir='ltr'>illa</span> <span class='ocrx_word' id='word_1_274' title='bbox 1423 1647 1521 1677; x_wconf 87' lang='lat' dir='ltr'>aqua:</span> 
     </span>
     <span class='ocr_line' id='line_1_40' title="bbox 456 1681 1523 1725; baseline -0.004 -9"><span class='ocrx_word' id='word_1_275' title='bbox 456 1687 500 1716; x_wconf 84' lang='lat' dir='ltr'>ita</span> <span class='ocrx_word' id='word_1_276' title='bbox 521 1686 555 1715; x_wconf 89' lang='lat' dir='ltr'>in</span> <span class='ocrx_word' id='word_1_277' title='bbox 578 1685 746 1725; x_wconf 87' lang='lat' dir='ltr'>proposito</span> <span class='ocrx_word' id='word_1_278' title='bbox 770 1685 866 1714; x_wconf 90' lang='lat' dir='ltr'>verba</span> <span class='ocrx_word' id='word_1_279' title='bbox 888 1684 947 1714; x_wconf 86' lang='lat' dir='ltr'>ista</span> <span class='ocrx_word' id='word_1_280' title='bbox 969 1684 1077 1724; x_wconf 87' lang='lat' dir='ltr'>potius</span> <span class='ocrx_word' id='word_1_281' title='bbox 1094 1692 1192 1723; x_wconf 93' lang='lat' dir='ltr'>quam</span> <span class='ocrx_word' id='word_1_282' title='bbox 1209 1682 1268 1713; x_wconf 84' lang='lat' dir='ltr'>alia</span> <span class='ocrx_word' id='word_1_283' title='bbox 1288 1682 1326 1712; x_wconf 88' lang='lat' dir='ltr'>ab</span> <span class='ocrx_word' id='word_1_284' title='bbox 1342 1682 1413 1723; x_wconf 92' lang='lat' dir='ltr'>ipso</span> <span class='ocrx_word' id='word_1_285' title='bbox 1431 1681 1523 1713; x_wconf 88' lang='lat' dir='ltr'>Chri-</span> 
     </span>
     <span class='ocr_line' id='line_1_41' title="bbox 457 1726 1523 1767; baseline -0.004 -7"><span class='ocrx_word' id='word_1_286' title='bbox 457 1735 506 1760; x_wconf 88' lang='lat' dir='ltr'>sto</span> <span class='ocrx_word' id='word_1_287' title='bbox 530 1729 724 1760; x_wconf 85' lang='lat' dir='ltr'>sanctificata</span> <span class='ocrx_word' id='word_1_288' title='bbox 747 1734 821 1759; x_wconf 87' lang='lat' dir='ltr'>sunt</span> <span class='ocrx_word' id='word_1_289' title='bbox 839 1728 1035 1764; x_wconf 70' lang='lat' dir='ltr'>inchoafive,</span> <span class='ocrx_word' id='word_1_290' title='bbox 1060 1727 1221 1767; x_wconf 90' lang='lat' dir='ltr'>complete</span> <span class='ocrx_word' id='word_1_291' title='bbox 1245 1732 1352 1757; x_wconf 89' lang='lat' dir='ltr'>autem</span> <span class='ocrx_word' id='word_1_292' title='bbox 1373 1726 1441 1756; x_wconf 90' lang='lat' dir='ltr'>vim</span> <span class='ocrx_word' id='word_1_293' title='bbox 1456 1735 1523 1756; x_wconf 82' lang='lat' dir='ltr'>sor-</span> 
     </span>
     <span class='ocr_line' id='line_1_42' title="bbox 457 1770 1524 1812; baseline -0.004 -8"><span class='ocrx_word' id='word_1_294' title='bbox 457 1775 580 1804; x_wconf 90' lang='lat' dir='ltr'>tiuntur</span> <span class='ocrx_word' id='word_1_295' title='bbox 603 1783 678 1804; x_wconf 92' lang='lat' dir='ltr'>cum</span> <span class='ocrx_word' id='word_1_296' title='bbox 702 1773 846 1803; x_wconf 90' lang='lat' dir='ltr'>Christus</span> <span class='ocrx_word' id='word_1_297' title='bbox 869 1782 926 1812; x_wconf 93' lang='lat' dir='ltr'>per</span> <span class='ocrx_word' id='word_1_298' title='bbox 942 1771 1140 1802; x_wconf 87' lang='lat' dir='ltr'>sacerdotem</span> <span class='ocrx_word' id='word_1_299' title='bbox 1163 1771 1216 1801; x_wconf 90' lang='lat' dir='ltr'>illa</span> <span class='ocrx_word' id='word_1_300' title='bbox 1238 1770 1360 1811; x_wconf 83' lang='lat' dir='ltr'>profert</span> <span class='ocrx_word' id='word_1_301' title='bbox 1382 1770 1423 1801; x_wconf 86' lang='lat' dir='ltr'>ad</span> <span class='ocrx_word' id='word_1_302' title='bbox 1446 1780 1524 1801; x_wconf 84' lang='lat' dir='ltr'>con-</span> 
     </span>
     <span class='ocr_line' id='line_1_43' title="bbox 458 1816 1525 1849; baseline -0.005 0"><span class='ocrx_word' id='word_1_303' title='bbox 458 1818 632 1849; x_wconf 83' lang='lat' dir='ltr'>fectionem</span> <span class='ocrx_word' id='word_1_304' title='bbox 656 1818 751 1848; x_wconf 90' lang='lat' dir='ltr'>huius</span> <span class='ocrx_word' id='word_1_305' title='bbox 768 1817 965 1847; x_wconf 86' lang='lat' dir='ltr'>sacramenti.</span> <span class='ocrx_word' id='word_1_306' title='bbox 991 1816 1078 1846; x_wconf 88' lang='lat' dir='ltr'>Talis</span> <span class='ocrx_word' id='word_1_307' title='bbox 1095 1816 1181 1846; x_wconf 90' lang='lat' dir='ltr'>enim</span> <span class='ocrx_word' id='word_1_308' title='bbox 1197 1825 1274 1846; x_wconf 90' lang='lat' dir='ltr'>usus</span> <span class='ocrx_word' id='word_1_309' title='bbox 1289 1816 1462 1846; x_wconf 88' lang='lat' dir='ltr'>verborum</span> <span class='ocrx_word' id='word_1_310' title='bbox 1479 1820 1525 1844; x_wconf 90' lang='lat' dir='ltr'>est</span> 
     </span>
     <span class='ocr_line' id='line_1_44' title="bbox 459 1859 1524 1900; baseline -0.003 -8"><span class='ocrx_word' id='word_1_311' title='bbox 459 1863 683 1893; x_wconf 90' lang='lat' dir='ltr'>constitutivus</span> <span class='ocrx_word' id='word_1_312' title='bbox 695 1861 943 1892; x_wconf 88' lang='lat' dir='ltr'>instrumentalis</span> <span class='ocrx_word' id='word_1_313' title='bbox 956 1860 1115 1891; x_wconf 86' lang='lat' dir='ltr'>efficaciae</span> <span class='ocrx_word' id='word_1_314' title='bbox 1126 1861 1160 1890; x_wconf 91' lang='lat' dir='ltr'>in</span> <span class='ocrx_word' id='word_1_315' title='bbox 1173 1860 1318 1890; x_wconf 88' lang='lat' dir='ltr'>oratione</span> <span class='ocrx_word' id='word_1_316' title='bbox 1334 1869 1399 1900; x_wconf 92' lang='lat' dir='ltr'>qua</span> <span class='ocrx_word' id='word_1_317' title='bbox 1410 1859 1524 1890; x_wconf 87' lang='lat' dir='ltr'>utitur:</span> 
     </span>
     <span class='ocr_line' id='line_1_45' title="bbox 458 1904 1340 1946; baseline -0.003 -9"><span class='ocrx_word' id='word_1_318' title='bbox 458 1916 519 1937; x_wconf 89' lang='lat' dir='ltr'>nec</span> <span class='ocrx_word' id='word_1_319' title='bbox 544 1911 672 1946; x_wconf 88' lang='lat' dir='ltr'>oportet</span> <span class='ocrx_word' id='word_1_320' title='bbox 695 1906 836 1945; x_wconf 72' lang='lat' dir='ltr'>aliquam</span> <span class='ocrx_word' id='word_1_321' title='bbox 860 1914 1120 1945; x_wconf 89' lang='lat' dir='ltr'>superapponere</span> <span class='ocrx_word' id='word_1_322' title='bbox 1145 1904 1340 1944; x_wconf 87' lang='lat' dir='ltr'>qualitatem.</span> 
     </span>
    </p>

    <p class='ocr_par' dir='ltr' id='par_1_12' title="bbox 459 1947 1528 2211">
     <span class='ocr_line' id='line_1_46' title="bbox 514 1947 1526 1990; baseline -0.003 -9"><span class='ocrx_word' id='word_1_323' title='bbox 514 1951 555 1981; x_wconf 89' lang='lat' dir='ltr'>Et</span> <span class='ocrx_word' id='word_1_324' title='bbox 585 1951 649 1980; x_wconf 93' lang='lat' dir='ltr'>hoc</span> <span class='ocrx_word' id='word_1_325' title='bbox 680 1950 828 1990; x_wconf 84' lang='lat' dir='ltr'>exemplo</span> <span class='ocrx_word' id='word_1_326' title='bbox 859 1950 893 1979; x_wconf 91' lang='lat' dir='ltr'>in</span> <span class='ocrx_word' id='word_1_327' title='bbox 924 1949 1138 1979; x_wconf 84' lang='lat' dir='ltr'>artificialibus</span> <span class='ocrx_word' id='word_1_328' title='bbox 1165 1948 1291 1978; x_wconf 85' lang='lat' dir='ltr'>videtur</span> <span class='ocrx_word' id='word_1_329' title='bbox 1321 1947 1526 1978; x_wconf 81' lang='lat' dir='ltr'>manifestari.</span> 
     </span>
     <span class='ocr_line' id='line_1_47' title="bbox 459 1992 1526 2034; baseline -0.003 -9"><span class='ocrx_word' id='word_1_330' title='bbox 459 1995 542 2025; x_wconf 86' lang='lat' dir='ltr'>Nam</span> <span class='ocrx_word' id='word_1_331' title='bbox 565 2004 680 2025; x_wconf 83' lang='lat' dir='ltr'>manus</span> <span class='ocrx_word' id='word_1_332' title='bbox 704 1994 822 2024; x_wconf 83' lang='lat' dir='ltr'>assumi</span> <span class='ocrx_word' id='word_1_333' title='bbox 844 1999 960 2034; x_wconf 88' lang='lat' dir='ltr'>potest,</span> <span class='ocrx_word' id='word_1_334' title='bbox 986 1999 1017 2023; x_wconf 89' lang='lat' dir='ltr'>et</span> <span class='ocrx_word' id='word_1_335' title='bbox 1040 1993 1079 2023; x_wconf 91' lang='lat' dir='ltr'>de</span> <span class='ocrx_word' id='word_1_336' title='bbox 1095 1992 1181 2023; x_wconf 83' lang='lat' dir='ltr'>facto</span> <span class='ocrx_word' id='word_1_337' title='bbox 1198 1993 1369 2022; x_wconf 86' lang='lat' dir='ltr'>assumitur</span> <span class='ocrx_word' id='word_1_338' title='bbox 1383 2002 1402 2022; x_wconf 91' lang='lat' dir='ltr'>a</span> <span class='ocrx_word' id='word_1_339' title='bbox 1417 1992 1526 2022; x_wconf 85' lang='lat' dir='ltr'>multis</span> 
     </span>
     <span class='ocr_line' id='line_1_48' title="bbox 460 2037 1527 2077; baseline -0.003 -8"><span class='ocrx_word' id='word_1_340' title='bbox 460 2040 578 2069; x_wconf 88' lang='lat' dir='ltr'>artibus</span> <span class='ocrx_word' id='word_1_341' title='bbox 600 2039 634 2069; x_wconf 91' lang='lat' dir='ltr'>in</span> <span class='ocrx_word' id='word_1_342' title='bbox 656 2039 922 2069; x_wconf 87' lang='lat' dir='ltr'>instrumentum:</span> <span class='ocrx_word' id='word_1_343' title='bbox 944 2047 1008 2068; x_wconf 86' lang='lat' dir='ltr'>nec</span> <span class='ocrx_word' id='word_1_344' title='bbox 1024 2042 1153 2077; x_wconf 86' lang='lat' dir='ltr'>oportet</span> <span class='ocrx_word' id='word_1_345' title='bbox 1175 2042 1276 2067; x_wconf 82' lang='lat' dir='ltr'>artem</span> <span class='ocrx_word' id='word_1_346' title='bbox 1292 2037 1455 2072; x_wconf 82' lang='lat' dir='ltr'>sutoriam,</span> <span class='ocrx_word' id='word_1_347' title='bbox 1473 2041 1527 2066; x_wconf 89' lang='lat' dir='ltr'>aut</span> 
     </span>
     <span class='ocr_line' id='line_1_49' title="bbox 460 2080 1527 2122; baseline -0.003 -9"><span class='ocrx_word' id='word_1_348' title='bbox 460 2082 621 2119; x_wconf 85' lang='lat' dir='ltr'>fabrilem,</span> <span class='ocrx_word' id='word_1_349' title='bbox 646 2088 700 2113; x_wconf 90' lang='lat' dir='ltr'>aut</span> <span class='ocrx_word' id='word_1_350' title='bbox 722 2083 895 2118; x_wconf 83' lang='lat' dir='ltr'>musicam,</span> <span class='ocrx_word' id='word_1_351' title='bbox 927 2082 1069 2122; x_wconf 87' lang='lat' dir='ltr'>aliquam</span> <span class='ocrx_word' id='word_1_352' title='bbox 1098 2081 1285 2121; x_wconf 89' lang='lat' dir='ltr'>qualitatem</span> <span class='ocrx_word' id='word_1_353' title='bbox 1314 2080 1527 2121; x_wconf 89' lang='lat' dir='ltr'>superaddere</span> 
     </span>
     <span class='ocr_line' id='line_1_50' title="bbox 460 2124 1528 2165; baseline -0.002 -8"><span class='ocrx_word' id='word_1_354' title='bbox 460 2128 570 2157; x_wconf 91' lang='lat' dir='ltr'>manui</span> <span class='ocrx_word' id='word_1_355' title='bbox 601 2137 676 2158; x_wconf 92' lang='lat' dir='ltr'>cum</span> <span class='ocrx_word' id='word_1_356' title='bbox 699 2126 752 2157; x_wconf 88' lang='lat' dir='ltr'>illa</span> <span class='ocrx_word' id='word_1_357' title='bbox 774 2127 892 2162; x_wconf 89' lang='lat' dir='ltr'>utitur;</span> <span class='ocrx_word' id='word_1_358' title='bbox 921 2125 976 2156; x_wconf 90' lang='lat' dir='ltr'>sed</span> <span class='ocrx_word' id='word_1_359' title='bbox 999 2135 1037 2156; x_wconf 86' lang='lat' dir='ltr'>ex</span> <span class='ocrx_word' id='word_1_360' title='bbox 1060 2126 1124 2156; x_wconf 93' lang='lat' dir='ltr'>hoc</span> <span class='ocrx_word' id='word_1_361' title='bbox 1147 2126 1218 2165; x_wconf 91' lang='lat' dir='ltr'>ipso</span> <span class='ocrx_word' id='word_1_362' title='bbox 1244 2124 1334 2165; x_wconf 90' lang='lat' dir='ltr'>quod</span> <span class='ocrx_word' id='word_1_363' title='bbox 1357 2135 1405 2155; x_wconf 89' lang='lat' dir='ltr'>ars</span> <span class='ocrx_word' id='word_1_364' title='bbox 1428 2125 1528 2155; x_wconf 87' lang='lat' dir='ltr'>utitur</span> 
     </span>
     <span class='ocr_line' id='line_1_51' title="bbox 460 2169 1526 2211; baseline -0.003 -9"><span class='ocrx_word' id='word_1_365' title='bbox 460 2181 568 2208; x_wconf 91' lang='lat' dir='ltr'>manu,</span> <span class='ocrx_word' id='word_1_366' title='bbox 592 2180 706 2202; x_wconf 89' lang='lat' dir='ltr'>manus</span> <span class='ocrx_word' id='word_1_367' title='bbox 730 2176 776 2201; x_wconf 89' lang='lat' dir='ltr'>est</span> <span class='ocrx_word' id='word_1_368' title='bbox 800 2169 958 2211; x_wconf 86' lang='lat' dir='ltr'>quaedam</span> <span class='ocrx_word' id='word_1_369' title='bbox 981 2170 1028 2200; x_wconf 89' lang='lat' dir='ltr'>vis</span> <span class='ocrx_word' id='word_1_370' title='bbox 1041 2170 1125 2200; x_wconf 56' lang='lat' dir='ltr'>*artis</span> <span class='ocrx_word' id='word_1_371' title='bbox 1148 2169 1243 2199; x_wconf 90' lang='lat' dir='ltr'>illius.</span> <span class='ocrx_word' id='word_1_372' title='bbox 1267 2169 1309 2200; x_wconf 88' lang='lat' dir='ltr'>Et</span> <span class='ocrx_word' id='word_1_373' title='bbox 1331 2170 1376 2199; x_wconf 90' lang='lat' dir='ltr'>sic</span> <span class='ocrx_word' id='word_1_374' title='bbox 1393 2169 1432 2200; x_wconf 92' lang='lat' dir='ltr'>de</span> <span class='ocrx_word' id='word_1_375' title='bbox 1449 2169 1526 2199; x_wconf 89' lang='lat' dir='ltr'>aliis.</span> 
     </span>
    </p>
   </div>
   <div class='ocr_carea' id='block_1_10' title="bbox 1539 284 1556 2195">
    <p class='ocr_par' dir='ltr' id='par_1_13' title="bbox 1539 284 1556 2195">
     <span class='ocr_line' id='line_1_52' title="bbox 1539 284 1556 2195; baseline 0 0"><span class='ocrx_word' id='word_1_376' title='bbox 1539 284 1556 2195; x_wconf 95' lang='lat' dir='ltr'> </span> 
     </span>
    </p>
   </div>
   <div class='ocr_carea' id='block_1_11' title="bbox 1099 187 1983 239">
    <p class='ocr_par' dir='ltr' id='par_1_14' title="bbox 1099 187 1983 239">
     <span class='ocr_line' id='line_1_53' title="bbox 1099 187 1983 239; baseline -0.007 -10"><span class='ocrx_word' id='word_1_377' title='bbox 1099 191 1361 239; x_wconf 88' lang='lat' dir='ltr'>QUAESTIO</span> <span class='ocrx_word' id='word_1_378' title='bbox 1391 190 1599 236; x_wconf 80' lang='lat' dir='ltr'>LXXVIII,</span> <span class='ocrx_word' id='word_1_379' title='bbox 1629 187 1922 225; x_wconf 90' lang='lat' dir='ltr'>ARTICULUS</span> <span class='ocrx_word' id='word_1_380' title='bbox 1950 188 1983 224; x_wconf 92' lang='lat' dir='ltr'>V</span> 
     </span>
    </p>
   </div>
   <div class='ocr_carea' id='block_1_12' title="bbox 1566 267 2651 573">
    <p class='ocr_par' dir='ltr' id='par_1_15' title="bbox 1566 267 2651 440">
     <span class='ocr_line' id='line_1_54' title="bbox 1566 267 2630 300; baseline -0.002 0"><span class='ocrx_word' id='word_1_381' title='bbox 1566 270 1607 300; x_wconf 90' lang='lat' dir='ltr'>Et</span> <span class='ocrx_word' id='word_1_382' title='bbox 1629 270 1693 299; x_wconf 91' lang='lat' dir='ltr'>hoc</span> <span class='ocrx_word' id='word_1_383' title='bbox 1715 269 1820 299; x_wconf 89' lang='lat' dir='ltr'>multo</span> <span class='ocrx_word' id='word_1_384' title='bbox 1843 269 1948 298; x_wconf 90' lang='lat' dir='ltr'>verius</span> <span class='ocrx_word' id='word_1_385' title='bbox 1973 273 2019 298; x_wconf 90' lang='lat' dir='ltr'>est</span> <span class='ocrx_word' id='word_1_386' title='bbox 2044 267 2212 298; x_wconf 86' lang='lat' dir='ltr'>referendo</span> <span class='ocrx_word' id='word_1_387' title='bbox 2235 277 2304 299; x_wconf 91' lang='lat' dir='ltr'>rem</span> <span class='ocrx_word' id='word_1_388' title='bbox 2327 273 2464 299; x_wconf 90' lang='lat' dir='ltr'>creatam</span> <span class='ocrx_word' id='word_1_389' title='bbox 2488 267 2527 299; x_wconf 91' lang='lat' dir='ltr'>ad</span> <span class='ocrx_word' id='word_1_390' title='bbox 2551 267 2630 298; x_wconf 88' lang='lat' dir='ltr'>divi—</span> 
     </span>
     <span class='ocr_line' id='line_1_55' title="bbox 1567 307 2651 352; baseline -0.001 -9"><span class='ocrx_word' id='word_1_391' title='bbox 1567 323 1642 343; x_wconf 90' lang='lat' dir='ltr'>nam</span> <span class='ocrx_word' id='word_1_392' title='bbox 1666 313 1934 352; x_wconf 89' lang='lat' dir='ltr'>omnipotentiam</span> <span class='ocrx_word' id='word_1_393' title='bbox 1956 317 2101 342; x_wconf 89' lang='lat' dir='ltr'>utentem</span> <span class='ocrx_word' id='word_1_394' title='bbox 2117 317 2259 342; x_wconf 86' lang='lat' dir='ltr'>creatura</span> <span class='ocrx_word' id='word_1_395' title='bbox 2281 311 2472 342; x_wconf 85' lang='lat' dir='ltr'>assumendo</span> <span class='ocrx_word' id='word_1_396' title='bbox 2489 312 2576 342; x_wconf 81' lang='lat' dir='ltr'>illam</span> <span class='ocrx_word' id='word_1_397' title='bbox 2596 307 2651 342; x_wconf 60' lang='lat' dir='ltr'>in‘</span> 
     </span>
     <span class='ocr_line' id='line_1_56' title="bbox 1567 354 2631 396; baseline -0.001 -9"><span class='ocrx_word' id='word_1_398' title='bbox 1567 358 1833 388; x_wconf 89' lang='lat' dir='ltr'>instrumentum:</span> <span class='ocrx_word' id='word_1_399' title='bbox 1859 361 1980 396; x_wconf 92' lang='lat' dir='ltr'>quanto</span> <span class='ocrx_word' id='word_1_400' title='bbox 2006 355 2145 386; x_wconf 89' lang='lat' dir='ltr'>efficacia</span> <span class='ocrx_word' id='word_1_401' title='bbox 2168 354 2273 386; x_wconf 84' lang='lat' dir='ltr'>divina</span> <span class='ocrx_word' id='word_1_402' title='bbox 2296 356 2398 386; x_wconf 90' lang='lat' dir='ltr'>maior</span> <span class='ocrx_word' id='word_1_403' title='bbox 2420 356 2454 387; x_wconf 89' lang='lat' dir='ltr'>in</span> <span class='ocrx_word' id='word_1_404' title='bbox 2469 355 2631 387; x_wconf 83' lang='lat' dir='ltr'>infinitum</span> 
     </span>
     <span class='ocr_line' id='line_1_57' title="bbox 1568 400 2294 440; baseline -0.004 -8"><span class='ocrx_word' id='word_1_405' title='bbox 1568 407 1623 437; x_wconf 90' lang='lat' dir='ltr'>est,</span> <span class='ocrx_word' id='word_1_406' title='bbox 1648 406 1684 431; x_wconf 93' lang='lat' dir='ltr'>ut</span> <span class='ocrx_word' id='word_1_407' title='bbox 1708 401 1747 431; x_wconf 93' lang='lat' dir='ltr'>sit</span> <span class='ocrx_word' id='word_1_408' title='bbox 1769 401 1881 430; x_wconf 83' lang='lat' dir='ltr'>intima</span> <span class='ocrx_word' id='word_1_409' title='bbox 1905 400 2099 440; x_wconf 90' lang='lat' dir='ltr'>cuicumque</span> <span class='ocrx_word' id='word_1_410' title='bbox 2124 404 2294 430; x_wconf 88' lang='lat' dir='ltr'>creaturae.</span> 
     </span>
    </p>

    <p class='ocr_par' dir='ltr' id='par_1_16' title="bbox 1569 443 2632 573">
     <span class='ocr_line' id='line_1_58' title="bbox 1623 443 2632 483; baseline -0.001 -8"><span class='ocrx_word' id='word_1_411' title='bbox 1623 445 1674 475; x_wconf 89' lang='grc' dir='ltr'>ΠΙ.</span> <span class='ocrx_word' id='word_1_412' title='bbox 1699 443 1839 475; x_wconf 80' lang='lat' dir='ltr'>Effectus</span> <span class='ocrx_word' id='word_1_413' title='bbox 1871 449 1978 474; x_wconf 90' lang='lat' dir='ltr'>autem</span> <span class='ocrx_word' id='word_1_414' title='bbox 2009 444 2133 474; x_wconf 87' lang='lat' dir='ltr'>virtutis</span> <span class='ocrx_word' id='word_1_415' title='bbox 2158 444 2330 474; x_wconf 88' lang='lat' dir='ltr'>verborum</span> <span class='ocrx_word' id='word_1_416' title='bbox 2357 453 2427 474; x_wconf 89' lang='lat' dir='ltr'>non</span> <span class='ocrx_word' id='word_1_417' title='bbox 2456 449 2502 474; x_wconf 89' lang='lat' dir='ltr'>est</span> <span class='ocrx_word' id='word_1_418' title='bbox 2525 443 2632 483; x_wconf 85' lang='lat' dir='ltr'>dispo-</span> 
     </span>
     <span class='ocr_line' id='line_1_59' title="bbox 1569 487 2631 528; baseline -0.002 -9"><span class='ocrx_word' id='word_1_419' title='bbox 1569 490 1641 519; x_wconf 90' lang='lat' dir='ltr'>sitio</span> <span class='ocrx_word' id='word_1_420' title='bbox 1665 489 1787 528; x_wconf 90' lang='lat' dir='ltr'>aliqua:</span> <span class='ocrx_word' id='word_1_421' title='bbox 1813 487 1878 524; x_wconf 92' lang='lat' dir='ltr'>sed,</span> <span class='ocrx_word' id='word_1_422' title='bbox 1902 493 1939 518; x_wconf 89' lang='lat' dir='ltr'>ut</span> <span class='ocrx_word' id='word_1_423' title='bbox 1964 488 1997 518; x_wconf 90' lang='lat' dir='ltr'>in</span> <span class='ocrx_word' id='word_1_424' title='bbox 2022 488 2120 518; x_wconf 88' lang='lat' dir='ltr'>allatis</span> <span class='ocrx_word' id='word_1_425' title='bbox 2139 488 2155 504; x_wconf 42' lang='grc' dir='ltr'><strong>ἕ</strong></span> <span class='ocrx_word' id='word_1_426' title='bbox 2178 487 2281 518; x_wconf 89' lang='lat' dir='ltr'>verbis</span> <span class='ocrx_word' id='word_1_427' title='bbox 2305 497 2343 517; x_wconf 85' lang='lat' dir='ltr'>ex</span> <span class='ocrx_word' id='word_1_428' title='bbox 2366 497 2454 518; x_wconf 91' lang='lat' dir='ltr'>sacro</span> <span class='ocrx_word' id='word_1_429' title='bbox 2482 487 2631 518; x_wconf 92' lang='lat' dir='ltr'>Concilio</span> 
     </span>
     <span class='ocr_line' id='line_1_60' title="bbox 1570 531 2507 573; baseline -0.002 -9"><span class='ocrx_word' id='word_1_430' title='bbox 1570 534 1651 564; x_wconf 89' lang='lat' dir='ltr'>clare</span> <span class='ocrx_word' id='word_1_431' title='bbox 1675 538 1771 573; x_wconf 88' lang='lat' dir='ltr'>patet,</span> <span class='ocrx_word' id='word_1_432' title='bbox 1797 538 1843 562; x_wconf 87' lang='lat' dir='ltr'>est</span> <span class='ocrx_word' id='word_1_433' title='bbox 1866 532 2035 562; x_wconf 84' lang='lat' dir='ltr'>conversio</span> <span class='ocrx_word' id='word_1_434' title='bbox 2053 532 2153 572; x_wconf 83' lang='lat' dir='ltr'>panis</span> <span class='ocrx_word' id='word_1_435' title='bbox 2176 531 2209 562; x_wconf 85' lang='lat' dir='ltr'>in</span> <span class='ocrx_word' id='word_1_436' title='bbox 2233 541 2351 571; x_wconf 82' lang='lat' dir='ltr'>corpus</span> <span class='ocrx_word' id='word_1_437' title='bbox 2376 531 2507 562; x_wconf 78' lang='lat' dir='ltr'>Christi.</span> 
     </span>
    </p>
   </div>
   <div class='ocr_carea' id='block_1_13' title="bbox 1624 575 2672 613">
    <p class='ocr_par' dir='ltr' id='par_1_17' title="bbox 1624 575 2672 613">
     <span class='ocr_line' id='line_1_61' title="bbox 1624 575 2672 613; baseline -0.002 -6"><span class='ocrx_word' id='word_1_438' title='bbox 1624 577 1693 607; x_wconf 92' lang='lat' dir='ltr'>Nec</span> <span class='ocrx_word' id='word_1_439' title='bbox 1709 577 1836 607; x_wconf 90' lang='lat' dir='ltr'>obstant</span> <span class='ocrx_word' id='word_1_440' title='bbox 1852 577 2050 606; x_wconf 88' lang='lat' dir='ltr'>obiectiones</span> <span class='ocrx_word' id='word_1_441' title='bbox 2066 576 2164 611; x_wconf 78' lang='lat' dir='ltr'>Secti,</span> <span class='ocrx_word' id='word_1_442' title='bbox 2180 576 2214 606; x_wconf 92' lang='lat' dir='ltr'>in</span> <span class='ocrx_word' id='word_1_443' title='bbox 2235 586 2245 605; x_wconf 84' lang='lat'>1</span> <span class='ocrx_word' id='word_1_444' title='bbox 2261 575 2465 606; x_wconf 90' lang='lat' dir='ltr'>distinctione</span> <span class='ocrx_word' id='word_1_445' title='bbox 2476 577 2493 592; x_wconf 72' lang='lat'>⁴*</span> <span class='ocrx_word' id='word_1_446' title='bbox 2509 575 2632 613; x_wconf 87' lang='lat' dir='ltr'>Quarti,</span> <span class='ocrx_word' id='word_1_447' title='bbox 2661 579 2672 589; x_wconf 89' lang='grc'><em>·</em></span> 
     </span>
    </p>
   </div>
   <div class='ocr_carea' id='block_1_14' title="bbox 1570 619 2636 836">
    <p class='ocr_par' dir='ltr' id='par_1_18' title="bbox 1570 619 2636 836">
     <span class='ocr_line' id='line_1_62' title="bbox 1570 619 2635 660; baseline -0.003 -8"><span class='ocrx_word' id='word_1_448' title='bbox 1570 622 1609 652; x_wconf 93' lang='lat' dir='ltr'>de</span> <span class='ocrx_word' id='word_1_449' title='bbox 1632 621 1786 651; x_wconf 88' lang='lat' dir='ltr'>infinitate</span> <span class='ocrx_word' id='word_1_450' title='bbox 1810 621 1933 650; x_wconf 90' lang='lat' dir='ltr'>virtutis</span> <span class='ocrx_word' id='word_1_451' title='bbox 1956 621 2126 660; x_wconf 89' lang='lat' dir='ltr'>requisitae</span> <span class='ocrx_word' id='word_1_452' title='bbox 2150 619 2189 650; x_wconf 90' lang='lat' dir='ltr'>ad</span> <span class='ocrx_word' id='word_1_453' title='bbox 2212 620 2589 655; x_wconf 88' lang='lat' dir='ltr'>transubstantiationem,</span> <span class='ocrx_word' id='word_1_454' title='bbox 2603 624 2635 649; x_wconf 92' lang='lat' dir='ltr'>et</span> 
     </span>
     <span class='ocr_line' id='line_1_63' title="bbox 1570 662 2635 703; baseline -0.004 -7"><span class='ocrx_word' id='word_1_455' title='bbox 1570 666 1609 696; x_wconf 91' lang='lat' dir='ltr'>de</span> <span class='ocrx_word' id='word_1_456' title='bbox 1633 666 1804 696; x_wconf 86' lang='lat' dir='ltr'>creatione.</span> <span class='ocrx_word' id='word_1_457' title='bbox 1828 665 1967 695; x_wconf 91' lang='lat' dir='ltr'>Primam</span> <span class='ocrx_word' id='word_1_458' title='bbox 1991 664 2077 694; x_wconf 89' lang='lat' dir='ltr'>enim</span> <span class='ocrx_word' id='word_1_459' title='bbox 2101 663 2195 694; x_wconf 85' lang='lat' dir='ltr'>solvit</span> <span class='ocrx_word' id='word_1_460' title='bbox 2218 664 2342 694; x_wconf 88' lang='lat' dir='ltr'>Auctor</span> <span class='ocrx_word' id='word_1_461' title='bbox 2365 662 2405 693; x_wconf 89' lang='lat' dir='ltr'>ad</span> <span class='ocrx_word' id='word_1_462' title='bbox 2427 664 2579 703; x_wconf 85' lang='lat' dir='ltr'>primum,</span> <span class='ocrx_word' id='word_1_463' title='bbox 2603 668 2635 693; x_wconf 92' lang='lat' dir='ltr'>et</span> 
     </span>
     <span class='ocr_line' id='line_1_64' title="bbox 1571 706 2635 748; baseline -0.004 -8"><span class='ocrx_word' id='word_1_464' title='bbox 1571 709 1743 740; x_wconf 89' lang='lat' dir='ltr'>secundam</span> <span class='ocrx_word' id='word_1_465' title='bbox 1769 709 1808 739; x_wconf 91' lang='lat' dir='ltr'>ad</span> <span class='ocrx_word' id='word_1_466' title='bbox 1831 708 2020 739; x_wconf 82' lang='lat' dir='ltr'>secundum.</span> <span class='ocrx_word' id='word_1_467' title='bbox 2051 708 2305 748; x_wconf 63' lang='lat' dir='ltr'>Exigitur‘enim</span> <span class='ocrx_word' id='word_1_468' title='bbox 2333 706 2457 737; x_wconf 88' lang='lat' dir='ltr'>infinita</span> <span class='ocrx_word' id='word_1_469' title='bbox 2479 708 2578 737; x_wconf 88' lang='lat' dir='ltr'>virtus</span> <span class='ocrx_word' id='word_1_470' title='bbox 2601 707 2635 736; x_wconf 91' lang='lat' dir='ltr'>in</span> 
     </span>
     <span class='ocr_line' id='line_1_65' title="bbox 1571 750 2634 795; baseline -0.005 -10"><span class='ocrx_word' id='word_1_471' title='bbox 1571 760 1684 795; x_wconf 86' lang='lat' dir='ltr'>agente</span> <span class='ocrx_word' id='word_1_472' title='bbox 1712 754 1880 794; x_wconf 89' lang='lat' dir='ltr'>principali</span> <span class='ocrx_word' id='word_1_473' title='bbox 1911 752 2148 783; x_wconf 88' lang='lat' dir='ltr'>tantummodo.</span> <span class='ocrx_word' id='word_1_474' title='bbox 2171 769 2195 774; x_wconf 93' lang='lat'><em>-</em></span> <span class='ocrx_word' id='word_1_475' title='bbox 2224 752 2265 782; x_wconf 89' lang='lat' dir='ltr'>Et</span> <span class='ocrx_word' id='word_1_476' title='bbox 2288 761 2356 782; x_wconf 92' lang='lat' dir='ltr'>non</span> <span class='ocrx_word' id='word_1_477' title='bbox 2387 757 2434 782; x_wconf 89' lang='lat' dir='ltr'>est</span> <span class='ocrx_word' id='word_1_478' title='bbox 2463 751 2566 781; x_wconf 89' lang='lat' dir='ltr'>simile</span> <span class='ocrx_word' id='word_1_479' title='bbox 2595 750 2634 780; x_wconf 92' lang='lat' dir='ltr'>de</span> 
     </span>
     <span class='ocr_line' id='line_1_66' title="bbox 1572 795 2636 836; baseline -0.004 -7"><span class='ocrx_word' id='word_1_480' title='bbox 1572 799 1742 829; x_wconf 87' lang='lat' dir='ltr'>creatione.</span> <span class='ocrx_word' id='word_1_481' title='bbox 1759 797 1844 836; x_wconf 89' lang='lat' dir='ltr'>Quia</span> <span class='ocrx_word' id='word_1_482' title='bbox 1859 797 1948 828; x_wconf 88' lang='lat' dir='ltr'>nulla</span> <span class='ocrx_word' id='word_1_483' title='bbox 1959 806 2008 827; x_wconf 88' lang='lat' dir='ltr'>res</span> <span class='ocrx_word' id='word_1_484' title='bbox 2023 797 2057 827; x_wconf 92' lang='lat' dir='ltr'>in</span> <span class='ocrx_word' id='word_1_485' title='bbox 2073 796 2233 826; x_wconf 89' lang='lat' dir='ltr'>creatione</span> <span class='ocrx_word' id='word_1_486' title='bbox 2245 795 2525 836; x_wconf 90' lang='lat' dir='ltr'>praesupponitur‚</span> <span class='ocrx_word' id='word_1_487' title='bbox 2538 804 2636 835; x_wconf 88' lang='lat' dir='ltr'>quam</span> 
     </span>
    </p>
   </div>
   <div class='ocr_carea' id='block_1_15' title="bbox 1543 839 2636 884">
    <p class='ocr_par' dir='ltr' id='par_1_19' title="bbox 1543 839 2636 884">
     <span class='ocr_line' id='line_1_67' title="bbox 1543 839 2636 884; baseline -0.004 -11"><span class='ocrx_word' id='word_1_488' title='bbox 1543 875 1545 884; x_wconf 67' lang='lat'>-,</span> <span class='ocrx_word' id='word_1_489' title='bbox 1571 843 1773 873; x_wconf 88' lang='lat' dir='ltr'>instrumenti</span> <span class='ocrx_word' id='word_1_490' title='bbox 1789 842 1872 872; x_wconf 90' lang='lat' dir='ltr'>actio</span> <span class='ocrx_word' id='word_1_491' title='bbox 1890 842 1990 882; x_wconf 91' lang='lat' dir='ltr'>possit</span> <span class='ocrx_word' id='word_1_492' title='bbox 2006 841 2168 881; x_wconf 81' lang='lat' dir='ltr'>attingere.</span> <span class='ocrx_word' id='word_1_493' title='bbox 2185 840 2248 870; x_wconf 92' lang='lat' dir='ltr'>Hic</span> <span class='ocrx_word' id='word_1_494' title='bbox 2264 845 2372 870; x_wconf 91' lang='lat' dir='ltr'>autem</span> <span class='ocrx_word' id='word_1_495' title='bbox 2387 840 2547 870; x_wconf 89' lang='lat' dir='ltr'>invenitur</span> <span class='ocrx_word' id='word_1_496' title='bbox 2562 839 2636 869; x_wconf 91' lang='lat' dir='ltr'>sub-</span> 
     </span>
    </p>
   </div>
   <div class='ocr_carea' id='block_1_16' title="bbox 1571 883 2641 1323">
    <p class='ocr_par' dir='ltr' id='par_1_20' title="bbox 1572 883 2636 970">
     <span class='ocr_line' id='line_1_68' title="bbox 1572 883 2636 928; baseline -0.005 -10"><span class='ocrx_word' id='word_1_497' title='bbox 1572 888 1684 918; x_wconf 91' lang='lat' dir='ltr'>stantia</span> <span class='ocrx_word' id='word_1_498' title='bbox 1706 887 1797 928; x_wconf 91' lang='lat' dir='ltr'>panis</span> <span class='ocrx_word' id='word_1_499' title='bbox 1822 891 1853 916; x_wconf 91' lang='lat' dir='ltr'>et</span> <span class='ocrx_word' id='word_1_500' title='bbox 1875 886 1957 922; x_wconf 91' lang='lat' dir='ltr'>vini,</span> <span class='ocrx_word' id='word_1_501' title='bbox 1983 895 2066 925; x_wconf 89' lang='lat' dir='ltr'>quae</span> <span class='ocrx_word' id='word_1_502' title='bbox 2089 895 2107 915; x_wconf 93' lang='lat' dir='ltr'>a</span> <span class='ocrx_word' id='word_1_503' title='bbox 2125 885 2241 915; x_wconf 88' lang='lat' dir='ltr'>virtute</span> <span class='ocrx_word' id='word_1_504' title='bbox 2266 885 2439 915; x_wconf 90' lang='lat' dir='ltr'>verborum</span> <span class='ocrx_word' id='word_1_505' title='bbox 2463 883 2636 923; x_wconf 87' lang='lat' dir='ltr'>attingitur,</span> 
     </span>
     <span class='ocr_line' id='line_1_69' title="bbox 1572 927 2484 970; baseline -0.004 -8"><span class='ocrx_word' id='word_1_506' title='bbox 1572 931 1650 962; x_wconf 92' lang='lat' dir='ltr'>dum</span> <span class='ocrx_word' id='word_1_507' title='bbox 1674 931 1869 961; x_wconf 89' lang='lat' dir='ltr'>convertitur</span> <span class='ocrx_word' id='word_1_508' title='bbox 1891 931 1925 960; x_wconf 88' lang='lat' dir='ltr'>in</span> <span class='ocrx_word' id='word_1_509' title='bbox 1949 939 2066 970; x_wconf 89' lang='lat' dir='ltr'>corpus</span> <span class='ocrx_word' id='word_1_510' title='bbox 2090 935 2121 959; x_wconf 94' lang='lat' dir='ltr'>et</span> <span class='ocrx_word' id='word_1_511' title='bbox 2143 929 2331 968; x_wconf 88' lang='lat' dir='ltr'>sanguinem</span> <span class='ocrx_word' id='word_1_512' title='bbox 2356 927 2484 958; x_wconf 90' lang='lat' dir='ltr'>Christi.</span> 
     </span>
    </p>

    <p class='ocr_par' dir='ltr' id='par_1_21' title="bbox 1571 972 2641 1323">
     <span class='ocr_line' id='line_1_70' title="bbox 1628 972 2637 1015; baseline -0.005 -9"><span class='ocrx_word' id='word_1_513' title='bbox 1628 976 1680 1015; x_wconf 80' lang='lat' dir='ltr'>IV.</span> <span class='ocrx_word' id='word_1_514' title='bbox 1705 975 1746 1006; x_wconf 91' lang='lat' dir='ltr'>Et</span> <span class='ocrx_word' id='word_1_515' title='bbox 1769 975 1844 1015; x_wconf 90' lang='lat' dir='ltr'>quia</span> <span class='ocrx_word' id='word_1_516' title='bbox 1867 975 1962 1005; x_wconf 89' lang='lat' dir='ltr'>verba</span> <span class='ocrx_word' id='word_1_517' title='bbox 1985 974 2243 1010; x_wconf 78' lang='lat' dir='ltr'>consecrationis,</span> <span class='ocrx_word' id='word_1_518' title='bbox 2260 979 2297 1003; x_wconf 93' lang='lat' dir='ltr'>ut</span> <span class='ocrx_word' id='word_1_519' title='bbox 2315 972 2496 1003; x_wconf 86' lang='lat' dir='ltr'>conficiunt</span> <span class='ocrx_word' id='word_1_520' title='bbox 2519 972 2637 1002; x_wconf 86' lang='lat' dir='ltr'>oratio-</span> 
     </span>
     <span class='ocr_line' id='line_1_71' title="bbox 1571 1015 2637 1060; baseline -0.004 -10"><span class='ocrx_word' id='word_1_521' title='bbox 1571 1030 1647 1050; x_wconf 88' lang='lat' dir='ltr'>nem</span> <span class='ocrx_word' id='word_1_522' title='bbox 1671 1018 1903 1060; x_wconf 86' lang='lat' dir='ltr'>significantem</span> <span class='ocrx_word' id='word_1_523' title='bbox 1927 1017 2017 1059; x_wconf 91' lang='lat' dir='ltr'>quod</span> <span class='ocrx_word' id='word_1_524' title='bbox 2039 1028 2097 1058; x_wconf 91' lang='lat' dir='ltr'>per</span> <span class='ocrx_word' id='word_1_525' title='bbox 2112 1023 2347 1048; x_wconf 86' lang='lat' dir='ltr'>sacramentum</span> <span class='ocrx_word' id='word_1_526' title='bbox 2370 1016 2515 1052; x_wconf 82' lang='lat' dir='ltr'>efficitur,</span> <span class='ocrx_word' id='word_1_527' title='bbox 2538 1016 2574 1046; x_wconf 85' lang='lat' dir='ltr'>in</span> <span class='ocrx_word' id='word_1_528' title='bbox 2587 1015 2637 1046; x_wconf 90' lang='lat' dir='ltr'>in-</span> 
     </span>
     <span class='ocr_line' id='line_1_72' title="bbox 1572 1059 2638 1101; baseline -0.004 -7"><span class='ocrx_word' id='word_1_529' title='bbox 1572 1069 1786 1094; x_wconf 89' lang='lat' dir='ltr'>strumentum</span> <span class='ocrx_word' id='word_1_530' title='bbox 1810 1062 1934 1093; x_wconf 82' lang='lat' dir='ltr'>divinae</span> <span class='ocrx_word' id='word_1_531' title='bbox 1965 1062 2099 1093; x_wconf 90' lang='lat' dir='ltr'>actionis</span> <span class='ocrx_word' id='word_1_532' title='bbox 2129 1067 2348 1098; x_wconf 86' lang='lat' dir='ltr'>assumuntur;</span> <span class='ocrx_word' id='word_1_533' title='bbox 2380 1060 2469 1097; x_wconf 85' lang='lat' dir='ltr'>ideo,</span> <span class='ocrx_word' id='word_1_534' title='bbox 2493 1059 2638 1101; x_wconf 86' lang='lat' dir='ltr'>quandiu</span> 
     </span>
     <span class='ocr_line' id='line_1_73' title="bbox 1573 1105 2638 1147; baseline -0.003 -9"><span class='ocrx_word' id='word_1_535' title='bbox 1573 1108 1672 1139; x_wconf 90' lang='lat' dir='ltr'>utitur</span> <span class='ocrx_word' id='word_1_536' title='bbox 1694 1108 1782 1137; x_wconf 90' lang='lat' dir='ltr'>Deus</span> <span class='ocrx_word' id='word_1_537' title='bbox 1806 1116 1863 1147; x_wconf 91' lang='lat' dir='ltr'>per</span> <span class='ocrx_word' id='word_1_538' title='bbox 1879 1106 2051 1136; x_wconf 88' lang='lat' dir='ltr'>sacerdotis</span> <span class='ocrx_word' id='word_1_539' title='bbox 2065 1106 2278 1136; x_wconf 83' lang='lat' dir='ltr'>ministerium</span> <span class='ocrx_word' id='word_1_540' title='bbox 2301 1105 2404 1136; x_wconf 91' lang='lat' dir='ltr'>verbis</span> <span class='ocrx_word' id='word_1_541' title='bbox 2427 1109 2638 1135; x_wconf 81' lang='lat' dir='ltr'>sacramenta-</span> 
     </span>
     <span class='ocr_line' id='line_1_74' title="bbox 1573 1150 2640 1187; baseline -0.003 -6"><span class='ocrx_word' id='word_1_542' title='bbox 1573 1152 1666 1187; x_wconf 88' lang='lat' dir='ltr'>libus,</span> <span class='ocrx_word' id='word_1_543' title='bbox 1690 1151 1802 1181; x_wconf 88' lang='lat' dir='ltr'>tandiu</span> <span class='ocrx_word' id='word_1_544' title='bbox 1826 1156 1872 1180; x_wconf 90' lang='lat' dir='ltr'>est</span> <span class='ocrx_word' id='word_1_545' title='bbox 1894 1151 1993 1181; x_wconf 86' lang='lat' dir='ltr'>virtus</span> <span class='ocrx_word' id='word_1_546' title='bbox 2016 1150 2259 1186; x_wconf 85' lang='lat' dir='ltr'>sacramentalis,</span> <span class='ocrx_word' id='word_1_547' title='bbox 2283 1150 2466 1180; x_wconf 70' lang='lat' dir='ltr'>inchoative</span> <span class='ocrx_word' id='word_1_548' title='bbox 2483 1154 2592 1179; x_wconf 80' lang='lat' dir='ltr'>tamen</span> <span class='ocrx_word' id='word_1_549' title='bbox 2608 1153 2640 1178; x_wconf 92' lang='lat' dir='ltr'>et</span> 
     </span>
     <span class='ocr_line' id='line_1_75' title="bbox 1573 1193 2639 1234; baseline -0.003 -9"><span class='ocrx_word' id='word_1_550' title='bbox 1573 1196 1608 1225; x_wconf 90' lang='lat' dir='ltr'>in</span> <span class='ocrx_word' id='word_1_551' title='bbox 1629 1194 1712 1225; x_wconf 89' lang='lat' dir='ltr'>fieri:</span> <span class='ocrx_word' id='word_1_552' title='bbox 1737 1195 1819 1225; x_wconf 88' lang='lat' dir='ltr'>sicut</span> <span class='ocrx_word' id='word_1_553' title='bbox 1843 1200 1874 1224; x_wconf 92' lang='lat' dir='ltr'>et</span> <span class='ocrx_word' id='word_1_554' title='bbox 1896 1195 1965 1234; x_wconf 83' lang='lat' dir='ltr'>ipsa</span> <span class='ocrx_word' id='word_1_555' title='bbox 1984 1194 2096 1229; x_wconf 87' lang='lat' dir='ltr'>oratio,</span> <span class='ocrx_word' id='word_1_556' title='bbox 2121 1194 2199 1224; x_wconf 90' lang='lat' dir='ltr'>dum</span> <span class='ocrx_word' id='word_1_557' title='bbox 2221 1193 2430 1234; x_wconf 80' lang='lat' dir='ltr'>proferuntur</span> <span class='ocrx_word' id='word_1_558' title='bbox 2451 1198 2566 1233; x_wconf 81' lang='lat' dir='ltr'>partes,</span> <span class='ocrx_word' id='word_1_559' title='bbox 2590 1193 2639 1222; x_wconf 85' lang='lat' dir='ltr'>in-</span> 
     </span>
     <span class='ocr_line' id='line_1_76' title="bbox 1575 1236 2641 1277; baseline -0.002 -8"><span class='ocrx_word' id='word_1_560' title='bbox 1575 1239 1721 1269; x_wconf 83' lang='lat' dir='ltr'>choative</span> <span class='ocrx_word' id='word_1_561' title='bbox 1746 1244 1776 1269; x_wconf 87' lang='lat' dir='ltr'>et</span> <span class='ocrx_word' id='word_1_562' title='bbox 1798 1239 1833 1268; x_wconf 89' lang='lat' dir='ltr'>in</span> <span class='ocrx_word' id='word_1_563' title='bbox 1855 1237 1924 1268; x_wconf 90' lang='lat' dir='ltr'>fieri</span> <span class='ocrx_word' id='word_1_564' title='bbox 1946 1242 1994 1268; x_wconf 91' lang='lat' dir='ltr'>est</span> <span class='ocrx_word' id='word_1_565' title='bbox 2020 1247 2123 1277; x_wconf 76' lang='lat' dir='ltr'>usque</span> <span class='ocrx_word' id='word_1_566' title='bbox 2147 1237 2187 1268; x_wconf 90' lang='lat' dir='ltr'>ad</span> <span class='ocrx_word' id='word_1_567' title='bbox 2209 1236 2478 1268; x_wconf 82' lang='lat' dir='ltr'>terminationem.</span> <span class='ocrx_word' id='word_1_568' title='bbox 2513 1237 2550 1267; x_wconf 87' lang='lat' dir='ltr'>In</span> <span class='ocrx_word' id='word_1_569' title='bbox 2571 1237 2641 1276; x_wconf 77' lang='lat' dir='ltr'>ipsa</span> 
     </span>
     <span class='ocr_line' id='line_1_77' title="bbox 1574 1280 2640 1323; baseline -0.002 -10"><span class='ocrx_word' id='word_1_570' title='bbox 1574 1292 1716 1323; x_wconf 89' lang='lat' dir='ltr'>namque</span> <span class='ocrx_word' id='word_1_571' title='bbox 1739 1282 1963 1317; x_wconf 80' lang='lat' dir='ltr'>terminatione</span> <span class='ocrx_word' id='word_1_572' title='bbox 1987 1282 2139 1312; x_wconf 88' lang='lat' dir='ltr'>orationis</span> <span class='ocrx_word' id='word_1_573' title='bbox 2162 1282 2264 1312; x_wconf 84' lang='lat' dir='ltr'>oratio</span> <span class='ocrx_word' id='word_1_574' title='bbox 2280 1280 2420 1322; x_wconf 89' lang='lat' dir='ltr'>perfecte</span> <span class='ocrx_word' id='word_1_575' title='bbox 2436 1280 2640 1320; x_wconf 72' lang='lat' dir='ltr'>significatio-</span> 
     </span>
    </p>
   </div>
   <div class='ocr_carea' id='block_1_17' title="bbox 454 1322 2640 1414">
    <p class='ocr_par' dir='ltr' id='par_1_22' title="bbox 454 1322 2640 1414">
     <span class='ocr_line' id='line_1_78' title="bbox 1547 1322 2640 1374; baseline -0.003 -17"><span class='ocrx_word' id='word_1_576' title='bbox 1547 1337 1549 1374; x_wconf 56' lang='grc' dir='ltr'>Ξ</span> <span class='ocrx_word' id='word_1_577' title='bbox 1574 1337 1650 1357; x_wconf 90' lang='lat' dir='ltr'>nem</span> <span class='ocrx_word' id='word_1_578' title='bbox 1665 1327 1776 1357; x_wconf 89' lang='lat' dir='ltr'>habet:</span> <span class='ocrx_word' id='word_1_579' title='bbox 1803 1331 1833 1356; x_wconf 91' lang='lat' dir='ltr'>et</span> <span class='ocrx_word' id='word_1_580' title='bbox 1849 1325 1991 1356; x_wconf 89' lang='lat' dir='ltr'>similiter</span> <span class='ocrx_word' id='word_1_581' title='bbox 2013 1326 2071 1356; x_wconf 91' lang='lat' dir='ltr'>ista</span> <span class='ocrx_word' id='word_1_582' title='bbox 2086 1326 2185 1356; x_wconf 87' lang='lat' dir='ltr'>virtus</span> <span class='ocrx_word' id='word_1_583' title='bbox 2206 1324 2348 1365; x_wconf 86' lang='lat' dir='ltr'>perfecte</span> <span class='ocrx_word' id='word_1_584' title='bbox 2370 1325 2540 1355; x_wconf 91' lang='lat' dir='ltr'>invenitur.</span> <span class='ocrx_word' id='word_1_585' title='bbox 2564 1322 2640 1354; x_wconf 90' lang='lat' dir='ltr'>Ideo</span> 
     </span>
     <span class='ocr_line' id='line_1_79' title="bbox 454 1371 1520 1414; baseline -0.005 -8"><span class='ocrx_word' id='word_1_586' title='bbox 454 1375 542 1406; x_wconf 89' lang='lat' dir='ltr'>Deus</span> <span class='ocrx_word' id='word_1_587' title='bbox 563 1376 649 1410; x_wconf 84' lang='lat' dir='ltr'>vult,</span> <span class='ocrx_word' id='word_1_588' title='bbox 681 1376 724 1405; x_wconf 86' lang='lat' dir='ltr'>ita</span> <span class='ocrx_word' id='word_1_589' title='bbox 748 1380 794 1404; x_wconf 88' lang='lat' dir='ltr'>est</span> <span class='ocrx_word' id='word_1_590' title='bbox 818 1374 912 1404; x_wconf 84' lang='lat' dir='ltr'>etiam</span> <span class='ocrx_word' id='word_1_591' title='bbox 935 1374 968 1404; x_wconf 92' lang='lat' dir='ltr'>in</span> <span class='ocrx_word' id='word_1_592' title='bbox 992 1373 1136 1414; x_wconf 87' lang='lat' dir='ltr'>potentia</span> <span class='ocrx_word' id='word_1_593' title='bbox 1160 1372 1364 1403; x_wconf 89' lang='lat' dir='ltr'>obedientiali</span> <span class='ocrx_word' id='word_1_594' title='bbox 1395 1371 1434 1402; x_wconf 89' lang='lat' dir='ltr'>ad</span> <span class='ocrx_word' id='word_1_595' title='bbox 1456 1372 1520 1402; x_wconf 93' lang='lat' dir='ltr'>hoc</span> 
     </span>
    </p>
   </div>
   <div class='ocr_carea' id='block_1_18' title="bbox 1571 1368 2647 2208">
    <p class='ocr_par' dir='ltr' id='par_1_23' title="bbox 1571 1368 2647 2208">
     <span class='ocr_line' id='line_1_80' title="bbox 1575 1368 2642 1411; baseline -0.004 -9"><span class='ocrx_word' id='word_1_596' title='bbox 1575 1381 1643 1402; x_wconf 90' lang='lat' dir='ltr'>non</span> <span class='ocrx_word' id='word_1_597' title='bbox 1666 1371 1754 1411; x_wconf 89' lang='lat' dir='ltr'>prius</span> <span class='ocrx_word' id='word_1_598' title='bbox 1777 1379 1838 1401; x_wconf 90' lang='lat' dir='ltr'>nec</span> <span class='ocrx_word' id='word_1_599' title='bbox 1861 1375 1951 1410; x_wconf 87' lang='lat' dir='ltr'>post,</span> <span class='ocrx_word' id='word_1_600' title='bbox 1976 1369 2032 1400; x_wconf 88' lang='lat' dir='ltr'>sed</span> <span class='ocrx_word' id='word_1_601' title='bbox 2055 1376 2133 1401; x_wconf 93' lang='lat' dir='ltr'>tunc</span> <span class='ocrx_word' id='word_1_602' title='bbox 2157 1379 2232 1400; x_wconf 91' lang='lat' dir='ltr'>cum</span> <span class='ocrx_word' id='word_1_603' title='bbox 2257 1370 2359 1400; x_wconf 90' lang='lat' dir='ltr'>oratio</span> <span class='ocrx_word' id='word_1_604' title='bbox 2379 1368 2524 1410; x_wconf 85' lang='lat' dir='ltr'>perfecte</span> <span class='ocrx_word' id='word_1_605' title='bbox 2547 1368 2642 1408; x_wconf 84' lang='lat' dir='ltr'>signi-</span> 
     </span>
     <span class='ocr_line' id='line_1_81' title="bbox 1576 1412 2643 1454; baseline -0.003 -8"><span class='ocrx_word' id='word_1_606' title='bbox 1576 1415 1674 1446; x_wconf 84' lang='lat' dir='ltr'>ficans</span> <span class='ocrx_word' id='word_1_607' title='bbox 1698 1420 1761 1451; x_wconf 92' lang='lat' dir='ltr'>est,</span> <span class='ocrx_word' id='word_1_608' title='bbox 1785 1415 1884 1445; x_wconf 86' lang='lat' dir='ltr'>virtus</span> <span class='ocrx_word' id='word_1_609' title='bbox 1914 1414 2162 1445; x_wconf 88' lang='lat' dir='ltr'>instrumentalis</span> <span class='ocrx_word' id='word_1_610' title='bbox 2188 1413 2348 1454; x_wconf 87' lang='lat' dir='ltr'>praedicta</span> <span class='ocrx_word' id='word_1_611' title='bbox 2377 1412 2518 1454; x_wconf 89' lang='lat' dir='ltr'>perfecte</span> <span class='ocrx_word' id='word_1_612' title='bbox 2542 1418 2589 1443; x_wconf 82' lang='lat' dir='ltr'>est</span> <span class='ocrx_word' id='word_1_613' title='bbox 2611 1418 2643 1443; x_wconf 88' lang='lat' dir='ltr'>et</span> 
     </span>
     <span class='ocr_line' id='line_1_82' title="bbox 1577 1457 2642 1500; baseline -0.003 -10"><span class='ocrx_word' id='word_1_614' title='bbox 1577 1465 1735 1500; x_wconf 86' lang='lat' dir='ltr'>operatur.</span> <span class='ocrx_word' id='word_1_615' title='bbox 1775 1459 1886 1495; x_wconf 86' lang='lat' dir='ltr'>Unde,</span> <span class='ocrx_word' id='word_1_616' title='bbox 1919 1468 1995 1489; x_wconf 92' lang='lat' dir='ltr'>cum</span> <span class='ocrx_word' id='word_1_617' title='bbox 2021 1459 2124 1489; x_wconf 81' lang='lat' dir='ltr'>oratio</span> <span class='ocrx_word' id='word_1_618' title='bbox 2150 1459 2190 1488; x_wconf 77' lang='lat' dir='ltr'>sit</span> <span class='ocrx_word' id='word_1_619' title='bbox 2221 1457 2385 1499; x_wconf 85' lang='lat' dir='ltr'>quoddam</span> <span class='ocrx_word' id='word_1_620' title='bbox 2409 1457 2642 1493; x_wconf 59' lang='lat' dir='ltr'>successivum,</span> 
     </span>
     <span class='ocr_line' id='line_1_83' title="bbox 1577 1499 2642 1543; baseline -0.001 -8"><span class='ocrx_word' id='word_1_621' title='bbox 1577 1505 1668 1535; x_wconf 79' lang='lat' dir='ltr'>cuius</span> <span class='ocrx_word' id='word_1_622' title='bbox 1693 1504 1858 1534; x_wconf 85' lang='lat' dir='ltr'>existentia</span> <span class='ocrx_word' id='word_1_623' title='bbox 1879 1513 1949 1534; x_wconf 90' lang='lat' dir='ltr'>non</span> <span class='ocrx_word' id='word_1_624' title='bbox 1971 1499 2104 1543; x_wconf 79' lang='lat' dir='ltr'>requirit</span> <span class='ocrx_word' id='word_1_625' title='bbox 2127 1502 2287 1543; x_wconf 89' lang='lat' dir='ltr'>quidquid</span> <span class='ocrx_word' id='word_1_626' title='bbox 2301 1507 2349 1533; x_wconf 84' lang='lat' dir='ltr'>est</span> <span class='ocrx_word' id='word_1_627' title='bbox 2365 1503 2433 1533; x_wconf 89' lang='lat' dir='ltr'>eius</span> <span class='ocrx_word' id='word_1_628' title='bbox 2449 1511 2518 1533; x_wconf 79' lang='lat' dir='ltr'>esse</span> <span class='ocrx_word' id='word_1_629' title='bbox 2528 1501 2642 1537; x_wconf 59' lang='lat' dir='ltr'>‘aimuh</span> 
     </span>
     <span class='ocr_line' id='line_1_84' title="bbox 1577 1544 2643 1588; baseline -0.001 -9"><span class='ocrx_word' id='word_1_630' title='bbox 1577 1548 1633 1579; x_wconf 91' lang='lat' dir='ltr'>sed</span> <span class='ocrx_word' id='word_1_631' title='bbox 1656 1558 1694 1579; x_wconf 85' lang='lat' dir='ltr'>ex</span> <span class='ocrx_word' id='word_1_632' title='bbox 1718 1557 1928 1588; x_wconf 84' lang='lat' dir='ltr'>quocumque</span> <span class='ocrx_word' id='word_1_633' title='bbox 1948 1547 2018 1578; x_wconf 86' lang='lat' dir='ltr'>eius</span> <span class='ocrx_word' id='word_1_634' title='bbox 2042 1548 2195 1578; x_wconf 79' lang='lat' dir='ltr'>existente</span> <span class='ocrx_word' id='word_1_635' title='bbox 2217 1546 2367 1583; x_wconf 88' lang='lat' dir='ltr'>infertur;</span> <span class='ocrx_word' id='word_1_636' title='bbox 2392 1551 2424 1577; x_wconf 87' lang='lat' dir='ltr'>et</span> <span class='ocrx_word' id='word_1_637' title='bbox 2438 1544 2643 1586; x_wconf 74' lang='lat' dir='ltr'>significatio-</span> 
     </span>
     <span class='ocr_line' id='line_1_85' title="bbox 1577 1588 2645 1632; baseline -0.001 -9"><span class='ocrx_word' id='word_1_638' title='bbox 1577 1602 1653 1623; x_wconf 91' lang='lat' dir='ltr'>nem</span> <span class='ocrx_word' id='word_1_639' title='bbox 1683 1602 1752 1623; x_wconf 91' lang='lat' dir='ltr'>non</span> <span class='ocrx_word' id='word_1_640' title='bbox 1775 1592 1924 1622; x_wconf 86' lang='lat' dir='ltr'>sortiatur</span> <span class='ocrx_word' id='word_1_641' title='bbox 1953 1592 2015 1622; x_wconf 92' lang='lat' dir='ltr'>nisi</span> <span class='ocrx_word' id='word_1_642' title='bbox 2041 1592 2075 1622; x_wconf 94' lang='lat' dir='ltr'>in</span> <span class='ocrx_word' id='word_1_643' title='bbox 2102 1591 2151 1622; x_wconf 89' lang='lat' dir='ltr'>sui</span> <span class='ocrx_word' id='word_1_644' title='bbox 2180 1591 2336 1622; x_wconf 89' lang='lat' dir='ltr'>termino:</span> <span class='ocrx_word' id='word_1_645' title='bbox 2363 1595 2537 1632; x_wconf 25' lang='lat' dir='ltr'>,propterea</span> <span class='ocrx_word' id='word_1_646' title='bbox 2567 1588 2645 1629; x_wconf 68' lang='lat' dir='ltr'>dixit</span> 
     </span>
     <span class='ocr_line' id='line_1_86' title="bbox 1577 1631 2644 1679; baseline -0.003 -12"><span class='ocrx_word' id='word_1_647' title='bbox 1577 1638 1702 1667; x_wconf 86' lang='lat' dir='ltr'>Auctor</span> <span class='ocrx_word' id='word_1_648' title='bbox 1715 1638 1734 1653; x_wconf 67' lang='lat'>⁴*</span> <span class='ocrx_word' id='word_1_649' title='bbox 1757 1636 1847 1677; x_wconf 91' lang='lat' dir='ltr'>quod</span> <span class='ocrx_word' id='word_1_650' title='bbox 1871 1636 1973 1667; x_wconf 78' lang='lat' dir='ltr'>oratio</span> <span class='ocrx_word' id='word_1_651' title='bbox 1997 1637 2031 1666; x_wconf 93' lang='lat' dir='ltr'>in</span> <span class='ocrx_word' id='word_1_652' title='bbox 2054 1636 2104 1666; x_wconf 91' lang='lat' dir='ltr'>sui</span> <span class='ocrx_word' id='word_1_653' title='bbox 2127 1635 2352 1666; x_wconf 89' lang='lat' dir='ltr'>terminatione</span> <span class='ocrx_word' id='word_1_654' title='bbox 2375 1640 2501 1666; x_wconf 78' lang='lat' dir='ltr'>tantum</span> <span class='ocrx_word' id='word_1_655' title='bbox 2524 1631 2644 1679; x_wconf 77' lang='lat' dir='ltr'>signifi-</span> 
     </span>
     <span class='ocr_line' id='line_1_87' title="bbox 1579 1677 2644 1718; baseline -0.003 -6"><span class='ocrx_word' id='word_1_656' title='bbox 1579 1682 1740 1712; x_wconf 87' lang='lat' dir='ltr'>cationem</span> <span class='ocrx_word' id='word_1_657' title='bbox 1760 1680 1858 1711; x_wconf 88' lang='lat' dir='ltr'>simul</span> <span class='ocrx_word' id='word_1_658' title='bbox 1882 1686 1913 1711; x_wconf 92' lang='lat' dir='ltr'>et</span> <span class='ocrx_word' id='word_1_659' title='bbox 1935 1681 2086 1711; x_wconf 89' lang='lat' dir='ltr'>virtutem</span> <span class='ocrx_word' id='word_1_660' title='bbox 2109 1679 2371 1710; x_wconf 88' lang='lat' dir='ltr'>sacramentalem</span> <span class='ocrx_word' id='word_1_661' title='bbox 2390 1679 2532 1710; x_wconf 83' lang='lat' dir='ltr'>sortitur.</span> <span class='ocrx_word' id='word_1_662' title='bbox 2557 1677 2644 1718; x_wconf 75' lang='lat' dir='ltr'>Cum</span> 
     </span>
     <span class='ocr_line' id='line_1_88' title="bbox 1579 1721 2644 1766; baseline -0.003 -10"><span class='ocrx_word' id='word_1_663' title='bbox 1579 1735 1646 1766; x_wconf 93' lang='lat' dir='ltr'>quo</span> <span class='ocrx_word' id='word_1_664' title='bbox 1670 1730 1753 1756; x_wconf 86' lang='lat' dir='ltr'>stant</span> <span class='ocrx_word' id='word_1_665' title='bbox 1775 1734 1871 1765; x_wconf 86' lang='lat' dir='ltr'>supra</span> <span class='ocrx_word' id='word_1_666' title='bbox 1895 1724 1993 1755; x_wconf 86' lang='lat' dir='ltr'>dicta:</span> <span class='ocrx_word' id='word_1_667' title='bbox 2017 1725 2163 1765; x_wconf 86' lang='lat' dir='ltr'>alioquin</span> <span class='ocrx_word' id='word_1_668' title='bbox 2185 1734 2254 1755; x_wconf 88' lang='lat' dir='ltr'>non</span> <span class='ocrx_word' id='word_1_669' title='bbox 2271 1729 2344 1754; x_wconf 78' lang='lat' dir='ltr'>&#39;tota</span> <span class='ocrx_word' id='word_1_670' title='bbox 2367 1723 2470 1755; x_wconf 86' lang='lat' dir='ltr'>oratio</span> <span class='ocrx_word' id='word_1_671' title='bbox 2492 1727 2575 1754; x_wconf 70' lang='lat' dir='ltr'>esset</span> <span class='ocrx_word' id='word_1_672' title='bbox 2596 1721 2644 1752; x_wconf 78' lang='lat' dir='ltr'>in-</span> 
     </span>
     <span class='ocr_line' id='line_1_89' title="bbox 1571 1767 2644 1806; baseline -0.001 -6"><span class='ocrx_word' id='word_1_673' title='bbox 1571 1775 1793 1800; x_wconf 79' lang='lat' dir='ltr'>strumentum</span> <span class='ocrx_word' id='word_1_674' title='bbox 1814 1769 1892 1806; x_wconf 59' lang='lat' dir='ltr'>Dei,</span> <span class='ocrx_word' id='word_1_675' title='bbox 1917 1775 1972 1799; x_wconf 86' lang='lat' dir='ltr'>aut</span> <span class='ocrx_word' id='word_1_676' title='bbox 1985 1769 2235 1799; x_wconf 89' lang='lat' dir='ltr'>instrumentum</span> <span class='ocrx_word' id='word_1_677' title='bbox 2249 1769 2284 1799; x_wconf 90' lang='lat' dir='ltr'>in</span> <span class='ocrx_word' id='word_1_678' title='bbox 2299 1773 2374 1799; x_wconf 80' lang='lat' dir='ltr'>actu</span> <span class='ocrx_word' id='word_1_679' title='bbox 2395 1767 2464 1799; x_wconf 84' lang='lat' dir='ltr'>sine</span> <span class='ocrx_word' id='word_1_680' title='bbox 2481 1767 2644 1799; x_wconf 62' lang='lat' dir='ltr'>xriinstxn-</span> 
     </span>
     <span class='ocr_line' id='line_1_90' title="bbox 1578 1813 2618 1854; baseline -0.003 -9"><span class='ocrx_word' id='word_1_681' title='bbox 1578 1814 1710 1845; x_wconf 86' lang='lat' dir='ltr'>mentali</span> <span class='ocrx_word' id='word_1_682' title='bbox 1734 1819 1816 1844; x_wconf 88' lang='lat' dir='ltr'>esset</span> <span class='ocrx_word' id='word_1_683' title='bbox 1839 1823 1896 1854; x_wconf 89' lang='lat' dir='ltr'>per</span> <span class='ocrx_word' id='word_1_684' title='bbox 1918 1813 2051 1854; x_wconf 87' lang='lat' dir='ltr'>aliquod</span> <span class='ocrx_word' id='word_1_685' title='bbox 2073 1819 2212 1854; x_wconf 78' lang='lat' dir='ltr'>tempus.</span> <span class='ocrx_word' id='word_1_686' title='bbox 2606 1814 2618 1837; x_wconf 69' lang='grc'>’-</span> 
     </span>
     <span class='ocr_line' id='line_1_91' title="bbox 1630 1852 2645 1898; baseline -0.002 -10"><span class='ocrx_word' id='word_1_687' title='bbox 1630 1859 1673 1889; x_wconf 84' lang='lat' dir='ltr'>V.</span> <span class='ocrx_word' id='word_1_688' title='bbox 1698 1858 1739 1889; x_wconf 88' lang='lat' dir='ltr'>Et</span> <span class='ocrx_word' id='word_1_689' title='bbox 1754 1859 1836 1888; x_wconf 90' lang='lat' dir='ltr'>sicut</span> <span class='ocrx_word' id='word_1_690' title='bbox 1851 1856 2040 1898; x_wconf 86' lang='lat' dir='ltr'>significatio</span> <span class='ocrx_word' id='word_1_691' title='bbox 2056 1857 2152 1888; x_wconf 84' lang='lat' dir='ltr'>huius</span> <span class='ocrx_word' id='word_1_692' title='bbox 2168 1857 2321 1888; x_wconf 87' lang='lat' dir='ltr'>orationis</span> <span class='ocrx_word' id='word_1_693' title='bbox 2337 1862 2384 1887; x_wconf 90' lang='lat' dir='ltr'>est</span> <span class='ocrx_word' id='word_1_694' title='bbox 2399 1852 2645 1897; x_wconf 77' lang='lat' dir='ltr'>quodammodo</span> 
     </span>
     <span class='ocr_line' id='line_1_92' title="bbox 1580 1899 2646 1943; baseline -0.003 -10"><span class='ocrx_word' id='word_1_695' title='bbox 1580 1903 1715 1943; x_wconf 87' lang='lat' dir='ltr'>simplex</span> <span class='ocrx_word' id='word_1_696' title='bbox 1738 1907 1770 1933; x_wconf 91' lang='lat' dir='ltr'>et</span> <span class='ocrx_word' id='word_1_697' title='bbox 1793 1901 2038 1942; x_wconf 92' lang='lat' dir='ltr'>quodammodo</span> <span class='ocrx_word' id='word_1_698' title='bbox 2069 1902 2266 1942; x_wconf 86' lang='lat' dir='ltr'>composita,</span> <span class='ocrx_word' id='word_1_699' title='bbox 2297 1901 2453 1942; x_wconf 83' lang='lat' dir='ltr'>quoniam</span> <span class='ocrx_word' id='word_1_700' title='bbox 2477 1909 2515 1930; x_wconf 83' lang='lat' dir='ltr'>ex</span> <span class='ocrx_word' id='word_1_701' title='bbox 2536 1899 2646 1942; x_wconf 73' lang='lat' dir='ltr'>multis</span> 
     </span>
     <span class='ocr_line' id='line_1_93' title="bbox 1579 1944 2647 1988; baseline -0.003 -11"><span class='ocrx_word' id='word_1_702' title='bbox 1579 1947 1764 1988; x_wconf 82' lang='lat' dir='ltr'>partialibus</span> <span class='ocrx_word' id='word_1_703' title='bbox 1799 1945 2085 1986; x_wconf 82' lang='lat' dir='ltr'>significationibus</span> <span class='ocrx_word' id='word_1_704' title='bbox 2120 1945 2304 1986; x_wconf 81' lang='lat' dir='ltr'>consurgit3</span> <span class='ocrx_word' id='word_1_705' title='bbox 2345 1950 2376 1975; x_wconf 91' lang='lat' dir='ltr'>et</span> <span class='ocrx_word' id='word_1_706' title='bbox 2409 1944 2545 1985; x_wconf 87' lang='lat' dir='ltr'>simplex</span> <span class='ocrx_word' id='word_1_707' title='bbox 2572 1949 2647 1974; x_wconf 60' lang='lat' dir='ltr'>&#39;em</span> 
     </span>
     <span class='ocr_line' id='line_1_94' title="bbox 1576 1989 2647 2031; baseline -0.003 -10"><span class='ocrx_word' id='word_1_708' title='bbox 1576 1990 1747 2031; x_wconf 83' lang='lat' dir='ltr'>significat,</span> <span class='ocrx_word' id='word_1_709' title='bbox 1763 1991 1884 2021; x_wconf 86' lang='lat' dir='ltr'>scilicet</span> <span class='ocrx_word' id='word_1_710' title='bbox 1905 1990 1970 2020; x_wconf 88' lang='lat' dir='ltr'>hoc</span> <span class='ocrx_word' id='word_1_711' title='bbox 1994 1999 2062 2020; x_wconf 89' lang='lat' dir='ltr'>esse</span> <span class='ocrx_word' id='word_1_712' title='bbox 2087 1999 2204 2030; x_wconf 83' lang='lat' dir='ltr'>corpus</span> <span class='ocrx_word' id='word_1_713' title='bbox 2221 1989 2349 2026; x_wconf 78' lang='lat' dir='ltr'>Christi,</span> <span class='ocrx_word' id='word_1_714' title='bbox 2366 1989 2488 2029; x_wconf 84' lang='lat' dir='ltr'>absque</span> <span class='ocrx_word' id='word_1_715' title='bbox 2511 1995 2647 2028; x_wconf 68' lang='lat' dir='ltr'>compo-</span> 
     </span>
     <span class='ocr_line' id='line_1_95' title="bbox 1581 2030 2646 2071; baseline -0.003 -5"><span class='ocrx_word' id='word_1_716' title='bbox 1581 2035 1721 2071; x_wconf 84' lang='lat' dir='ltr'>sitionis,</span> <span class='ocrx_word' id='word_1_717' title='bbox 1750 2034 1968 2070; x_wconf 80' lang='lat' dir='ltr'>admixtionis,</span> <span class='ocrx_word' id='word_1_718' title='bbox 1991 2033 2232 2065; x_wconf 65' lang='lat' dir='ltr'>informationis</span> <span class='ocrx_word' id='word_1_719' title='bbox 2262 2033 2517 2064; x_wconf 78' lang='lat' dir='ltr'>adiunctiomisve</span> <span class='ocrx_word' id='word_1_720' title='bbox 2545 2030 2646 2066; x_wconf 73' lang='lat' dir='ltr'>modo</span> 
     </span>
     <span class='ocr_line' id='line_1_96' title="bbox 1583 2075 2647 2120; baseline -0.001 -10"><span class='ocrx_word' id='word_1_721' title='bbox 1583 2088 1811 2120; x_wconf 89' lang='lat' dir='ltr'>quocumque:</span> <span class='ocrx_word' id='word_1_722' title='bbox 1835 2080 1879 2110; x_wconf 86' lang='lat' dir='ltr'>ita</span> <span class='ocrx_word' id='word_1_723' title='bbox 1900 2079 2000 2109; x_wconf 83' lang='lat' dir='ltr'>virtus</span> <span class='ocrx_word' id='word_1_724' title='bbox 2019 2079 2079 2109; x_wconf 86' lang='lat' dir='ltr'>ista</span> <span class='ocrx_word' id='word_1_725' title='bbox 2098 2087 2136 2109; x_wconf 87' lang='lat' dir='ltr'>ex</span> <span class='ocrx_word' id='word_1_726' title='bbox 2158 2083 2247 2118; x_wconf 87' lang='lat' dir='ltr'>parte</span> <span class='ocrx_word' id='word_1_727' title='bbox 2271 2078 2424 2108; x_wconf 79' lang='lat' dir='ltr'>orationis</span> <span class='ocrx_word' id='word_1_728' title='bbox 2443 2075 2647 2117; x_wconf 50' lang='lat' dir='ltr'>significantis</span> 
     </span>
     <span class='ocr_line' id='line_1_97' title="bbox 1583 2119 2647 2164; baseline -0.003 -10"><span class='ocrx_word' id='word_1_729' title='bbox 1583 2129 1630 2154; x_wconf 90' lang='lat' dir='ltr'>est</span> <span class='ocrx_word' id='word_1_730' title='bbox 1664 2122 1909 2164; x_wconf 90' lang='lat' dir='ltr'>quodammodo</span> <span class='ocrx_word' id='word_1_731' title='bbox 1945 2123 2144 2163; x_wconf 86' lang='lat' dir='ltr'>composita,</span> <span class='ocrx_word' id='word_1_732' title='bbox 2179 2131 2218 2153; x_wconf 89' lang='lat' dir='ltr'>ex</span> <span class='ocrx_word' id='word_1_733' title='bbox 2251 2127 2340 2163; x_wconf 82' lang='lat' dir='ltr'>parte</span> <span class='ocrx_word' id='word_1_734' title='bbox 2375 2127 2483 2153; x_wconf 87' lang='lat' dir='ltr'>autem</span> <span class='ocrx_word' id='word_1_735' title='bbox 2516 2119 2647 2155; x_wconf 81' lang='lat' dir='ltr'>effectus</span> 
     </span>
     <span class='ocr_line' id='line_1_98' title="bbox 1583 2165 2566 2208; baseline -0.002 -10"><span class='ocrx_word' id='word_1_736' title='bbox 1583 2168 1699 2198; x_wconf 90' lang='lat' dir='ltr'>dicitur</span> <span class='ocrx_word' id='word_1_737' title='bbox 1722 2167 1857 2208; x_wconf 82' lang='lat' dir='ltr'>simplex</span> <span class='ocrx_word' id='word_1_738' title='bbox 1880 2167 1914 2198; x_wconf 90' lang='lat' dir='ltr'>in</span> <span class='ocrx_word' id='word_1_739' title='bbox 1936 2167 2049 2203; x_wconf 87' lang='lat' dir='ltr'>littera,</span> <span class='ocrx_word' id='word_1_740' title='bbox 2073 2167 2107 2198; x_wconf 92' lang='lat' dir='ltr'>in</span> <span class='ocrx_word' id='word_1_741' title='bbox 2130 2166 2341 2207; x_wconf 88' lang='lat' dir='ltr'>responsione</span> <span class='ocrx_word' id='word_1_742' title='bbox 2365 2165 2405 2197; x_wconf 81' lang='lat' dir='ltr'>ad</span> <span class='ocrx_word' id='word_1_743' title='bbox 2426 2165 2566 2196; x_wconf 80' lang='lat' dir='ltr'>tertium.</span> 
     </span>
    </p>
   </div>
   <div class='ocr_carea' id='block_1_19' title="bbox 1024 2331 2085 2458">
    <p class='ocr_par' dir='ltr' id='par_1_24' title="bbox 1024 2331 2085 2458">
     <span class='ocr_line' id='line_1_99' title="bbox 1248 2331 1863 2384; baseline -0.002 -10"><span class='ocrx_word' id='word_1_744' title='bbox 1248 2331 1572 2374; x_wconf 79' lang='lat' dir='ltr'>ARTICULUS</span> <span class='ocrx_word' id='word_1_745' title='bbox 1603 2331 1863 2384; x_wconf 85' lang='lat' dir='ltr'>QUINTUS</span> 
     </span>
     <span class='ocr_line' id='line_1_100' title="bbox 1024 2423 2085 2458; baseline -0.004 0"><span class='ocrx_word' id='word_1_746' title='bbox 1024 2426 1186 2458; x_wconf 51' lang='lat' dir='ltr'>xUTRUM</span> <span class='ocrx_word' id='word_1_747' title='bbox 1209 2425 1488 2457; x_wconf 77' lang='lat' dir='ltr'>PRAEDICTAE</span> <span class='ocrx_word' id='word_1_748' title='bbox 1510 2424 1794 2456; x_wconf 71' lang='lat' dir='ltr'>Locu‘rloNEs</span> <span class='ocrx_word' id='word_1_749' title='bbox 1817 2423 1915 2455; x_wconf 85' lang='lat' dir='ltr'>SINT</span> <span class='ocrx_word' id='word_1_750' title='bbox 1938 2423 2085 2455; x_wconf 86' lang='lat' dir='ltr'>VERAE</span> 
     </span>
    </p>
   </div>
   <div class='ocr_carea' id='block_1_20' title="bbox 855 2503 2260 2538">
    <p class='ocr_par' dir='ltr' id='par_1_25' title="bbox 855 2503 2260 2538">
     <span class='ocr_line' id='line_1_101' title="bbox 855 2503 2260 2538; baseline -0.001 -8"><span class='ocrx_word' id='word_1_751' title='bbox 855 2506 888 2531; x_wconf 95' lang='lat' dir='ltr'>IV</span> <span class='ocrx_word' id='word_1_752' title='bbox 907 2506 992 2534; x_wconf 74' lang='lat' dir='ltr'>Sent„</span> <span class='ocrx_word' id='word_1_753' title='bbox 1013 2506 1070 2530; x_wconf 85' lang='lat' dir='ltr'>dist.</span> <span class='ocrx_word' id='word_1_754' title='bbox 1089 2513 1143 2536; x_wconf 83' lang='lat' dir='ltr'>v111,</span> <span class='ocrx_word' id='word_1_755' title='bbox 1163 2513 1208 2538; x_wconf 80' lang='lat' dir='ltr'>qu.</span> <span class='ocrx_word' id='word_1_756' title='bbox 1227 2513 1254 2536; x_wconf 89' lang='lat'>11,</span> <span class='ocrx_word' id='word_1_757' title='bbox 1274 2511 1320 2531; x_wconf 83' lang='lat' dir='ltr'>art.</span> <span class='ocrx_word' id='word_1_758' title='bbox 1342 2511 1365 2536; x_wconf 87' lang='grc' dir='ltr'>ι,</span> <span class='ocrx_word' id='word_1_759' title='bbox 1385 2504 1435 2537; x_wconf 68' lang='lat' dir='ltr'>qu*</span> <span class='ocrx_word' id='word_1_760' title='bbox 1453 2512 1485 2536; x_wconf 89' lang='lat'>4;</span> <span class='ocrx_word' id='word_1_761' title='bbox 1506 2504 1536 2529; x_wconf 90' lang='lat' dir='ltr'>In</span> <span class='ocrx_word' id='word_1_762' title='bbox 1556 2504 1667 2533; x_wconf 61' lang='lat' dir='ltr'>March„</span> <span class='ocrx_word' id='word_1_763' title='bbox 1687 2511 1744 2536; x_wconf 78' lang='lat' dir='ltr'>cap.</span> <span class='ocrx_word' id='word_1_764' title='bbox 1762 2511 1833 2535; x_wconf 76' lang='lat' dir='ltr'>xxvx3</span> <span class='ocrx_word' id='word_1_765' title='bbox 1853 2503 1862 2528; x_wconf 89' lang='lat' dir='ltr'>l</span> <span class='ocrx_word' id='word_1_766' title='bbox 1880 2503 1918 2528; x_wconf 81' lang='lat' dir='ltr'>ad</span> <span class='ocrx_word' id='word_1_767' title='bbox 1938 2504 2014 2532; x_wconf 72' lang='lat' dir='ltr'>Cor„</span> <span class='ocrx_word' id='word_1_768' title='bbox 2034 2511 2090 2537; x_wconf 71' lang='lat' dir='ltr'>cup.</span> <span class='ocrx_word' id='word_1_769' title='bbox 2108 2511 2142 2534; x_wconf 77' lang='lat' dir='ltr'>xi,</span> <span class='ocrx_word' id='word_1_770' title='bbox 2161 2504 2218 2529; x_wconf 87' lang='lat' dir='ltr'>lect.</span> <span class='ocrx_word' id='word_1_771' title='bbox 2235 2511 2260 2529; x_wconf 85' lang='grc' dir='ltr'>ν.</span> 
     </span>
    </p>
   </div>
   <div class='ocr_carea' id='block_1_21' title="bbox 477 2584 1528 2690">
    <p class='ocr_par' dir='ltr' id='par_1_26' title="bbox 477 2584 1528 2690">
     <span class='ocr_line' id='line_1_102' title="bbox 477 2584 1528 2649; baseline -0.002 -25"><span class='ocrx_word' id='word_1_772' title='bbox 477 2598 542 2642; x_wconf 62' lang='lat' dir='ltr'>&#39;‘-t</span> <span class='ocrx_word' id='word_1_773' title='bbox 578 2604 651 2649; x_wconf 33' lang='grc' dir='ltr'>σεβί</span> <span class='ocrx_word' id='word_1_774' title='bbox 670 2600 695 2624; x_wconf 85' lang='lat' dir='ltr'>D</span> <span class='ocrx_word' id='word_1_775' title='bbox 716 2598 876 2630; x_wconf 78' lang='lat' dir='ltr'>QurNTUM</span> <span class='ocrx_word' id='word_1_776' title='bbox 896 2598 947 2623; x_wconf 75' lang='lat' dir='ltr'>sm</span> <span class='ocrx_word' id='word_1_777' title='bbox 968 2597 1204 2623; x_wconf 84' lang='lat' dir='ltr'>PROCEDITUR.</span> <span class='ocrx_word' id='word_1_778' title='bbox 1232 2584 1394 2623; x_wconf 89' lang='lat' dir='ltr'>Videtur</span> <span class='ocrx_word' id='word_1_779' title='bbox 1421 2585 1528 2635; x_wconf 90' lang='lat' dir='ltr'>quod</span> 
     </span>
     <span class='ocr_line' id='line_1_103' title="bbox 674 2638 1527 2690; baseline -0.001 -14.159"><span class='ocrx_word' id='word_1_780' title='bbox 674 2639 889 2690; x_wconf 87' lang='lat' dir='ltr'>praedictae</span> <span class='ocrx_word' id='word_1_781' title='bbox 913 2639 1126 2676; x_wconf 90' lang='lat' dir='ltr'>locutiones</span> <span class='ocrx_word' id='word_1_782' title='bbox 1145 2638 1166 2660; x_wconf 77' lang='lat'>&#39;¹‘</span> <span class='ocrx_word' id='word_1_783' title='bbox 1194 2650 1274 2675; x_wconf 91' lang='lat' dir='ltr'>non</span> <span class='ocrx_word' id='word_1_784' title='bbox 1288 2646 1383 2675; x_wconf 51' lang='lat' dir='ltr'>*sunt</span> <span class='ocrx_word' id='word_1_785' title='bbox 1401 2650 1527 2675; x_wconf 87' lang='lat' dir='ltr'>verae.</span> 
     </span>
    </p>
   </div>
   <div class='ocr_carea' id='block_1_22' title="bbox 477 2604 633 2786">
    <p class='ocr_par' dir='ltr' id='par_1_27' title="bbox 477 2604 633 2786">
     <span class='ocr_line' id='line_1_104' title="bbox 477 2604 633 2714; baseline 0 0"><span class='ocrx_word' id='word_1_786' title='bbox 477 2604 633 2714; x_wconf 95' lang='lat' dir='ltr'>   </span> 
     </span>
     <span class='ocr_line' id='line_1_105' title="bbox 477 2714 571 2786; baseline 0 0"><span class='ocrx_word' id='word_1_787' title='bbox 477 2714 571 2786; x_wconf 95' lang='lat' dir='ltr'>  </span> 
     </span>
    </p>
   </div>
   <div class='ocr_carea' id='block_1_23' title="bbox 460 2648 1534 3430">
    <p class='ocr_par' dir='ltr' id='par_1_28' title="bbox 460 2648 1532 3101">
     <span class='ocr_line' id='line_1_106' title="bbox 551 2648 652 2689; baseline 0.01 -1"><span class='ocrx_word' id='word_1_788' title='bbox 551 2675 561 2685; x_wconf 26' lang='grc' dir='ltr'>Ἀ</span> <span class='ocrx_word' id='word_1_789' title='bbox 570 2671 581 2688; x_wconf 69' lang='lat'>.«</span> <span class='ocrx_word' id='word_1_790' title='bbox 596 2648 652 2689; x_wconf 52' lang='grc' dir='ltr'>’ῒῖἣιῖ</span> 
     </span>
     <span class='ocr_line' id='line_1_107' title="bbox 545 2676 1528 2741; baseline 0 -13"><span class='ocrx_word' id='word_1_791' title='bbox 545 2688 557 2693; x_wconf 69' lang='grc'><strong><em>’</em></strong></span> <span class='ocrx_word' id='word_1_792' title='bbox 612 2676 779 2738; x_wconf 44' lang='grc' dir='ltr'>ζιὲῘΟωτι</span> <span class='ocrx_word' id='word_1_793' title='bbox 793 2692 896 2730; x_wconf 87' lang='lat' dir='ltr'>enim</span> <span class='ocrx_word' id='word_1_794' title='bbox 914 2692 1062 2736; x_wconf 80' lang='lat' dir='ltr'>dicitur,</span> <span class='ocrx_word' id='word_1_795' title='bbox 1074 2693 1164 2729; x_wconf 87' lang='lat' dir='ltr'>Hoc</span> <span class='ocrx_word' id='word_1_796' title='bbox 1178 2697 1229 2728; x_wconf 83' lang='lat' dir='ltr'>est</span> <span class='ocrx_word' id='word_1_797' title='bbox 1243 2704 1378 2741; x_wconf 73' lang='lat' dir='ltr'>corpus</span> <span class='ocrx_word' id='word_1_798' title='bbox 1390 2703 1528 2737; x_wconf 88' lang='lat' dir='ltr'>meum,</span> 
     </span>
     <span class='ocr_line' id='line_1_108' title="bbox 571 2737 1528 2796; baseline 0.001 -16"><span class='ocrx_word' id='word_1_799' title='bbox 571 2738 617 2780; x_wconf 44' lang='grc' dir='ltr'>ἓν</span> <span class='ocrx_word' id='word_1_800' title='bbox 633 2737 666 2781; x_wconf 40' lang='lat' dir='ltr'>X&lt;</span> <span class='ocrx_word' id='word_1_801' title='bbox 675 2748 713 2796; x_wconf 92' lang='lat' dir='ltr'>ly</span> <span class='ocrx_word' id='word_1_802' title='bbox 741 2748 811 2783; x_wconf 81' lang='lat' dir='ltr'>hoc</span> <span class='ocrx_word' id='word_1_803' title='bbox 830 2753 885 2783; x_wconf 92' lang='lat' dir='ltr'>est</span> <span class='ocrx_word' id='word_1_804' title='bbox 912 2744 1260 2782; x_wconf 77' lang='lat' dir='ltr'>demonstrativum</span> <span class='ocrx_word' id='word_1_805' title='bbox 1284 2744 1528 2782; x_wconf 86' lang='lat' dir='ltr'>substantiae.</span> 
     </span>
     <span class='ocr_line' id='line_1_109' title="bbox 463 2798 1531 2849; baseline -0.002 -13"><span class='ocrx_word' id='word_1_806' title='bbox 463 2799 542 2836; x_wconf 87' lang='lat' dir='ltr'>Sed</span> <span class='ocrx_word' id='word_1_807' title='bbox 570 2799 788 2848; x_wconf 81' lang='lat' dir='ltr'>see-undum</span> <span class='ocrx_word' id='word_1_808' title='bbox 806 2798 999 2849; x_wconf 87' lang='lat' dir='ltr'>praedicta</span> <span class='ocrx_word' id='word_1_809' title='bbox 1016 2798 1048 2845; x_wconf 76' lang='lat'>²⁸²,</span> <span class='ocrx_word' id='word_1_810' title='bbox 1069 2798 1227 2847; x_wconf 85' lang='lat' dir='ltr'>quando</span> <span class='ocrx_word' id='word_1_811' title='bbox 1246 2798 1437 2848; x_wconf 80' lang='lat' dir='ltr'>profertur</span> <span class='ocrx_word' id='word_1_812' title='bbox 1454 2798 1531 2835; x_wconf 91' lang='lat' dir='ltr'>hoc</span> 
     </span>
     <span class='ocr_line' id='line_1_110' title="bbox 460 2850 1532 2902; baseline 0 -14"><span class='ocrx_word' id='word_1_813' title='bbox 460 2863 683 2902; x_wconf 79' lang='lat' dir='ltr'>pronomen</span> <span class='ocrx_word' id='word_1_814' title='bbox 711 2854 794 2899; x_wconf 87' lang='lat' dir='ltr'>hoc,</span> <span class='ocrx_word' id='word_1_815' title='bbox 813 2852 943 2889; x_wconf 91' lang='lat' dir='ltr'>adhuc</span> <span class='ocrx_word' id='word_1_816' title='bbox 966 2859 1026 2889; x_wconf 87' lang='lat' dir='ltr'>est</span> <span class='ocrx_word' id='word_1_817' title='bbox 1044 2851 1254 2888; x_wconf 84' lang='lat' dir='ltr'>substantia</span> <span class='ocrx_word' id='word_1_818' title='bbox 1281 2851 1392 2901; x_wconf 85' lang='lat' dir='ltr'>panis</span> <span class='ocrx_word' id='word_1_819' title='bbox 1402 2850 1416 2888; x_wconf 75' lang='grc' dir='ltr'>ε’</span> <span class='ocrx_word' id='word_1_820' title='bbox 1439 2850 1532 2900; x_wconf 89' lang='lat' dir='ltr'>quia</span> 
     </span>
     <span class='ocr_line' id='line_1_111' title="bbox 460 2903 1531 2954; baseline -0.001 -12"><span class='ocrx_word' id='word_1_821' title='bbox 460 2903 814 2943; x_wconf 61' lang='lat' dir='ltr'>transubstantiatio</span> <span class='ocrx_word' id='word_1_822' title='bbox 842 2905 886 2942; x_wconf 90' lang='lat' dir='ltr'>fit</span> <span class='ocrx_word' id='word_1_823' title='bbox 913 2905 952 2942; x_wconf 90' lang='lat' dir='ltr'>in</span> <span class='ocrx_word' id='word_1_824' title='bbox 989 2905 1125 2942; x_wconf 83' lang='lat' dir='ltr'>ultimo</span> <span class='ocrx_word' id='word_1_825' title='bbox 1143 2910 1164 2926; x_wconf 65' lang='grc' dir='ltr'>ἀ</span> <span class='ocrx_word' id='word_1_826' title='bbox 1191 2904 1414 2954; x_wconf 84' lang='lat' dir='ltr'>prolationis</span> <span class='ocrx_word' id='word_1_827' title='bbox 1444 2916 1531 2941; x_wconf 82' lang='lat' dir='ltr'>ver-</span> 
     </span>
     <span class='ocr_line' id='line_1_112' title="bbox 465 2958 1532 3008; baseline 0 -13"><span class='ocrx_word' id='word_1_828' title='bbox 465 2959 619 2995; x_wconf 90' lang='lat' dir='ltr'>borum.</span> <span class='ocrx_word' id='word_1_829' title='bbox 650 2959 727 2997; x_wconf 92' lang='lat' dir='ltr'>Sed</span> <span class='ocrx_word' id='word_1_830' title='bbox 746 2960 842 2996; x_wconf 90' lang='lat' dir='ltr'>haec</span> <span class='ocrx_word' id='word_1_831' title='bbox 870 2966 925 2995; x_wconf 90' lang='lat' dir='ltr'>est</span> <span class='ocrx_word' id='word_1_832' title='bbox 943 2958 1046 3006; x_wconf 75' lang='lat' dir='ltr'>fa‘lsa,</span> <span class='ocrx_word' id='word_1_833' title='bbox 1066 2959 1180 2995; x_wconf 86' lang='lat' dir='ltr'>Panis</span> <span class='ocrx_word' id='word_1_834' title='bbox 1199 2964 1250 2995; x_wconf 81' lang='lat' dir='ltr'>est</span> <span class='ocrx_word' id='word_1_835' title='bbox 1269 2970 1404 3008; x_wconf 81' lang='lat' dir='ltr'>corpus</span> <span class='ocrx_word' id='word_1_836' title='bbox 1423 2958 1532 2995; x_wconf 79' lang='lat' dir='ltr'>Chri-</span> 
     </span>
     <span class='ocr_line' id='line_1_113' title="bbox 466 3012 1532 3061; baseline 0 -13"><span class='ocrx_word' id='word_1_837' title='bbox 466 3014 520 3048; x_wconf 85' lang='lat' dir='ltr'>sti.</span> <span class='ocrx_word' id='word_1_838' title='bbox 551 3012 652 3060; x_wconf 86' lang='lat' dir='ltr'>Ergo</span> <span class='ocrx_word' id='word_1_839' title='bbox 691 3012 805 3049; x_wconf 90' lang='lat' dir='ltr'>etiam</span> <span class='ocrx_word' id='word_1_840' title='bbox 833 3013 928 3049; x_wconf 84' lang='lat' dir='ltr'>haec</span> <span class='ocrx_word' id='word_1_841' title='bbox 964 3019 1019 3048; x_wconf 92' lang='lat' dir='ltr'>est</span> <span class='ocrx_word' id='word_1_842' title='bbox 1054 3012 1164 3058; x_wconf 81' lang='lat' dir='ltr'>falsa,</span> <span class='ocrx_word' id='word_1_843' title='bbox 1194 3012 1283 3049; x_wconf 88' lang='lat' dir='ltr'>Hoc</span> <span class='ocrx_word' id='word_1_844' title='bbox 1311 3017 1362 3048; x_wconf 87' lang='lat' dir='ltr'>est</span> <span class='ocrx_word' id='word_1_845' title='bbox 1397 3023 1532 3061; x_wconf 84' lang='lat' dir='ltr'>corpus</span> 
     </span>
     <span class='ocr_line' id='line_1_114' title="bbox 468 3077 604 3101; baseline 0 0"><span class='ocrx_word' id='word_1_846' title='bbox 468 3077 604 3101; x_wconf 87' lang='lat' dir='ltr'>meum.</span> 
     </span>
    </p>

    <p class='ocr_par' dir='ltr' id='par_1_29' title="bbox 470 3117 1534 3430">
     <span class='ocr_line' id='line_1_115' title="bbox 524 3117 1532 3167; baseline 0.001 -14"><span class='ocrx_word' id='word_1_847' title='bbox 524 3129 558 3153; x_wconf 92' lang='lat'>2.</span> <span class='ocrx_word' id='word_1_848' title='bbox 590 3119 830 3165; x_wconf 75' lang='lat' dir='ltr'>PRAETEREA,</span> <span class='ocrx_word' id='word_1_849' title='bbox 869 3118 945 3155; x_wconf 90' lang='lat' dir='ltr'>hoc</span> <span class='ocrx_word' id='word_1_850' title='bbox 980 3129 1202 3167; x_wconf 89' lang='lat' dir='ltr'>pronomen</span> <span class='ocrx_word' id='word_1_851' title='bbox 1238 3119 1309 3155; x_wconf 83' lang='lat' dir='ltr'>hoc</span> <span class='ocrx_word' id='word_1_852' title='bbox 1344 3117 1431 3155; x_wconf 85' lang='lat' dir='ltr'>facit</span> <span class='ocrx_word' id='word_1_853' title='bbox 1467 3117 1532 3154; x_wconf 92' lang='lat' dir='ltr'>de-</span> 
     </span>
     <span class='ocr_line' id='line_1_116' title="bbox 470 3170 1533 3220; baseline 0.001 -14"><span class='ocrx_word' id='word_1_854' title='bbox 470 3170 788 3207; x_wconf 88' lang='lat' dir='ltr'>monstrationem</span> <span class='ocrx_word' id='word_1_855' title='bbox 808 3171 856 3208; x_wconf 87' lang='lat' dir='ltr'>ad</span> <span class='ocrx_word' id='word_1_856' title='bbox 876 3183 1045 3208; x_wconf 89' lang='lat' dir='ltr'>sensum.</span> <span class='ocrx_word' id='word_1_857' title='bbox 1076 3171 1154 3208; x_wconf 91' lang='lat' dir='ltr'>Sed</span> <span class='ocrx_word' id='word_1_858' title='bbox 1173 3170 1319 3220; x_wconf 89' lang='lat' dir='ltr'>species</span> <span class='ocrx_word' id='word_1_859' title='bbox 1338 3170 1533 3207; x_wconf 89' lang='lat' dir='ltr'>sensibiles</span> 
     </span>
     <span class='ocr_line' id='line_1_117' title="bbox 471 3223 1533 3273; baseline 0.002 -15"><span class='ocrx_word' id='word_1_860' title='bbox 471 3234 571 3271; x_wconf 92' lang='lat' dir='ltr'>quae</span> <span class='ocrx_word' id='word_1_861' title='bbox 599 3231 687 3259; x_wconf 91' lang='lat' dir='ltr'>sunt</span> <span class='ocrx_word' id='word_1_862' title='bbox 706 3223 745 3259; x_wconf 91' lang='lat' dir='ltr'>in</span> <span class='ocrx_word' id='word_1_863' title='bbox 765 3224 840 3260; x_wconf 90' lang='lat' dir='ltr'>hoc</span> <span class='ocrx_word' id='word_1_864' title='bbox 863 3231 1103 3260; x_wconf 90' lang='lat' dir='ltr'>sacramento</span> <span class='ocrx_word' id='word_1_865' title='bbox 1132 3236 1259 3273; x_wconf 91' lang='lat' dir='ltr'>neque</span> <span class='ocrx_word' id='word_1_866' title='bbox 1288 3231 1376 3261; x_wconf 91' lang='lat' dir='ltr'>sunt</span> <span class='ocrx_word' id='word_1_867' title='bbox 1404 3223 1533 3273; x_wconf 91' lang='lat' dir='ltr'>ipsum</span> 
     </span>
     <span class='ocr_line' id='line_1_118' title="bbox 471 3275 1534 3326; baseline 0.002 -15"><span class='ocrx_word' id='word_1_868' title='bbox 471 3286 612 3323; x_wconf 87' lang='lat' dir='ltr'>corpus</span> <span class='ocrx_word' id='word_1_869' title='bbox 646 3275 802 3322; x_wconf 87' lang='lat' dir='ltr'>Christi,</span> <span class='ocrx_word' id='word_1_870' title='bbox 833 3288 959 3325; x_wconf 90' lang='lat' dir='ltr'>neque</span> <span class='ocrx_word' id='word_1_871' title='bbox 995 3284 1084 3313; x_wconf 88' lang='lat' dir='ltr'>sunt</span> <span class='ocrx_word' id='word_1_872' title='bbox 1118 3276 1328 3314; x_wconf 78' lang='lat' dir='ltr'>accidentia</span> <span class='ocrx_word' id='word_1_873' title='bbox 1361 3276 1534 3326; x_wconf 80' lang='lat' dir='ltr'>corporis</span> 
     </span>
     <span class='ocr_line' id='line_1_119' title="bbox 473 3327 1532 3378; baseline 0.003 -15"><span class='ocrx_word' id='word_1_874' title='bbox 473 3327 624 3364; x_wconf 90' lang='lat' dir='ltr'>Christi.</span> <span class='ocrx_word' id='word_1_875' title='bbox 654 3329 755 3376; x_wconf 85' lang='lat' dir='ltr'>Ergo</span> <span class='ocrx_word' id='word_1_876' title='bbox 784 3329 879 3365; x_wconf 89' lang='lat' dir='ltr'>haec</span> <span class='ocrx_word' id='word_1_877' title='bbox 906 3329 1049 3366; x_wconf 89' lang='lat' dir='ltr'>locutio</span> <span class='ocrx_word' id='word_1_878' title='bbox 1078 3341 1158 3366; x_wconf 91' lang='lat' dir='ltr'>non</span> <span class='ocrx_word' id='word_1_879' title='bbox 1186 3337 1310 3378; x_wconf 91' lang='lat' dir='ltr'>potest</span> <span class='ocrx_word' id='word_1_880' title='bbox 1329 3341 1411 3366; x_wconf 90' lang='lat' dir='ltr'>esse</span> <span class='ocrx_word' id='word_1_881' title='bbox 1430 3341 1532 3377; x_wconf 88' lang='lat' dir='ltr'>vera,</span> 
     </span>
     <span class='ocr_line' id='line_1_120' title="bbox 473 3381 963 3430; baseline 0.002 -13"><span class='ocrx_word' id='word_1_882' title='bbox 473 3381 562 3417; x_wconf 82' lang='lat' dir='ltr'>Hoc</span> <span class='ocrx_word' id='word_1_883' title='bbox 586 3386 640 3417; x_wconf 82' lang='lat' dir='ltr'>est</span> <span class='ocrx_word' id='word_1_884' title='bbox 667 3392 802 3430; x_wconf 79' lang='lat' dir='ltr'>corpus</span> <span class='ocrx_word' id='word_1_885' title='bbox 823 3393 963 3418; x_wconf 83' lang='lat' dir='ltr'>meum.</span> 
     </span>
    </p>
   </div>
   <div class='ocr_carea' id='block_1_24' title="bbox 527 3495 1026 3529">
    <p class='ocr_par' dir='ltr' id='par_1_30' title="bbox 527 3495 1026 3529">
     <span class='ocr_line' id='line_1_121' title="bbox 527 3495 1026 3529; baseline 0 -9"><span class='ocrx_word' id='word_1_886' title='bbox 527 3495 554 3529; x_wconf 85' lang='grc' dir='ltr'>α)</span> <span class='ocrx_word' id='word_1_887' title='bbox 576 3496 677 3521; x_wconf 82' lang='lat' dir='ltr'>ultimo.</span> <span class='ocrx_word' id='word_1_888' title='bbox 696 3510 714 3514; x_wconf 93' lang='lat'><em>-</em></span> <span class='ocrx_word' id='word_1_889' title='bbox 732 3496 846 3520; x_wconf 79' lang='lat' dir='ltr'>instanti</span> <span class='ocrx_word' id='word_1_890' title='bbox 864 3495 962 3522; x_wconf 71' lang='lat' dir='ltr'>acidum</span> <span class='ocrx_word' id='word_1_891' title='bbox 980 3496 1026 3520; x_wconf 80' lang='lat' dir='ltr'>Pa.</span> 
     </span>
    </p>
   </div>
   <div class='ocr_carea' id='block_1_25' title="bbox 1555 2672 1561 3290">
    <p class='ocr_par' dir='ltr' id='par_1_31' title="bbox 1555 2672 1561 3290">
     <span class='ocr_line' id='line_1_122' title="bbox 1555 2672 1561 3290; baseline 0 0"><span class='ocrx_word' id='word_1_892' title='bbox 1555 2672 1561 3290; x_wconf 95' lang='lat' dir='ltr'> </span> 
     </span>
    </p>
   </div>
   <div class='ocr_carea' id='block_1_26' title="bbox 1579 2584 2654 3378">
    <p class='ocr_par' dir='ltr' id='par_1_32' title="bbox 1579 2584 2652 3061">
     <span class='ocr_line' id='line_1_123' title="bbox 1640 2584 2651 2637; baseline 0.003 -15"><span class='ocrx_word' id='word_1_893' title='bbox 1640 2584 1673 2622; x_wconf 87' lang='lat'>3.</span> <span class='ocrx_word' id='word_1_894' title='bbox 1704 2585 1936 2632; x_wconf 76' lang='lat' dir='ltr'>PRAETEREA,</span> <span class='ocrx_word' id='word_1_895' title='bbox 1957 2586 2054 2630; x_wconf 89' lang='lat' dir='ltr'>haec</span> <span class='ocrx_word' id='word_1_896' title='bbox 2071 2585 2203 2633; x_wconf 77' lang='lat' dir='ltr'>verba,</span> <span class='ocrx_word' id='word_1_897' title='bbox 2220 2585 2317 2623; x_wconf 89' lang='lat' dir='ltr'>sicut</span> <span class='ocrx_word' id='word_1_898' title='bbox 2335 2586 2486 2637; x_wconf 68' lang='lat' dir='ltr'>supra*</span> <span class='ocrx_word' id='word_1_899' title='bbox 2505 2586 2651 2635; x_wconf 82' lang='lat' dir='ltr'>dictum</span> 
     </span>
     <span class='ocr_line' id='line_1_124' title="bbox 1584 2637 2651 2692; baseline 0.003 -17"><span class='ocrx_word' id='word_1_900' title='bbox 1584 2645 1651 2684; x_wconf 89' lang='lat' dir='ltr'>est,</span> <span class='ocrx_word' id='word_1_901' title='bbox 1671 2650 1742 2675; x_wconf 90' lang='lat' dir='ltr'>sua</span> <span class='ocrx_word' id='word_1_902' title='bbox 1769 2637 2045 2686; x_wconf 89' lang='lat' dir='ltr'>significatione</span> <span class='ocrx_word' id='word_1_903' title='bbox 2073 2638 2244 2676; x_wconf 83' lang='lat' dir='ltr'>efficiunt</span> <span class='ocrx_word' id='word_1_904' title='bbox 2271 2638 2567 2685; x_wconf 81' lang='lat' dir='ltr'>conversionem</span> <span class='ocrx_word' id='word_1_905' title='bbox 2579 2650 2651 2692; x_wconf 79' lang='lat' dir='ltr'>pa-</span> 
     </span>
     <span class='ocr_line' id='line_1_125' title="bbox 1582 2691 2651 2744; baseline 0.003 -16"><span class='ocrx_word' id='word_1_906' title='bbox 1582 2691 1644 2728; x_wconf 82' lang='lat' dir='ltr'>nis</span> <span class='ocrx_word' id='word_1_907' title='bbox 1672 2691 1711 2728; x_wconf 92' lang='lat' dir='ltr'>in</span> <span class='ocrx_word' id='word_1_908' title='bbox 1739 2703 1881 2741; x_wconf 87' lang='lat' dir='ltr'>corpus</span> <span class='ocrx_word' id='word_1_909' title='bbox 1910 2691 2062 2729; x_wconf 86' lang='lat' dir='ltr'>Christi.</span> <span class='ocrx_word' id='word_1_910' title='bbox 2092 2692 2170 2730; x_wconf 90' lang='lat' dir='ltr'>Sed</span> <span class='ocrx_word' id='word_1_911' title='bbox 2198 2704 2314 2730; x_wconf 84' lang='lat' dir='ltr'>causa</span> <span class='ocrx_word' id='word_1_912' title='bbox 2342 2693 2517 2731; x_wconf 78' lang='lat' dir='ltr'>effectiva</span> <span class='ocrx_word' id='word_1_913' title='bbox 2540 2693 2651 2744; x_wconf 71' lang='lat' dir='ltr'>prae-</span> 
     </span>
     <span class='ocr_line' id='line_1_126' title="bbox 1579 2744 2652 2794; baseline 0.004 -13"><span class='ocrx_word' id='word_1_914' title='bbox 1579 2744 1802 2793; x_wconf 62' lang='lat' dir='ltr'>intelligitur</span> <span class='ocrx_word' id='word_1_915' title='bbox 1820 2744 1984 2782; x_wconf 86' lang='lat' dir='ltr'>effectui.</span> <span class='ocrx_word' id='word_1_916' title='bbox 2014 2745 2117 2794; x_wconf 88' lang='lat' dir='ltr'>Ergo</span> <span class='ocrx_word' id='word_1_917' title='bbox 2146 2745 2370 2794; x_wconf 85' lang='lat' dir='ltr'>significatio</span> <span class='ocrx_word' id='word_1_918' title='bbox 2391 2747 2540 2784; x_wconf 90' lang='lat' dir='ltr'>&#39;horum</span> <span class='ocrx_word' id='word_1_919' title='bbox 2565 2748 2652 2789; x_wconf 78' lang='lat' dir='ltr'>ver—</span> 
     </span>
     <span class='ocr_line' id='line_1_127' title="bbox 1585 2797 2651 2849; baseline 0.004 -15"><span class='ocrx_word' id='word_1_920' title='bbox 1585 2798 1728 2835; x_wconf 86' lang='lat' dir='ltr'>borum</span> <span class='ocrx_word' id='word_1_921' title='bbox 1755 2797 2066 2847; x_wconf 86' lang='lat' dir='ltr'>praeintelligitur</span> <span class='ocrx_word' id='word_1_922' title='bbox 2092 2798 2336 2837; x_wconf 87' lang='lat' dir='ltr'>conversioni</span> <span class='ocrx_word' id='word_1_923' title='bbox 2363 2799 2474 2849; x_wconf 67' lang='lat' dir='ltr'>panis</span> <span class='ocrx_word' id='word_1_924' title='bbox 2499 2798 2553 2838; x_wconf 77' lang='lat' dir='ltr'>in&#39;</span> <span class='ocrx_word' id='word_1_925' title='bbox 2568 2807 2651 2838; x_wconf 86' lang='lat' dir='ltr'>cor·</span> 
     </span>
     <span class='ocr_line' id='line_1_128' title="bbox 1580 2850 2650 2901; baseline 0.003 -13"><span class='ocrx_word' id='word_1_926' title='bbox 1580 2863 1660 2901; x_wconf 77' lang='lat' dir='ltr'>pus</span> <span class='ocrx_word' id='word_1_927' title='bbox 1681 2850 1833 2888; x_wconf 68' lang='lat' dir='ltr'>Christi.</span> <span class='ocrx_word' id='word_1_928' title='bbox 1851 2851 1931 2889; x_wconf 89' lang='lat' dir='ltr'>Sed</span> <span class='ocrx_word' id='word_1_929' title='bbox 1946 2859 2033 2888; x_wconf 79' lang='lat' dir='ltr'>ante</span> <span class='ocrx_word' id='word_1_930' title='bbox 2052 2852 2349 2890; x_wconf 87' lang='lat' dir='ltr'>conversionem</span> <span class='ocrx_word' id='word_1_931' title='bbox 2363 2854 2460 2890; x_wconf 89' lang='lat' dir='ltr'>haec</span> <span class='ocrx_word' id='word_1_932' title='bbox 2473 2858 2530 2891; x_wconf 80' lang='lat' dir='ltr'>est</span> <span class='ocrx_word' id='word_1_933' title='bbox 2547 2851 2650 2900; x_wconf 76' lang='lat' dir='ltr'>falsa,</span> 
     </span>
     <span class='ocr_line' id='line_1_129' title="bbox 1585 2904 2651 2956; baseline 0.001 -14"><span class='ocrx_word' id='word_1_934' title='bbox 1585 2905 1676 2942; x_wconf 84' lang='lat' dir='ltr'>Hoc</span> <span class='ocrx_word' id='word_1_935' title='bbox 1699 2911 1753 2942; x_wconf 74' lang='lat' dir='ltr'>est</span> <span class='ocrx_word' id='word_1_936' title='bbox 1780 2917 1916 2955; x_wconf 82' lang='lat' dir='ltr'>corpus</span> <span class='ocrx_word' id='word_1_937' title='bbox 1934 2917 2070 2942; x_wconf 86' lang='lat' dir='ltr'>meum.</span> <span class='ocrx_word' id='word_1_938' title='bbox 2099 2905 2202 2955; x_wconf 84' lang='lat' dir='ltr'>Ergo</span> <span class='ocrx_word' id='word_1_939' title='bbox 2231 2904 2450 2956; x_wconf 83' lang='lat' dir='ltr'>simpliciter</span> <span class='ocrx_word' id='word_1_940' title='bbox 2472 2913 2528 2943; x_wconf 93' lang='lat' dir='ltr'>est</span> <span class='ocrx_word' id='word_1_941' title='bbox 2554 2905 2651 2943; x_wconf 76' lang='lat' dir='ltr'>iuffi-</span> 
     </span>
     <span class='ocr_line' id='line_1_130' title="bbox 1587 2957 2651 3007; baseline 0.001 -12"><span class='ocrx_word' id='word_1_942' title='bbox 1587 2958 1757 2995; x_wconf 88' lang='lat' dir='ltr'>candum</span> <span class='ocrx_word' id='word_1_943' title='bbox 1783 2958 1892 3007; x_wconf 89' lang='lat' dir='ltr'>quod</span> <span class='ocrx_word' id='word_1_944' title='bbox 1914 2957 1965 2995; x_wconf 53' lang='lat' dir='ltr'>‘sit</span> <span class='ocrx_word' id='word_1_945' title='bbox 1986 2958 2095 2996; x_wconf 75' lang='lat' dir='ltr'>falsa.</span> <span class='ocrx_word' id='word_1_946' title='bbox 2137 2958 2186 2996; x_wconf 91' lang='lat' dir='ltr'>Et</span> <span class='ocrx_word' id='word_1_947' title='bbox 2219 2958 2356 2996; x_wconf 83' lang='lat' dir='ltr'>eadem</span> <span class='ocrx_word' id='word_1_948' title='bbox 2390 2957 2485 2996; x_wconf 76' lang='lat' dir='ltr'>ratio</span> <span class='ocrx_word' id='word_1_949' title='bbox 2520 2965 2576 2996; x_wconf 90' lang='lat' dir='ltr'>est</span> <span class='ocrx_word' id='word_1_950' title='bbox 2603 2958 2651 2996; x_wconf 87' lang='lat' dir='ltr'>de</span> 
     </span>
     <span class='ocr_line' id='line_1_131' title="bbox 1588 3011 2649 3061; baseline 0.001 -13"><span class='ocrx_word' id='word_1_951' title='bbox 1588 3012 1661 3048; x_wconf 88' lang='lat' dir='ltr'>hac</span> <span class='ocrx_word' id='word_1_952' title='bbox 1685 3011 1906 3058; x_wconf 82' lang='lat' dir='ltr'>locutione,</span> <span class='ocrx_word' id='word_1_953' title='bbox 1934 3011 2014 3049; x_wconf 77' lang='lat' dir='ltr'>Hic</span> <span class='ocrx_word' id='word_1_954' title='bbox 2041 3017 2092 3048; x_wconf 87' lang='lat' dir='ltr'>est</span> <span class='ocrx_word' id='word_1_955' title='bbox 2122 3011 2225 3049; x_wconf 82' lang='lat' dir='ltr'>calix</span> <span class='ocrx_word' id='word_1_956' title='bbox 2254 3012 2450 3061; x_wconf 82' lang='lat' dir='ltr'>sanguinis</span> <span class='ocrx_word' id='word_1_957' title='bbox 2483 3013 2558 3048; x_wconf 88' lang='lat' dir='ltr'>mei</span> <span class='ocrx_word' id='word_1_958' title='bbox 2584 3017 2649 3050; x_wconf 84' lang='lat' dir='ltr'>etc.</span> 
     </span>
    </p>

    <p class='ocr_par' dir='ltr' id='par_1_33' title="bbox 1587 3064 2653 3220">
     <span class='ocr_line' id='line_1_132' title="bbox 1642 3064 2653 3114; baseline 0.001 -12"><span class='ocrx_word' id='word_1_959' title='bbox 1642 3065 1716 3102; x_wconf 79' lang='lat' dir='ltr'>SED</span> <span class='ocrx_word' id='word_1_960' title='bbox 1745 3076 1890 3102; x_wconf 80' lang='lat' dir='ltr'>CONTRA</span> <span class='ocrx_word' id='word_1_961' title='bbox 1917 3076 1983 3101; x_wconf 85' lang='lat' dir='ltr'>EST</span> <span class='ocrx_word' id='word_1_962' title='bbox 2011 3064 2119 3113; x_wconf 93' lang='lat' dir='ltr'>quod</span> <span class='ocrx_word' id='word_1_963' title='bbox 2146 3065 2243 3102; x_wconf 90' lang='lat' dir='ltr'>haec</span> <span class='ocrx_word' id='word_1_964' title='bbox 2269 3064 2388 3102; x_wconf 89' lang='lat' dir='ltr'>verba</span> <span class='ocrx_word' id='word_1_965' title='bbox 2405 3065 2653 3114; x_wconf 87' lang='lat' dir='ltr'>proferuntur</span> 
     </span>
     <span class='ocr_line' id='line_1_133' title="bbox 1588 3116 2650 3168; baseline 0.001 -14"><span class='ocrx_word' id='word_1_966' title='bbox 1588 3130 1635 3154; x_wconf 87' lang='lat' dir='ltr'>ex</span> <span class='ocrx_word' id='word_1_967' title='bbox 1661 3129 1828 3168; x_wconf 90' lang='lat' dir='ltr'>persona</span> <span class='ocrx_word' id='word_1_968' title='bbox 1857 3116 2008 3163; x_wconf 73' lang='lat' dir='ltr'>Christi,</span> <span class='ocrx_word' id='word_1_969' title='bbox 2031 3116 2099 3166; x_wconf 88' lang='lat' dir='ltr'>qui</span> <span class='ocrx_word' id='word_1_970' title='bbox 2126 3117 2174 3155; x_wconf 84' lang='lat' dir='ltr'>de</span> <span class='ocrx_word' id='word_1_971' title='bbox 2202 3129 2242 3154; x_wconf 91' lang='lat' dir='ltr'>se</span> <span class='ocrx_word' id='word_1_972' title='bbox 2271 3116 2371 3164; x_wconf 87' lang='lat' dir='ltr'>dicit,</span> <span class='ocrx_word' id='word_1_973' title='bbox 2398 3118 2503 3155; x_wconf 80' lang='lat' dir='ltr'>loan.</span> <span class='ocrx_word' id='word_1_974' title='bbox 2519 3130 2583 3155; x_wconf 62' lang='grc' dir='ltr'>σειν</span> <span class='ocrx_word' id='word_1_975' title='bbox 2610 3117 2650 3155; x_wconf 77' lang='grc' dir='ltr'>*ε</span> 
     </span>
     <span class='ocr_line' id='line_1_134' title="bbox 1587 3172 1955 3220; baseline -0.003 -12"><span class='ocrx_word' id='word_1_976' title='bbox 1587 3172 1673 3220; x_wconf 82' lang='lat' dir='ltr'>Ego</span> <span class='ocrx_word' id='word_1_977' title='bbox 1700 3183 1783 3208; x_wconf 89' lang='lat' dir='ltr'>sum</span> <span class='ocrx_word' id='word_1_978' title='bbox 1809 3172 1955 3213; x_wconf 80' lang='lat' dir='ltr'>veritas.</span> 
     </span>
    </p>

    <p class='ocr_par' dir='ltr' id='par_1_34' title="bbox 1588 3222 2654 3378">
     <span class='ocr_line' id='line_1_135' title="bbox 1641 3222 2654 3274; baseline 0.001 -13"><span class='ocrx_word' id='word_1_979' title='bbox 1641 3225 1867 3261; x_wconf 80' lang='lat' dir='ltr'>RESPONDEO</span> <span class='ocrx_word' id='word_1_980' title='bbox 1893 3235 2077 3260; x_wconf 68' lang='lat' dir='ltr'>mmmmm</span> <span class='ocrx_word' id='word_1_981' title='bbox 2105 3222 2214 3272; x_wconf 88' lang='lat' dir='ltr'>quod</span> <span class='ocrx_word' id='word_1_982' title='bbox 2232 3222 2332 3260; x_wconf 90' lang='lat' dir='ltr'>circa</span> <span class='ocrx_word' id='word_1_983' title='bbox 2358 3224 2435 3261; x_wconf 92' lang='lat' dir='ltr'>hoc</span> <span class='ocrx_word' id='word_1_984' title='bbox 2453 3223 2654 3274; x_wconf 89' lang='lat' dir='ltr'>multiplex</span> 
     </span>
     <span class='ocr_line' id='line_1_136' title="bbox 1588 3275 2654 3326; baseline 0.003 -13"><span class='ocrx_word' id='word_1_985' title='bbox 1588 3276 1658 3313; x_wconf 84' lang='lat' dir='ltr'>fuit</span> <span class='ocrx_word' id='word_1_986' title='bbox 1676 3276 1822 3326; x_wconf 77' lang='lat' dir='ltr'>opinio.</span> <span class='ocrx_word' id='word_1_987' title='bbox 1850 3275 2022 3323; x_wconf 85' lang='lat' dir='ltr'>Quidam</span> <span class='ocrx_word' id='word_1_988' title='bbox 2035 3275 2056 3297; x_wconf 84' lang='grc'>*</span> <span class='ocrx_word' id='word_1_989' title='bbox 2074 3275 2176 3312; x_wconf 91' lang='lat' dir='ltr'>enim</span> <span class='ocrx_word' id='word_1_990' title='bbox 2199 3275 2376 3313; x_wconf 87' lang='lat' dir='ltr'>dixerunt</span> <span class='ocrx_word' id='word_1_991' title='bbox 2395 3277 2502 3326; x_wconf 92' lang='lat' dir='ltr'>quod</span> <span class='ocrx_word' id='word_1_992' title='bbox 2521 3277 2561 3314; x_wconf 91' lang='lat' dir='ltr'>in</span> <span class='ocrx_word' id='word_1_993' title='bbox 2580 3278 2654 3316; x_wconf 90' lang='lat' dir='ltr'>hac</span> 
     </span>
     <span class='ocr_line' id='line_1_137' title="bbox 1589 3329 2654 3378; baseline 0.003 -12"><span class='ocrx_word' id='word_1_994' title='bbox 1589 3329 1794 3377; x_wconf 90' lang='lat' dir='ltr'>locutione,</span> <span class='ocrx_word' id='word_1_995' title='bbox 1813 3330 1903 3366; x_wconf 90' lang='lat' dir='ltr'>Hoc</span> <span class='ocrx_word' id='word_1_996' title='bbox 1931 3334 1981 3366; x_wconf 86' lang='lat' dir='ltr'>est</span> <span class='ocrx_word' id='word_1_997' title='bbox 2007 3341 2143 3378; x_wconf 69' lang='lat' dir='ltr'>corjpus</span> <span class='ocrx_word' id='word_1_998' title='bbox 2167 3341 2304 3375; x_wconf 88' lang='lat' dir='ltr'>meum,</span> <span class='ocrx_word' id='word_1_999' title='bbox 2325 3330 2422 3367; x_wconf 91' lang='lat' dir='ltr'>haec</span> <span class='ocrx_word' id='word_1_1000' title='bbox 2449 3330 2564 3368; x_wconf 90' lang='lat' dir='ltr'>dictio</span> <span class='ocrx_word' id='word_1_1001' title='bbox 2583 3332 2654 3369; x_wconf 82' lang='lat' dir='ltr'>hoc</span> 
     </span>
    </p>
   </div>
   <div class='ocr_carea' id='block_1_27' title="bbox 1589 3381 2654 3433">
    <p class='ocr_par' dir='ltr' id='par_1_35' title="bbox 1589 3381 2654 3433">
     <span class='ocr_line' id='line_1_138' title="bbox 1589 3381 2654 3433; baseline 0.004 -15"><span class='ocrx_word' id='word_1_1002' title='bbox 1589 3382 1770 3432; x_wconf 81' lang='lat' dir='ltr'>importat</span> <span class='ocrx_word' id='word_1_1003' title='bbox 1797 3381 2165 3419; x_wconf 88' lang='lat' dir='ltr'>demonstrationem</span> <span class='ocrx_word' id='word_1_1004' title='bbox 2184 3389 2227 3419; x_wconf 89' lang='lat' dir='ltr'>ut</span> <span class='ocrx_word' id='word_1_1005' title='bbox 2252 3382 2490 3433; x_wconf 78' lang='lat' dir='ltr'>conceptam,</span> <span class='ocrx_word' id='word_1_1006' title='bbox 2504 3396 2594 3422; x_wconf 80' lang='lat' dir='ltr'>non</span> <span class='ocrx_word' id='word_1_1007' title='bbox 2603 3391 2654 3424; x_wconf 62' lang='lat' dir='ltr'>at</span> 
     </span>
    </p>
   </div>
   <div class='ocr_carea' id='block_1_28' title="bbox 2660 490 2786 511">
    <p class='ocr_par' dir='ltr' id='par_1_36' title="bbox 2660 490 2786 511">
     <span class='ocr_line' id='line_1_139' title="bbox 2660 490 2786 511; baseline 0 0"><span class='ocrx_word' id='word_1_1008' title='bbox 2660 492 2670 502; x_wconf 89' lang='lat'>·</span> <span class='ocrx_word' id='word_1_1009' title='bbox 2685 490 2755 511; x_wconf 85' lang='lat' dir='ltr'>Num.</span> <span class='ocrx_word' id='word_1_1010' title='bbox 2771 495 2786 511; x_wconf 85' lang='grc' dir='ltr'>ι,</span> 
     </span>
    </p>
   </div>
   <div class='ocr_carea' id='block_1_29' title="bbox 2670 1637 2843 1666">
    <p class='ocr_par' dir='ltr' id='par_1_37' title="bbox 2670 1637 2843 1666">
     <span class='ocr_line' id='line_1_140' title="bbox 2670 1637 2843 1666; baseline 0 -6"><span class='ocrx_word' id='word_1_1011' title='bbox 2670 1639 2682 1651; x_wconf 87' lang='grc'>·</span> <span class='ocrx_word' id='word_1_1012' title='bbox 2695 1637 2764 1666; x_wconf 68' lang='lat' dir='ltr'>kap.</span> <span class='ocrx_word' id='word_1_1013' title='bbox 2778 1637 2808 1660; x_wconf 70' lang='lat' dir='ltr'>ad</span> <span class='ocrx_word' id='word_1_1014' title='bbox 2822 1643 2843 1666; x_wconf 81' lang='lat'>3.</span> 
     </span>
    </p>
   </div>
   <div class='ocr_carea' id='block_1_30' title="bbox 2677 2574 2870 2622">
    <p class='ocr_par' dir='ltr' id='par_1_38' title="bbox 2677 2574 2870 2622">
     <span class='ocr_line' id='line_1_141' title="bbox 2677 2574 2870 2622; baseline 0 -6"><span class='ocrx_word' id='word_1_1015' title='bbox 2677 2595 2688 2606; x_wconf 78' lang='lat'><strong>¹</strong></span> <span class='ocrx_word' id='word_1_1016' title='bbox 2702 2594 2752 2616; x_wconf 69' lang='lat' dir='ltr'>Art,</span> <span class='ocrx_word' id='word_1_1017' title='bbox 2766 2574 2791 2621; x_wconf 64' lang='lat'>4,</span> <span class='ocrx_word' id='word_1_1018' title='bbox 2802 2593 2836 2615; x_wconf 63' lang='lat' dir='ltr'>,nd</span> <span class='ocrx_word' id='word_1_1019' title='bbox 2848 2598 2870 2622; x_wconf 75' lang='grc'>3.</span> 
     </span>
    </p>
   </div>
   <div class='ocr_carea' id='block_1_31' title="bbox 2680 3123 2809 3147">
    <p class='ocr_par' dir='ltr' id='par_1_39' title="bbox 2680 3123 2809 3147">
     <span class='ocr_line' id='line_1_142' title="bbox 2680 3123 2809 3147; baseline 0.016 -2"><span class='ocrx_word' id='word_1_1020' title='bbox 2680 3125 2691 3136; x_wconf 91' lang='grc'>·</span> <span class='ocrx_word' id='word_1_1021' title='bbox 2706 3123 2773 3147; x_wconf 79' lang='lat' dir='ltr'>Ven.</span> <span class='ocrx_word' id='word_1_1022' title='bbox 2786 3123 2809 3147; x_wconf 82' lang='grc'>6.</span> 
     </span>
    </p>
   </div>
   <div class='ocr_carea' id='block_1_32' title="bbox 2679 3209 2895 3423">
    <p class='ocr_par' dir='ltr' id='par_1_40' title="bbox 2680 3209 2894 3238">
     <span class='ocr_line' id='line_1_143' title="bbox 2680 3209 2894 3238; baseline 0 -6"><span class='ocrx_word' id='word_1_1023' title='bbox 2680 3211 2692 3222; x_wconf 85' lang='grc'>·</span> <span class='ocrx_word' id='word_1_1024' title='bbox 2704 3209 2786 3232; x_wconf 76' lang='lat' dir='ltr'>Innoc-</span> <span class='ocrx_word' id='word_1_1025' title='bbox 2802 3210 2848 3238; x_wconf 86' lang='lat' dir='ltr'>m,</span> <span class='ocrx_word' id='word_1_1026' title='bbox 2863 3209 2894 3232; x_wconf 77' lang='lat' dir='ltr'>de</span> 
     </span>
    </p>

    <p class='ocr_par' dir='ltr' id='par_1_41' title="bbox 2679 3235 2892 3266">
     <span class='ocr_line' id='line_1_144' title="bbox 2679 3235 2892 3266; baseline 0 -7"><span class='ocrx_word' id='word_1_1027' title='bbox 2679 3235 2892 3266; x_wconf 60' lang='lat' dir='ltr'>&amp;munustur-</span> 
     </span>
    </p>

    <p class='ocr_par' dir='ltr' id='par_1_42' title="bbox 2680 3262 2895 3318">
     <span class='ocr_line' id='line_1_145' title="bbox 2680 3262 2895 3318; baseline 0 -6"><span class='ocrx_word' id='word_1_1028' title='bbox 2680 3262 2895 3318; x_wconf 35' lang='lat' dir='ltr'>&#39;&#39;mima&#39;‘</span> 
     </span>
    </p>

    <p class='ocr_par' dir='ltr' id='par_1_43' title="bbox 2680 3315 2893 3423">
     <span class='ocr_line' id='line_1_146' title="bbox 2680 3315 2893 3344; baseline -0.005 -5"><span class='ocrx_word' id='word_1_1029' title='bbox 2680 3315 2780 3344; x_wconf 68' lang='lat' dir='ltr'>Suum„</span> <span class='ocrx_word' id='word_1_1030' title='bbox 2798 3315 2830 3338; x_wconf 75' lang='lat' dir='ltr'>de</span> <span class='ocrx_word' id='word_1_1031' title='bbox 2844 3315 2893 3338; x_wconf 66' lang='lat' dir='ltr'>Dt-</span> 
     </span>
     <span class='ocr_line' id='line_1_147' title="bbox 2715 3411 2774 3423; baseline 0 0"><span class='ocrx_word' id='word_1_1032' title='bbox 2715 3411 2722 3419; x_wconf 80' lang='lat'><strong>·</strong></span> <span class='ocrx_word' id='word_1_1033' title='bbox 2767 3412 2774 3423; x_wconf 83' lang='grc' dir='ltr'>ι</span> 
     </span>
    </p>
   </div>
  </div>
 </body>
</html>
