2918 4088
198 1319 208 1330 “
222 1318 274 1339 Art.
289 1317 310 1339 6.

199 2276 209 2285 ·
224 2274 297 2301 Epist.
309 2272 342 2294 ad
354 2273 413 2300 Epi-

198 2299 411 2354 ream-²:225

198 2353 288 2379 Sanct„
305 2353 334 2374 de
349 2352 411 2374 Con-

199 2386 268 2407 secr„
286 2379 341 2402 dist.
355 2379 384 2400 V.

200 2534 210 2544 ·
224 2534 274 2554 Art.
293 2540 312 2560 ι,
325 2540 352 2560 4;
373 2539 412 2561 qu.

198 2565 250 2587 axv,
267 2563 308 2581 art.
325 2567 344 2582 ι.

200 2640 210 2649 ·
225 2638 292 2660 Vei-s.
307 2644 318 2659 2
333 2644 385 2666 sqq.

200 2745 211 2754 ·
226 2743 291 2764 Vers.
309 2749 341 2770 ι7.

200 2797 210 2807 ·
218 2796 265 2824 Qu.
275 2801 336 2824 xuu,
343 2799 386 2818 art.
392 2802 412 2824 3.

447 162 515 198 132

440 241 667 278 firmationis
690 249 813 291 potest
832 237 1126 280 alicuiconferri
1147 251 1232 280 ante
1253 243 1500 292 baptismum,

440 306 521 331 non
558 302 687 331 autem
721 303 1003 332 sacramentum
1039 295 1353 333 confirmationis.
1398 296 1503 333 Sicut

441 347 545 384 enim
574 347 730 384 effectus
759 347 1073 395 confirmationis,
1104 349 1171 398 qui
1199 357 1254 385 est
1282 349 1402 386 robur
1429 349 1502 398 spi-

1095 163 1358 210 QUAESTIO
1387 164 1543 210 LXXII,
1573 162 1866 200 ARTICULUS
1895 163 1960 199 VII

1556 242 1699 287 rituale,
1730 241 2005 290 praesupponit
2032 241 2212 278 effectum
2240 242 2438 291 baptismi,
2467 242 2534 291 qui
2562 250 2618 279 est

1556 295 1782 341 iustificatio,
1805 294 1856 331 ita
1875 302 2158 331 sacramentum
2187 294 2490 332 confirmationis
2508 306 2616 344 prae·
2648 335 2650 337 ,

1557 347 1739 397 supponit
1767 354 2052 384 sacramentum
2080 347 2269 396 baptismi.

1103 445 1434 478 Commentaria
1458 445 1708 478 Oardjnalis
1732 444 1932 476 Caietam

472 533 491 553 N
515 523 647 554 articulo
672 530 777 560 sexto,
802 524 928 554 adverte
953 524 1041 564 quod
1065 525 1224 554 character
1248 524 1499 555 confirmationis

445 535 513 597 Iita
536 569 765 608 praesupponit
789 569 1001 598 characterem
1033 569 1180 608 baptismi
1208 574 1257 604 ut,
1282 569 1307 598 si
1331 568 1500 599 confirma-

440 617 526 642 retur
540 621 607 641 non
624 613 808 651 baptizatus,
824 619 904 642 esset
920 618 992 652 post
1004 613 1198 652 baptismum
1210 612 1498 643 reconfirmandus:

441 655 553 686 eadem
576 657 696 686 ratione
722 665 784 696 qua
807 657 970 697 presbyter
993 666 1059 686 non
1084 657 1259 696 baptizatus
1283 663 1329 686 est
1352 662 1425 696 post
1448 658 1501 687 ba-

440 700 594 740 ptismum
617 701 733 730 iterum
756 700 959 736 ordinandus,
985 706 1020 730 ut
1043 706 1129 740 patet
1151 701 1185 730 in
1208 710 1277 740 cap.
1300 701 1446 737 Veniens,
1472 706 1502 731 et

1553 525 1586 554 in
1610 534 1678 564 cap.
1696 524 1731 554 Si
1754 525 1824 564 quis
1848 524 1886 554 de
1906 523 2098 564 Presbytero
2124 532 2188 553 non
2213 523 2382 563 baptizato.
2407 522 2507 563 Magis
2531 524 2616 553 enim

1554 578 1715 598 annexum
1738 574 1784 598 est
1808 567 2057 598 confirmationis
2081 573 2314 597 sacramentum
2337 567 2495 607 baptismo
2519 577 2617 607 quam

1555 618 1787 643 sacramentum
1800 612 1935 642 ordinis:
1954 622 2028 642 cum
2041 611 2242 642 confirmatio
2255 611 2385 641 firmitas
2397 611 2617 651 perfectioque

1556 657 1595 686 sit
1619 657 1776 697 baptismi.

1220 856 1538 908 ARTICULUS
1569 856 1836 898 SEPTIMUS

698 948 853 979 UTRUM
877 949 958 979 PER
982 949 1074 980 Hoc
1100 949 1433 981 SACRAMENTUM
1458 950 1624 981 GRATIA
1647 951 1834 982 GRATUM
1858 952 2040 982 FACIENS
2065 951 2362 983 CONFERATUR

1282 1028 1314 1052 IV
1334 1029 1416 1057 Sent„
1437 1029 1495 1053 dist.
1514 1037 1557 1059 vn,
1576 1037 1621 1062 qu.
1640 1037 1667 1058 11,
1686 1035 1733 1054 art.
1754 1037 1777 1054 2.

472 1121 526 1164 '03³5
570 1135 600 1156 s.
650 1119 671 1143 D
691 1119 869 1143 SEPT1MUM
889 1119 941 1143 sic
962 1119 1197 1145 paoeemrua.
1218 1108 1380 1145 Videtur
1394 1108 1500 1156 quod

464 1147 521 1204 '‘52⁴³‘'
568 1149 623 1220 ’ξ’
649 1171 718 1207 per
755 1160 830 1195 hoc
872 1168 1156 1196 sacramentum
1193 1160 1310 1208 gratia
1350 1168 1501 1208 gratum

455 1202 789 1291 wfaeiens
809 1224 888 1270 non
903 1213 1130 1271 conferatur.
1153 1213 1282 1249 Gratia
1296 1213 1399 1249 enim
1420 1225 1501 1261 gra-

496 1280 506 1292 *
527 1287 536 1290 ‹
567 1274 584 1295 ν’
608 1256 732 1301 &tum
760 1265 901 1301 famens
937 1265 1136 1302 ordinatur
1172 1273 1304 1302 contra
1332 1267 1498 1314 culpam.

440 1317 516 1354 Sed
545 1317 620 1352 hoc
649 1325 948 1363 sacramentum,
986 1318 1081 1355 sicut
1110 1318 1255 1354 dictum
1284 1326 1339 1355 est
1357 1318 1392 1365 ³³,
1422 1330 1502 1355 non

439 1369 639 1406 exhibetur
666 1370 739 1406 nisi
767 1370 973 1419 baptizatis,
1004 1371 1070 1420 qui
1099 1379 1188 1407 sunt
1215 1384 1238 1408 a
1257 1373 1369 1420 culpa
1388 1383 1502 1408 mun-

438 1421 526 1459 dati.
563 1423 664 1470 Ergo
693 1435 762 1472 per
790 1424 866 1460 hoc
894 1432 1179 1461 sacramentum
1207 1424 1324 1472 gratia
1351 1432 1502 1473 gratum

437 1475 578 1512 faciens
607 1488 687 1512 non
716 1477 919 1513 confertur.

493 1539 527 1564 2.
550 1529 780 1575 PRAETEREA,
810 1538 1028 1578 peccatores
1047 1530 1215 1567 maxime
1235 1530 1403 1579 indigent
1421 1543 1503 1579 gra—

438 1581 488 1617 tia
516 1589 666 1629 gratum
693 1582 870 1629 faciente,
905 1595 974 1632 per
1002 1595 1122 1632 quam
1151 1585 1273 1621 solam
1308 1583 1503 1621 iustificari

438 1643 611 1683 possunt.
656 1635 696 1671 Si
729 1647 818 1683 ergo
854 1648 923 1684 per
957 1637 1033 1673 hoc
1068 1645 1352 1673 sacramentum
1387 1637 1503 1685 gratia

437 1695 588 1734 gratum
616 1687 756 1724 faciens
784 1690 994 1732 confertur,
1024 1689 1176 1726 videtur
1203 1690 1310 1738 quod
1348 1690 1504 1727 deberet

439 1739 520 1776 dari
555 1741 779 1794 hominibus
813 1741 852 1778 in
887 1742 1044 1791 peccato
1078 1742 1334 1780 existentibus.
1383 1743 1503 1790 Quod

439 1800 568 1830 tamen
596 1805 677 1830 non
706 1802 760 1831 est
787 1807 938 1832 verum.

495 1845 528 1882 3.
558 1847 789 1894 PRAETEREA,
812 1847 929 1895 gratia
946 1857 1097 1896 gratum
1116 1849 1257 1886 faciens
1276 1848 1402 1898 specie
1422 1861 1502 1886 non

440 1898 580 1935 differt:
611 1911 702 1936 cum
730 1900 779 1937 ad
807 1913 933 1937 unum
962 1901 1144 1939 effectum
1172 1902 1381 1939 ordinetur.
1426 1902 1502 1940 Sed

439 1952 539 1988 duae
567 1952 714 1989 formae
747 1953 922 1990 eiusdem
950 1954 1090 2004 speciei
1122 1967 1203 1992 non
1230 1963 1392 2004 possunt
1420 1967 1502 1992 esse

438 2004 478 2041 in
507 2005 647 2042 eodem
676 2005 859 2043 subiecto.
891 2007 993 2044 Cum
1020 2020 1110 2056 ergo
1136 2008 1255 2056 gratia
1281 2016 1432 2056 gratum
1451 2008 1503 2044 fa-

439 2057 542 2094 ciens
570 2058 786 2095 conferatur
813 2059 963 2096 homini
991 2072 1060 2109 per
1079 2061 1326 2110 baptismum,
1350 2061 1504 2098 videtur

439 2111 545 2159 quod
565 2123 635 2159 per
654 2120 937 2149 sacramentum
958 2113 1274 2161 confirmationis,
1295 2114 1403 2163 quod
1422 2126 1503 2151 non

439 2163 640 2200 exhibetur
671 2164 744 2200 nisi
781 2165 991 2214 baptizato,
1029 2166 1146 2215 gratia
1182 2175 1335 2215 gratum
1363 2167 1503 2205 faciens

438 2228 519 2253 non
547 2217 774 2254 conferatur.

493 2270 566 2306 SED
596 2282 740 2307 CONTRA
763 2283 829 2308 EST
853 2272 961 2320 quod
979 2272 1215 2310 Melchiades
1235 2274 1341 2323 Papa
1359 2273 1448 2311 dicit
1461 2273 1501 2310 *ε

439 2323 593 2372 Spiritus
629 2324 784 2360 Sanctus
820 2326 856 2361 in
885 2326 996 2373 sonte
1032 2327 1204 2375 baptismi
1235 2327 1510 2376 plenitudinem

438 2377 562 2412 tribuit
589 2376 640 2412 ad
666 2378 935 2415 innocentiam:
963 2379 999 2415 in
1020 2381 1304 2427 confirmatione
1322 2392 1504 2430 augmen-

438 2434 516 2465 tum
539 2434 704 2478 praestat
731 2430 782 2466 ad
806 2433 982 2480 gratiam.

493 2481 718 2519 RESPONDEO
739 2495 922 2521 mCENDUM
943 2485 1052 2533 quod
1080 2484 1119 2521 in
1147 2485 1224 2522 hoc
1251 2493 1503 2531 sacramento,

440 2533 536 2571 sicut
564 2534 709 2572 dictum
737 2543 793 2573 est
810 2535 841 2583 ²¹⁴,
870 2537 983 2574 datur
1009 2537 1199 2587 baptizato
1229 2538 1389 2588 Spiritus
1410 2539 1504 2576 San—

439 2594 522 2624 ctus
551 2587 599 2624 ad
627 2588 766 2626 robur:
804 2589 900 2626 sicut
927 2589 1120 2639 Apostolis
1148 2591 1260 2628 datus
1288 2599 1344 2628 est
1375 2591 1414 2629 in
1443 2591 1504 2629 die

440 2640 698 2687 Pentecostes,
727 2649 770 2678 ut
790 2641 925 2690 legitur
942 2644 1023 2680 Act.
1045 2655 1066 2680 11
1085 2643 1124 2690 *3
1154 2651 1190 2681 et
1218 2644 1314 2682 sicut
1341 2645 1505 2682 dabatur

440 2693 637 2742 baptizatis
657 2706 727 2743 per
744 2694 1033 2744 impositionem
1053 2708 1194 2734 manus
1213 2698 1504 2747 Apostolorum,

439 2753 482 2783 ut
510 2746 647 2783 dicitur
673 2748 754 2784 Act.
775 2760 831 2785 vm
850 2748 880 2785 ²⁸.
912 2749 1124 2787 Ostensum
1143 2757 1198 2787 est
1217 2758 1346 2788 autem
1366 2751 1406 2788 in
1426 2751 1504 2788 Pri-

439 2811 505 2836 ma
533 2800 643 2836 Parte
662 2799 682 2821 '¹‘
710 2801 816 2849 quod
845 2801 977 2839 missio
1006 2815 1075 2839 seu
1103 2803 1206 2840 datio
1227 2803 1389 2853 Spiritus
1410 2805 1504 2842 San-

439 2851 488 2888 cti
506 2864 587 2889 non
606 2860 661 2890 est
679 2853 752 2890 nisi
771 2866 863 2891 cum
885 2855 1002 2903 gratia
1022 2863 1173 2904 gratum
1191 2856 1362 2894 faciente.
1392 2858 1504 2895 Unde

439 2905 686 2943 manifestum
715 2914 770 2944 est
797 2907 905 2956 quod
931 2908 1050 2957 gratia
1077 2916 1228 2957 gratum
1252 2910 1394 2948 faciens
1413 2923 1504 2948 con-

439 2958 557 2995 fertur
584 2958 623 2996 in
652 2960 728 2996 hoc
755 2969 1007 2999 sacramento.

493 3012 550 3048 AD
570 3024 705 3050 PRIMUM
725 3025 823 3051 ERGO
847 3026 1029 3053 DicisNDUM
1057 3016 1165 3064 quod
1192 3017 1332 3064 gratiae
1353 3025 1505 3066 gratum

440 3063 608 3101 facientis
636 3073 691 3102 est
712 3071 728 3086 ‘²
757 3066 930 3104 remissio
964 3069 1120 3118 culpae:
1157 3069 1272 3106 habet
1306 3078 1436 3108 tamen
1470 3078 1506 3107 et

525 1124 632 1201 Ξ(

495 3192 523 3227 α)
541 3197 589 3218 est.
606 3207 626 3213 -
643 3194 749 3227 effectus
773 3200 813 3221 est
838 3198 914 3226 EFH.
929 3199 1036 3230 primus
1064 3199 1170 3233 effectus
1197 3203 1237 3225 est
1255 3200 1264 3225 l
1284 3205 1310 3225 et
1327 3201 1467 3232 editiones3
1487 3208 1504 3226 a

442 3228 511 3252 addit
529 3229 634 3262 effectus
653 3235 712 3254 ante
729 3232 844 3264 gratiae.

496 3261 521 3297 β)
540 3267 686 3290 aeternam.
705 3279 723 3284 -
747 3267 890 3292 secundum
917 3267 983 3293 illud
1006 3269 1083 3294 Rom.
1107 3269 1156 3294 VI:
1183 3271 1281 3295 Gratia
1308 3270 1359 3295 Det'
1384 3274 1423 3296 est
1448 3271 1504 3296 vita

441 3301 551 3323 aeterna
570 3300 668 3324 addunt
686 3301 707 3325 E
727 3306 751 3325 et
768 3302 856 3327 tertia.

495 3333 521 3367 γ)
541 3335 573 3359 de
591 3342 626 3361 se.
643 3349 663 3354 —-
682 3336 743 3361 Om.
763 3336 806 3362 Pc.

495 3368 520 3403 δ)
539 3374 720 3402 consequetur.
743 3386 762 3390 —
785 3373 954 3405 consequitur
979 3374 1038 3398 CFa
1064 3379 1089 3399 et
1114 3375 1186 3399 tertia
1210 3380 1311 3407 praeter
1335 3375 1376 3408 p1;
1403 3376 1428 3401 in
1453 3375 1503 3401 fine

442 3405 578 3430 solutionis
596 3407 766 3439 consequitur
783 3407 830 3432 Fa.

1556 1108 1650 1145 alios
1679 1110 1848 1156 effectus,
1878 1109 1969 1158 quia
1998 1109 2136 1146 sufficit
2164 1110 2213 1146 ad
2232 1111 2308 1147 hoc
2335 1110 2443 1158 quod
2462 1122 2620 1158 promo-

1555 1169 1643 1198 veat
1670 1162 1874 1199 hominem
1893 1175 1962 1211 per
1981 1174 2118 1198 omnes
2136 1162 2277 1210 gradus
2297 1175 2422 1211 usque
2442 1162 2482 1199 in
2500 1162 2620 1199 vitam

1556 1221 1751 1251 aeternam
1767 1214 1791 1251 β.
1817 1215 1929 1252 Unde
1949 1222 1985 1251 et
2000 1215 2121 1251 Paulo
2137 1214 2283 1251 dictum
2298 1222 2364 1259 est,
2380 1216 2409 1251 II
2424 1216 2511 1252 Cor.
2521 1227 2566 1251 xn
2579 1214 2618 1251 *ε

1556 1267 1700 1314 Sufficit
1731 1269 1797 1304 tihi
1826 1269 1952 1317 gratia
1986 1279 2093 1304 mea:
2133 1274 2169 1304 et
2203 1267 2284 1316 ipse
2319 1267 2367 1304 de
2399 1279 2440 1304 se
2463 1273 2479 1295 Υ
2513 1266 2619 1314 dicit,

1556 1320 1680 1356 ICor.
1702 1332 1750 1356 xv
1770 1320 1804 1356 ²⁸:
1846 1320 1977 1357 Gratia
2011 1321 2085 1356 Dei
2116 1332 2198 1356 sum
2231 1321 2270 1356 id
2303 1321 2402 1369 quod
2430 1332 2524 1357 sum.
2572 1320 2621 1357 Et

1556 1371 1644 1408 ideo
1672 1372 1790 1420 gratia
1817 1380 1967 1420 gratum
1995 1373 2136 1410 faciens
2168 1385 2249 1409 non
2277 1374 2404 1410 solum
2433 1373 2545 1410 datur
2571 1373 2621 1410 ad

1556 1425 1825 1462 remissionem
1857 1427 2013 1475 culpae,
2049 1426 2116 1463 sed
2144 1425 2259 1463 etiam
2291 1426 2340 1463 ad
2368 1433 2622 1474 augmentum

1557 1485 1594 1514 et
1620 1478 1842 1516 firmitatem
1870 1479 2043 1516 iustitiae.
2087 1480 2135 1516 Et
2168 1479 2222 1516 sic
2254 1479 2447 1516 confertur
2478 1478 2517 1516 in
2545 1479 2622 1516 hoc

1556 1539 1809 1569 sacramento.

1610 1586 1667 1621 An
1695 1597 1886 1623 SECUNDUM
1913 1597 2095 1623 mCENDUM
2123 1585 2243 1634 quod,
2266 1585 2362 1622 sicut
2381 1597 2428 1622 ex
2447 1584 2532 1634 ipso
2551 1596 2621 1621 no-

1557 1637 1661 1674 mine
1690 1646 1863 1688 apparet,
1880 1639 1969 1675 dioc
1997 1646 2292 1675 sacramentum·
2309 1639 2422 1675 datur
2453 1638 2504 1675 ad
2533 1649 2621 1675 con-

1545 1692 1786 1739 firmandum
1822 1692 1929 1740 quod
1964 1691 2070 1741 prius
2106 1690 2304 1728 invenerit.
2348 1692 2396 1728 Et
2423 1691 2511 1728 ideo
2540 1702 2621 1728 non

1557 1744 1671 1781 debet
1697 1744 1779 1782 dari
1808 1744 1867 1781 his
1896 1744 1963 1794 qui
1991 1757 2072 1782 non
2096 1745 2239 1782 habent
2265 1744 2436 1792 gratiam.
2466 1745 2515 1782 Et
2532 1755 2621 1794 pro-

1556 1805 1641 1846 pter
1668 1798 1754 1844 hoc,
1784 1797 1880 1834 sicut
1907 1809 1988 1834 non
2014 1798 2126 1835 datur
2144 1810 2224 1834 non
2243 1797 2451 1846 baptizatis,
2471 1796 2522 1834 ita
2540 1808 2622 1834 non

1557 1849 1671 1887 debet
1698 1850 1780 1887 dari
1807 1850 1945 1888 adultis
1972 1850 2253 1900 peccatoribus,
2289 1850 2361 1887 nisi
2392 1862 2462 1899 per
2488 1849 2622 1900 poeni-

1556 1903 1715 1940 tentiam
1743 1903 1936 1953 reparatis.
1979 1904 2091 1941 Unde
2119 1903 2258 1940 dicitur
2289 1902 2329 1940 in
2356 1900 2622 1941 Aurelianensi

1558 1955 1732 1993 Concilio
1751 1956 1790 1993 *z
1825 1958 1872 1994 Ut
1899 1958 2014 1993 ieiuni
2038 1957 2090 1994 ad
2115 1957 2438 2005 confirmationem
2460 1957 2621 2003 veniant,

1557 2015 1595 2046 ut
1620 2015 1844 2046 moneantur
1862 2010 2131 2057 confessionem
2148 2011 2285 2058 jacere
2302 2010 2417 2059 prius,
2437 2015 2475 2046 ut
2493 2009 2625 2047 mundi

1557 2059 1696 2099 donum
1721 2064 1876 2112 Spiritus
1895 2064 2024 2099 Sancti
2045 2063 2193 2101 valeant
2211 2064 2382 2112 accipere
2398 2062 2430 2099 ³¹².
2459 2062 2509 2099 Et
2529 2069 2623 2100 tunc

1556 2127 1626 2164 per
1653 2116 1730 2152 hoc
1757 2123 2043 2153 sacramentum
2070 2115 2267 2165 perficitur
2292 2114 2549 2165 poenitentiae
2571 2115 2622 2152 ef-

1556 2168 1688 2214 fectus,
1718 2168 1814 2206 sicut
1842 2176 1878 2205 et
1905 2168 2104 2218 baptismi:
2144 2168 2236 2218 quia
2262 2180 2333 2218 per
2359 2167 2519 2217 gratiam
2547 2169 2622 2206 col-

1556 2223 1672 2258 latam
1694 2220 1734 2258 in
1753 2222 1830 2259 hoc
1848 2229 2089 2260 sacramento
2108 2229 2367 2271 consequetur
2379 2220 2393 2244 ὃ
2420 2221 2622 2271 poenitens

1557 2274 1772 2324 pleniorem
1806 2274 2074 2312 remissionem
2105 2274 2260 2324 peccati.
2291 2297 2316 2302 -
2344 2275 2392 2312 Et
2420 2274 2451 2312 si
2486 2274 2622 2324 aliquis

1557 2328 1710 2365 adultus
1746 2315 1786 2364 i⁶n
1817 2336 1975 2377 peccato
2007 2327 2170 2365 existens
2207 2327 2317 2365 cuius
2348 2327 2622 2367 conscientiam

1557 2393 1638 2418 non
1666 2381 1799 2428 habet,
1828 2382 1891 2418 vel
1919 2380 1949 2418 si
1977 2381 2092 2418 etiam
2124 2393 2206 2418 non
2237 2382 2402 2430 perfecte
2438 2380 2622 2419 contritus

1558 2434 1746 2481 accedat‘,
1766 2446 1837 2483 per
1853 2434 2013 2482 gratiam
2033 2435 2209 2471 collatam
2228 2434 2268 2471 in
2287 2435 2363 2471 hoc
2382 2441 2622 2473 sacramento

1558 2494 1818 2536 consequetur
1845 2487 2111 2524 remissionem
2139 2495 2399 2537 peccatorum.

1611 2541 1668 2577 Ar>
1695 2551 1855 2578 ‘rem-ium
1882 2552 2064 2578 mcENDUM
2092 2541 2214 2590 quod,
2241 2540 2337 2578 sicut
2356 2540 2503 2578 dictum
2522 2547 2578 2578 est
2589 2539 2621 2588 ¹⁸²,

1557 2593 1675 2642 gratia
1703 2593 1984 2630 sacramentalis
2011 2593 2116 2631 addit
2143 2606 2260 2643 super
2285 2593 2446 2643 gratiam
2472 2601 2623 2642 gratum

1558 2646 1759 2683 facientem
1794 2647 2054 2684 communiter
2081 2655 2278 2697 sumptam
2310 2646 2457 2696 aliquid
2483 2645 2623 2684 effecti·

1558 2712 1654 2736 vum
1683 2698 1888 2748 specialis<
1917 2700 2095 2745 effectus,
2125 2701 2174 2738 ad
2202 2700 2312 2750 quod
2339 2700 2538 2737 ordinatur
2564 2710 2622 2737 sa-

1558 2760 1811 2790 cramentum.
1843 2752 1883 2790 Si
1911 2765 2002 2801 ergo
2030 2753 2294 2791 consideretur
2326 2752 2444 2802 gratia
2474 2751 2514 2790 in
2546 2752 2623 2790 hoc

1559 2813 1797 2843 sacramento
1826 2807 1961 2843 collata
1980 2814 2170 2856 quantum
2189 2807 2238 2843 ad
2258 2806 2296 2843 id
2316 2806 2423 2855 quod
2442 2812 2498 2843 est
2515 2816 2621 2843 com-

1559 2871 1694 2906 mune,
1725 2858 1778 2896 sic
1805 2871 1874 2908 per
1901 2860 1978 2896 hoc
2005 2866 2288 2897 sacramentum
2310 2866 2408 2896 ‘non'
2429 2858 2623 2895 confertur

1559 2911 1687 2961 aliqua
1705 2912 1778 2949 alia
1795 2912 1913 2960 gratia
1941 2925 2061 2962 quam
2079 2924 2149 2962 per
2167 2911 2413 2962 baptismum,
2434 2911 2501 2948 sed
2520 2922 2621 2960 quae

1557 2964 1664 3015 prius
1683 2964 1815 3012 inerat,
1831 2973 2001 3013 augetur.
2024 2965 2065 3003 Si
2078 2973 2209 3002 autem
2222 2963 2486 3002 consideretur
2499 2975 2621 3013 quan-

1558 3026 1643 3056 tum
1670 3018 1721 3055 ad
1739 3018 1832 3055 illud
1860 3016 2023 3068 speciale
2042 3018 2150 3067 quod
2169 3017 2448 3067 superadditur,
2467 3016 2522 3054 sic
2540 3028 2621 3054 non

1559 3079 1615 3108 est
1643 3070 1818 3108 eiusdem
1846 3071 1986 3121 speciei
2014 3083 2105 3108 cum
2132 3070 2226 3120 ipsa.

1610 3200 1633 3235 ε)
1652 3202 1771 3228 accedat.
1789 3215 1808 3221 -
1825 3202 1936 3228 accedat
1952 3201 1990 3227 ad
2007 3201 2057 3226 hoc
2072 3203 2271 3226 sacramentum
2295 3201 2440 3226 dummodo
2467 3209 2518 3226 non
2537 3202 2621 3235 fictus

1556 3237 1667 3262 accedat
1686 3236 1797 3271 (repetit,
1815 3237 1871 3262 sine
1896 3237 1959 3269 quia
2002 3236 2054 3261 uod
2073 3235 2124 3262 iam
2142 3236 2263 3269 superius
2287 3237 2417 3266 omiserat.
2431 3244 2484 3270 per
2501 3237 2621 3270 gratiam

1556 3273 1708 3298 collatam...
1726 3273 1858 3298 contritus
1881 3272 1992 3299 accedat
2021 3272 2058 3296 ad
2081 3271 2130 3297 hoc
2153 3275 2350 3297 sacr-amentum
2375 3272 2519 3298 dummodo
2537 3273 2622 3306 fictus

1556 3308 1667 3333 accedat
1685 3308 1714 3338 E,
1733 3308 1845 3333 accedat
1861 3307 2006 3333 dummodo
2025 3314 2076 3332 non
2090 3306 2174 3340 fictus
2191 3307 2303 3332 accedat
2321 3307 2360 3334 ΡΙ.

1609 3342 1635 3376 ζ)
1654 3343 1784 3375 specialis.
1807 3358 1826 3362 -
1852 3343 2001 3375 spiritualis
2029 3342 2121 3373 GHbc,
2149 3343 2280 3374 spiritalis
2307 3343 2327 3367 F
2335 3351 2342 3375 i
2369 3343 2444 3369 Alias
2471 3343 2622 3376 spiritualis

1557 3386 1647 3410 margo
1667 3379 1694 3403 Ρ.

2647 1249 2658 1259 ·
2673 1248 2795 1277 Verm91=

2646 1325 2658 1335 ·
2672 1323 2739 1346 Vere.
2755 1329 2792 1346 ιο.

2649 1963 2835 2019 affamini&

2649 2016 2819 2066 gie-beffa.
2825 2034 2834 2045 '

2648 2071 2659 2082 '¹
2673 2069 2702 2092 D.
2714 2069 2768 2100 3⁸·-

2650 2549 2864 2578 ‘Qu-amma.
