2918 4088
965 198 1227 245 QUAESTIO
1256 197 1433 242 LXXIX,
1462 197 1754 236 ARTICULUS
1783 200 1796 235 1

295 278 327 303 et
349 273 548 303 huiusmodi:
573 283 640 314 quo
663 274 700 304 fit
722 281 758 305 ut
780 277 880 315 magis
903 276 1034 307 effectus
1060 277 1256 312 sacramenti,
1281 282 1357 316 puta

295 317 444 347 contritio
468 327 541 347 cum
566 319 669 357 prima
692 318 783 349 datur
798 321 905 360 gratia,
922 321 955 350 in
978 326 1123 360 tempore
1140 326 1357 360 consequente

294 361 513 401 sumptionem
537 371 634 401 quam
657 363 690 392 in
712 364 781 403 ipsa
802 365 985 404 sumptione
1009 371 1171 406 appareat;
1203 371 1234 395 et
1256 365 1357 395 simile

294 403 419 435 videtur
442 405 481 435 de
505 406 572 436 aliis
596 406 760 437 effectibus
784 409 969 439 actualibus.

348 449 432 479 Puto
455 454 563 480 tamen
586 460 680 490 posse
704 453 890 492 contingere
912 458 948 483 ut
970 462 1100 483 sumens
1122 453 1162 483 sit
1185 454 1228 483 ita
1250 452 1358 492 dispo-

293 493 372 523 situs
395 493 484 533 quod
511 503 572 524 nec
595 501 811 535 consequatur
839 497 937 526 vitam
959 497 1092 536 gratiae,
1117 506 1176 526 nec
1207 495 1246 526 de
1269 505 1357 526 novo

293 537 469 567 mortaliter
497 544 609 578 peccet
641 539 816 576 sumendo,
841 539 896 570 sed
922 541 965 570 ita
995 546 1161 570 excusetur
1184 550 1200 569 a
1224 545 1357 580 peccato

294 580 328 610 in
350 581 508 612 sumendo
532 587 568 612 ut
590 584 804 623 propinquior
825 583 880 614 fiat
899 585 982 614 vitae
1004 585 1139 624 gratiae;
1163 593 1200 613 ex
1217 593 1280 623 qua
1303 593 1358 623 ap-

293 626 575 665 propinquatione,
599 627 778 657 secundum
801 628 926 667 aliquos
949 633 1038 658 actus
1060 627 1227 658 attritionis
1251 633 1281 657 et
1304 627 1359 657 de-

294 668 400 699 siderii
422 669 548 700 divinae
570 671 704 710 gratiae,
727 671 881 711 paulatim
910 670 1119 711 perducatur,
1144 671 1250 701 divina
1276 671 1359 701 duce

293 713 519 749 misericordia,
543 713 583 744 ad
606 715 791 745 occasiones
806 724 900 745 verae
923 715 1139 751 contritionis3
1163 720 1199 744 ut
1218 714 1357 751 tandem,

294 756 355 787 alia
377 756 459 787 forte
481 758 551 788 vice
574 758 743 794 sumendo,
764 759 896 798 gratiam
919 768 1012 788 verae
1035 759 1234 789 contritionis
1257 759 1359 798 perci-

294 800 370 840 piat.
395 801 531 831 Moveor
553 807 660 831 autem
684 802 724 832 ad
746 803 808 832 hoc
833 803 908 842 quia
930 802 1052 832 nullam
1075 801 1161 843 apud
1183 812 1236 832 me
1254 803 1358 832 habeo

294 845 452 875 rationem
482 851 652 884 cogentem
675 845 715 875 ad
737 846 872 876 alterum
898 847 1032 882 horum,
1056 846 1191 877 scilicet:
1224 847 1359 876 existens

293 888 328 918 in
351 893 484 928 peccato
507 889 644 923 mortali,
661 888 743 919 facta
767 889 910 929 diligenti
936 890 1082 930 quamvis
1104 899 1172 920 non
1191 890 1360 920 sufficienti

294 931 344 962 sui
358 931 559 971 probatione,
576 933 848 964 communicando
875 938 930 964 aut
951 933 1153 969 iustificatur;
1178 939 1233 964 aut
1248 939 1360 974 peccat

293 975 478 1006 mortaliter.
508 975 643 1006 Videtur
665 977 766 1012 enim,
790 982 827 1007 ut
850 977 971 1007 dictum
995 983 1055 1014 est,
1079 987 1174 1018 posse
1205 977 1271 1008 dari
1292 987 1360 1008 me-

294 1018 394 1055 dium,
410 1025 542 1060 propter
556 1019 757 1050 latitudinem
781 1030 863 1060 quae
879 1021 972 1051 datur
994 1022 1027 1051 in
1050 1021 1103 1052 illa
1119 1021 1269 1061 diligente
1292 1031 1360 1052 non

293 1068 402 1094 tamen
424 1063 601 1094 sufficiente
633 1064 824 1104 probatione
853 1066 917 1095 sui:
945 1075 1014 1095 non
1046 1066 1132 1096 enim
1161 1067 1304 1096 consistit
1326 1067 1360 1096 in

293 1106 486 1138 indivisibili.
517 1107 652 1138 Divinae
675 1117 809 1148 quoque
832 1109 1024 1139 liberalitatis
1047 1109 1182 1150 largitas,
1207 1119 1245 1140 ex
1269 1111 1360 1141 cuius

294 1150 488 1182 abundantia
510 1151 563 1182 hic
585 1151 716 1182 effectus
739 1161 797 1192 per
819 1152 966 1183 accidens
992 1154 1067 1184 huic
1090 1159 1288 1185 sacramento
1307 1155 1361 1185 tri-

295 1195 413 1232 buitur,
429 1194 470 1226 ad
493 1201 646 1236 quantam
669 1195 861 1227 ordinaverit
883 1197 1163 1238 indispositionem
1185 1200 1361 1239 peccatoris

295 1248 336 1273 se>
351 1239 582 1280 suppleturam,
605 1239 689 1271 dicat
711 1241 768 1281 qui
791 1241 891 1271 novit.

352 1282 404 1314 111.
416 1283 465 1314 De
477 1289 622 1324 tempore
633 1294 710 1315 vero
722 1285 889 1326 augmenti
902 1286 1076 1317 habitualis
1089 1287 1219 1328 gratiae
1231 1288 1247 1304 ⁴²
1263 1288 1362 1328 magis

297 1327 486 1369 ambiguum
511 1328 772 1364 ests‘s'ecundum
798 1329 948 1360 Auctoris
972 1329 1160 1367 doctrinam,
1184 1337 1221 1362 ut
1242 1332 1363 1372 patebit

281 1370 508 1412 in‘pr'ocessu.
524 1372 649 1403 Auctor
664 1373 796 1404 enim-in
807 1373 960 1410 IV‘Sent.‚
974 1374 1044 1405 dist.
1057 1385 1110 1411 xn,
1123 1385 1177 1415 qu.
1191 1385 1223 1411 11,
1236 1381 1292 1406 art.
1310 1384 1320 1406 1
1333 1377 1361 1412 “,

295 1419 384 1446 tenet
399 1421 608 1456 augmentum
622 1418 740 1457 gratiae
762 1417 910 1458 impediri
926 1428 964 1449 ex
979 1419 1211 1459 impedimento
1232 1420 1362 1450 actualis

297 1460 516 1491 conversionis
540 1461 666 1491 animae
688 1461 729 1492 ad
751 1462 874 1492 Deum:
907 1472 943 1493 ac
966 1472 1024 1503 per
1046 1464 1125 1499 hoc,
1149 1465 1244 1494 sentit
1273 1464 1363 1504 quod

296 1502 384 1534 idem
405 1509 454 1535 est
474 1509 603 1545 tempus
631 1506 824 1545 sumptionis
854 1508 1056 1543 sacramenti,
1081 1513 1113 1538 et
1135 1513 1263 1548 tempus
1286 1518 1363 1548 aug-

260 1552 270 1581 ’,
296 1548 398 1579 nenti
419 1549 557 1588 gratiae;
581 1549 657 1590 quia
678 1549 759 1580 illud
780 1549 867 1581 idem
883 1556 1007 1582 constat
1030 1561 1098 1582 esse
1113 1557 1241 1592 tempus
1263 1558 1363 1583 trans-

295 1589 498 1625 formationis
519 1593 650 1624 actualis
673 1595 798 1624 animae
820 1595 854 1625 in
878 1595 994 1626 Deum.

325 1646 327 1650 ⁴
351 1635 388 1666 In
402 1635 463 1667 hac
477 1641 586 1668 autem
602 1639 800 1678 quaestione,
824 1639 958 1670 articulo
981 1640 1095 1671 ultimo
1111 1641 1139 1676 *,
1162 1641 1258 1671 verba
1280 1641 1363 1671 litte-

295 1688 350 1713 rae
372 1685 489 1711 sonant
510 1682 713 1721 oppositum,
737 1682 816 1713 dum
839 1682 915 1714 dicit
938 1684 1028 1724 quod
1057 1685 1173 1715 mentis
1201 1684 1362 1715 distractio

131 1729 153 1742 “⁴
180 1724 245 1770 ¹3⁴¹,ss
295 1731 355 1764 pa·
375 1729 507 1764 peccata
529 1726 664 1756 venialia
686 1727 720 1756 in
742 1731 817 1757 actu
840 1727 924 1758 tollit
946 1728 1078 1768 quidem
1102 1729 1259 1760 actualem
1282 1728 1363 1759 refe-

74 2023 119 2058 ·α.
131 2039 197 2057 nnn.
207 2039 239 2061 tv,
247 2041 270 2057 v.

52 2833 270 2890 &Q

296 1767 439 1799 ctionem
461 1769 630 1809 spiritualis
646 1769 833 1807 dulcedinis,
850 1781 917 1802 non
933 1778 1040 1803 autern
1063 1778 1274 1813 augmentum
1293 1783 1363 1814 gra-

295 1811 360 1843 tiae
373 1812 552 1844 habitualis.
575 1814 619 1844 Et
631 1822 740 1845 rursus
754 1815 788 1845 in
803 1817 1014 1856 responsione
1030 1816 1070 1847 ad
1085 1818 1226 1857 primurn
1241 1818 1362 1858 inquit:

295 1854 360 1887 me
380 1857 437 1897 qui
458 1866 531 1888 cum
557 1863 632 1888 actu
662 1859 798 1890 venialis
822 1861 950 1900 peccati
972 1861 1016 1892 ad
1037 1861 1099 1891 hoc
1125 1867 1363 1892 sacramentum

296 1900 435 1936 aoeedit,
458 1901 667 1933 habitualiter
692 1903 819 1944 quidem
849 1904 1024 1935 manducat
1049 1905 1278 1946 spiritualiter,
1308 1905 1365 1936 sed

296 1953 364 1975 non
387 1945 568 1976 actualiter.
592 1946 637 1976 Et
658 1946 730 1977 ideo
753 1947 947 1978 habitualem
970 1949 1118 1990 effectum
1140 1950 1236 1980 huius
1253 1959 1363 1980 sacra—

297 1988 397 2019 menti
412 1990 562 2030 percipit,
586 1999 652 2020 non
675 1995 783 2022 autem
805 1993 975 2023 actualem.

352 2032 446 2071 Quae
457 2034 607 2065 Auctoris
623 2035 717 2065 verba
731 2041 869 2075 possunt
882 2036 1045 2077 tripliciter
1060 2037 1193 2078 intelligi
1203 2039 1230 2068 '.
1243 2038 1362 2074 Primo,

297 2081 334 2107 ut
356 2083 473 2108 sonant
493 2078 673 2109 secundum
702 2079 921 2120 superficiem:
954 2086 991 2111 ut
1013 2090 1070 2121 per
1098 2082 1163 2112 hoc
1185 2091 1364 2112 sacramen-

296 2125 367 2151 tum
391 2127 544 2162 augeatur
565 2123 721 2154 intensive
743 2124 911 2155 habitualis
939 2125 1037 2165 grafia
1059 2131 1137 2156 tunc
1167 2135 1243 2156 cum
1266 2127 1364 2156 sumi—

296 2170 358 2202 tur,
383 2166 479 2196 etiam
494 2167 520 2196 si
535 2166 643 2197 nullus
665 2168 798 2198 interior
820 2169 955 2199 caritatis
978 2174 1076 2206 actus,
1101 2170 1143 2200 ob
1163 2171 1278 2200 mentis
1301 2170 1364 2201 dis-

237 2223 239 2227 ·
294 2210 494 2246 tractionem,
511 2211 716 2247 interveniat;
736 2217 768 2242 et
782 2213 847 2243 hoc
863 2222 900 2243 ex
916 2213 1031 2244 virtute
1054 2214 1153 2254 ipsius
1176 2215 1363 2245 sacramenti

296 2255 454 2284 causantis
476 2254 664 2285 huiusmodi
679 2262 889 2295 augmentum
904 2257 938 2287 in
953 2258 1059 2288 anima
1074 2258 1200 2289 nullum
1218 2259 1293 2292 huic
1308 2259 1363 2288 ha-

295 2298 408 2329 bituali
430 2304 611 2339 augmento*
619 2299 888 2339 impedimentum
911 2307 1098 2341 praestante.
1122 2302 1164 2332 Et
1178 2303 1230 2333 hic
1253 2311 1364 2333 sensus

295 2340 478 2373 favorabilis
493 2348 550 2379 est,
567 2348 599 2373 et
621 2342 808 2374 demulcens
831 2354 923 2375 aures
945 2345 1158 2376 multitudinis
1182 2347 1363 2377 innumera-

296 2385 410 2417 bilium
432 2385 646 2423 sacca-dotum,
670 2389 762 2428 quasi
784 2388 929 2428 quotidie
952 2394 1007 2419 aut
1030 2389 1285 2430 frequentissime
1312 2400 1364 2421 ce-

296 2426 572 2471 lemannum-qui
586 2436 694 2462 tamen
710 2432 822 2472 seipsis
844 2433 993 2464 meliores
1012 2443 1079 2464 non
1103 2434 1247 2474 quotidie
1270 2433 1362 2465 fiunt.

352 2474 433 2506 Mihi
455 2481 574 2511 autem,
597 2476 673 2506 hinc
695 2476 862 2513 ordiendo,
886 2486 997 2508 sensus
1019 2478 1078 2508 iste
1101 2487 1194 2508 verus
1217 2488 1285 2509 non
1308 2488 1364 2519 ap-

297 2524 397 2559 paret.
420 2518 454 2550 Si
477 2520 563 2550 enim
586 2519 729 2560 qualibet
750 2522 935 2561 sumptione
957 2521 1174 2553 Eucharistiae
1197 2529 1365 2563 augeretur

296 2563 396 2603 gratia
417 2562 617 2594 infinitorum
646 2573 730 2604 pene
752 2564 971 2602 sacerdotum,
996 2575 1079 2606 quos
1109 2566 1267 2597 credimus
1290 2577 1363 2598 vere

297 2607 331 2638 in
353 2607 452 2647 gratia
467 2607 635 2643 celebrare,
652 2609 763 2639 caritas
778 2609 843 2640 iam
866 2615 948 2640 esset
962 2611 1064 2641 maior
1086 2611 1242 2641 intensive
1266 2621 1364 2652 quam

297 2649 383 2682 credi
398 2651 584 2682 rationabile
600 2652 656 2682 sit:
681 2661 756 2683 cum
771 2658 858 2684 tanta
872 2654 1061 2694 magnitudo
1078 2655 1213 2686 caritatis
1229 2656 1263 2685 in
1278 2661 1364 2686 tanta

296 2694 503 2727 multitudine
526 2696 631 2726 otiosa
653 2702 812 2737 appareat,
836 2699 992 2738 quoniam
1014 2708 1075 2730 nec
1091 2705 1177 2730 extra
1200 2705 1363 2740 apparent,

296 2748 359 2771 nec
379 2740 466 2770 intus
490 2739 530 2771 de
552 2740 839 2780 seipsis-testantur
861 2747 950 2773 actus
973 2743 1092 2774 similes
1115 2743 1364 2775 ferventissimae

296 2783 432 2820 mritati3
456 2789 488 2814 et
509 2790 617 2815 tamen
641 2790 764 2816 certum
787 2791 835 2816 est
858 2786 966 2827 quod,
990 2787 1072 2818 sicut
1095 2796 1190 2818 amor
1211 2789 1274 2819 Dei
1297 2798 1362 2819 non

296 2833 345 2859 ost
366 2828 498 2864 otiosus,
521 2828 578 2859 sed
600 2834 756 2869 operatur
777 2840 899 2872 magna
921 2831 951 2862 si
972 2836 1020 2862 est
1033 2832 1066 2868 *,
1090 2832 1134 2862 ita
1156 2837 1222 2863 tarn
1248 2842 1364 2873 magna

296 2873 514 2912 augmentatio
534 2873 651 2903 amoris
666 2873 727 2904 Dei
742 2883 810 2905 non
826 2880 873 2905 est
887 2876 1001 2911 otiosa,
1018 2876 1074 2906 sed
1089 2874 1239 2916 opefatur
1259 2877 1362 2908 multo

296 2916 418 2948 maiora
433 2926 531 2957 quam
547 2917 633 2957 prius
649 2919 929 2958 proportionaliter
944 2920 970 2950 si
985 2925 1041 2951 est.
1061 2920 1103 2951 Et
1118 2926 1362 2961 consequenter,

296 2961 324 2991 si
345 2960 441 3000 longe
473 2962 595 2992 maiora
617 2963 742 3002 operari
764 2963 886 2999 renuit,
910 2963 1006 3004 longe
1029 2965 1131 2995 maior
1162 2966 1272 2995 caritas
1294 2975 1361 2996 non

297 3009 354 3035 est.
377 3005 419 3035 Et
440 3010 548 3036 tamen
571 3005 668 3046 longe
691 3007 794 3037 maior
815 3008 948 3047 ponitur
964 3018 1042 3045 esse,
1058 3010 1133 3039 siin
1156 3009 1287 3049 singulis
1311 3019 1362 3040 ce-

297 3049 525 3080 lebrationibus
548 3055 847 3091 quantumcumque
870 3061 983 3092 parum
1007 3053 1164 3089 crevisset,
1182 3054 1291 3084 caritas
1315 3063 1363 3083 sa-

297 3092 435 3124 cerdotis
458 3094 515 3134 qui
536 3099 586 3125 tot
608 3095 700 3125 annis
719 3094 832 3126 diebus
855 3095 920 3126 fere
943 3097 1075 3137 singulis
1098 3098 1131 3128 in
1154 3098 1252 3137 gratia
1279 3098 1362 3128 cele-

296 3137 407 3168 bravit.
1090 3148 1093 3150 ’

351 3180 479 3212 Praeter
511 3187 619 3213 autem
653 3183 736 3213 hanc
765 3193 804 3214 ex
837 3185 1031 3225 experientia
1065 3186 1301 3222 coniecturam,
1328 3186 1361 3216 in

267 3217 275 3221 “
296 3222 553 3276 1110111911113110
577 3235 653 3257 611111
675 3228 862 3259 auctoritate
892 3228 1089 3269 suffragatur.
1121 3230 1361 3260 Sacramentum

298 3278 385 3300 emm
413 3269 489 3306 hoc,
511 3271 587 3310 quia
609 3270 701 3302 datur
722 3281 781 3312 per
802 3272 938 3303 modum
961 3274 1024 3304 cibi
1048 3279 1080 3304 et
1101 3279 1211 3313 potus,
1236 3273 1361 3304 dicente

298 3313 441 3344 Domino
456 3315 484 3350 *,
510 3314 598 3345 Caro
612 3324 684 3346 mea
700 3325 776 3346 vere
796 3322 845 3347 est
865 3317 962 3353 cibus,
979 3322 1012 3348 et
1031 3318 1168 3359 sanguis
1183 3327 1271 3348 meus
1287 3327 1361 3348 vere

297 3362 346 3388 est
360 3362 476 3398 potus,
498 3367 567 3390 non
589 3364 700 3399 auget,
723 3360 806 3391 sicut
834 3369 895 3392 nec
917 3362 1035 3398 nutrit,
1058 3362 1119 3392 nisi
1141 3371 1199 3402 per
1224 3361 1359 3392 modum

297 3402 493 3433 nutrimenti.
523 3402 586 3434 Sed
607 3404 677 3434 sine
707 3410 781 3435 actu
803 3405 891 3435 vitali
912 3406 1023 3436 nutriti
1045 3411 1111 3436 tam
1141 3406 1230 3436 cibus
1262 3415 1359 3445 quarn

296 3451 395 3486 potus
416 3455 476 3477 nec
499 3447 598 3477 nutrit
619 3456 680 3478 nec
703 3454 816 3488 auget:
845 3454 881 3479 ut
902 3454 990 3490 patet
1012 3450 1045 3480 in
1068 3450 1220 3480 alimento
1243 3459 1359 3490 corpo-

297 3488 365 3520 rali.
395 3489 482 3530 Ergo
504 3491 572 3522 sine
600 3493 788 3532 operatione
816 3493 903 3523 vitali
931 3493 1100 3533 spiritualis
1126 3494 1249 3524 animae
1276 3503 1358 3534 quae

296 3534 444 3571 nutritur,
460 3535 550 3566 cibus
564 3536 623 3566 iste
638 3545 699 3567 nec
712 3537 813 3567 nutrit
827 3546 888 3568 nec
903 3543 1008 3577 auget.
1032 3555 1055 3560 —
1076 3538 1257 3568 Auctoritas
1276 3547 1358 3578 quo-

2395 216 2469 253 219

1413 285 1492 350 qlilie,
1520 286 1558 306 ex
1588 276 1703 306 eodem
1732 277 1952 316 fundamento,
1981 290 2018 311 ex
2042 282 2084 312 IV
2108 282 2343 314 Sententiarum
2374 286 2436 315 iam
2456 286 2472 302 ὕ

1413 331 1430 350 3
1455 326 1504 350 313
1528 326 1583 350 est.

1468 365 1537 394 Nec
1561 365 1664 394 obstat
1688 364 1846 396 efficaciae
1863 367 1957 397 huius
1980 369 2109 398 rationis
2125 370 2213 409 quod
2236 372 2425 410 phreneticis
2440 374 2472 403 in

1413 409 1525 439 mortis
1548 409 1683 438 articulo
1707 408 1799 439 datur
1828 411 1892 440 hoc
1927 418 2170 443 sacramentum.
2205 414 2292 444 Tum
2322 417 2397 455 quia
2426 426 2473 446 sa-

1414 453 1566 482 cramenti
1590 452 1720 482 effectus
1741 462 1778 483 ex
1794 454 1842 484 his
1866 464 1948 494 quae
1967 464 2023 494 per
2046 465 2079 485 se
2103 464 2306 494 concurrunt,
2330 460 2474 490 conside-

1413 496 1530 526 randus
1554 506 1590 526 ac
1614 495 1802 526 iudicandus
1826 503 1893 527 est:
1919 504 1949 528 et
1965 508 2031 528 non
2055 509 2092 529 ex
2116 500 2164 530 his
2188 502 2318 540 quaein
2334 512 2408 533 casu
2424 513 2474 533 ac—

1414 540 1534 570 cidunt.
1557 558 1580 562 -—
1603 540 1690 570 Tum
1707 541 1782 580 quia
1798 541 1988 580 phreneticis
2013 548 2136 573 constat
2154 544 2219 574 dari
2235 546 2384 575 viaticum
2407 556 2474 577 non

1414 583 1453 614 ad
1476 585 1617 624 primum
1647 590 1678 614 et
1708 585 1874 624 proprium
1902 585 2118 617 Eucharistiae
2151 587 2298 618 effectum
2313 612 2320 624 ,
2344 590 2399 628 qui
2430 597 2475 620 est

1414 628 1544 657 actualis
1560 627 1691 658 refectio
1715 629 1860 668 spiritus:
1886 635 1917 659 et
1939 636 2173 670 consequenter
2195 642 2254 662 nec
2279 633 2317 662 ad
2335 634 2476 663 nutrien-

1414 671 1502 707 dum,
1527 681 1587 702 nec
1611 671 1649 701 ad
1673 671 1856 712 augendum
1871 674 1904 702 in
1921 674 1979 703 hac
2002 674 2066 704 vita
2087 676 2228 714 gratiam.
2247 694 2270 698 -
2293 676 2379 706 Tum
2403 678 2477 717 quia

1413 716 1605 756 phreneticis
1640 715 1731 746 datur
1764 717 1915 747 viaticum
1949 723 2080 757 propter
2112 719 2210 749 vitam
2245 725 2418 756 aeternam,
2447 727 2477 751 et

1414 765 1545 798 propter
1567 760 1825 799 impugnationes
1841 760 2046 797 daemonum,
2071 763 2157 792 iuxta
2172 763 2250 794 illud
2273 764 2475 795 Ambrosii*:

1413 802 1576 833 Recedanl
1592 803 1713 843 procul
1735 813 1755 834 a
1772 805 1919 844 potentia
1936 807 2142 845 praesentiae
2164 812 2238 837 tuae
2252 809 2278 837 ’ἦ

1470 846 1522 876 IV.
1547 847 1647 876 Aliter
1679 857 1754 887 ergo
1787 848 2006 888 intelliguntur
2028 851 2123 880 verba
2157 851 2277 882 litterae
2308 852 2346 882 de
2370 862 2477 892 perce-

1415 891 1526 930 ptione
1555 891 1726 927 habituali,
1750 897 1786 922 ut
1809 893 1848 922 sit
1871 902 1981 924 sensus
2011 894 2100 933 quod
2122 895 2191 924 talis
2218 895 2381 926 distractus
2411 906 2478 927 non

1415 934 1594 970 actualiter,
1619 935 1675 965 sed
1704 936 1903 967 habitualiter
1933 938 2068 978 percipit
2099 938 2247 969 effectum
2274 940 2476 977 habitualem,

1416 987 1472 1008 seu
1496 984 1705 1018 augmentum
1728 981 1844 1019 gratiae
1860 982 2045 1020 spiritualis:
2070 983 2151 1013 sicut
2169 984 2366 1014 habitualiter
2388 994 2478 1015 man-

1416 1021 1622 1053 ducationem
1645 1024 1840 1063 spiritualem
1864 1026 1966 1056 habet.
1992 1026 2036 1056 Ita
2060 1027 2147 1066 quod
2171 1027 2366 1058 manducans
2390 1029 2478 1059 habi-

1415 1066 1542 1096 tualiter
1564 1072 1703 1103 tantum,
1727 1068 1824 1104 idest,
1848 1069 1967 1100 habens
1990 1071 2133 1101 habitum
2164 1081 2230 1111 quo
2260 1078 2366 1112 potest
2389 1074 2478 1112 spiri-

1415 1111 1535 1141 tualem
1556 1111 1837 1142 manducationem
1853 1114 2016 1144 actualiter
2038 1115 2163 1151 habere,
2179 1116 2242 1146 hoc
2259 1122 2314 1152 est,
2331 1116 2477 1147 habendo

1417 1155 1588 1191 caritatem,
1613 1165 1743 1186 sumens
1766 1157 1828 1187 hoc
1852 1164 2085 1189 sacramentum
2115 1160 2234 1199 absque
2257 1161 2371 1191 actuali
2397 1161 2478 1191 inte-

1416 1199 1492 1229 riori
1516 1199 1698 1236 devotione,
1715 1200 1810 1231 habet
1833 1202 1928 1232 etiam
1951 1203 2094 1233 habitum
2110 1205 2305 1244 percipiendi
2326 1214 2478 1245 augmen-

1416 1248 1496 1273 tum.
1528 1244 1569 1274 Et
1598 1244 1680 1274 sicut
1701 1254 1768 1275 non
1791 1245 1964 1285 impeditur
1989 1256 2046 1287 per
2077 1253 2206 1287 peccata
2228 1249 2378 1285 venialia,
2403 1259 2478 1279 curn

1416 1287 1603 1318 huiusmodi
1633 1288 1852 1325 distractione,
1877 1291 1956 1329 quin
1978 1300 2035 1330 per
2060 1292 2142 1322 hanc
2166 1293 2383 1332 sumptionem
2410 1302 2477 1323 me-

1416 1337 1521 1362 reatur
1543 1338 1752 1372 augmentum
1776 1334 1928 1370 caritatis,
1954 1335 2177 1374 exequendum
2201 1342 2307 1367 tamen
2333 1342 2478 1377 tempore

1417 1385 1484 1415 quo
1515 1375 1555 1406 ad
1577 1377 1641 1407 hoc
1671 1377 1729 1407 erit
1751 1377 1939 1418 dispositus;
1969 1380 2013 1409 ita
2035 1389 2102 1410 non
2131 1380 2303 1420 impeditur
2335 1382 2413 1421 quin
2440 1391 2478 1411 ex

1416 1420 1476 1450 hac
1491 1421 1676 1460 sumptione
1688 1426 1895 1461 percepturus
1912 1423 1951 1452 sit
1966 1429 2174 1462 augmentum
2190 1425 2334 1461 caritatis,
2348 1425 2477 1465 quando

1417 1469 1524 1494 tamen
1548 1464 1587 1494 ad
1609 1465 1673 1495 hoc
1694 1466 1751 1495 erit
1774 1465 1955 1505 dispositus.
1980 1467 2021 1497 Et
2036 1467 2213 1498 secundum
2236 1469 2322 1499 hunc
2338 1479 2477 1505 sensum,

1417 1513 1544 1548 tempus
1568 1509 1731 1548 augmenti
1761 1510 1895 1540 caritatis
1918 1516 1964 1540 est
1987 1511 2117 1550 quando
2147 1522 2276 1543 sumens
2303 1519 2349 1543 est
2371 1513 2478 1553 dispo-

1417 1553 1495 1582 situs
1518 1552 1558 1582 ad
1574 1558 1792 1593 augmentum,
1811 1554 1875 1584 sive
1892 1555 1954 1584 hoc
1973 1556 2012 1585 sit
2027 1561 2172 1596 tempore
2196 1558 2386 1596 sumptionis
2413 1558 2478 1587 sive

1417 1602 1500 1636 post.
1529 1597 1690 1627 Minorem
1713 1602 1820 1628 tamen
1844 1597 2086 1638 dispositionem
2116 1601 2241 1640 require
2265 1601 2304 1630 ad
2327 1611 2478 1641 augmen-

1416 1646 1487 1670 tum
1503 1641 1638 1671 caritatis
1654 1650 1691 1671 ex
1707 1641 1771 1671 hoc
1794 1648 1991 1673 sacramento
2009 1652 2106 1683 quam
2130 1644 2169 1674 ad
2188 1650 2396 1684 augmentum
2412 1646 2479 1676 sine

1418 1690 1635 1715 sacramento:
1663 1690 1700 1715 ut
1730 1686 1883 1716 habeatur
1908 1687 1988 1717 ratio
2017 1688 2140 1718 virtutis
2170 1690 2417 1725 sacramentalis,
2449 1696 2480 1720 et

1417 1729 1601 1769 praesertim
1624 1729 1719 1759 huius
1742 1731 1938 1767 sacramenti,
1962 1732 1995 1761 in
2019 1741 2085 1771 quo
2110 1737 2156 1762 est
2178 1733 2246 1772 ipse
2270 1733 2423 1764 Christus.

1472 1773 1575 1803 Fovet
1598 1779 1705 1804 autem
1728 1774 1815 1804 hunc
1844 1784 1974 1805 sensum
2002 1775 2091 1815 quod
2114 1777 2237 1807 Auctor
2263 1778 2398 1808 intendit
2420 1787 2479 1818 po-

1416 1827 1492 1848 nere
1515 1817 1725 1848 differentiam
1747 1819 1828 1848 inter
1850 1819 2058 1850 refectionem
2081 1821 2286 1860 spiritualem,
2306 1823 2480 1852 consisten-

1417 1867 1483 1892 tem
1506 1862 1540 1892 in
1563 1863 1759 1902 operatione,
1777 1868 1808 1893 et
1823 1869 2031 1903 augmentum
2054 1865 2189 1900 babitus,
2207 1865 2315 1905 quoad
2334 1866 2480 1906 impediri

1418 1916 1435 1936 a
1450 1911 1584 1946 peccato
1600 1906 1724 1936 veniali.
1749 1907 1790 1936 Et
1805 1907 1849 1937 sic
1865 1907 2001 1938 salvatur
2024 1908 2214 1939 differentia:
2239 1909 2329 1949 quod
2348 1910 2478 1941 refectio

1418 1950 1587 1990 spiritualis
1610 1951 1653 1980 ita
1671 1950 1793 1981 tollitur
1815 1961 1872 1991 per
1894 1951 2132 1983 distractionem
2148 1953 2237 1993 quod
2259 1963 2425 1994 nunquam
2442 1964 2479 1985 ex

1417 1995 1477 2024 hac
1500 1995 1684 2034 sumptione
1699 1995 1882 2032 habebitur;
1906 2001 2114 2036 augmentum
2130 2006 2205 2027 vero
2221 1997 2346 2028 habitus
2361 1999 2479 2029 haben-

1418 2038 1496 2069 dum
1517 2039 1707 2078 relinquitur
1729 2044 1812 2079 post,
1836 2040 1918 2070 sicut
1941 2045 1972 2070 et
1994 2041 2057 2070 vita
2079 2046 2214 2071 aeterna.

1472 2083 1511 2112 V.
1536 2082 1663 2113 Tertius
1687 2088 1794 2113 autem
1826 2093 1936 2114 sensus
1963 2085 2106 2115 consistit
2127 2085 2161 2115 in
2184 2084 2395 2124 declaratione
2418 2092 2479 2117 ter-

1417 2127 1594 2156 minorum:
1619 2126 1755 2157 dicendo
1779 2127 1878 2167 quod,
1903 2127 2029 2158 duobus
2053 2129 2257 2159 existentibus
2279 2140 2336 2170 per
2356 2140 2389 2161 se
2404 2140 2479 2170 pro-

1417 2171 1493 2210 priis
1515 2171 1611 2201 huius
1633 2172 1820 2201 sacramenti
1844 2171 2017 2208 effectibus,
2034 2173 2153 2203 scilicet
2175 2175 2361 2213 operatione
2378 2180 2408 2204 et
2423 2175 2478 2204 ha-

1417 2215 1496 2250 bitu,
1512 2215 1636 2245 Auctor
1650 2216 1817 2255 utriusque
1839 2215 2012 2246 latitudinis
2028 2216 2059 2247 id
2076 2216 2165 2257 quod
2187 2218 2396 2258 praecipuum
2421 2224 2476 2253 est,

1417 2259 1604 2289 nominavit.
1634 2259 1675 2289 Et
1697 2259 1730 2289 in
1756 2259 1921 2290 latitudine
1952 2260 2082 2300 quidem
2111 2262 2349 2301 operationum,
2373 2264 2478 2293 nomi-

1417 2304 1504 2333 navit
1534 2303 1730 2343 spiritualem
1759 2303 1968 2334 refectionem
1999 2314 2073 2334 cum
2104 2315 2161 2335 sua
2188 2305 2413 2336 delectatione:
2445 2307 2478 2336 in

1417 2346 1583 2377 latitudine
1598 2356 1675 2377 vero
1699 2347 1908 2378 habitualium
1931 2348 2102 2383 donorum.
2126 2350 2304 2380 nominavit
2326 2360 2478 2390 augmen-

1417 2396 1487 2421 tum
1509 2392 1626 2431 gratiae
1649 2401 1706 2421 seu
1730 2392 1873 2422 caritatis.
1898 2392 1941 2422 Ut
1963 2393 2008 2422 sic
2031 2393 2216 2433 loqueretur
2239 2394 2278 2424 de
2300 2394 2362 2424 hoc
2378 2404 2478 2424 sacra—

1417 2440 1528 2465 mento
1559 2435 1736 2466 secundum
1767 2445 1857 2466 suam
1889 2435 2136 2476 perfectionem,
2160 2437 2307 2468 docendo
2337 2448 2373 2468 ea
2396 2448 2478 2478 quae

1417 2480 1516 2520 ipsius
1531 2485 1606 2510 sunt
1622 2485 1779 2519 quatenus
1791 2485 1846 2510 aut
1861 2480 2004 2516 alterum,
2016 2486 2070 2511 aut
2084 2486 2257 2521 utrumque
2273 2491 2386 2512 eorum
2402 2492 2479 2513 con-

1417 2523 1487 2554 fert.
1510 2523 1551 2553 Et
1567 2524 1611 2554 sic
1627 2533 1684 2563 per
1700 2524 1857 2554 actualem
1872 2524 2152 2555 manducationem
2168 2526 2291 2556 Auctor
2305 2536 2371 2556 non
2387 2527 2479 2557 intel-

1413 2567 1485 2608 ligit
1508 2577 1748 2608 quamcumque
1772 2568 1929 2598 actualem
1952 2568 2174 2599 devotionem:
2199 2570 2254 2600 sed
2275 2570 2362 2600 illam
2378 2571 2479 2601 solam

1418 2621 1501 2652 quae
1527 2612 1658 2642 refectio
1691 2618 1755 2648 est,
1784 2621 1866 2652 quae
1889 2613 2057 2652 spiritualis
2080 2613 2247 2644 delectatio
2276 2615 2399 2644 animae
2423 2620 2478 2645 est.

1473 2656 1514 2686 Et
1536 2655 1715 2686 secundum
1737 2656 1824 2686 hunc
1847 2666 1977 2687 sensum
1993 2657 2087 2697 plana
2102 2663 2176 2688 sunt
2199 2659 2322 2688 omnia:
2348 2664 2379 2689 et
2402 2669 2479 2690 con-

1418 2705 1533 2730 sonant
1560 2700 1650 2731 dictis
1672 2697 1706 2730 in
1729 2700 1771 2730 lV
1794 2700 2031 2731 Sententiarum
2048 2702 2074 2731 ἦ
2105 2702 2232 2732 Habent
2262 2702 2419 2742 siquidem
2445 2712 2478 2733 se

1418 2745 1451 2775 hi
1474 2743 1540 2774 duo
1559 2744 1690 2775 effectus
1713 2745 1794 2774 inter
1810 2754 1843 2775 se
1858 2754 1926 2775 non
1949 2750 1985 2775 ut
2007 2747 2215 2776 necessariam
2243 2747 2478 2777 connexionem

1417 2789 1586 2824 habentes,
1610 2788 1666 2819 sed
1688 2788 1765 2819 alter
1787 2789 1855 2819 sine
1879 2789 1977 2819 altero
2005 2799 2042 2819 ex
2065 2796 2261 2820 sacramento
2285 2791 2348 2821 hoc
2371 2791 2478 2821 haberi

1417 2837 1532 2873 potest.
1562 2832 1707 2863 Refectio
1730 2832 1889 2872 siquidem
1911 2833 2079 2873 spiritualis
2112 2834 2328 2864 delectationis
2358 2835 2478 2874 absque

1418 2882 1590 2917 augmento
1606 2876 1774 2907 habitualis
1789 2877 1906 2916 gratiae
1922 2877 1955 2907 in
1971 2877 2098 2907 Christo
2115 2877 2184 2914 fuit,
2198 2878 2327 2918 quando
2344 2879 2478 2918 sumpsit

1416 2922 1480 2951 hoc
1495 2926 1728 2951 sacramentum
1743 2921 1769 2951 ἦ
1793 2921 2013 2960 Augmentum
2028 2930 2103 2951 vero
2119 2922 2285 2952 habitualis
2307 2923 2423 2962 gratiae
2439 2932 2476 2953 ex

1416 2966 1480 2995 hoc
1503 2970 1700 2995 sacramento
1723 2965 1757 2994 in
1780 2964 1871 2995 valde
1894 2965 2002 2995 multis
2025 2964 2182 2996 credimus
2206 2967 2399 3006 contingere,
2421 2968 2476 3006 qui

1415 3009 1511 3049 digne
1534 3009 1574 3039 ad
1597 3009 1660 3039 hoc
1682 3014 1915 3039 sacramentum
1940 3014 1970 3038 et
1993 3008 2108 3039 devote
2131 3009 2296 3046 accedunt,
2317 3015 2348 3040 et
2370 3016 2475 3041 tamen

1417 3058 1559 3093 expertes
1583 3058 1657 3083 sunt
1679 3052 1847 3092 spiritualis
1864 3051 2050 3088 dulcedinis,
2066 3053 2109 3083 ita
2131 3059 2166 3083 ut
2188 3054 2332 3094 ipsorum
2355 3064 2418 3084 vox
2437 3055 2476 3085 ad

1416 3097 1585 3128 caelestem
1608 3097 1733 3127 Patrem
1756 3097 1811 3126 sit:
1834 3096 1927 3131 Ecce,
1953 3101 2000 3126 tot
2021 3097 2116 3127 annis
2137 3098 2243 3128 servio
2268 3098 2332 3134 tibi,
2349 3103 2380 3129 et
2395 3109 2476 3129 nun-

1415 3151 1511 3182 quam
1531 3141 1646 3171 dedisti
1661 3141 1739 3170 mihi
1752 3140 1898 3176 haedum,
1917 3145 1952 3170 ut
1966 3149 2037 3170 cum
2060 3142 2172 3172 amicis
2190 3142 2268 3172 meis
2282 3143 2434 3182 epularer
2448 3144 2474 3172 ἦ

1470 3185 1544 3215 Νο11
1561 3186 1655 3224 igitur
1671 3184 1765 3215 docet
1780 3185 1858 3215 haec
1873 3184 1975 3215 littera
1991 3185 2081 3224 quod
2096 3195 2225 3216 sumens
2248 3186 2367 3227 absque
2387 3188 2474 3217 omni

1415 3229 1528 3260 actuali
1541 3229 1713 3259 devotione
1725 3229 1931 3268 consequitur
1947 3235 2155 3268 augmentum
2167 3231 2298 3270 gratiae:
2315 3231 2370 3261 sed
2387 3231 2475 3271 quod

1415 3283 1544 3304 sumens
1567 3274 1687 3313 absque
1710 3273 1824 3303 actuali
1851 3272 2024 3303 refectione
2053 3272 2269 3305 delectationis
2296 3275 2473 3315 spiritualis,

1415 3322 1446 3347 et
1468 3318 1532 3347 hoc
1555 3327 1593 3347 ex
1617 3318 1711 3357 culpa
1733 3326 1790 3347 sua
1812 3317 1926 3347 veniali
1951 3317 2119 3357 (quoniam
2135 3328 2201 3348 non
2225 3324 2272 3349 est
2287 3329 2324 3349 ex
2348 3319 2474 3349 defectu

1414 3361 1624 3401 sacramenti),
1649 3362 1693 3391 sic
1716 3362 1848 3401 inquam
1872 3370 2017 3397 5111116115,
2041 3363 2085 3393 516
2108 3368 2214 3393 mente
2247 3362 2424 3399 distractus,
2449 3364 2473 3393 si

1414 3405 1522 3445 quoad
1549 3406 1628 3436 alios
1656 3411 1744 3436 actus
1774 3405 1888 3436 devote
1911 3406 2048 3442 accedit,
2072 3407 2232 3437 habituale
2266 3413 2473 3447 augmentum

1413 3450 1528 3490 gratiae
1546 3460 1583 3480 ex
1598 3450 1662 3480 hoc
1685 3459 1752 3479 non
1768 3449 1948 3489 impeditur.
1973 3450 2071 3488 Quod
2087 3457 2192 3481 tamen
2216 3457 2323 3491 posset
2346 3450 2472 3481 aliunde

1412 3493 1576 3534 impediri:
1609 3499 1686 3534 puta
1709 3503 1747 3524 ex
1769 3499 1834 3524 tam
1863 3503 1959 3534 parva
1988 3494 2159 3525 devotione
2189 3500 2224 3525 ut
2246 3504 2312 3525 non
2339 3494 2472 3525 sufficiat

1412 3537 1581 3578 disponere
1604 3537 1644 3568 ad
1667 3543 1874 3577 augmentum
1897 3539 2022 3578 gratiae.

2500 286 2508 294 ·
2515 283 2627 311 Supra,iu
2638 283 2711 311 princ.

2501 310 2546 331 hui.
2562 315 2627 331 num.

2503 766 2513 776 ·
2523 765 2614 787 hee-at.
2624 765 2642 792 I,
2653 771 2676 787 n.
2686 766 2713 792 8;

2503 791 2562 812 inter
2576 791 2596 813 Ο
2615 797 2638 822 p.
2652 793 2713 814 Am-

2504 817 2566 839 bros.
2576 829 2585 834 -
2614 817 2651 839 ide
2658 818 2714 840 Mis-

2504 844 2545 865 sal.
2562 843 2628 865 Rom.
2648 844 2712 866 Orat.

2504 874 2556 891 ante
2590 870 2655 892 miss.
2690 871 2713 892 in

2505 897 2613 918 Sabbato.

2505 924 2514 933 ·
2523 923 2557 944 ef.
2567 928 2629 944 num.
2636 929 2667 950 ix,
2675 923 2714 945 fin.

2506 2707 2516 2716 ·
2530 2704 2584 2736 yid.
2601 2711 2664 2727 num.
2679 2710 2715 2732 111,

2506 2737 2602 2758 princip.

2504 2926 2513 2935 ·
2523 2925 2569 2951 Qu.
2578 2930 2638 2951 uxi,
2646 2929 2686 2946 art.
2695 2932 2714 2952 ¹,

2503 2951 2532 2972 ad
2546 2957 2566 2979 3.

2504 3147 2514 3157 ·
2531 3146 2586 3168 Luc.
2607 3151 2657 3174 cap.
2675 3153 2714 3173 xv,

2503 3179 2560 3195 vers.
2575 3178 2612 3200 ²9-
