2878 4088
0 814 5 959 ,ἓ

103 851 190 901 Ler‘hn
195 851 317 901 &citit

105 1739 267 1764 ‘Cena-nh
280 1744 303 1762 v.

116 3251 126 3262 ·
136 3249 185 3277 Qu.
195 3254 273 3276 uxiv,
283 3251 328 3270 art.

113 3283 137 3303 4.

115 3422 125 3432 ·
142 3421 192 3442 An.
208 3418 313 3448 praeced.

1043 148 1307 196 QUAESTIO
1337 146 1441 193 XCI,
1466 147 1759 185 ARTICULUS
1788 150 1832 185 III

400 227 452 257 An
476 236 624 258 ocnvum
646 237 806 258 mensuum
830 227 934 268 quod,
959 227 1105 267 quamvis
1133 236 1250 267 corpus
1278 225 1412 255 caeleste

345 270 525 302 secundum
548 281 639 302 suam
662 278 807 302 naturam
831 271 1004 311 aequaliter
1027 280 1060 301 se
1083 271 1198 301 habeat
1221 269 1260 300 ad
1279 278 1412 300 omnem

345 316 443 346 situm
459 316 515 355 qui
531 322 578 346 est
594 317 623 347 ei
638 317 807 357 possibilis,
824 321 942 351 tamen,
959 316 985 345 si
1001 320 1205 355 comparetur
1220 313 1260 344 ad
1276 323 1312 344 ea
1328 321 1411 353 quae

345 365 420 390 sunt
443 365 528 390 extra
551 361 668 400 ipsum,
685 370 753 391 non
776 360 950 400 aequaliter
972 369 1006 390 se
1027 360 1122 389 habet
1137 358 1177 389 ad
1193 367 1307 389 omnes
1322 358 1410 392 situs,

345 403 401 434 sed
425 403 603 435 secundum
631 415 734 435 unum
762 405 859 434 situm
887 403 1027 434 nobilius
1057 403 1238 443 disponitur
1264 406 1411 441 respectu
1433 411 1442 432 ς

346 448 549 488 quorundam
574 458 672 489 quam
695 448 874 480 secundum
897 448 1012 478 aliurn:
1037 448 1119 478 sicut
1138 446 1247 487 quoad
1269 455 1329 476 nos
1351 454 1411 475 no-

346 492 440 523 bilius
464 492 644 533 disponitur
667 493 716 524 sol
738 494 772 523 in
795 492 846 523 die
871 501 969 532 quam
991 492 1025 522 in
1048 496 1155 522 nocte.
1179 491 1220 521 Et
1238 490 1312 520 ideo
1336 498 1411 529 pro-

346 537 450 568 babile
475 543 531 573 est,
556 547 631 568 cum
655 543 722 568 tota
744 538 910 568 innovatio
937 535 1051 566 mundi
1073 535 1113 565 ad
1135 535 1303 565 hominem
1327 532 1411 563 ordi-

345 586 456 618 netur,
480 581 570 622 quod
594 582 718 612 caelum
741 582 856 611 habeat
878 581 911 611 in
934 580 988 610 illa
1010 580 1152 610 novitate
1174 578 1411 609 nobilissimum

344 626 443 656 situm
459 626 516 666 qui
532 631 579 656 est
593 625 752 666 possibilis
768 626 801 656 in
817 630 964 665 respectu
979 623 1019 654 ad
1034 628 1176 654 nostram
1195 621 1409 652 habitabilem.
1426 631 1451 646 ιο

399 670 470 706 Vel,
494 670 673 700 secundum
697 669 866 710 quosdam,
891 668 1017 699 caelum
1044 668 1188 707 quiescet
1212 667 1245 696 in
1268 665 1324 695 illo
1348 665 1411 694 situ

345 715 379 744 in
395 723 462 754 quo
478 713 600 745 factum
618 714 695 744 fuit:
721 714 796 744 alias
819 713 925 752 aliqua
949 711 1108 742 revolutio
1132 710 1212 740 caeli
1234 713 1412 739 remaneret

343 758 550 799 incompleta.
567 777 590 781 —
605 758 668 789 Sed
683 759 742 788 ista
757 757 837 787 ratio
853 766 920 786 non
935 755 1061 786 videtur
1084 754 1289 784 conveniens.
1314 752 1409 789 Quia,

343 812 422 833 cum
445 803 551 842 aliqua
574 802 732 833 revolutio
756 802 795 831 sit
817 801 851 830 in
875 799 963 830 caelo
988 808 1072 839 quae
1086 807 1154 828 non
1170 797 1280 827 finitur
1302 796 1363 826 nisi
1377 796 1411 826 in

344 847 471 887 triginta
494 856 548 876 sex
574 846 715 876 millibus
742 853 901 875 annorum
917 844 944 879 ἦ
969 847 1155 883 sequeretur
1183 840 1273 881 quod
1300 839 1411 870 tandiu
1426 850 1448 871 ις

344 890 486 921 mundus
514 889 644 920 deberet
670 888 792 919 durare.
826 887 926 925 Quod
952 897 1020 917 non
1043 885 1168 916 videtur
1190 885 1366 926 probabile.
1389 902 1412 906 —

344 935 386 965 Et
408 939 579 975 praeterea,
599 932 779 964 secundum
801 933 866 962 hoc
889 937 998 972 posset
1021 931 1093 961 sciri
1117 929 1246 970 quando
1270 928 1411 959 mundus

344 978 429 1009 finiri
451 977 590 1008 deberet.
614 977 824 1008 Probabiliter
839 976 926 1006 enim
943 976 1102 1015 colligitur
1122 975 1161 1005 ab
1185 973 1352 1013 astrologis
1378 973 1410 1003 in

344 1032 412 1063 quo
435 1023 498 1052 situ
521 1031 658 1062 corpora
681 1021 828 1052 caelestia
850 1026 925 1051 sunt
947 1020 1039 1056 facta,
1057 1018 1257 1050 considerato
1273 1026 1411 1048 numero

344 1075 505 1097 annorum
532 1067 588 1107 qui
616 1071 845 1106 computantur
875 1065 914 1095 ab
944 1065 1037 1095 initio
1068 1063 1192 1094 mundi.
1223 1063 1264 1092 Et
1294 1061 1410 1092 eodem
1426 1072 1452 1086 ²⁰

344 1110 445 1142 modo
475 1116 584 1151 posset
613 1111 685 1141 sciri
715 1115 819 1140 certus
849 1118 1009 1140 annorum
1038 1117 1192 1139 numerus
1218 1108 1252 1137 in
1281 1116 1347 1146 quo
1372 1105 1411 1136 ad

345 1155 590 1196 dispositionem
619 1154 757 1186 similem
783 1158 1001 1184 reverteretur.
1034 1153 1180 1192 Tempus
1208 1156 1315 1182 autem
1338 1149 1412 1180 finis

345 1199 459 1231 mundi
482 1200 614 1240 ponitur
637 1208 705 1230 esse
728 1199 876 1239 ignotum
891 1199 918 1228 ’ἱ
1173 1206 1175 1208 ·

400 1245 451 1277 An
475 1253 584 1275 Nonum
607 1253 767 1274 mesanum
788 1242 878 1283 quod
900 1247 1029 1282 tempus
1053 1240 1251 1282 quandoque
1274 1238 1410 1274 deficiet,

345 1293 445 1320 motu
462 1287 542 1318 caeli
565 1287 744 1324 deficiente,
760 1297 821 1318 nec
836 1286 916 1317 illud
940 1296 1027 1317 nunc
1048 1286 1200 1316 ultimum
1223 1285 1281 1314 erit
1295 1283 1412 1323 princi·
1426 1292 1450 1313 25

345 1333 438 1374 pium
461 1331 569 1363 futuri.
593 1332 687 1363 Dicta
709 1332 796 1362 enim
820 1330 965 1362 definitio
988 1340 1056 1361 non
1080 1329 1172 1360 datur
1195 1327 1234 1359 de
1251 1337 1337 1358 nunc
1347 1327 1412 1358 nisi

346 1377 526 1408 secundum
548 1376 639 1417 quod
661 1382 709 1407 est
731 1376 923 1406 continuans
946 1380 1050 1415 partes
1073 1373 1245 1414 temporis:
1273 1381 1341 1402 non
1363 1380 1411 1401 se-

346 1420 491 1453 cundum
514 1420 604 1461 quod
628 1426 676 1451 est
697 1421 871 1451 terminans
893 1424 1000 1450 totum
1022 1424 1160 1458 tempus.

401 1466 453 1496 An
480 1475 621 1496 nitentum
646 1474 807 1495 menapum
833 1463 923 1504 quod
952 1468 1061 1494 motus
1092 1462 1170 1492 caeli
1200 1470 1269 1491 non
1299 1459 1414 1490 dicitur

346 1510 496 1541 naturalis
520 1510 612 1550 quasi
634 1510 674 1540 sit
696 1518 768 1549 pars
791 1514 942 1544 naturae,
974 1517 1013 1538 eo
1036 1506 1137 1537 modo
1166 1515 1233 1545 quo
1256 1504 1413 1545 principia
1428 1511 1454 1532 30

346 1559 478 1585 naturae
504 1553 660 1584 naturalia
688 1553 847 1584 dicuntur.
880 1552 950 1582 Nec
972 1552 1089 1582 iterum
1111 1551 1176 1580 hoc
1198 1548 1299 1579 modo
1323 1546 1414 1588 quod

346 1598 461 1629 habeat
482 1598 678 1639 principium
701 1597 841 1627 activum
856 1597 890 1627 in
905 1601 1018 1626 natura
1037 1595 1191 1635 corporis,
1208 1593 1264 1624 sed
1279 1592 1413 1632 recepti-

346 1652 426 1674 vum
447 1647 590 1673 tantum:
613 1638 809 1682 principium
831 1645 940 1671 autem
964 1640 1104 1670 activum
1128 1639 1196 1669 eius
1220 1642 1267 1668 est
1290 1638 1323 1667 in
1338 1636 1413 1666 sub-

346 1687 460 1718 stantia
482 1685 646 1726 spirituali,
663 1691 700 1716 ut
723 1684 799 1715 dicit
822 1684 1078 1719 Commentator,
1094 1683 1128 1713 in
1143 1682 1303 1723 principio
1322 1680 1414 1711 Caeli

346 1735 378 1762 et
391 1730 510 1763 Mundi
525 1731 552 1760 *.
575 1730 617 1760 Et
630 1729 705 1760 ideo
728 1739 797 1759 non
813 1734 860 1759 est
878 1728 1109 1759 inconveniens
1125 1727 1151 1757 si
1166 1736 1223 1767 per
1238 1725 1415 1756 novitatem
1429 1732 1451 1753 ³5

345 1774 466 1815 gloriae
488 1779 597 1805 motus
620 1774 673 1804 ille
696 1773 845 1804 tollatur:
875 1782 944 1803 non
968 1773 1070 1808 enim,
1094 1781 1134 1802 eo
1158 1770 1279 1806 ablato,
1302 1774 1415 1799 natura

347 1819 491 1859 corporis
514 1818 657 1849 caelestis
680 1818 860 1848 variabitur.

390 1863 488 1894 Ams
511 1872 663 1894 RATIONES
688 1861 915 1893 concedimus:
944 1860 1065 1892 scilicet
1087 1859 1166 1890 duas
1188 1859 1307 1899 primas
1331 1867 1414 1898 quae

347 1913 422 1939 sunt
447 1906 488 1938 ad
511 1907 714 1948 oppositum,
739 1907 816 1947 quia
843 1905 951 1937 debito
979 1904 1080 1935 modo
1108 1902 1318 1934 concludunt.
1351 1901 1415 1933 Sed

348 1952 424 1992 quia
453 1951 532 1983 aliae
563 1951 645 1982 duae
672 1950 821 1981 videntur
852 1949 1045 1981 concludere
1075 1948 1166 1988 quod
1195 1952 1304 1978 motus
1334 1946 1414 1977 caeli
1428 1957 1454 1978 ω

347 1996 530 2028 naturaliter
548 2001 663 2031 «cesset,
687 1995 761 2026 ideo
785 1993 1048 2034 respondendum
1071 1998 1118 2023 est
1140 1991 1180 2022 ad
1204 2001 1266 2022 eas.

402 2041 453 2071 An
476 2050 595 2071 ramam
609 2040 626 2057 ⁴'
650 2049 726 2080 ergo
751 2048 861 2070 earum
885 2038 1057 2069 dicendum
1081 2036 1171 2077 quod
1189 2041 1297 2078 motus
1314 2039 1414 2065 cessat

347 2094 388 2116 eo
411 2085 520 2115 habito
544 2090 675 2125 propter
698 2083 788 2124 quod
811 2088 872 2119 est,
897 2083 924 2112 si
946 2081 1025 2113 illud
1048 2086 1198 2121 sequatur
1221 2085 1358 2115 motum,
1383 2083 1415 2109 et

347 2139 416 2160 non
439 2129 675 2160 concomitetur
697 2128 815 2168 ipsum.
848 2126 930 2157 Illud
960 2132 1068 2157 autem
1095 2131 1227 2166 propter
1255 2123 1345 2164 quod
1368 2128 1415 2153 est

2453 150 2526 186 215

1525 225 1554 255 3.
1578 225 1781 261 Pnaaraaaa,
1810 227 1849 261 si,
1874 227 2026 258 innovato
2057 229 2199 265 homine,
2224 238 2360 269 corpora
2383 229 2529 259 caelestia

1465 269 1669 305 innoventur,
1695 275 1822 310 oportet
1846 270 1945 309 quod,
1963 280 2002 301 eo
2019 271 2221 309 deteriorato,
2237 272 2315 303 fiant
2330 272 2526 303 deteriorata.

1466 312 1529 343 Sed
1558 313 1622 343 hoc
1651 323 1719 344 non
1742 313 1867 344 videtur
1896 315 2078 353 probabile:
2113 326 2188 347 cum
2217 317 2269 347 illa
2300 326 2435 356 corpora
2467 317 2529 347 sint

1465 357 1659 387 invariabilia
1690 363 1848 397 quantum
1878 357 1918 387 ad
1948 367 2061 389 eorum
2091 361 2307 391 substantiam.
2340 361 2426 400 Ergo
2456 370 2527 396 nec,

1465 401 1620 431 innovato
1643 402 1786 438 homine,
1810 402 2058 432 innovabuntur.

1521 454 1552 484 4.
1576 445 1772 481 Pmararuza,
1797 446 1822 475 si
1845 451 1922 476 tunc
1947 445 2135 477 deteriorata
2160 447 2262 484 fuerit,
2288 454 2415 489 oportet
2439 447 2528 489 quod

1465 494 1589 519 tantum
1620 489 1809 520 deteriorata
1839 489 1934 520 fuerit
1961 495 2118 529 quantum
2149 491 2297 522 dicuntur
2325 502 2392 522 esse
2415 492 2528 523 melio-

1464 533 1562 563 randa
1588 534 1622 564 in
1650 534 1791 564 hominis
1820 534 2038 564 innovatione.
2073 534 2136 565 Sed
2166 535 2280 565 dicitur
2307 536 2403 566 Isaiae
2432 546 2492 566 xxx
2512 537 2528 553 ⁴*
2555 541 2565 550 ·

1465 577 1555 617 quod
1570 583 1647 608 tunc
1664 578 1727 608 erit
1741 578 1800 608 lux
1816 578 1914 608 lunae
1936 578 2019 608 sicut
2040 578 2098 609 lux
2113 579 2202 609 solis.
2226 579 2311 619 Ergo
2329 586 2359 610 et
2375 581 2408 610 in
2423 581 2528 620 primo

1465 626 1547 651 statu
1563 627 1636 652 ante
1651 627 1820 661 peccatum
1844 622 1920 652 luna
1944 622 2071 652 lucebat
2093 628 2250 662 quantum
2265 633 2352 653 nunc
2368 624 2454 654 lucet
2469 624 2527 654 sol.

1464 665 1561 704 Ergo,
1574 665 1848 706 quandocumque
1864 666 1940 696 luna
1956 671 2021 696 erat
2037 676 2132 707 super
2147 672 2272 703 terram,
2285 666 2419 697 faciebat
2434 667 2529 704 diem,

1464 709 1547 738 sicut
1569 719 1657 739 nunc
1678 710 1736 740 sol.
1761 710 1802 740 Et
1817 711 1881 740 hoc
1901 709 2068 740 manifeste
2092 716 2222 751 apparet
2245 720 2313 741 esse
2337 710 2451 741 falsum
2474 721 2530 751 per

1464 751 1497 782 id
1521 753 1610 792 quod
1634 753 1748 783 dicitur
1773 754 1886 784 Genes.
1911 765 1922 784 1
1938 755 1964 790 *,
1990 755 2080 794 quod
2103 755 2179 785 luna
2203 755 2284 785 facta
2307 760 2354 785 est
2378 760 2413 785 ut
2432 764 2530 795 prae-

1465 802 1547 827 esset
1569 798 1665 827 nocti.
1699 798 1803 838 Ergo,
1826 798 1959 828 homine
1989 805 2160 838 peccante,
2184 809 2252 829 non
2281 804 2356 829 sunt
2386 800 2531 830 caelestia

1465 850 1602 881 corpora
1625 841 1782 872 diminuta
1805 842 1936 873 lumine.
1962 843 2003 873 Et
2023 844 2066 873 ita
2088 853 2148 874 nec
2172 853 2285 874 eorum
2309 844 2419 874 lumen
2435 853 2530 884 auge-

1465 885 1559 921 bitur,
1583 891 1620 916 ut
1643 885 1776 923 videtur,
1801 887 1835 917 in
1857 887 1998 917 hominis
2020 887 2263 927 glorificatione.

1523 930 1551 960 5.
1576 929 1779 967 PRAETEREA,
1805 931 1927 962 claritas
1956 941 2130 971 corporum
2158 932 2343 963 caelestium
2367 931 2531 963 ordinatur

1466 973 1505 1004 ad
1527 983 1624 1004 usum
1647 975 1829 1012 hominum,
1845 977 1928 1006 sicut
1951 981 1983 1006 et
2006 976 2084 1007 aliae
2108 982 2277 1007 creaturae.
2302 975 2365 1007 Sed
2387 982 2462 1016 post
2482 986 2530 1007 re-

1465 1019 1695 1049 surrectionem
1727 1020 1849 1050 claritas
1880 1020 1956 1050 solis
1982 1030 2050 1051 non
2074 1020 2166 1051 cedet
2188 1021 2221 1051 in
2244 1021 2384 1051 hominis
2414 1030 2529 1051 usum:

1466 1062 1580 1093 dicitur
1603 1064 1689 1093 enim
1714 1063 1810 1094 Isaiae
1833 1065 1923 1095 Lx*:
1957 1065 2033 1095 Non
2064 1065 2127 1095 erit
2155 1065 2212 1095 tibi
2240 1065 2378 1105 amplius
2407 1066 2458 1095 sol
2488 1065 2532 1096 ad
2557 1073 2568 1084 ·

1466 1107 1636 1137 lucendum
1660 1117 1724 1148 per
1749 1108 1849 1145 diem,
1874 1107 1932 1139 r⁰1ec
1959 1109 2114 1149 splendor
2136 1110 2233 1140 lunae
2263 1109 2458 1140 illuminabit
2480 1115 2510 1140 te
2519 1117 2532 1147 ,⁶

1466 1156 1497 1181 et
1520 1152 1618 1191 Apoc.
1643 1162 1695 1182 xx¹
1710 1153 1743 1182 ἐ
1771 1152 1893 1184 Civitas
1916 1153 1973 1183 illa
1998 1163 2062 1183 non
2088 1159 2161 1195 eget
2181 1154 2250 1184 sole
2273 1163 2374 1194 neque
2397 1154 2475 1184 luna
2496 1159 2533 1185 ut
2557 1164 2568 1174 ·

1466 1196 1596 1226 luceant
1618 1196 1650 1226 in
1675 1206 1723 1226 ea.
1748 1196 1834 1237 Ergo
1859 1207 1972 1228 eorum
1997 1198 2118 1228 claritas
2141 1207 2209 1228 non
2232 1198 2408 1238 augebitur.

1522 1240 1552 1270 6.
1576 1240 1778 1277 Pmnmmm,
1803 1251 1871 1272 non
1898 1247 1980 1272 esset
2010 1243 2135 1282 sapiens
2166 1241 2276 1272 artifex
2307 1242 2364 1282 qui
2393 1242 2531 1272 maxima

1466 1284 1677 1314 instrumenta
1700 1284 1818 1315 faceret
1840 1285 1879 1316 ad
1903 1285 2035 1326 aliquod
2064 1286 2230 1316 modicum
2261 1285 2429 1316 artificium
2453 1295 2531 1316 con—

1466 1328 1664 1359 struendum.
1698 1329 1761 1359 Sed
1784 1329 1884 1360 homo
1909 1335 1955 1360 est
1979 1330 2143 1370 quoddam
2170 1331 2341 1360 minimum
2365 1339 2531 1370 compara-

1466 1372 1555 1402 tione
1586 1373 1770 1403 caelestium
1803 1383 1994 1414 corporum,
2023 1384 2105 1415 quae
2135 1384 2192 1405 sua
2222 1375 2343 1414 ingenti
2372 1375 2531 1415 magnitu-

1467 1415 1541 1446 dine
1575 1418 1666 1456 quasi
1697 1417 1988 1458 incomparabiliter
2019 1419 2159 1449 hominis
2194 1420 2404 1459 quantitatem
2440 1428 2531 1449 exce-

1467 1460 1567 1491 dunt:
1592 1462 1694 1492 immo
1718 1462 1813 1492 etiam
1836 1463 1934 1493 totius
1957 1468 2067 1499 terrae,
2085 1472 2168 1503 quae
2187 1473 2221 1493 se
2237 1463 2332 1493 habet
2351 1462 2391 1493 ad
2407 1463 2532 1493 caelum

1467 1510 1503 1535 ut
1526 1510 1666 1544 punctus
1689 1505 1729 1536 ad
1747 1506 1923 1546 sphaeram,
1940 1512 1976 1537 ut
1996 1507 2147 1547 astrologi
2170 1507 2281 1537 dicunt
2296 1508 2322 1537 ’ἢ
2348 1506 2434 1537 Cum
2455 1517 2531 1547 ergo

1467 1548 1556 1579 Deus
1579 1550 1619 1579 sit
1641 1551 1901 1590 sapientissimus,
1918 1560 1986 1581 non
2009 1551 2134 1581 videtur
2156 1551 2246 1591 quod
2268 1551 2340 1581 finis
2364 1552 2532 1582 creationis

1468 1593 1547 1623 caeli
1577 1594 1616 1624 sit
1645 1595 1756 1624 homo.
1789 1595 1831 1625 Et
1853 1595 1896 1625 ita
1921 1604 1989 1626 non
2013 1595 2137 1626 videtur
2167 1595 2273 1635 quod,
2298 1605 2338 1626 eo
2361 1601 2531 1635 peccante,

1469 1637 1594 1667 caelum
1618 1637 1845 1669 deterioratum
1869 1640 1926 1675 sit;
1957 1649 2035 1675 nec,
2060 1649 2099 1670 eo
2123 1639 2312 1679 glorificato,
2336 1639 2530 1670 melioretur.

1524 1681 1586 1712 San
1611 1692 1735 1712 CONTRA
1758 1693 1812 1713 sssr
1843 1683 1932 1724 quod
1962 1682 2077 1714 dicitur
2106 1684 2203 1714 Isaiae
2226 1694 2286 1713 xxx
2301 1685 2337 1713 *ε
2370 1683 2445 1714 Erit
2475 1684 2534 1714 lux

1469 1726 1567 1756 lunae
1588 1726 1672 1756 sicut
1694 1727 1754 1757 lux
1775 1727 1863 1763 solis,
1889 1733 1920 1758 et
1942 1728 2002 1757 lux
2023 1728 2102 1758 solis
2124 1728 2377 1768 septempliciter.

1524 1779 1554 1800 2.
1578 1769 1779 1807 pannum,
1803 1777 1891 1802 totus
1918 1771 2059 1802 mundus
2086 1772 2292 1802 innovabitur
2318 1772 2351 1802 in
2374 1772 2489 1802 melius
2505 1773 2532 1802 *.

1468 1813 1532 1845 Sed
1555 1815 1680 1845 caelum
1704 1821 1751 1846 est
1773 1816 1913 1846 nobilior
1935 1826 2007 1856 pars
2030 1816 2143 1846 mundi
2174 1816 2357 1856 corporalis.
2390 1816 2476 1856 Ergo
2500 1816 2533 1846 in

1467 1858 1583 1889 melius
1612 1860 1797 1890 mutabitur.
1831 1860 1894 1891 Sed
1916 1861 1980 1891 hoc
2003 1869 2070 1891 non
2098 1866 2205 1901 potest
2235 1869 2303 1890 esse
2330 1861 2390 1890 nisi
2419 1861 2533 1891 maiori

1469 1902 1607 1933 claritate
1630 1904 1840 1943 resplendeat.
1863 1905 1949 1945 Ergo
1974 1910 2094 1935 crescet
2117 1905 2185 1935 eius
2209 1905 2340 1935 claritas.

1525 1947 1556 1977 3.
1579 1947 1776 1985 Pani-anna,
1802 1949 1907 1979 omnis
1929 1953 2082 1980 creatura
2105 1959 2187 1990 quae
2210 1948 2393 1990 ingemiscit
2409 1954 2441 1979 et
2451 1957 2532 1989 par-

1468 1991 1556 2027 turit,
1573 1997 1720 2031 expectat
1742 1994 1971 2023 revelationem
1993 1993 2124 2035 gloriae
2136 1993 2279 2034 futurae
2290 1993 2443 2034 filiorum
2458 1993 2531 2029 Dei,

1467 2041 1504 2065 ut
1527 2035 1642 2066 dicitur
1663 2036 1756 2067 Rom.
1781 2047 1836 2067 vm
1851 2039 1877 2067 ἦ
1912 2037 1974 2068 Sed
2002 2037 2098 2068 etiam
2127 2047 2262 2077 corpora
2290 2037 2435 2067 caelestia
2458 2042 2532 2068 sunt

1468 2079 1664 2116 huiusmodi,
1681 2086 1717 2110 ut
1740 2081 1860 2112 ibidem
1884 2081 1959 2112 dicit
1983 2081 2097 2112 Glossa
2112 2083 2138 2111 *ἦ
2163 2082 2249 2122 Ergo
2274 2087 2441 2121 expectant
2463 2082 2532 2122 glo-

1468 2125 1547 2154 riam
1570 2130 1764 2155 sanctorum.
1789 2125 1852 2156 Sed
1874 2135 1942 2156 non
1965 2131 2168 2166 expectarent
2189 2126 2250 2156 nisi
2273 2135 2311 2155 ex
2334 2126 2398 2156 hoc
2417 2126 2461 2156 eis
2477 2126 2532 2156 ali-

347 2178 456 2204 motus
480 2172 623 2203 caelestis
645 2171 825 2203 secundum
845 2171 1068 2211 philosophos,
1089 2169 1325 2200 concomitatur
1342 2176 1414 2198 mo·
1428 2178 1452 2198 45
1469 2168 1547 2208 quid
1570 2175 1772 2200 accresceret.
1796 2170 1882 2210 Ergo
1907 2170 2028 2200 claritas
2052 2171 2096 2200 eis
2119 2179 2177 2210 per
2199 2170 2262 2200 hoc
2285 2174 2452 2206 accrescet,
2469 2180 2532 2211 qua

347 2223 437 2248 tum:
461 2217 582 2248 scilicet
596 2217 732 2247 imitatio
757 2216 882 2247 divinae
904 2215 1054 2246 bonitatis
1069 2215 1103 2245 in
1119 2213 1302 2245 causalitate
1317 2221 1414 2252 quam

347 2262 444 2292 habet
465 2270 562 2301 super
584 2260 743 2292 inferiora.
771 2261 813 2291 Et
835 2259 909 2290 ideo
932 2269 1001 2290 non
1024 2264 1154 2299 oportet
1176 2257 1266 2298 quod
1288 2261 1415 2287 natura-

349 2306 420 2337 liter
441 2310 550 2336 motus
573 2305 626 2336 ille
650 2300 772 2336 cesset!

403 2350 454 2380 An
467 2359 630 2380 sacunnan
641 2359 801 2380 rumorum
812 2350 828 2366 ⁴*
840 2348 1014 2380 dicendum
1026 2346 1126 2388 quod,
1140 2346 1286 2387 quamvis
1297 2345 1415 2375 immo—

349 2394 453 2425 bilitas
475 2394 515 2424 sit
538 2394 722 2434 simpliciter
744 2393 884 2424 nobilior
907 2402 1005 2434 quam
1028 2397 1152 2427 motus,
1175 2396 1283 2421 tamen
1307 2394 1416 2419 motus

348 2439 383 2469 in
398 2448 438 2469 eo
455 2437 545 2479 quod
559 2443 667 2478 potest
681 2447 739 2478 per
753 2443 881 2468 motum
900 2437 1055 2477 consequi
1078 2436 1218 2476 aliquam
1241 2433 1415 2475 perfectam

349 2483 626 2523 participationem
650 2482 775 2513 divinae
798 2482 958 2519 bonitatis,
976 2486 1023 2512 est
1039 2480 1180 2511 nobilior
1203 2487 1301 2519 quam
1325 2478 1416 2518 quies

349 2528 383 2558 in
397 2527 455 2558 fflo
471 2526 561 2567 quod
575 2526 666 2557 nullo
683 2525 783 2557 modo
799 2535 857 2566 per
871 2531 999 2557 motum
1014 2530 1123 2565 posset
1138 2524 1225 2554 illam
1245 2521 1415 2563 perfectio-

349 2581 426 2602 nem
449 2571 616 2611 consequi.
649 2571 690 2601 Et
712 2571 836 2601 ratione
865 2571 924 2601 hac
954 2575 1052 2605 terra,
1077 2578 1160 2609 quae
1190 2573 1238 2598 est
1266 2565 1416 2597 infimum

351 2624 536 2656 corporum,
553 2620 600 2645 est
623 2615 691 2645 sine
714 2620 826 2645 motu:
851 2615 996 2655 quamvis
1019 2614 1088 2654 ipse
1107 2613 1205 2648 Deus,
1223 2611 1279 2652 qui
1295 2615 1343 2641 est
1355 2620 1416 2641 no-

350 2660 521 2690 bilissimus
545 2669 662 2695 rerum,
686 2659 755 2689 sine
777 2664 870 2689 motu
894 2659 943 2696 sit,
967 2669 986 2689 a
1009 2667 1074 2699 quo
1099 2666 1236 2697 corpora
1257 2655 1417 2686 nobiliora

350 2709 532 2734 moventur.
564 2703 605 2734 Et
627 2702 702 2734 inde
725 2708 772 2734 est
795 2704 890 2734 etiam
921 2702 1012 2743 quod
1034 2707 1143 2732 motus
1167 2708 1341 2740 corporum
1364 2708 1417 2729 su-

350 2749 516 2788 periomm
538 2752 670 2788 possent
693 2747 773 2788 poni
795 2746 975 2778 secundum
997 2747 1083 2777 viam
1105 2750 1236 2776 naturae
1259 2743 1416 2784 perpetui,

350 2802 411 2823 nec
435 2801 580 2833 unquam
603 2793 643 2822 ad
667 2792 810 2831 quietem
836 2792 1013 2827 terminari,
1038 2790 1184 2831 quamvis
1206 2793 1315 2819 motus
1338 2786 1418 2818 infe-

351 2837 474 2868 riorum
498 2845 673 2876 corporum
696 2835 736 2866 ad
759 2836 902 2875 quietem
925 2836 1122 2866 terminetur.

596 2893 695 2924 ART.
722 2893 773 2923 111.
797 2903 902 2923 uranu
925 2903 958 2923 m
981 2901 1172 2923 communius

396 2947 598 2969 canusa-raus
623 2947 770 2968 cmm-ras
786 2947 935 2968 auoaNDA
951 2947 997 2968 sn·
1013 2947 1045 2967 m
1068 2946 1139 2966 ILLA
1163 2942 1376 2965 nmovxnona

424 2988 493 3017 Κεφ.
508 2987 542 3010 ad
554 2988 617 3010 XLI!
629 2988 707 3015 artic„
723 2991 763 3010 art.
781 2993 865 3012 xxxvi:
879 2987 948 3015 Resp.
964 2986 999 3008 ad
1011 2986 1106 3008 XXXVI
1119 2985 1198 3011 artie„
1212 2988 1256 3006 art.
1270 2989 1346 3009 xxvxi:

710 3014 748 3036 Ad
761 3014 832 3041 Heb„
848 3020 899 3042 cap.
914 3020 956 3041 xn,
971 3014 1023 3036 lect.
1039 3020 1062 3035 v.

1468 2214 1640 2253 praecipue
1664 2213 1864 2244 decorantur.

1524 2258 1713 2288 Rusponnno
1746 2268 1906 2288 mcanmm
1939 2258 2029 2298 quod
2058 2257 2098 2288 ad
2127 2259 2191 2289 hoc
2222 2259 2387 2288 innovatio
2419 2258 2533 2289 mundi

1470 2301 1634 2332 ordinatur
1654 2307 1690 2332 ut
1709 2302 1743 2332 in
1765 2302 1890 2333 mundo
1913 2303 2067 2333 innovato
2097 2302 2271 2333 manifestis
2294 2302 2419 2332 indiciis
2443 2303 2533 2343 quasi

1470 2346 1657 2376 sensibiliter
1684 2346 1773 2377 Deus
1801 2347 1840 2376 ab
1863 2347 1996 2378 homine
2025 2346 2168 2377 videatur
2182 2348 2209 2377 ὓ.
2243 2346 2395 2377 Creatura
2425 2352 2534 2377 autem

1431 2402 1456 2422 5⁰
1469 2391 1641 2430 praecipue
1664 2391 1698 2420 in
1722 2391 1782 2421 Dei
1806 2392 2025 2431 cognitionem
2049 2391 2137 2422 ducit
2159 2401 2216 2421 sua
2236 2391 2342 2431 specie
2359 2396 2390 2421 et
2406 2390 2532 2428 decore,

1470 2444 1552 2475 quae
1567 2434 1771 2465 manifestant
1786 2436 1974 2475 sapientiam
1997 2435 2140 2466 facientis
2156 2441 2188 2465 et
2203 2435 2422 2476 gubernantis:
2447 2434 2534 2466 unde

1469 2478 1585 2509 dicitur
1607 2479 1682 2519 Sap.
1706 2489 1761 2509 xm
1775 2480 1808 2509 ἢ
1838 2480 1865 2510 Α
1889 2479 2114 2521 magnitudine
2135 2480 2252 2519 speciei
2274 2479 2536 2521 cognoscibiliter

1463 2528 1597 2564 poterat
1612 2523 1715 2554 videri
1732 2523 1872 2554 Creator
1885 2534 2008 2554 eorum.
2024 2523 2211 2554 Pulcritudo
2227 2529 2335 2554 autern
2351 2523 2535 2554 caelestium

1470 2577 1644 2608 corporum
1662 2568 1835 2608 praecipue
1858 2569 2002 2599 consistit
2024 2569 2057 2598 in
2080 2568 2171 2598 luce:
2200 2568 2287 2599 unde
2301 2568 2402 2598 Eccli.
2426 2578 2500 2598 xmn
2519 2569 2536 2585 ⁴*

1431 2622 1454 2643 55
1471 2611 1599 2642 dicitur:
1615 2611 1742 2652 Species
1760 2612 1843 2643 caeli
1856 2613 1968 2654 gloria
1982 2613 2161 2649 stellarum,
2177 2612 2332 2643 mundum
2349 2612 2537 2643 illuminans

1472 2656 1504 2686 in
1528 2657 1664 2687 excelsis
1685 2656 1857 2687 Dominus.
1881 2657 1923 2687 Et
1945 2656 2018 2687 ideo
2042 2657 2214 2697 praecipue
2238 2662 2395 2696 quantum
2419 2655 2458 2686 ad
2474 2657 2536 2686 cla-

1471 2701 1596 2731 ritatem
1619 2710 1755 2741 corpora
1779 2701 1924 2731 caelestia
1946 2701 2209 2731 meliorabuntur.
2237 2701 2405 2739 Quantitas
2428 2706 2536 2731 autem

1473 2750 1504 2775 et
1526 2744 1643 2775 modus
1670 2745 1900 2775 meliorationis
1927 2743 1984 2775 illi'
2000 2745 2060 2775 soli
2088 2745 2216 2785 cog-nita
2239 2750 2286 2775 est
2309 2746 2365 2785 qui
2388 2745 2447 2775 erit
2468 2754 2536 2775 me-

1472 2789 1649 2819 liorationis
1671 2789 1804 2820 Auctor.

1527 2833 1579 2863 An
1607 2843 1725 2863 panum
1755 2842 1838 2863 aaoo
1871 2842 2031 2863 meatuum
2063 2832 2153 2873 quod
2184 2833 2266 2872 ignis
2298 2841 2437 2872 purgans
2468 2842 2537 2863 non

1474 2877 1616 2907 causabit
1644 2877 1861 2907 innovationis
1893 2876 2047 2913 formam,
2078 2876 2133 2907 sed
2163 2876 2311 2916 disponet
2342 2881 2467 2907 tantum
2497 2876 2537 2907 ad

1475 2930 1556 2957 eam,
1572 2921 1739 2961 purgando
1764 2931 1782 2951 a
1805 2920 1956 2951 foeditate
1978 2922 2111 2961 peccati,
2129 2926 2160 2951 et
2181 2921 2219 2951 ab
2242 2921 2424 2961 impuritate
2447 2930 2536 2951 com-

1474 2965 1637 2995 mixtionis
1651 2966 1679 3001 '‚
1696 2975 1779 3005 quae
1802 2965 1835 2995 in
1859 2965 2047 3005 corporibus
2064 2965 2251 2995 caelestibus
2274 2974 2342 2995 non
2365 2965 2535 2995 invenitur.

1475 3009 1562 3045 Ideo,
1587 3009 1732 3049 quamvis
1755 3018 1891 3049 corpora
1914 3009 2059 3039 caelestia
2081 3018 2138 3049 per
2160 3010 2269 3050 ignem
2290 3018 2359 3040 non
2382 3010 2444 3039 sint
2461 3018 2537 3050 pur-

356 3068 438 3131 ΑΒ
458 3067 594 3088 narrum
615 3067 661 3088 sm
681 3066 885 3087 Paocamrua.
909 3055 1044 3087 Videtur
1063 3053 1153 3095 quod
1175 3054 1209 3084 in
1233 3051 1421 3092 corporibus
1435 3062 1459 3088 ες
1474 3053 1587 3093 ganda,
1611 3058 1686 3083 sunt
1707 3059 1815 3084 tamen
1840 3053 1989 3084 divinitus
2012 3052 2204 3084 innovanda.

418 3101 606 3133 caelestibus
639 3101 761 3132 claritas
788 3111 856 3131 non
884 3105 1037 3140 augeatur
1059 3100 1093 3130 in
1121 3098 1174 3129 illa
1201 3096 1419 3128 innovatione.

354 3145 522 3176 Innovatio
546 3147 632 3176 enim
655 3146 689 3176 in
710 3146 899 3185 corporibus
923 3144 1141 3185 superioribus
1161 3142 1219 3172 erit
1237 3150 1294 3181 per
1312 3141 1420 3180 ignem

354 3194 554 3229 purgantem.
578 3189 642 3221 Sed
664 3190 746 3230 ignis
768 3199 908 3230 purgans
931 3197 1100 3229 nunquam
1123 3186 1274 3227 pertingit
1294 3184 1334 3215 ad
1350 3193 1421 3214 cor·
1474 3187 1509 3216 in
1532 3195 1565 3216 se
1589 3185 1823 3222 consideratur,
1848 3195 1923 3216 cum
1950 3186 1990 3216 sit
2012 3191 2103 3216 actus
2126 3186 2305 3227 imperfecti
2324 3186 2360 3215 *t

1529 3097 1580 3127 An
1605 3107 1767 3127 sncunmm
1789 3107 1949 3127 mmmmm
1972 3097 2062 3137 quod
2084 3103 2192 3128 motus
2215 3107 2283 3128 non
2306 3098 2458 3137 importat
2481 3097 2537 3127 ali-

1475 3151 1573 3182 quam
1596 3140 1828 3182 perfectionem
1848 3142 1881 3172 in
1898 3151 1938 3172 eo
1962 3141 2052 3182 quod
2074 3147 2224 3172 movetur
2247 3141 2425 3172 secundum
2448 3140 2539 3193 quod

2392 3195 2538 3226 quamvis

355 3242 435 3273 pora
457 3233 603 3264 caelestia
617 3235 645 3264 '.
668 3234 755 3274 Ergo
777 3243 912 3274 corpora
937 3233 1083 3264 caelestia
1097 3241 1166 3262 non
1181 3229 1421 3261 innovabuntur
1474 3230 1576 3270 possit
1597 3230 1755 3270 pertinere
1779 3229 1819 3260 ad
1841 3229 2073 3270 perfectionem
2104 3230 2246 3270 corpon‘s
2275 3231 2468 3270 inquantum
2492 3235 2539 3260 est

356 3286 413 3317 per
434 3277 564 3308 maioris
587 3277 734 3309 claritatis
756 3279 1009 3319 perceptionem.

358 3373 453 3395 causa
478 3365 692 3404 generationis
714 3366 748 3397 in
770 3366 836 3396 istis
858 3365 1078 3402 inferioribus,
1102 3365 1145 3395 ita
1169 3368 1200 3394 et
1223 3371 1280 3402 per
1302 3361 1419 3391 lucem.

357 3407 430 3444 Sed,
448 3413 590 3438 cessante
612 3410 826 3448 generatione,
844 3411 978 3441 cessabit
1000 3415 1119 3445 motus,
1136 3414 1172 3439 ut
1187 3407 1309 3438 dictum
1330 3409 1378 3435 est
1392 3405 1419 3434 ’ἦ

357 3452 444 3492 Ergo
474 3452 616 3482 similiter
646 3453 779 3484 cessabit
807 3453 862 3484 lux
890 3454 1075 3485 caelestium
1105 3460 1296 3493 corporum,
1320 3457 1421 3489 magls

358 3505 456 3537 quam
479 3501 641 3536 augeatur.

1434 3287 1461 3307 70
1475 3284 1569 3304 causa
1592 3274 1735 3305 alicuius.
1760 3273 1823 3305 Sed
1845 3274 1900 3304 lux
1922 3275 2059 3314 pertinet
2081 3273 2121 3304 ad
2139 3273 2371 3314 perfectionem
2394 3283 2434 3304 co
2475 3274 2538 3304 oris

413 3329 443 3351 2.
466 3320 662 3357 Ριωιτκωμ,
685 3322 768 3353 sicut
791 3331 927 3362 corpora
950 3321 1096 3352 caelestia
1118 3329 1176 3360 per
1196 3322 1324 3349 motum
1346 3320 1421 3346 sunt
1474 3318 1610 3349 lucentis
1633 3319 1728 3348 etiam
1743 3319 1777 3348 in
1792 3318 1966 3349 substantia
1988 3328 2046 3348 sua
2069 3317 2268 3349 considerati.
2292 3318 2334 3349 Et
2348 3283 2472 3359 ide0‚rg

1435 3509 1459 3530 75
1474 3495 1550 3526 Erit
1579 3495 1638 3526 lux
1669 3495 1766 3526 lunae
1794 3495 1878 3526 sicut
1906 3495 1966 3526 lux
1994 3495 2089 3531 solis,
2115 3495 2191 3526 dicit
2220 3494 2384 3526 GIossa':

2473 3323 2538 3348 ost-

1475 3372 1574 3403 quam
1597 3372 1714 3403 corpus
1738 3363 1872 3393 caeleste
1895 3361 2018 3393 desinet
2033 3372 2101 3393 esse
2117 3372 2212 3393 causa
2230 3362 2454 3403 generationis,
2470 3371 2538 3393 non

1475 3407 1652 3437 remanebit
1674 3411 1792 3443 motus,
1816 3406 1872 3437 sed
1895 3407 2070 3437 remanebit
2094 3406 2215 3437 claritas
2239 3407 2317 3437 eius.

1530 3451 1581 3481 An
1609 3460 1744 3481 Taurum
1773 3460 1932 3481 DICENDUM
1960 3450 2050 3491 quod
2080 3460 2176 3491 super
2205 3450 2284 3481 illud
2314 3450 2411 3481 Isaiae
2422 3459 2495 3524 ὅσα
2511 3451 2538 3501 J,

2451 3503 2539 3525 mnia

2582 539 2650 562 Vera.
2666 540 2709 562 26-

2558 766 2568 775 ·
2583 765 2650 787 Vers.
2666 765 2700 787 16.

2582 1072 2648 1094 Vera.
2665 1078 2699 1100 ¹9·

2582 1164 2648 1186 Vera.
2664 1170 2697 1192 ²3·

2559 1517 2569 1526 ·
2579 1515 2615 1537 Cf.
2625 1515 2728 1538 Aristot.
2740 1515 2771 1537 de

2560 1541 2625 1572 Cael.
2639 1544 2664 1563 et
2678 1541 2770 1569 Mund„

2558 1568 2770 1643 ¹:¹¹m'sh'125

2559 1691 2571 1702 '
2584 1690 2651 1712 Vers.
2666 1691 2702 1712 26.

2560 1774 2570 1784 ·
2585 1773 2621 1795 cf.
2636 1777 2678 1795 art.
2694 1780 2712 1795 ι.

2560 2041 2569 2050 ·
2585 2039 2651 2061 Vers.
2669 2045 2704 2066 ¹9,
2720 2045 2754 2061 22.

2560 2086 2569 2095 ·
2582 2084 2635 2106 Ord.
2651 2088 2673 2105 et
2687 2084 2771 2105 Lornb.

2560 2110 2773 2132 exPseudo-Ambr.

2561 2356 2572 2366 ·
2586 2354 2621 2376 Cs.
2637 2358 2679 2377 art.
2695 2361 2713 2377 ι.

2562 2483 2572 2493 ·
2586 2481 2653 2503 Vera.
2667 2487 2690 2510 5.

2563 2575 2573 2585 ·
2587 2573 2653 2595 Vers.
2671 2579 2706 2594 ιο.

2564 2972 2574 2982 ·
2588 2971 2625 2993 cf.
2639 2977 2677 2999 qu.
2693 2976 2776 2998 miv,

2564 3001 2606 3020 nrt.
2623 3004 2643 3025 ι,
2656 3003 2677 3019 2.

2565 3198 2575 3208 ·
2580 3196 2678 3218 Aristot.
2683 3196 2776 3223 Physic.

2565 3223 2606 3245 lib.
2619 3223 2665 3250 111,
2680 3229 2730 3250 cap.
2745 3229 2776 3249 ιι,

2564 3249 2716 3298 gif-8112.
2724 3250 2777 3271 lect.

2567 3461 2575 3469 ¹
2590 3458 2656 3480 Vera.
2670 3458 2707 3479 26.

2566 3503 2576 3513 ·
2589 3501 2691 3523 lnterlin.
