2918 4088
53 796 67 808 ¹¹
80 794 146 817 Vm.
161 800 193 822 ²5-

3 915 9 920 .
54 899 268 923 ‘Hom.XC1inter

7 933 11 951 ῑ
55 926 118 955 Opp.
133 926 215 949 Bedne.

53 1695 65 1707 ·
79 1693 144 1716 Ven-
158 1692 195 1716 26.

61 2882 131 2904 *AL
155 2881 188 2904 ad
212 2881 274 2904 Neo-

13 2905 33 2960 i?
58 2908 132 2964 fimi.
137 2908 275 2958 dieiss‘f‘fli

18 2961 30 2990 ζ
63 2941 154 2988 (lutei-0
189 2962 234 2984 .Au
251 2963 273 2987 ).

20 2967 264 3070 {222²

157 3041 187 3064 de
212 3040 275 3064 Con-

21 3068 28 3082 ”
63 3073 133 3096 seer„
149 3067 203 3090 dist.
217 3067 257 3089 1v.

949 187 1212 235 QUAESTIO
1242 187 1381 233 LXVI,

348 269 572 305 REsponm-:o
605 280 787 305 DICENDUM
820 267 926 316 quod
955 279 1057 316 aqua
1085 265 1291 303 assumitur
1318 264 1357 301 in

295 328 534 358 sacramento
563 320 742 369 baptismi
770 321 818 357 ad
846 332 964 357 usum
992 318 1196 356 ablutionis
1224 329 1357 367 corpo-

293 373 393 420 ralis,
421 385 491 422 per
518 385 638 422 quam
658 373 891 422 significatur
918 371 1074 409 interior
1100 370 1244 408 ablutio
1272 381 1357 419 pec-

295 433 480 463 catorum.
515 426 671 463 Ablutio
699 433 829 463 autem
857 425 940 462 fieri
968 431 1092 484 potest
1118 435 1188 473 per
1214 434 1358 481 aquam

294 491 375 516 non
403 480 531 516 solum
558 491 629 528 per
656 479 821 516 modum
849 476 1118 522 immersionis,
1148 476 1215 513 sed
1244 475 1355 512 etiam

294 543 364 582 per
390 531 555 569 modum
584 531 813 581 aspersionis
841 532 903 568 vel
930 529 1139 568 effusionis.
1181 529 1230 565 Et
1257 527 1356 575 ideo,

295 584 475 644 quamvis
502 584 620 622 tutius
639 585 685 622 sit
711 583 903 634 baptizare
930 594 1016 642 per.
1017 581 1211 619 modum
1202 593 1358 618 1mmer-

295 636 424 685 sionis,
454 637 546 687 quia
573 638 649 675 hoc
676 637 792 674 habet
818 634 1067 673 communior
1092 646 1205 679 usus3
1234 641 1359 693 potest

295 698 426 727 tamen
453 690 537 727 fieri
565 689 779 739 baptismus
812 701 882 738 per
909 688 1074 725 modum
1107 686 1356 736 aspersionis3

295 744 358 781 vel
385 742 500 781 etiam
526 755 597 792 per
614 742 780 780 modum
799 740 1009 786 effusionis,
1030 740 1247 777 secundum
1265 739 1358 776 illud

296 796 435 833 Ezech.
456 802 563 833 xxxvx
582 795 613 841 ²¹⁸,
641 794 847 844 Effundam
874 806 986 843 super
1002 806 1069 831 vos
1096 805 1234 842 aquam
1253 805 1358 829 mun·

295 849 405 895 dam,
440 848 536 885 sicut
572 855 608 884 et
639 847 774 884 beatus
805 845 1035 884 Laurentius
1069 845 1204 894 legitur
1237 845 1358 894 bapti-

294 913 400 939 zasse
418 900 449 938 *.
485 901 534 938 Et
560 901 638 938 hoc
663 899 870 949 praecipue
897 907 1055 948 propter
1082 898 1356 935 necessitatem.

294 954 365 991 Vel
399 952 491 1002 quia
519 961 575 990 est
608 965 748 1002 magna
779 951 984 990 multitudo
1013 951 1355 1001 baptizandorum:

295 1005 391 1044 sicut
418 1013 521 1055 patet
547 1006 628 1043 Act.
650 1018 671 1042 11
689 1005 709 1027 ¹*
729 1013 765 1043 et
783 1018 818 1043 ιν
836 1005 887 1052 **,
907 1004 975 1042 ubi
995 1004 1133 1042 dicitur
1152 1005 1259 1054 quod
1279 1017 1357 1042 cre-

294 1058 474 1096 diderunt
501 1071 581 1096 una
608 1058 669 1096 die
697 1058 767 1096 tria
786 1057 914 1106 millia,
936 1066 972 1095 et
990 1057 1063 1095 alia
1082 1057 1254 1107 quinque
1273 1057 1357 1094 mil-

294 1111 355 1149 lia.
377 1111 626 1160 Quandoque
641 1119 771 1148 autem
790 1119 914 1160 potest
932 1110 1135 1148 imminere
1155 1110 1357 1148 necessitas

293 1172 452 1214 propter
478 1164 710 1225 paucitatem
738 1177 882 1214 aquae;
915 1165 978 1201 vel
1004 1171 1162 1214 propter
1189 1163 1357 1201 debilita-

294 1225 373 1255 tem
401 1217 574 1265 ministri,
604 1217 672 1267 qui
692 1230 774 1255 non
791 1225 917 1267 potest
935 1224 1144 1254 sustentare
1163 1217 1356 1266 baptizan-

294 1271 411 1317 dum;
433 1272 495 1308 vel
514 1278 671 1321 propter
689 1270 922 1308 debilitatem
941 1269 1169 1319 baptizandi,
1190 1269 1253 1307 cui
1271 1282 1357 1318 pos-

295 1331 351 1360 set
378 1323 582 1364 imminere
608 1323 825 1373 periculum
853 1323 986 1360 mortis
1021 1336 1068 1360 ex
1095 1323 1355 1360 immersione.

295 1377 345 1414 Et
371 1375 460 1414 ideo
494 1376 703 1414 dicendum
732 1384 787 1413 est
823 1376 931 1426 quod
958 1375 1155 1413 immersio
1193 1388 1274 1413 non
1302 1383 1358 1413 est

295 1429 344 1467 de
371 1429 592 1467 necessitate
621 1429 811 1479 baptismi.

349 1483 407 1519 AD
435 1495 570 1520 PmMUM
598 1495 696 1520 ERGO
724 1495 906 1520 DICENDUM
934 1482 1042 1531 quod
1071 1494 1116 1518 ea
1143 1494 1244 1530 quae
1270 1489 1358 1518 sunt

269 1577 271 1579 ,
294 1547 365 1584 per
391 1534 585 1583 accidens,
614 1547 696 1572 non
722 1535 871 1572 variant
898 1534 1150 1572 substantiam
1178 1534 1242 1571 rei.
1285 1535 1359 1571 Per

295 1599 336 1626 se
364 1595 492 1625 autem
522 1587 727 1637 requiritur
745 1588 793 1625 ad
813 1587 1050 1636 baptismum
1069 1586 1276 1636 corporalis
1295 1587 1358 1623 ab-

294 1639 388 1677 lutio
421 1652 492 1690 per
519 1653 682 1690 aquam:
719 1640 824 1677 unde
853 1648 889 1677 et
916 1639 1130 1688 baptismus
1165 1640 1358 1677 lavacrum

294 1692 530 1740 nominatur,
555 1693 773 1730 secundum
791 1692 886 1730 illud
903 1694 1036 1742 Ephes.
1057 1705 1081 1729 v
1100 1692 1134 1729 *ε
1164 1693 1359 1730 Mundans

294 1756 378 1783 eam
397 1746 551 1784 lavacro
579 1758 700 1796 aquae
727 1748 764 1783 in
798 1747 912 1784 verbo
930 1747 1037 1784 vitae.
1070 1745 1146 1782 Sed
1166 1745 1274 1794 quod
1292 1745 1360 1782 fiat

294 1797 439 1837 ablutio
467 1799 544 1836 hoc
571 1800 634 1836 vel
659 1799 723 1836 illo
753 1799 886 1846 modo,
916 1797 1051 1835 accidit
1077 1798 1281 1847 baptismo.
1312 1799 1360 1835 Et

294 1850 382 1889 ideo
410 1851 492 1889 talis
520 1851 718 1889 diversitas
742 1863 824 1889 non
842 1851 936 1889 tollit
963 1851 1150 1888 unitatem
1168 1851 1359 1900 baptismi.

1411 185 1704 222 ARTICULUS
1732 186 1813 222 vm
2417 187 2465 235 73

1465 265 1522 300 AD
1560 276 1748 301 SECUNDUM
1785 276 1966 301 DICENDUM
2003 266 2110 313 quod
2147 265 2186 302 in
2222 266 2470 303 immersione

1413 316 1627 366 expressius
1655 324 1958 365 repraesentatur
1984 317 2107 365 figura
2126 319 2341 366 sepulturae
2362 319 2470 356 Chri-

1413 369 1475 406 sti:
1516 377 1552 405 et
1579 369 1667 406 ideo
1703 368 1765 405 hic
1792 370 1934 406 modus
1962 369 2179 418 baptizandi
2213 378 2267 407 est
2295 383 2470 408 commu-

1413 421 1499 459 nior
1526 430 1562 459 et
1589 421 1826 459 laudabilior.
1858 422 1934 459 Sed
1954 421 1993 458 in
2012 422 2092 459 aliis
2111 422 2237 459 modis
2255 424 2471 472 baptizandi

1413 482 1717 524 repraesentatur
1748 474 1878 524 aliquo
1913 475 2054 522 modo,
2092 475 2177 512 licet
2213 488 2293 512 non
2328 476 2377 513 ita
2409 489 2470 513 ex-

1412 540 1562 577 presse:
1606 539 1719 574 nam,
1758 539 2009 576 quocumque
2047 528 2167 564 modo
2204 528 2271 565 fiat
2307 529 2469 576 ablutio,

1413 593 1554 630 corpus
1589 580 1778 628 hominis,
1816 582 1878 617 vel
1916 580 2043 629 aliqua
2077 593 2165 629 pars
2203 581 2302 627 eius,
2349 594 2471 630 aquae

1414 633 1655 683 supponitur,
1675 633 1771 670 sicut
1799 645 1940 682 corpus
1960 633 2098 670 Christi
2126 633 2194 670 fuit
2211 634 2381 683 positum
2400 635 2472 671 sub

1412 694 1522 724 terra.

1466 741 1523 776 AD
1543 751 1701 776 TERTmM
1719 751 1901 776 DICENDUM
1921 738 2028 788 quod
2049 738 2266 788 principalis
2285 751 2372 788 pars
2391 752 2472 777 cor-

1412 792 1529 842 poris,
1558 791 1765 841 praecipue
1793 799 1984 841 quantum
2012 792 2061 828 ad
2080 791 2266 829 exteriora
2284 793 2471 839 membra,

1413 853 1469 882 est
1495 853 1622 894 caput,
1656 844 1695 881 in
1723 857 1803 893 quo
1830 844 1958 892 vigent
1985 856 2122 881 omnes
2150 857 2283 881 sensus
2319 853 2354 881 et
2380 845 2473 882 inte-

1413 898 1532 935 riores
1567 906 1603 934 et
1638 897 1852 934 exteriores.
1900 898 1948 934 Et
1983 897 2090 943 ideo,
2124 897 2155 934 si
2182 905 2306 934 totum
2333 909 2473 947 corpus

1413 963 1515 1000 aqua
1542 963 1623 988 non
1650 950 1770 1000 possit
1796 949 1986 1000 perfundi,
2015 958 2172 999 propter
2199 962 2322 999 aquae
2343 951 2472 999 pauci-

1412 1011 1528 1042 tatem
1549 1005 1610 1041 vel
1638 1010 1795 1052 propter
1813 1003 1982 1052 aliquam
2002 1003 2116 1040 aliam
2134 1015 2303 1051 causam,
2324 1011 2472 1052 oportet

1412 1065 1528 1106 caput
1545 1057 1788 1106 perfundere,
1804 1056 1844 1093 in
1864 1068 1944 1105 quo
1962 1055 2224 1094 manifestatur
2242 1056 2473 1106 principium

1412 1110 1586 1148 animalis
1613 1110 1724 1147 vitae.

1466 1164 1514 1200 Et
1541 1163 1626 1200 licet
1653 1175 1723 1212 per
1749 1162 1926 1199 membra
1954 1174 2053 1211 quae
2088 1162 2322 1210 generationi
2347 1162 2473 1199 deser-

1411 1216 1522 1254 viunt
1548 1223 1750 1266 peccatum
1779 1215 1959 1263 originale
1986 1215 2216 1262 traducatur,
2236 1227 2317 1252 non
2344 1223 2474 1252 tamen

1412 1277 1501 1306 sunt
1528 1269 1705 1306 membra
1723 1268 1786 1305 illa
1804 1268 1932 1317 potius
1954 1268 2189 1317 aspergenda
2207 1280 2326 1317 quam
2345 1276 2471 1318 caput,

1411 1322 1502 1372 quia
1528 1334 1598 1372 per
1624 1321 1861 1370 baptismum
1880 1333 1960 1358 non
1987 1321 2128 1358 tollitur
2149 1321 2384 1358 transmissio
2404 1321 2474 1357 ori-

1411 1375 1543 1424 ginalis
1571 1375 1611 1412 in
1629 1376 1779 1424 prolem
1802 1386 1872 1424 per
1891 1381 2020 1411 actum
2038 1373 2308 1422 generationis,
2338 1374 2405 1410 sed
2433 1373 2474 1410 li-

1411 1429 1566 1465 beratur
1597 1427 1726 1465 anima
1753 1440 1775 1464 a
1802 1428 1955 1464 macula
1982 1434 2018 1463 et
2046 1435 2152 1463 reatu
2188 1426 2333 1476 peccati
2367 1426 2474 1476 quod

1393 1481 1579 1518 ·incurrit.
1610 1482 1658 1517 Et
1685 1480 1772 1517 ideo
1793 1480 1906 1517 debet
1923 1479 2129 1529 praecipue
2152 1479 2271 1516 lavari
2298 1479 2359 1516 illa
2385 1491 2474 1528 pars

1413 1533 1585 1582 corporis
1613 1533 1652 1569 in
1681 1545 1759 1581 qua
1785 1532 2074 1569 manifestantur
2102 1544 2220 1581 opera
2247 1531 2410 1569 animae.

1465 1588 1508 1623 In
1522 1586 1642 1623 veteri
1659 1593 1790 1622 tamen
1810 1586 1891 1633 lege
1910 1585 2128 1621 remedium
2147 1592 2279 1621 contra
2294 1584 2473 1632 originale

1413 1646 1616 1688 peccatum
1643 1637 1858 1674 institutum
1886 1645 1965 1674 erat
1992 1637 2032 1674 in
2060 1637 2237 1674 membro
2266 1637 2474 1685 generatio-

1414 1691 1491 1728 nis:
1527 1691 1619 1740 quia
1656 1691 1784 1728 adhuc
1820 1690 1881 1727 ille
1917 1702 1986 1739 per
2023 1702 2139 1739 quem
2179 1690 2359 1737 originale
2397 1697 2476 1726 erat

1414 1744 1692 1790 amovendum,
1722 1743 1937 1780 nasciturus
1957 1751 2035 1779 erat
2054 1755 2100 1780 ex
2120 1743 2266 1780 semine
2285 1743 2474 1790 Abrahae,

1415 1797 1525 1834 cuius
1552 1796 1674 1834 fidem
1706 1796 1944 1834 circumcisio
1981 1795 2235 1844 significabat,
2270 1803 2313 1832 ut
2340 1795 2477 1832 dicitur

1414 1852 1526 1888 Rom.
1547 1863 1581 1887 1v
1599 1850 1630 1886 ³¹².

969 1957 1305 1990 Commentario.
1328 1955 1579 1989 Oardinalis
1601 1955 1803 1988 Caietani

299 2047 349 2111 In
371 2038 464 2068 titulo
488 2038 625 2069 sumitur
648 2037 809 2068 immersio
833 2042 869 2068 ut
892 2036 1094 2077 distinguitur
1113 2042 1223 2067 contra
1252 2045 1360 2076 asper-

326 2082 450 2113 sionem
474 2087 505 2112 et
528 2082 728 2123 effusionem.

352 2126 388 2157 ln
404 2135 541 2167 corpore
557 2136 622 2156 una
638 2126 804 2156 conclusio
822 2131 887 2156 est:
912 2125 1081 2155 Immersio
1099 2135 1164 2155 non
1178 2123 1229 2155 ‘est
1251 2124 1289 2155 de
1306 2135 1359 2156 ne—

1386 2034 1423 2087 1
1416 2042 1463 2066 est
1479 2035 1519 2066 de
1534 2036 1721 2066 necessitate
1737 2035 1895 2086 baptismi.
1914 2053 1937 2057 —
1959 2035 2114 2065 Probatur
2130 2035 2368 2075 consequentia.
2393 2035 2478 2073 Quia

1415 2081 1449 2110 in
1472 2080 1631 2120 baptismo
1655 2080 1825 2110 assumitur
1848 2089 1931 2120 aqua
1954 2078 1993 2109 ad
2016 2078 2212 2109 abluendum
2228 2089 2360 2128 corpus.
2379 2079 2478 2117 Quod

1415 2125 1583 2164 probatur:
1609 2125 1684 2164 quia
1707 2123 1862 2163 significat
1885 2124 1929 2153 sic
1953 2123 2150 2153 ablutionem
2165 2118 2360 2153 interiorem
2370 2134 2387 2153 a
2402 2133 2477 2163 pec-
2507 2150 2509 2153 .

296 2171 443 2202 cessitate
464 2170 621 2211 baptismi.
646 2170 811 2200 Probatur.
843 2169 975 2200 Ablutio
1000 2170 1143 2209 corporis
1166 2168 1234 2199 fieri
1257 2174 1362 2209 potest
1416 2169 1502 2199 catis.
1526 2187 1549 2190 —
1571 2169 1772 2204 Processum,
1797 2177 1872 2198 cum
1895 2167 2004 2198 multis
2020 2167 2260 2198 auctoritatibus
2276 2172 2307 2197 et
2323 2167 2478 2198 adiunctis

295 2224 354 2256 per
369 2224 487 2256 aquam
509 2224 577 2245 non
594 2215 700 2245 solum
719 2223 776 2255 per
791 2213 927 2244 modum
941 2214 1165 2249 immersionis,
1190 2213 1246 2243 sed
1267 2214 1362 2244 etiam

1417 2212 1457 2243 ad
1480 2213 1656 2243 bonitatem
1685 2211 1864 2248 doctrinae,
1893 2212 1968 2252 quia
1995 2212 2068 2242 satis
2093 2216 2180 2251 patet
2205 2212 2237 2243 in
2261 2212 2379 2248 littera,
2407 2221 2478 2252 per·
2508 2227 2510 2229 >

296 2268 354 2300 per
376 2259 513 2290 modum
537 2259 726 2300 aspersionis
749 2258 800 2289 vel
816 2258 990 2289 effusionis.
1014 2257 1100 2298 Ergo
1116 2258 1279 2288 immersio
1295 2267 1362 2288 non
1415 2263 1552 2287 transeo.

1077 2409 1396 2452 ARTICULUS
1426 2408 1699 2451 OCTAVUS

755 2505 913 2536 UTRUM
937 2504 1072 2535 TRINA
1095 2503 1306 2534 IMMERsio
1331 2503 1397 2534 SIT
1421 2503 1479 2533 DE
1502 2501 1800 2533 NECESSITATE
1823 2501 2024 2533 BAPTISMI

872 2583 907 2608 IV
925 2583 1008 2612 Sent.‚
1028 2583 1086 2608 dist.
1105 2590 1142 2611 111,
1161 2587 1209 2607 art.
1228 2589 1253 2613 4,
1274 2582 1322 2614 qu⁸
1343 2589 1366 2613 2,
1387 2581 1417 2612 33
1437 2581 1496 2606 dist.
1514 2588 1584 2612 xxm,
1603 2588 1647 2613 qu.
1667 2588 1684 2611 1,
1704 2585 1751 2605 art.
1772 2586 1795 2609 ι,
1814 2579 1863 2611 qu'·
1885 2587 1908 2605 2.

389 2690 395 2702 ι
420 2696 470 2723 „4
513 2684 535 2708 D
555 2683 727 2709 OCTAVUM
746 2683 798 2708 sle
818 2683 1053 2708 PROCEDlTUR.
1078 2670 1239 2707 Videtur
1258 2670 1365 2719 quod

370 2722 377 2730 ’
513 2724 610 2761 trina
632 2724 842 2784 immersio
881 2724 926 2761 sit
961 2724 1008 2760 de
1044 2723 1265 2782 necessitate
1300 2723 1365 2759 ba-

301 2889 357 2921 tos
374 2883 415 2920 *ε
444 2884 558 2920 Recte
585 2886 689 2920 tertio
717 2884 831 2919 mersi
857 2884 957 2919 estis:
986 2883 1071 2931 quia
1099 2883 1286 2931 accepistis
1305 2883 1366 2918 ha-

297 2937 474 2986 ptismum
503 2938 540 2973 in
570 2939 720 2973 nomine
751 2937 949 2973 Trinitatis.
983 2936 1097 2971 Recte
1123 2936 1228 2970 tertio
1256 2935 1370 2970 mersi

303 2991 406 3027 estis:
442 2991 528 3039 quia
561 2991 747 3037 accepistis
779 2990 999 3037 baptismum
1035 2989 1072 3023 in
1102 2988 1252 3023 nomine
1282 2988 1367 3023 Iesu

308 3043 460 3087 Christi,
499 3044 562 3092 qui
587 3045 693 3079 tertia
722 3042 780 3079 die
807 3042 1010 3078 resurrexit
1037 3053 1060 3077 a
1088 3041 1252 3076 mortuis.
1295 3039 1368 3076 Illa

305 3097 404 3134 enim
440 3097 545 3133 tertio
583 3097 734 3145 repetita
762 3096 950 3131 immersio
982 3100 1114 3142 typum
1147 3093 1370 3129 Dominicae

305 3149 480 3198 exprimit
506 3149 727 3198 sepulturae,
754 3160 825 3197 per
853 3159 963 3197 quam
996 3147 1140 3183 Christo
1168 3146 1371 3193 consepulti

307 3203 388 3239 estis
415 3203 452 3238 in
482 3203 672 3252 baptismo.
704 3201 782 3239 Sed
809 3208 1019 3249 utrumque
1046 3199 1200 3236 videtur
1227 3199 1275 3235 ad
1304 3210 1368 3234 ne-

306 3253 520 3293 cessitatem
556 3254 735 3315 baptismi
770 3253 978 3304 pertinere:
1019 3251 1157 3289 scilicet
1191 3259 1228 3288 et
1262 3251 1370 3300 quod

308 3307 541 3357 significetur
567 3308 608 3345 in
635 3307 828 3358 baptismo
857 3306 1000 3343 trinitas
1024 3306 1304 3351 Personarum,
1334 3312 1370 3341 et

308 3361 416 3411 quod
430 3360 497 3398 fiat
511 3360 763 3410 configuratio
779 3361 827 3397 ad
843 3361 1079 3409 sepulturam
1096 3357 1246 3395 Christi.
1268 3334 1370 3406 E'rgo

361 3474 389 3509 α)
407 3475 522 3507 scrIpsit.
536 3489 555 3494 -
568 3475 660 3500 scribit
674 3475 713 3500 ΡΙ.
724 3489 744 3494 -
758 3474 912 3499 Gaudenh'o
925 3474 998 3498 tertia
1016 3478 1118 3506 praeter
1130 3473 1169 3504 G;
1192 3472 1373 3498 Gaudentino.

308 3511 347 3537 cf.
366 3515 412 3535 art.
431 3509 457 3536 6.
475 3519 499 3544 γ.

449 3563 560 3588 Summas
579 3562 680 3588 Tutor..
694 3562 725 3587 D.
744 3561 860 3587 ”rueme
880 3561 912 3587 T.
932 3561 973 3587 lx.

1419 2669 1572 2706 videtur
1609 2669 1715 2718 quod
1748 2668 1846 2705 trina
1878 2667 2074 2705 immersio
2112 2667 2157 2704 sit
2185 2668 2232 2704 de
2261 2667 2480 2705 necessitate

1419 2722 1611 2771 baptismi.

1475 2787 1509 2812 2.
1530 2777 1763 2821 PRAETEREA,
1793 2781 2028 2810 sacramenta
2057 2786 2103 2810 ex
2131 2773 2312 2815 mandato
2343 2773 2480 2810 Christi

1421 2828 1631 2865 efficaciam
1667 2828 1820 2864 habent.
1865 2827 1941 2863 Sed
1978 2826 2075 2863 trina
2111 2825 2307 2862 immersio
2345 2833 2400 2862 est
2434 2838 2480 2862 ex

1420 2881 1604 2922 mandato
1626 2880 1782 2917 Christi:
1819 2879 1965 2928 scripsit
1985 2884 2002 2900 ²
2021 2879 2125 2916 enim
2145 2878 2318 2926 Pelagius
2337 2878 2357 2899 '¹‘
2375 2879 2480 2927 Papa

1422 2932 1639 2970 Gaudentio
1660 2932 1854 2982 Episcopo
1873 2931 1912 2968 *ε
1941 2931 2212 2981 Evangelicum
2226 2937 2478 2980 praeceptum,

1421 2988 1498 3035 ipso
1517 2987 1681 3022 Domino
1701 2987 1783 3022 Deo
1812 2990 1844 3021 et
1865 2985 2057 3021 Salvatore
2076 2990 2200 3020 nostro
2227 2985 2312 3020 Iesu
2336 2984 2480 3020 Christo

1420 3039 1597 3084 tradente,
1627 3051 1694 3075 nos
1721 3038 1894 3074 admonet
1921 3039 1958 3073 in
1984 3038 2134 3074 nomine
2156 3037 2354 3082 Trinitatis,
2383 3038 2480 3073 trina

1421 3094 1531 3128 etiam
1551 3090 1565 3120 β
1593 3092 1840 3136 immersione,
1860 3096 2028 3126 sanctum
2047 3091 2267 3139 baptismum
2286 3091 2482 3138 unicuique

1422 3146 1593 3181 tribuere.
1624 3145 1738 3192 Ergo,
1768 3143 1865 3180 sicut
1892 3142 2082 3191 baptizare
2110 3142 2150 3179 in
2177 3141 2335 3179 nomine
2357 3141 2481 3178 Trini-

1422 3197 1507 3235 tatis
1544 3205 1598 3234 est
1635 3197 1683 3234 de
1718 3195 1938 3233 necessitate
1975 3194 2172 3244 baptismi,
2211 3194 2260 3231 ita
2292 3194 2482 3244 baptizare

1423 3250 1521 3287 trina
1548 3249 1795 3287 immersione
1822 3248 1974 3286 videtur
2002 3260 2083 3285 esse
2111 3248 2160 3285 de
2178 3247 2398 3285 necessitate
2417 3248 2483 3284 ba-

1423 3303 1563 3353 ptismi.

1481 3356 1514 3393 3.
1540 3357 1772 3403 PRAETEREA,
1797 3354 1828 3392 si
1848 3354 1945 3392 trina
1964 3353 2162 3391 immersio
2191 3365 2270 3390 non
2290 3353 2334 3390 sit
2354 3353 2401 3389 de
2420 3365 2484 3389 ne-

1428 3507 1473 3531 ΑΒ
1483 3471 1509 3505 β)
1529 3472 1617 3497 etiam.
1635 3485 1654 3490 —
1672 3474 1698 3496 et
1715 3471 1746 3500 D,
1764 3474 1853 3495 autem
1873 3470 1913 3502 EI,
1932 3477 1985 3494 om.
2005 3470 2048 3494 Ha
2067 3474 2092 3494 et
2111 3469 2244 3493 editiones.
2262 3482 2280 3486 -
2298 3467 2414 3492 tribuere
2431 3473 2485 3490 om.

2311 3560 2343 3577 10

2503 1846 2513 1855 '¹
2527 1844 2593 1866 Vers.
2610 1851 2642 1867 ιι.

2507 2913 2517 2923 ·
2531 2911 2658 2933 Secundum

2507 2938 2576 2960 'Cam
2584 2938 2653 2959 Multi
2659 2939 2719 2964 sunt,

2508 2965 2537 2986 de
2543 2965 2662 2991 Consecr„
2666 2964 2719 2986 dist.
