<?xml version="1.0" encoding="UTF-8"?>
<!DOCTYPE html PUBLIC "-//W3C//DTD XHTML 1.0 Transitional//EN"
    "http://www.w3.org/TR/xhtml1/DTD/xhtml1-transitional.dtd">
<html xmlns="http://www.w3.org/1999/xhtml" xml:lang="en" lang="en">
 <head>
  <title>
</title>
<meta http-equiv="Content-Type" content="text/html;charset=utf-8" />
  <meta name='ocr-system' content='tesseract 3.04.00' />
  <meta name='ocr-capabilities' content='ocr_page ocr_carea ocr_par ocr_line ocrx_word'/>
</head>
<body>
  <div class='ocr_page' id='page_1' title='image "./operaomniaiussui12thom/operaomniaiussui12thom_0567.png"; bbox 0 0 2878 4088; ppageno 0'>
   <div class='ocr_carea' id='block_1_1' title="bbox 117 284 329 333">
    <p class='ocr_par' dir='ltr' id='par_1_1' title="bbox 117 284 329 333">
     <span class='ocr_line' id='line_1_1' title="bbox 117 284 329 333; baseline 0.009 -2"><span class='ocrx_word' id='word_1_1' title='bbox 117 284 281 333; x_wconf 43' lang='grc' dir='ltr'>ιντερ·</span> <span class='ocrx_word' id='word_1_2' title='bbox 307 289 329 309; x_wconf 63' lang='lat'>¹2</span> 
     </span>
    </p>
   </div>
   <div class='ocr_carea' id='block_1_2' title="bbox 119 685 333 741">
    <p class='ocr_par' dir='ltr' id='par_1_2' title="bbox 119 685 333 741">
     <span class='ocr_line' id='line_1_2' title="bbox 119 685 333 712; baseline -0.009 -4"><span class='ocrx_word' id='word_1_3' title='bbox 119 688 129 697; x_wconf 86' lang='grc'><em>·</em></span> <span class='ocrx_word' id='word_1_4' title='bbox 143 685 219 709; x_wconf 73' lang='lat' dir='ltr'>lunii.</span> <span class='ocrx_word' id='word_1_5' title='bbox 234 685 252 712; x_wconf 83' lang='lat'>1,</span> <span class='ocrx_word' id='word_1_6' title='bbox 265 691 288 709; x_wconf 84' lang='lat' dir='ltr'>x.</span> <span class='ocrx_word' id='word_1_7' title='bbox 303 685 333 706; x_wconf 79' lang='lat' dir='ltr'>de</span> 
     </span>
     <span class='ocr_line' id='line_1_3' title="bbox 119 712 317 741; baseline -0.01 -6"><span class='ocrx_word' id='word_1_8' title='bbox 119 712 223 741; x_wconf 64' lang='lat' dir='ltr'>Nuptiis,</span> <span class='ocrx_word' id='word_1_9' title='bbox 238 719 247 736; x_wconf 75' lang='grc' dir='ltr'>ι</span> <span class='ocrx_word' id='word_1_10' title='bbox 266 718 317 740; x_wconf 67' lang='lat' dir='ltr'>sqq.</span> 
     </span>
    </p>
   </div>
   <div class='ocr_carea' id='block_1_3' title="bbox 70 1126 318 1155">
    <p class='ocr_par' dir='ltr' id='par_1_3' title="bbox 70 1126 318 1155">
     <span class='ocr_line' id='line_1_4' title="bbox 70 1126 318 1155; baseline 0 -4"><span class='ocrx_word' id='word_1_11' title='bbox 70 1138 75 1151; x_wconf 63' lang='grc' dir='ltr'>ι,</span> <span class='ocrx_word' id='word_1_12' title='bbox 121 1129 130 1138; x_wconf 80' lang='grc'><em>·</em></span> <span class='ocrx_word' id='word_1_13' title='bbox 144 1127 196 1151; x_wconf 69' lang='lat' dir='ltr'>Art.</span> <span class='ocrx_word' id='word_1_14' title='bbox 211 1126 318 1155; x_wconf 61' lang='lat' dir='ltr'>paeced-</span> 
     </span>
    </p>
   </div>
   <div class='ocr_carea' id='block_1_4' title="bbox 121 1301 359 1357">
    <p class='ocr_par' dir='ltr' id='par_1_4' title="bbox 121 1301 359 1357">
     <span class='ocr_line' id='line_1_5' title="bbox 121 1301 359 1357; baseline -0.008 0"><span class='ocrx_word' id='word_1_15' title='bbox 121 1301 334 1357; x_wconf 56' lang='lat' dir='ltr'>:mma</span> <span class='ocrx_word' id='word_1_16' title='bbox 347 1345 359 1348; x_wconf 72' lang='lat'>-</span> 
     </span>
    </p>
   </div>
   <div class='ocr_carea' id='block_1_5' title="bbox 75 1550 332 1626">
    <p class='ocr_par' dir='ltr' id='par_1_5' title="bbox 75 1550 332 1626">
     <span class='ocr_line' id='line_1_6' title="bbox 75 1550 332 1626; baseline 0 -32"><span class='ocrx_word' id='word_1_17' title='bbox 75 1550 77 1557; x_wconf 39' lang='grc' dir='ltr'>Ι</span> <span class='ocrx_word' id='word_1_18' title='bbox 121 1569 332 1626; x_wconf 44' lang='lat' dir='ltr'>&amp;gaggam</span> 
     </span>
    </p>
   </div>
   <div class='ocr_carea' id='block_1_6' title="bbox 122 1659 334 1714">
    <p class='ocr_par' dir='ltr' id='par_1_6' title="bbox 63 1659 334 1720">
     <span class='ocr_line' id='line_1_7' title="bbox 122 1659 334 1714; baseline 0.007 -4.565"><span class='ocrx_word' id='word_1_19' title='bbox 122 1659 334 1714; x_wconf 41' lang='lat' dir='ltr'>:alva-&#39;3⁹⁸⁹&#39;</span> 
     </span>
    </p>
   </div>
   <div class='ocr_carea' id='block_1_7' title="bbox 123 2283 263 2309">
    <p class='ocr_par' dir='ltr' id='par_1_7' title="bbox 123 2283 263 2309">
     <span class='ocr_line' id='line_1_8' title="bbox 123 2283 263 2309; baseline -0.007 -2"><span class='ocrx_word' id='word_1_20' title='bbox 123 2287 135 2296; x_wconf 87' lang='grc'><strong><em>·</em></strong></span> <span class='ocrx_word' id='word_1_21' title='bbox 150 2284 188 2307; x_wconf 71' lang='lat' dir='ltr'>Cf.</span> <span class='ocrx_word' id='word_1_22' title='bbox 200 2283 263 2309; x_wconf 63' lang='lat' dir='ltr'>md.</span> 
     </span>
    </p>
   </div>
   <div class='ocr_carea' id='block_1_8' title="bbox 125 2461 339 2520">
    <p class='ocr_par' dir='ltr' id='par_1_8' title="bbox 125 2461 339 2520">
     <span class='ocr_line' id='line_1_9' title="bbox 125 2461 339 2490; baseline -0.005 -6"><span class='ocrx_word' id='word_1_23' title='bbox 125 2461 339 2490; x_wconf 50' lang='lat' dir='ltr'>&#39;ms-pann</span> 
     </span>
     <span class='ocr_line' id='line_1_10' title="bbox 125 2493 235 2520; baseline -0.009 -9"><span class='ocrx_word' id='word_1_24' title='bbox 125 2493 187 2514; x_wconf 64' lang='grc' dir='ltr'>ναι.</span> <span class='ocrx_word' id='word_1_25' title='bbox 202 2493 235 2520; x_wconf 67' lang='grc' dir='ltr'>μ.</span> 
     </span>
    </p>
   </div>
   <div class='ocr_carea' id='block_1_9' title="bbox 126 2638 340 2695">
    <p class='ocr_par' dir='ltr' id='par_1_9' title="bbox 126 2638 340 2695">
     <span class='ocr_line' id='line_1_11' title="bbox 126 2638 340 2664; baseline -0.009 -2"><span class='ocrx_word' id='word_1_26' title='bbox 126 2641 138 2652; x_wconf 85' lang='grc'><em>·</em></span> <span class='ocrx_word' id='word_1_27' title='bbox 200 2639 211 2661; x_wconf 84' lang='lat'><em>1</em></span> <span class='ocrx_word' id='word_1_28' title='bbox 225 2638 260 2661; x_wconf 75' lang='lat' dir='ltr'>ad</span> <span class='ocrx_word' id='word_1_29' title='bbox 273 2638 340 2664; x_wconf 71' lang='lat' dir='ltr'>Cor„</span> 
     </span>
     <span class='ocr_line' id='line_1_12' title="bbox 171 2671 340 2695; baseline 0 -7"><span class='ocrx_word' id='word_1_30' title='bbox 171 2672 228 2695; x_wconf 75' lang='lat' dir='ltr'>‚vi-i,</span> <span class='ocrx_word' id='word_1_31' title='bbox 235 2671 295 2688; x_wconf 76' lang='lat' dir='ltr'>ven.</span> <span class='ocrx_word' id='word_1_32' title='bbox 305 2671 340 2694; x_wconf 80' lang='grc'>35-</span> 
     </span>
    </p>
   </div>
   <div class='ocr_carea' id='block_1_10' title="bbox 125 2905 339 2963">
    <p class='ocr_par' dir='ltr' id='par_1_10' title="bbox 125 2905 339 2963">
     <span class='ocr_line' id='line_1_13' title="bbox 125 2905 339 2936; baseline -0.005 -6"><span class='ocrx_word' id='word_1_33' title='bbox 125 2907 138 2919; x_wconf 73' lang='grc'><em>·</em></span> <span class='ocrx_word' id='word_1_34' title='bbox 146 2905 224 2930; x_wconf 68' lang='lat' dir='ltr'>Eamd.</span> <span class='ocrx_word' id='word_1_35' title='bbox 239 2912 290 2936; x_wconf 70' lang='lat' dir='ltr'>up.</span> <span class='ocrx_word' id='word_1_36' title='bbox 300 2913 339 2933; x_wconf 69' lang='lat' dir='ltr'>xx,</span> 
     </span>
     <span class='ocr_line' id='line_1_14' title="bbox 125 2939 223 2963; baseline 0 -7"><span class='ocrx_word' id='word_1_37' title='bbox 125 2939 189 2957; x_wconf 69' lang='lat' dir='ltr'>veo.</span> <span class='ocrx_word' id='word_1_38' title='bbox 202 2939 223 2963; x_wconf 77' lang='lat'>5.</span> 
     </span>
    </p>
   </div>
   <div class='ocr_carea' id='block_1_11' title="bbox 0 0 97 4088">
    <p class='ocr_par' dir='ltr' id='par_1_11' title="bbox 0 0 97 4088">
     <span class='ocr_line' id='line_1_15' title="bbox 0 0 97 4088; baseline 0 0"><span class='ocrx_word' id='word_1_39' title='bbox 0 0 97 4088; x_wconf 95' lang='lat' dir='ltr'> </span> 
     </span>
    </p>
   </div>
   <div class='ocr_carea' id='block_1_12' title="bbox 665 200 2244 248">
    <p class='ocr_par' dir='ltr' id='par_1_12' title="bbox 665 200 2244 248">
     <span class='ocr_line' id='line_1_16' title="bbox 665 200 2244 248; baseline 0.001 -10"><span class='ocrx_word' id='word_1_40' title='bbox 665 202 929 248; x_wconf 91' lang='lat' dir='ltr'>QUAESTIO</span> <span class='ocrx_word' id='word_1_41' title='bbox 958 203 1056 248; x_wconf 89' lang='lat' dir='ltr'>LIV,</span> <span class='ocrx_word' id='word_1_42' title='bbox 1076 201 1370 239; x_wconf 91' lang='lat' dir='ltr'>ARTICULUS</span> <span class='ocrx_word' id='word_1_43' title='bbox 1398 200 1448 237; x_wconf 93' lang='lat' dir='ltr'>IV</span> <span class='ocrx_word' id='word_1_44' title='bbox 1467 221 1493 226; x_wconf 93' lang='lat'>—</span> <span class='ocrx_word' id='word_1_45' title='bbox 1513 200 1778 246; x_wconf 90' lang='lat' dir='ltr'>QUAESTIO</span> <span class='ocrx_word' id='word_1_46' title='bbox 1806 201 1887 245; x_wconf 89' lang='lat' dir='ltr'>LV,</span> <span class='ocrx_word' id='word_1_47' title='bbox 1910 202 2201 240; x_wconf 85' lang='lat' dir='ltr'>ARTICULUS</span> <span class='ocrx_word' id='word_1_48' title='bbox 2231 204 2244 239; x_wconf 96' lang='lat' dir='ltr'>I</span> 
     </span>
    </p>
   </div>
   <div class='ocr_carea' id='block_1_13' title="bbox 357 278 1433 1207">
    <p class='ocr_par' dir='ltr' id='par_1_13' title="bbox 357 278 1428 544">
     <span class='ocr_line' id='line_1_17' title="bbox 413 278 1426 320; baseline -0.002 -9"><span class='ocrx_word' id='word_1_49' title='bbox 413 281 476 313; x_wconf 80' lang='lat' dir='ltr'>Sin&gt;</span> <span class='ocrx_word' id='word_1_50' title='bbox 501 291 625 311; x_wconf 63' lang='lat' dir='ltr'>con-raa</span> <span class='ocrx_word' id='word_1_51' title='bbox 648 291 702 311; x_wconf 74' lang='lat' dir='ltr'>as‘r</span> <span class='ocrx_word' id='word_1_52' title='bbox 727 280 817 320; x_wconf 93' lang='lat' dir='ltr'>quod</span> <span class='ocrx_word' id='word_1_53' title='bbox 839 280 1000 310; x_wconf 87' lang='lat' dir='ltr'><strong>Dominus</strong></span> <span class='ocrx_word' id='word_1_54' title='bbox 1024 279 1100 310; x_wconf 89' lang='lat' dir='ltr'>dicit</span> <span class='ocrx_word' id='word_1_55' title='bbox 1123 279 1286 320; x_wconf 89' lang='lat' dir='ltr'>discipulis</span> <span class='ocrx_word' id='word_1_56' title='bbox 1302 280 1338 309; x_wconf 74' lang='lat' dir='ltr'>*z</span> <span class='ocrx_word' id='word_1_57' title='bbox 1361 278 1426 315; x_wconf 86' lang='lat' dir='ltr'>Qui</span> 
     </span>
     <span class='ocr_line' id='line_1_18' title="bbox 358 323 1427 364; baseline -0.003 -8"><span class='ocrx_word' id='word_1_58' title='bbox 358 335 416 357; x_wconf 74' lang='lat' dir='ltr'>vos</span> <span class='ocrx_word' id='word_1_59' title='bbox 437 326 544 362; x_wconf 85' lang='lat' dir='ltr'>audit,</span> <span class='ocrx_word' id='word_1_60' title='bbox 572 335 622 356; x_wconf 86' lang='lat' dir='ltr'>me</span> <span class='ocrx_word' id='word_1_61' title='bbox 648 325 749 356; x_wconf 83' lang='lat' dir='ltr'>audit.</span> <span class='ocrx_word' id='word_1_62' title='bbox 786 325 871 364; x_wconf 86' lang='lat' dir='ltr'>Ergo</span> <span class='ocrx_word' id='word_1_63' title='bbox 902 330 1110 364; x_wconf 87' lang='lat' dir='ltr'>praeceptum</span> <span class='ocrx_word' id='word_1_64' title='bbox 1140 324 1301 354; x_wconf 89' lang='lat' dir='ltr'>Ecclesiae</span> <span class='ocrx_word' id='word_1_65' title='bbox 1331 323 1427 353; x_wconf 88' lang='lat' dir='ltr'>habet</span> 
     </span>
     <span class='ocr_line' id='line_1_19' title="bbox 357 367 1427 410; baseline -0.003 -9"><span class='ocrx_word' id='word_1_66' title='bbox 357 370 540 401; x_wconf 87' lang='lat' dir='ltr'>firmitatem</span> <span class='ocrx_word' id='word_1_67' title='bbox 563 370 646 400; x_wconf 91' lang='lat' dir='ltr'>sicut</span> <span class='ocrx_word' id='word_1_68' title='bbox 669 375 877 410; x_wconf 91' lang='lat' dir='ltr'>praeceptum</span> <span class='ocrx_word' id='word_1_69' title='bbox 892 369 963 399; x_wconf 88' lang='lat' dir='ltr'>Dei.</span> <span class='ocrx_word' id='word_1_70' title='bbox 988 368 1052 399; x_wconf 87' lang='lat' dir='ltr'>Sed</span> <span class='ocrx_word' id='word_1_71' title='bbox 1067 368 1210 398; x_wconf 90' lang='lat' dir='ltr'>Ecclesia</span> <span class='ocrx_word' id='word_1_72' title='bbox 1229 367 1427 408; x_wconf 88' lang='lat' dir='ltr'>quandoque</span> 
     </span>
     <span class='ocr_line' id='line_1_20' title="bbox 357 412 1428 456; baseline -0.004 -11"><span class='ocrx_word' id='word_1_73' title='bbox 357 415 536 456; x_wconf 82' lang='lat' dir='ltr'>prohibuit,</span> <span class='ocrx_word' id='word_1_74' title='bbox 567 420 598 444; x_wconf 93' lang='lat' dir='ltr'>et</span> <span class='ocrx_word' id='word_1_75' title='bbox 628 413 826 454; x_wconf 88' lang='lat' dir='ltr'>quandoque</span> <span class='ocrx_word' id='word_1_76' title='bbox 851 413 1022 449; x_wconf 90' lang='lat' dir='ltr'>concessit,</span> <span class='ocrx_word' id='word_1_77' title='bbox 1051 413 1176 452; x_wconf 89' lang='lat' dir='ltr'>aliquos</span> <span class='ocrx_word' id='word_1_78' title='bbox 1202 412 1317 452; x_wconf 89' lang='lat' dir='ltr'>gradus</span> <span class='ocrx_word' id='word_1_79' title='bbox 1345 421 1428 451; x_wconf 92' lang='lat' dir='ltr'>quos</span> 
     </span>
     <span class='ocr_line' id='line_1_21' title="bbox 358 456 1428 498; baseline -0.004 -8"><span class='ocrx_word' id='word_1_80' title='bbox 358 460 409 490; x_wconf 84' lang='lat' dir='ltr'>lex</span> <span class='ocrx_word' id='word_1_81' title='bbox 435 464 527 490; x_wconf 84' lang='lat' dir='ltr'>vetus</span> <span class='ocrx_word' id='word_1_82' title='bbox 554 468 623 489; x_wconf 92' lang='lat' dir='ltr'>non</span> <span class='ocrx_word' id='word_1_83' title='bbox 649 459 823 498; x_wconf 87' lang='lat' dir='ltr'>prohibuit.</span> <span class='ocrx_word' id='word_1_84' title='bbox 855 458 941 498; x_wconf 86' lang='lat' dir='ltr'>Ergo</span> <span class='ocrx_word' id='word_1_85' title='bbox 968 457 1014 487; x_wconf 92' lang='lat' dir='ltr'>illi</span> <span class='ocrx_word' id='word_1_86' title='bbox 1041 456 1155 497; x_wconf 86' lang='lat' dir='ltr'>gradus</span> <span class='ocrx_word' id='word_1_87' title='bbox 1185 457 1428 487; x_wconf 86' lang='lat' dir='ltr'>matrimonium</span> 
     </span>
     <span class='ocr_line' id='line_1_22' title="bbox 358 503 551 544; baseline -0.005 -10"><span class='ocrx_word' id='word_1_88' title='bbox 358 503 551 544; x_wconf 90' lang='lat' dir='ltr'>impediunt.</span> 
     </span>
    </p>

    <p class='ocr_par' dir='ltr' id='par_1_14' title="bbox 359 544 1430 766">
     <span class='ocr_line' id='line_1_23' title="bbox 416 544 1430 586; baseline -0.004 -8"><span class='ocrx_word' id='word_1_89' title='bbox 416 558 446 579; x_wconf 87' lang='lat'>2.</span> <span class='ocrx_word' id='word_1_90' title='bbox 470 548 668 583; x_wconf 63' lang='lat' dir='ltr'>Furnium,</span> <span class='ocrx_word' id='word_1_91' title='bbox 685 547 768 578; x_wconf 91' lang='lat' dir='ltr'>sicut</span> <span class='ocrx_word' id='word_1_92' title='bbox 791 546 869 577; x_wconf 88' lang='lat' dir='ltr'>olim</span> <span class='ocrx_word' id='word_1_93' title='bbox 892 546 1097 576; x_wconf 85' lang='lat' dir='ltr'>matrimonia</span> <span class='ocrx_word' id='word_1_94' title='bbox 1117 545 1286 586; x_wconf 84' lang='lat' dir='ltr'>gentilium</span> <span class='ocrx_word' id='word_1_95' title='bbox 1301 544 1430 585; x_wconf 88' lang='lat' dir='ltr'>dispen-</span> 
     </span>
     <span class='ocr_line' id='line_1_24' title="bbox 359 589 1429 632; baseline -0.004 -9"><span class='ocrx_word' id='word_1_96' title='bbox 359 593 510 623; x_wconf 85' lang='lat' dir='ltr'>sabantur</span> <span class='ocrx_word' id='word_1_97' title='bbox 532 601 590 632; x_wconf 92' lang='lat' dir='ltr'>per</span> <span class='ocrx_word' id='word_1_98' title='bbox 611 592 698 631; x_wconf 88' lang='lat' dir='ltr'>leges</span> <span class='ocrx_word' id='word_1_99' title='bbox 722 591 841 626; x_wconf 91' lang='lat' dir='ltr'>civiles,</span> <span class='ocrx_word' id='word_1_100' title='bbox 865 590 908 620; x_wconf 88' lang='lat' dir='ltr'>ita</span> <span class='ocrx_word' id='word_1_101' title='bbox 930 599 1018 620; x_wconf 92' lang='lat' dir='ltr'>nunc</span> <span class='ocrx_word' id='word_1_102' title='bbox 1041 599 1100 630; x_wconf 91' lang='lat' dir='ltr'>per</span> <span class='ocrx_word' id='word_1_103' title='bbox 1122 595 1237 620; x_wconf 90' lang='lat' dir='ltr'>statuta</span> <span class='ocrx_word' id='word_1_104' title='bbox 1257 589 1429 619; x_wconf 88' lang='lat' dir='ltr'>Ecclesiae.</span> 
     </span>
     <span class='ocr_line' id='line_1_25' title="bbox 360 633 1430 674; baseline -0.005 -6"><span class='ocrx_word' id='word_1_105' title='bbox 360 636 423 668; x_wconf 91' lang='lat' dir='ltr'>Sed</span> <span class='ocrx_word' id='word_1_106' title='bbox 447 637 526 667; x_wconf 91' lang='lat' dir='ltr'>olim</span> <span class='ocrx_word' id='word_1_107' title='bbox 549 636 600 666; x_wconf 88' lang='lat' dir='ltr'>lex</span> <span class='ocrx_word' id='word_1_108' title='bbox 624 636 724 666; x_wconf 88' lang='lat' dir='ltr'>civilis</span> <span class='ocrx_word' id='word_1_109' title='bbox 748 634 978 665; x_wconf 88' lang='lat' dir='ltr'>determinabat</span> <span class='ocrx_word' id='word_1_110' title='bbox 1001 633 1116 674; x_wconf 87' lang='lat' dir='ltr'>gradus</span> <span class='ocrx_word' id='word_1_111' title='bbox 1145 633 1430 673; x_wconf 87' lang='lat' dir='ltr'>consanguinitatis</span> 
     </span>
     <span class='ocr_line' id='line_1_26' title="bbox 361 677 1430 722; baseline -0.005 -10"><span class='ocrx_word' id='word_1_112' title='bbox 361 682 417 722; x_wconf 94' lang='lat' dir='ltr'>qui</span> <span class='ocrx_word' id='word_1_113' title='bbox 440 680 682 712; x_wconf 90' lang='lat' dir='ltr'>matrimonium</span> <span class='ocrx_word' id='word_1_114' title='bbox 706 679 887 719; x_wconf 92' lang='lat' dir='ltr'>impediunt</span> <span class='ocrx_word' id='word_1_115' title='bbox 904 684 935 708; x_wconf 92' lang='lat' dir='ltr'>et</span> <span class='ocrx_word' id='word_1_116' title='bbox 951 679 1007 719; x_wconf 89' lang='lat' dir='ltr'>qui</span> <span class='ocrx_word' id='word_1_117' title='bbox 1030 687 1098 708; x_wconf 89' lang='lat' dir='ltr'>non</span> <span class='ocrx_word' id='word_1_118' title='bbox 1114 679 1140 708; x_wconf 51' lang='grc' dir='ltr'>*ἢ</span> <span class='ocrx_word' id='word_1_119' title='bbox 1165 678 1250 718; x_wconf 88' lang='lat' dir='ltr'>Ergo</span> <span class='ocrx_word' id='word_1_120' title='bbox 1275 683 1307 707; x_wconf 91' lang='lat' dir='ltr'>et</span> <span class='ocrx_word' id='word_1_121' title='bbox 1329 677 1430 707; x_wconf 92' lang='lat' dir='ltr'>modo</span> 
     </span>
     <span class='ocr_line' id='line_1_27' title="bbox 359 723 1100 766; baseline -0.007 -9"><span class='ocrx_word' id='word_1_122' title='bbox 359 731 467 766; x_wconf 92' lang='lat' dir='ltr'>potest</span> <span class='ocrx_word' id='word_1_123' title='bbox 490 726 554 756; x_wconf 94' lang='lat' dir='ltr'>hoc</span> <span class='ocrx_word' id='word_1_124' title='bbox 578 724 647 755; x_wconf 89' lang='lat' dir='ltr'>fieri</span> <span class='ocrx_word' id='word_1_125' title='bbox 667 733 727 764; x_wconf 88' lang='lat' dir='ltr'>per</span> <span class='ocrx_word' id='word_1_126' title='bbox 749 723 912 754; x_wconf 88' lang='lat' dir='ltr'>Ecclesiae</span> <span class='ocrx_word' id='word_1_127' title='bbox 935 727 1100 753; x_wconf 90' lang='lat' dir='ltr'>statutum.</span> 
     </span>
    </p>

    <p class='ocr_par' dir='ltr' id='par_1_15' title="bbox 359 765 1433 1165">
     <span class='ocr_line' id='line_1_28' title="bbox 416 765 1431 807; baseline -0.005 -7"><span class='ocrx_word' id='word_1_128' title='bbox 416 770 607 800; x_wconf 67' lang='lat' dir='ltr'>Rnsponmzo</span> <span class='ocrx_word' id='word_1_129' title='bbox 638 777 799 798; x_wconf 72' lang='lat' dir='ltr'>mcnnnuu</span> <span class='ocrx_word' id='word_1_130' title='bbox 822 766 912 807; x_wconf 93' lang='lat' dir='ltr'>quod</span> <span class='ocrx_word' id='word_1_131' title='bbox 935 765 1115 797; x_wconf 91' lang='lat' dir='ltr'>secundum</span> <span class='ocrx_word' id='word_1_132' title='bbox 1139 765 1261 796; x_wconf 90' lang='lat' dir='ltr'>diversa</span> <span class='ocrx_word' id='word_1_133' title='bbox 1284 771 1431 806; x_wconf 92' lang='lat' dir='ltr'>tempora</span> 
     </span>
     <span class='ocr_line' id='line_1_29' title="bbox 359 809 1431 852; baseline -0.007 -6"><span class='ocrx_word' id='word_1_134' title='bbox 359 815 522 846; x_wconf 89' lang='lat' dir='ltr'>invenitur</span> <span class='ocrx_word' id='word_1_135' title='bbox 545 812 805 852; x_wconf 87' lang='lat' dir='ltr'>consanguinitas</span> <span class='ocrx_word' id='word_1_136' title='bbox 828 810 1008 841; x_wconf 90' lang='lat' dir='ltr'>secundum</span> <span class='ocrx_word' id='word_1_137' title='bbox 1031 810 1147 851; x_wconf 87' lang='lat' dir='ltr'>gradus</span> <span class='ocrx_word' id='word_1_138' title='bbox 1167 809 1308 840; x_wconf 88' lang='lat' dir='ltr'>diversos</span> <span class='ocrx_word' id='word_1_139' title='bbox 1323 810 1431 840; x_wconf 84' lang='lat' dir='ltr'>matri-</span> 
     </span>
     <span class='ocr_line' id='line_1_30' title="bbox 360 854 1431 898; baseline -0.005 -9"><span class='ocrx_word' id='word_1_140' title='bbox 360 859 509 889; x_wconf 90' lang='lat' dir='ltr'>monium</span> <span class='ocrx_word' id='word_1_141' title='bbox 524 857 706 898; x_wconf 88' lang='lat' dir='ltr'>impedisse.</span> <span class='ocrx_word' id='word_1_142' title='bbox 724 856 760 886; x_wconf 89' lang='lat' dir='ltr'>In</span> <span class='ocrx_word' id='word_1_143' title='bbox 775 855 935 896; x_wconf 88' lang='lat' dir='ltr'>principio</span> <span class='ocrx_word' id='word_1_144' title='bbox 953 855 1039 885; x_wconf 91' lang='lat' dir='ltr'>enim</span> <span class='ocrx_word' id='word_1_145' title='bbox 1055 855 1190 885; x_wconf 84' lang='lat' dir='ltr'>humani</span> <span class='ocrx_word' id='word_1_146' title='bbox 1204 855 1328 895; x_wconf 88' lang='lat' dir='ltr'>generis</span> <span class='ocrx_word' id='word_1_147' title='bbox 1343 854 1431 884; x_wconf 92' lang='lat' dir='ltr'>solus</span> 
     </span>
     <span class='ocr_line' id='line_1_31' title="bbox 360 898 1432 943; baseline -0.006 -9"><span class='ocrx_word' id='word_1_148' title='bbox 360 908 450 943; x_wconf 88' lang='lat' dir='ltr'>pater</span> <span class='ocrx_word' id='word_1_149' title='bbox 473 908 504 933; x_wconf 91' lang='lat' dir='ltr'>et</span> <span class='ocrx_word' id='word_1_150' title='bbox 526 907 628 933; x_wconf 90' lang='lat' dir='ltr'>mater</span> <span class='ocrx_word' id='word_1_151' title='bbox 643 910 661 931; x_wconf 92' lang='lat' dir='ltr'>a</span> <span class='ocrx_word' id='word_1_152' title='bbox 676 901 883 931; x_wconf 88' lang='lat' dir='ltr'>matrimonio</span> <span class='ocrx_word' id='word_1_153' title='bbox 906 899 1159 940; x_wconf 88' lang='lat' dir='ltr'>repellebantur:</span> <span class='ocrx_word' id='word_1_154' title='bbox 1184 908 1224 929; x_wconf 91' lang='lat' dir='ltr'>eo</span> <span class='ocrx_word' id='word_1_155' title='bbox 1242 898 1332 939; x_wconf 94' lang='lat' dir='ltr'>quod</span> <span class='ocrx_word' id='word_1_156' title='bbox 1354 904 1432 929; x_wconf 91' lang='lat' dir='ltr'>tunc</span> 
     </span>
     <span class='ocr_line' id='line_1_32' title="bbox 360 944 1432 987; baseline -0.005 -9"><span class='ocrx_word' id='word_1_157' title='bbox 360 947 514 987; x_wconf 88' lang='lat' dir='ltr'>temporis</span> <span class='ocrx_word' id='word_1_158' title='bbox 531 951 598 977; x_wconf 89' lang='lat' dir='ltr'>erat</span> <span class='ocrx_word' id='word_1_159' title='bbox 611 945 755 986; x_wconf 84' lang='lat' dir='ltr'>paucitas</span> <span class='ocrx_word' id='word_1_160' title='bbox 770 945 953 980; x_wconf 91' lang='lat' dir='ltr'>hominum,</span> <span class='ocrx_word' id='word_1_161' title='bbox 967 949 1002 974; x_wconf 87' lang='lat' dir='ltr'>et</span> <span class='ocrx_word' id='word_1_162' title='bbox 1018 944 1188 984; x_wconf 90' lang='lat' dir='ltr'>oportebat</span> <span class='ocrx_word' id='word_1_163' title='bbox 1207 944 1432 984; x_wconf 86' lang='lat' dir='ltr'>propagationi</span> 
     </span>
     <span class='ocr_line' id='line_1_33' title="bbox 360 988 1432 1030; baseline -0.004 -8"><span class='ocrx_word' id='word_1_164' title='bbox 360 991 495 1022; x_wconf 89' lang='lat' dir='ltr'>humani</span> <span class='ocrx_word' id='word_1_165' title='bbox 525 990 650 1030; x_wconf 88' lang='lat' dir='ltr'>generis</span> <span class='ocrx_word' id='word_1_166' title='bbox 679 989 852 1020; x_wconf 85' lang='lat' dir='ltr'>maximam</span> <span class='ocrx_word' id='word_1_167' title='bbox 883 998 993 1019; x_wconf 89' lang='lat' dir='ltr'>curam</span> <span class='ocrx_word' id='word_1_168' title='bbox 1023 988 1227 1029; x_wconf 88' lang='lat' dir='ltr'>impendere;</span> <span class='ocrx_word' id='word_1_169' title='bbox 1251 988 1337 1018; x_wconf 92' lang='lat' dir='ltr'>unde</span> <span class='ocrx_word' id='word_1_170' title='bbox 1364 998 1432 1018; x_wconf 91' lang='lat' dir='ltr'>non</span> 
     </span>
     <span class='ocr_line' id='line_1_34' title="bbox 361 1033 1432 1074; baseline -0.003 -8"><span class='ocrx_word' id='word_1_171' title='bbox 361 1040 450 1066; x_wconf 90' lang='lat' dir='ltr'>erant</span> <span class='ocrx_word' id='word_1_172' title='bbox 480 1033 695 1065; x_wconf 88' lang='lat' dir='ltr'>removendae</span> <span class='ocrx_word' id='word_1_173' title='bbox 725 1034 787 1064; x_wconf 88' lang='lat' dir='ltr'>nisi</span> <span class='ocrx_word' id='word_1_174' title='bbox 819 1033 892 1063; x_wconf 90' lang='lat' dir='ltr'>illae</span> <span class='ocrx_word' id='word_1_175' title='bbox 925 1043 1081 1074; x_wconf 89' lang='lat' dir='ltr'>personae</span> <span class='ocrx_word' id='word_1_176' title='bbox 1112 1042 1195 1073; x_wconf 90' lang='lat' dir='ltr'>quae</span> <span class='ocrx_word' id='word_1_177' title='bbox 1225 1033 1432 1063; x_wconf 86' lang='lat' dir='ltr'>matn&#39;monio</span> 
     </span>
     <span class='ocr_line' id='line_1_35' title="bbox 359 1077 1433 1120; baseline -0.003 -10"><span class='ocrx_word' id='word_1_178' title='bbox 359 1080 618 1120; x_wconf 87' lang='lat' dir='ltr'>incompetentes</span> <span class='ocrx_word' id='word_1_179' title='bbox 643 1084 731 1109; x_wconf 91' lang='lat' dir='ltr'>erant</span> <span class='ocrx_word' id='word_1_180' title='bbox 755 1079 851 1108; x_wconf 78' lang='lat' dir='ltr'>etiam</span> <span class='ocrx_word' id='word_1_181' title='bbox 875 1083 1033 1118; x_wconf 89' lang='lat' dir='ltr'>quantum</span> <span class='ocrx_word' id='word_1_182' title='bbox 1057 1077 1097 1108; x_wconf 88' lang='lat' dir='ltr'>ad</span> <span class='ocrx_word' id='word_1_183' title='bbox 1119 1077 1219 1108; x_wconf 91' lang='lat' dir='ltr'>finem</span> <span class='ocrx_word' id='word_1_184' title='bbox 1235 1077 1433 1108; x_wconf 78' lang='lat' dir='ltr'>matrimonii</span> 
     </span>
     <span class='ocr_line' id='line_1_36' title="bbox 360 1122 1332 1165; baseline -0.003 -10"><span class='ocrx_word' id='word_1_185' title='bbox 360 1124 582 1165; x_wconf 87' lang='lat' dir='ltr'>principalem,</span> <span class='ocrx_word' id='word_1_186' title='bbox 607 1123 663 1163; x_wconf 90' lang='lat' dir='ltr'>qui</span> <span class='ocrx_word' id='word_1_187' title='bbox 687 1128 734 1153; x_wconf 93' lang='lat' dir='ltr'>est</span> <span class='ocrx_word' id='word_1_188' title='bbox 757 1124 880 1153; x_wconf 90' lang='lat' dir='ltr'>bonurn</span> <span class='ocrx_word' id='word_1_189' title='bbox 905 1123 1013 1163; x_wconf 90' lang='lat' dir='ltr'>prolis,</span> <span class='ocrx_word' id='word_1_190' title='bbox 1037 1128 1074 1153; x_wconf 91' lang='lat' dir='ltr'>ut</span> <span class='ocrx_word' id='word_1_191' title='bbox 1097 1122 1219 1153; x_wconf 89' lang='lat' dir='ltr'>dictum</span> <span class='ocrx_word' id='word_1_192' title='bbox 1243 1128 1290 1152; x_wconf 93' lang='lat' dir='ltr'>est</span> <span class='ocrx_word' id='word_1_193' title='bbox 1305 1123 1332 1151; x_wconf 71' lang='lat'>*.</span> 
     </span>
    </p>

    <p class='ocr_par' dir='ltr' id='par_1_16' title="bbox 416 1167 1433 1207">
     <span class='ocr_line' id='line_1_37' title="bbox 416 1167 1433 1207; baseline -0.004 -8"><span class='ocrx_word' id='word_1_194' title='bbox 416 1168 630 1199; x_wconf 90' lang='lat' dir='ltr'>Postmodum</span> <span class='ocrx_word' id='word_1_195' title='bbox 653 1173 776 1204; x_wconf 88' lang='lat' dir='ltr'>autem,</span> <span class='ocrx_word' id='word_1_196' title='bbox 807 1167 1020 1207; x_wconf 78' lang='lat' dir='ltr'>multiplicato</span> <span class='ocrx_word' id='word_1_197' title='bbox 1048 1177 1164 1207; x_wconf 90' lang='lat' dir='ltr'>genere</span> <span class='ocrx_word' id='word_1_198' title='bbox 1193 1167 1352 1202; x_wconf 89' lang='lat' dir='ltr'>humano,</span> <span class='ocrx_word' id='word_1_199' title='bbox 1376 1175 1433 1206; x_wconf 91' lang='lat' dir='ltr'>per</span> 
     </span>
    </p>
   </div>
   <div class='ocr_carea' id='block_1_14' title="bbox 12 1211 1434 1254">
    <p class='ocr_par' dir='ltr' id='par_1_17' title="bbox 12 1211 1434 1254">
     <span class='ocr_line' id='line_1_38' title="bbox 12 1211 1434 1254; baseline -0.002 -10"><span class='ocrx_word' id='word_1_200' title='bbox 12 1235 13 1239; x_wconf 67' lang='lat'>,</span> <span class='ocrx_word' id='word_1_201' title='bbox 68 1236 73 1251; x_wconf 22' lang='grc' dir='ltr'>,ν</span> <span class='ocrx_word' id='word_1_202' title='bbox 119 1213 205 1236; x_wconf 65' lang='lat'>‘1⁸⁹1‘-</span> <span class='ocrx_word' id='word_1_203' title='bbox 212 1217 332 1240; x_wconf 65' lang='lat' dir='ltr'>capann-</span> <span class='ocrx_word' id='word_1_204' title='bbox 359 1213 465 1254; x_wconf 89' lang='lat' dir='ltr'>legem</span> <span class='ocrx_word' id='word_1_205' title='bbox 477 1213 584 1254; x_wconf 86' lang='lat' dir='ltr'>Moysi</span> <span class='ocrx_word' id='word_1_206' title='bbox 599 1212 706 1253; x_wconf 92' lang='lat' dir='ltr'>plures</span> <span class='ocrx_word' id='word_1_207' title='bbox 718 1221 874 1252; x_wconf 91' lang='lat' dir='ltr'>personae</span> <span class='ocrx_word' id='word_1_208' title='bbox 887 1218 961 1242; x_wconf 90' lang='lat' dir='ltr'>sunt</span> <span class='ocrx_word' id='word_1_209' title='bbox 977 1217 1127 1252; x_wconf 88' lang='lat' dir='ltr'>exceptae</span> <span class='ocrx_word' id='word_1_210' title='bbox 1137 1212 1164 1248; x_wconf 63' lang='lat'>¹²,</span> <span class='ocrx_word' id='word_1_211' title='bbox 1178 1221 1260 1251; x_wconf 89' lang='lat' dir='ltr'>quae</span> <span class='ocrx_word' id='word_1_212' title='bbox 1275 1211 1339 1241; x_wconf 91' lang='lat' dir='ltr'>iam</span> <span class='ocrx_word' id='word_1_213' title='bbox 1356 1220 1434 1241; x_wconf 91' lang='lat' dir='ltr'>con-</span> 
     </span>
    </p>
   </div>
   <div class='ocr_carea' id='block_1_15' title="bbox 361 1255 1438 2009">
    <p class='ocr_par' dir='ltr' id='par_1_18' title="bbox 361 1255 1436 1652">
     <span class='ocr_line' id='line_1_39' title="bbox 361 1255 1434 1298; baseline -0.003 -10"><span class='ocrx_word' id='word_1_214' title='bbox 361 1258 594 1298; x_wconf 79' lang='lat' dir='ltr'>cupiscentiam</span> <span class='ocrx_word' id='word_1_215' title='bbox 619 1257 792 1298; x_wconf 81' lang='lat' dir='ltr'>reprimere</span> <span class='ocrx_word' id='word_1_216' title='bbox 818 1257 1000 1296; x_wconf 90' lang='lat' dir='ltr'>incipiebat.</span> <span class='ocrx_word' id='word_1_217' title='bbox 1032 1256 1144 1292; x_wconf 89' lang='lat' dir='ltr'>Unde,</span> <span class='ocrx_word' id='word_1_218' title='bbox 1169 1261 1205 1286; x_wconf 94' lang='lat' dir='ltr'>ut</span> <span class='ocrx_word' id='word_1_219' title='bbox 1228 1255 1305 1286; x_wconf 91' lang='lat' dir='ltr'>dicit</span> <span class='ocrx_word' id='word_1_220' title='bbox 1331 1255 1434 1285; x_wconf 92' lang='lat' dir='ltr'>Rabbi</span> 
     </span>
     <span class='ocr_line' id='line_1_40' title="bbox 361 1300 1434 1343; baseline -0.002 -11"><span class='ocrx_word' id='word_1_221' title='bbox 361 1302 545 1343; x_wconf 56' lang='lat' dir='ltr'>Moysesjf</span> <span class='ocrx_word' id='word_1_222' title='bbox 564 1310 678 1332; x_wconf 90' lang='lat' dir='ltr'>omnes</span> <span class='ocrx_word' id='word_1_223' title='bbox 708 1301 782 1332; x_wconf 92' lang='lat' dir='ltr'>illae</span> <span class='ocrx_word' id='word_1_224' title='bbox 811 1310 967 1341; x_wconf 88' lang='lat' dir='ltr'>personae</span> <span class='ocrx_word' id='word_1_225' title='bbox 999 1306 1151 1341; x_wconf 83' lang='lat' dir='ltr'>exceptae</span> <span class='ocrx_word' id='word_1_226' title='bbox 1180 1306 1255 1331; x_wconf 93' lang='lat' dir='ltr'>sunt</span> <span class='ocrx_word' id='word_1_227' title='bbox 1282 1310 1300 1330; x_wconf 94' lang='lat' dir='ltr'>a</span> <span class='ocrx_word' id='word_1_228' title='bbox 1326 1300 1434 1330; x_wconf 84' lang='lat' dir='ltr'>matri-</span> 
     </span>
     <span class='ocr_line' id='line_1_41' title="bbox 361 1344 1435 1387; baseline -0.003 -10"><span class='ocrx_word' id='word_1_229' title='bbox 361 1344 475 1378; x_wconf 86' lang='lat' dir='ltr'>monio</span> <span class='ocrx_word' id='word_1_230' title='bbox 493 1355 576 1387; x_wconf 89' lang='lat' dir='ltr'>quae</span> <span class='ocrx_word' id='word_1_231' title='bbox 590 1346 624 1376; x_wconf 92' lang='lat' dir='ltr'>in</span> <span class='ocrx_word' id='word_1_232' title='bbox 640 1355 705 1376; x_wconf 90' lang='lat' dir='ltr'>una</span> <span class='ocrx_word' id='word_1_233' title='bbox 721 1345 839 1376; x_wconf 85' lang='lat' dir='ltr'>familia</span> <span class='ocrx_word' id='word_1_234' title='bbox 855 1346 1038 1376; x_wconf 89' lang='lat' dir='ltr'>cohabitare</span> <span class='ocrx_word' id='word_1_235' title='bbox 1061 1345 1183 1376; x_wconf 86' lang='lat' dir='ltr'>solent:</span> <span class='ocrx_word' id='word_1_236' title='bbox 1209 1345 1295 1385; x_wconf 89' lang='lat' dir='ltr'>quia,</span> <span class='ocrx_word' id='word_1_237' title='bbox 1312 1345 1338 1375; x_wconf 94' lang='lat' dir='ltr'>si</span> <span class='ocrx_word' id='word_1_238' title='bbox 1353 1345 1435 1374; x_wconf 91' lang='lat' dir='ltr'>inter</span> 
     </span>
     <span class='ocr_line' id='line_1_42' title="bbox 363 1389 1434 1430; baseline -0.003 -8"><span class='ocrx_word' id='word_1_239' title='bbox 363 1400 419 1422; x_wconf 91' lang='lat' dir='ltr'>eos</span> <span class='ocrx_word' id='word_1_240' title='bbox 435 1391 520 1422; x_wconf 90' lang='lat' dir='ltr'>licite</span> <span class='ocrx_word' id='word_1_241' title='bbox 537 1390 669 1421; x_wconf 90' lang='lat' dir='ltr'>carnalis</span> <span class='ocrx_word' id='word_1_242' title='bbox 688 1390 806 1430; x_wconf 90' lang='lat' dir='ltr'>copula</span> <span class='ocrx_word' id='word_1_243' title='bbox 830 1399 898 1420; x_wconf 84' lang='lat' dir='ltr'>esse</span> <span class='ocrx_word' id='word_1_244' title='bbox 922 1396 1041 1430; x_wconf 88' lang='lat' dir='ltr'>posset,</span> <span class='ocrx_word' id='word_1_245' title='bbox 1058 1399 1212 1430; x_wconf 90' lang='lat' dir='ltr'>magnum</span> <span class='ocrx_word' id='word_1_246' title='bbox 1235 1389 1434 1420; x_wconf 88' lang='lat' dir='ltr'>incentivum</span> 
     </span>
     <span class='ocr_line' id='line_1_43' title="bbox 361 1433 1435 1475; baseline -0.003 -9"><span class='ocrx_word' id='word_1_247' title='bbox 361 1435 487 1466; x_wconf 82' lang='lat' dir='ltr'>libidini</span> <span class='ocrx_word' id='word_1_248' title='bbox 508 1439 729 1475; x_wconf 84' lang='lat' dir='ltr'>praestaretur.</span> <span class='ocrx_word' id='word_1_249' title='bbox 753 1433 817 1465; x_wconf 92' lang='lat' dir='ltr'>Sed</span> <span class='ocrx_word' id='word_1_250' title='bbox 840 1434 919 1465; x_wconf 89' lang='lat' dir='ltr'>alios</span> <span class='ocrx_word' id='word_1_251' title='bbox 943 1434 1227 1474; x_wconf 89' lang='lat' dir='ltr'>consanguinitatis</span> <span class='ocrx_word' id='word_1_252' title='bbox 1250 1433 1365 1474; x_wconf 87' lang='lat' dir='ltr'>gradus</span> <span class='ocrx_word' id='word_1_253' title='bbox 1384 1433 1435 1474; x_wconf 82' lang='lat' dir='ltr'>lex</span> 
     </span>
     <span class='ocr_line' id='line_1_44' title="bbox 362 1478 1436 1519; baseline -0.002 -9"><span class='ocrx_word' id='word_1_254' title='bbox 362 1484 454 1510; x_wconf 87' lang='lat' dir='ltr'>vetus</span> <span class='ocrx_word' id='word_1_255' title='bbox 477 1479 633 1519; x_wconf 90' lang='lat' dir='ltr'>permisit:</span> <span class='ocrx_word' id='word_1_256' title='bbox 659 1479 762 1509; x_wconf 91' lang='lat' dir='ltr'>immo</span> <span class='ocrx_word' id='word_1_257' title='bbox 786 1478 1031 1518; x_wconf 89' lang='lat' dir='ltr'>quodammodo</span> <span class='ocrx_word' id='word_1_258' title='bbox 1054 1479 1232 1518; x_wconf 88' lang='lat' dir='ltr'>praecepit,</span> <span class='ocrx_word' id='word_1_259' title='bbox 1256 1484 1293 1508; x_wconf 92' lang='lat' dir='ltr'>ut</span> <span class='ocrx_word' id='word_1_260' title='bbox 1315 1478 1436 1508; x_wconf 91' lang='lat' dir='ltr'>scilicet</span> 
     </span>
     <span class='ocr_line' id='line_1_45' title="bbox 362 1523 1435 1564; baseline -0.002 -10"><span class='ocrx_word' id='word_1_261' title='bbox 362 1523 404 1554; x_wconf 82' lang='lat' dir='ltr'>de</span> <span class='ocrx_word' id='word_1_262' title='bbox 418 1523 616 1564; x_wconf 78' lang='lat' dir='ltr'>cognatione</span> <span class='ocrx_word' id='word_1_263' title='bbox 637 1532 698 1554; x_wconf 89' lang='lat' dir='ltr'>sua</span> <span class='ocrx_word' id='word_1_264' title='bbox 714 1523 939 1563; x_wconf 88' lang='lat' dir='ltr'>unusquisque</span> <span class='ocrx_word' id='word_1_265' title='bbox 961 1533 1096 1554; x_wconf 85' lang='lat' dir='ltr'>uxorem</span> <span class='ocrx_word' id='word_1_266' title='bbox 1121 1523 1288 1562; x_wconf 90' lang='lat' dir='ltr'>acciperet,</span> <span class='ocrx_word' id='word_1_267' title='bbox 1304 1531 1346 1552; x_wconf 89' lang='lat' dir='ltr'>ne</span> <span class='ocrx_word' id='word_1_268' title='bbox 1363 1531 1435 1552; x_wconf 92' lang='lat' dir='ltr'>suc-</span> 
     </span>
     <span class='ocr_line' id='line_1_46' title="bbox 363 1566 1435 1607; baseline -0.002 -9"><span class='ocrx_word' id='word_1_269' title='bbox 363 1568 548 1599; x_wconf 88' lang='lat' dir='ltr'>cessionum</span> <span class='ocrx_word' id='word_1_270' title='bbox 571 1566 720 1597; x_wconf 90' lang='lat' dir='ltr'>confusio</span> <span class='ocrx_word' id='word_1_271' title='bbox 745 1572 827 1597; x_wconf 87' lang='lat' dir='ltr'>esset</span> <span class='ocrx_word' id='word_1_272' title='bbox 843 1568 878 1603; x_wconf 54' lang='grc' dir='ltr'>’ς</span> <span class='ocrx_word' id='word_1_273' title='bbox 904 1568 980 1607; x_wconf 90' lang='lat' dir='ltr'>quia</span> <span class='ocrx_word' id='word_1_274' title='bbox 995 1573 1073 1598; x_wconf 92' lang='lat' dir='ltr'>tunc</span> <span class='ocrx_word' id='word_1_275' title='bbox 1089 1567 1243 1607; x_wconf 90' lang='lat' dir='ltr'>temporis</span> <span class='ocrx_word' id='word_1_276' title='bbox 1267 1566 1372 1597; x_wconf 91' lang='lat' dir='ltr'>cultus</span> <span class='ocrx_word' id='word_1_277' title='bbox 1389 1566 1435 1597; x_wconf 92' lang='lat' dir='ltr'>di-</span> 
     </span>
     <span class='ocr_line' id='line_1_47' title="bbox 361 1612 1215 1652; baseline -0.002 -9"><span class='ocrx_word' id='word_1_278' title='bbox 361 1612 456 1643; x_wconf 85' lang='lat' dir='ltr'>vinus</span> <span class='ocrx_word' id='word_1_279' title='bbox 479 1621 536 1652; x_wconf 90' lang='lat' dir='ltr'>per</span> <span class='ocrx_word' id='word_1_280' title='bbox 559 1612 798 1642; x_wconf 87' lang='lat' dir='ltr'>successionem</span> <span class='ocrx_word' id='word_1_281' title='bbox 820 1612 945 1651; x_wconf 91' lang='lat' dir='ltr'>generis</span> <span class='ocrx_word' id='word_1_282' title='bbox 968 1612 1215 1652; x_wconf 86' lang='lat' dir='ltr'>propagabatur.</span> 
     </span>
    </p>

    <p class='ocr_par' dir='ltr' id='par_1_19' title="bbox 362 1654 1437 1917">
     <span class='ocr_line' id='line_1_48' title="bbox 418 1654 1436 1696; baseline -0.001 -10"><span class='ocrx_word' id='word_1_283' title='bbox 418 1655 482 1687; x_wconf 91' lang='lat' dir='ltr'>Sed</span> <span class='ocrx_word' id='word_1_284' title='bbox 504 1655 716 1696; x_wconf 90' lang='lat' dir='ltr'>postmodum</span> <span class='ocrx_word' id='word_1_285' title='bbox 739 1656 772 1685; x_wconf 92' lang='lat' dir='ltr'>in</span> <span class='ocrx_word' id='word_1_286' title='bbox 796 1655 866 1695; x_wconf 88' lang='lat' dir='ltr'>lege</span> <span class='ocrx_word' id='word_1_287' title='bbox 889 1665 984 1691; x_wconf 92' lang='lat' dir='ltr'>nova,</span> <span class='ocrx_word' id='word_1_288' title='bbox 1010 1665 1092 1696; x_wconf 88' lang='lat' dir='ltr'>quae</span> <span class='ocrx_word' id='word_1_289' title='bbox 1117 1661 1164 1686; x_wconf 91' lang='lat' dir='ltr'>est</span> <span class='ocrx_word' id='word_1_290' title='bbox 1187 1655 1241 1686; x_wconf 85' lang='lat' dir='ltr'>Iex</span> <span class='ocrx_word' id='word_1_291' title='bbox 1263 1654 1404 1695; x_wconf 83' lang='lat' dir='ltr'>Spiritus</span> <span class='ocrx_word' id='word_1_292' title='bbox 1419 1655 1436 1671; x_wconf 44' lang='grc' dir='ltr'><strong>ὓ</strong></span> 
     </span>
     <span class='ocr_line' id='line_1_49' title="bbox 362 1699 1434 1740; baseline -0.002 -9"><span class='ocrx_word' id='word_1_293' title='bbox 362 1706 396 1731; x_wconf 84' lang='lat' dir='ltr'>et</span> <span class='ocrx_word' id='word_1_294' title='bbox 417 1700 544 1737; x_wconf 81' lang='lat' dir='ltr'>amoris,</span> <span class='ocrx_word' id='word_1_295' title='bbox 568 1700 676 1740; x_wconf 91' lang='lat' dir='ltr'>plures</span> <span class='ocrx_word' id='word_1_296' title='bbox 703 1699 819 1740; x_wconf 89' lang='lat' dir='ltr'>gradus</span> <span class='ocrx_word' id='word_1_297' title='bbox 847 1700 1132 1740; x_wconf 89' lang='lat' dir='ltr'>consanguinitatis</span> <span class='ocrx_word' id='word_1_298' title='bbox 1160 1705 1235 1730; x_wconf 90' lang='lat' dir='ltr'>sunt</span> <span class='ocrx_word' id='word_1_299' title='bbox 1262 1700 1434 1740; x_wconf 87' lang='lat' dir='ltr'>prohibiti:</span> 
     </span>
     <span class='ocr_line' id='line_1_50' title="bbox 363 1743 1436 1786; baseline -0.003 -10"><span class='ocrx_word' id='word_1_300' title='bbox 363 1745 440 1786; x_wconf 85' lang='lat' dir='ltr'>quia</span> <span class='ocrx_word' id='word_1_301' title='bbox 461 1746 527 1776; x_wconf 87' lang='lat' dir='ltr'>iam</span> <span class='ocrx_word' id='word_1_302' title='bbox 549 1754 608 1785; x_wconf 91' lang='lat' dir='ltr'>per</span> <span class='ocrx_word' id='word_1_303' title='bbox 622 1743 821 1785; x_wconf 87' lang='lat' dir='ltr'>spiritualem</span> <span class='ocrx_word' id='word_1_304' title='bbox 843 1744 986 1784; x_wconf 89' lang='lat' dir='ltr'>gratiam,</span> <span class='ocrx_word' id='word_1_305' title='bbox 1003 1754 1071 1775; x_wconf 91' lang='lat' dir='ltr'>non</span> <span class='ocrx_word' id='word_1_306' title='bbox 1087 1754 1144 1784; x_wconf 89' lang='lat' dir='ltr'>per</span> <span class='ocrx_word' id='word_1_307' title='bbox 1160 1744 1262 1774; x_wconf 91' lang='lat' dir='ltr'>carnis</span> <span class='ocrx_word' id='word_1_308' title='bbox 1279 1744 1436 1784; x_wconf 85' lang='lat' dir='ltr'>originem</span> 
     </span>
     <span class='ocr_line' id='line_1_51' title="bbox 363 1788 1437 1828; baseline -0.003 -7"><span class='ocrx_word' id='word_1_309' title='bbox 363 1789 469 1821; x_wconf 87' lang='lat' dir='ltr'>cultus</span> <span class='ocrx_word' id='word_1_310' title='bbox 499 1790 561 1820; x_wconf 90' lang='lat' dir='ltr'>Dei</span> <span class='ocrx_word' id='word_1_311' title='bbox 591 1789 751 1820; x_wconf 86' lang='lat' dir='ltr'>derivatur</span> <span class='ocrx_word' id='word_1_312' title='bbox 779 1794 810 1818; x_wconf 93' lang='lat' dir='ltr'>et</span> <span class='ocrx_word' id='word_1_313' title='bbox 837 1788 1088 1828; x_wconf 86' lang='lat' dir='ltr'>multiplicatur;</span> <span class='ocrx_word' id='word_1_314' title='bbox 1124 1788 1210 1819; x_wconf 89' lang='lat' dir='ltr'>unde</span> <span class='ocrx_word' id='word_1_315' title='bbox 1241 1793 1370 1828; x_wconf 89' lang='lat' dir='ltr'>oportet</span> <span class='ocrx_word' id='word_1_316' title='bbox 1401 1793 1437 1818; x_wconf 93' lang='lat' dir='ltr'>ut</span> 
     </span>
     <span class='ocr_line' id='line_1_52' title="bbox 362 1832 1437 1873; baseline -0.002 -8"><span class='ocrx_word' id='word_1_317' title='bbox 362 1834 512 1866; x_wconf 88' lang='lat' dir='ltr'>homines</span> <span class='ocrx_word' id='word_1_318' title='bbox 535 1835 631 1865; x_wconf 90' lang='lat' dir='ltr'>etiam</span> <span class='ocrx_word' id='word_1_319' title='bbox 650 1834 750 1873; x_wconf 86' lang='lat' dir='ltr'>magis</span> <span class='ocrx_word' id='word_1_320' title='bbox 766 1843 784 1863; x_wconf 90' lang='lat' dir='ltr'>a</span> <span class='ocrx_word' id='word_1_321' title='bbox 801 1833 978 1863; x_wconf 87' lang='lat' dir='ltr'>carnalibus</span> <span class='ocrx_word' id='word_1_322' title='bbox 994 1833 1203 1869; x_wconf 85' lang='lat' dir='ltr'>retrahantur,</span> <span class='ocrx_word' id='word_1_323' title='bbox 1220 1832 1437 1872; x_wconf 84' lang='lat' dir='ltr'>spiritualibus</span> 
     </span>
     <span class='ocr_line' id='line_1_53' title="bbox 364 1877 1144 1917; baseline -0.003 -7"><span class='ocrx_word' id='word_1_324' title='bbox 364 1884 527 1915; x_wconf 83' lang='lat' dir='ltr'>vacantes;</span> <span class='ocrx_word' id='word_1_325' title='bbox 552 1884 584 1909; x_wconf 90' lang='lat' dir='ltr'>et</span> <span class='ocrx_word' id='word_1_326' title='bbox 606 1883 643 1909; x_wconf 91' lang='lat' dir='ltr'>ut</span> <span class='ocrx_word' id='word_1_327' title='bbox 665 1887 757 1908; x_wconf 90' lang='lat' dir='ltr'>arnor</span> <span class='ocrx_word' id='word_1_328' title='bbox 779 1878 916 1917; x_wconf 89' lang='lat' dir='ltr'>amplius</span> <span class='ocrx_word' id='word_1_329' title='bbox 940 1877 1144 1908; x_wconf 88' lang='lat' dir='ltr'>diffundatur.</span> 
     </span>
    </p>

    <p class='ocr_par' dir='ltr' id='par_1_20' title="bbox 364 1921 1438 2009">
     <span class='ocr_line' id='line_1_54' title="bbox 419 1921 1437 1963; baseline -0.002 -9"><span class='ocrx_word' id='word_1_330' title='bbox 419 1923 462 1954; x_wconf 91' lang='lat' dir='ltr'>Et</span> <span class='ocrx_word' id='word_1_331' title='bbox 483 1922 558 1954; x_wconf 83' lang='lat' dir='ltr'>ideo</span> <span class='ocrx_word' id='word_1_332' title='bbox 582 1923 758 1963; x_wconf 88' lang='lat' dir='ltr'>antiquitus</span> <span class='ocrx_word' id='word_1_333' title='bbox 781 1931 886 1962; x_wconf 91' lang='lat' dir='ltr'>usque</span> <span class='ocrx_word' id='word_1_334' title='bbox 902 1921 942 1953; x_wconf 92' lang='lat' dir='ltr'>ad</span> <span class='ocrx_word' id='word_1_335' title='bbox 956 1923 1146 1953; x_wconf 88' lang='lat' dir='ltr'>remotiores</span> <span class='ocrx_word' id='word_1_336' title='bbox 1167 1922 1284 1962; x_wconf 90' lang='lat' dir='ltr'>gradus</span> <span class='ocrx_word' id='word_1_337' title='bbox 1300 1931 1437 1953; x_wconf 90' lang='lat' dir='ltr'>consan-</span> 
     </span>
     <span class='ocr_line' id='line_1_55' title="bbox 364 1966 1438 2009; baseline -0.002 -11"><span class='ocrx_word' id='word_1_338' title='bbox 364 1968 527 2009; x_wconf 87' lang='lat' dir='ltr'>guinitatis</span> <span class='ocrx_word' id='word_1_339' title='bbox 556 1967 800 1998; x_wconf 88' lang='lat' dir='ltr'>matrimonium</span> <span class='ocrx_word' id='word_1_340' title='bbox 830 1966 1083 2007; x_wconf 88' lang='lat' dir='ltr'>impediebatur:</span> <span class='ocrx_word' id='word_1_341' title='bbox 1116 1972 1152 1997; x_wconf 89' lang='lat' dir='ltr'>ut</span> <span class='ocrx_word' id='word_1_342' title='bbox 1179 1966 1219 1997; x_wconf 93' lang='lat' dir='ltr'>ad</span> <span class='ocrx_word' id='word_1_343' title='bbox 1246 1967 1354 2007; x_wconf 89' lang='lat' dir='ltr'>plures</span> <span class='ocrx_word' id='word_1_344' title='bbox 1380 1976 1438 2007; x_wconf 91' lang='lat' dir='ltr'>per</span> 
     </span>
    </p>
   </div>
   <div class='ocr_carea' id='block_1_16' title="bbox 2474 215 2544 251">
    <p class='ocr_par' dir='ltr' id='par_1_21' title="bbox 2474 215 2544 251">
     <span class='ocr_line' id='line_1_56' title="bbox 2474 215 2544 251; baseline 0.014 -12"><span class='ocrx_word' id='word_1_345' title='bbox 2474 215 2544 251; x_wconf 90' lang='lat'>107</span> 
     </span>
    </p>
   </div>
   <div class='ocr_carea' id='block_1_17' title="bbox 1483 278 2550 452">
    <p class='ocr_par' dir='ltr' id='par_1_22' title="bbox 1483 278 2550 452">
     <span class='ocr_line' id='line_1_57' title="bbox 1536 278 2548 319; baseline 0.005 -11"><span class='ocrx_word' id='word_1_346' title='bbox 1536 278 1588 308; x_wconf 85' lang='lat' dir='ltr'>An</span> <span class='ocrx_word' id='word_1_347' title='bbox 1612 288 1775 308; x_wconf 69' lang='lat' dir='ltr'>sncunmm</span> <span class='ocrx_word' id='word_1_348' title='bbox 1798 288 1957 308; x_wconf 68' lang='lat' dir='ltr'>memnon</span> <span class='ocrx_word' id='word_1_349' title='bbox 1974 280 2062 319; x_wconf 91' lang='lat' dir='ltr'>quod</span> <span class='ocrx_word' id='word_1_350' title='bbox 2085 281 2326 312; x_wconf 89' lang='lat' dir='ltr'>matrimonium</span> <span class='ocrx_word' id='word_1_351' title='bbox 2342 292 2408 312; x_wconf 93' lang='lat' dir='ltr'>non</span> <span class='ocrx_word' id='word_1_352' title='bbox 2424 288 2548 312; x_wconf 88' lang='lat' dir='ltr'>tantum</span> 
     </span>
     <span class='ocr_line' id='line_1_58' title="bbox 1483 323 2549 366; baseline 0.004 -13"><span class='ocrx_word' id='word_1_353' title='bbox 1483 328 1530 353; x_wconf 90' lang='lat' dir='ltr'>est</span> <span class='ocrx_word' id='word_1_354' title='bbox 1545 328 1790 358; x_wconf 88' lang='lat' dir='ltr'>sacramentum,</span> <span class='ocrx_word' id='word_1_355' title='bbox 1803 323 1859 352; x_wconf 93' lang='lat' dir='ltr'>sed</span> <span class='ocrx_word' id='word_1_356' title='bbox 1875 324 1969 353; x_wconf 87' lang='lat' dir='ltr'>etiam</span> <span class='ocrx_word' id='word_1_357' title='bbox 1990 329 2036 353; x_wconf 88' lang='lat' dir='ltr'>est</span> <span class='ocrx_word' id='word_1_358' title='bbox 2051 325 2084 354; x_wconf 92' lang='lat' dir='ltr'>in</span> <span class='ocrx_word' id='word_1_359' title='bbox 2101 324 2244 355; x_wconf 81' lang='lat' dir='ltr'>officium</span> <span class='ocrx_word' id='word_1_360' title='bbox 2257 327 2283 356; x_wconf 45' lang='grc' dir='ltr'>ὓ.</span> <span class='ocrx_word' id='word_1_361' title='bbox 2304 326 2344 356; x_wconf 91' lang='lat' dir='ltr'>Et</span> <span class='ocrx_word' id='word_1_362' title='bbox 2359 326 2432 356; x_wconf 89' lang='lat' dir='ltr'>ideo</span> <span class='ocrx_word' id='word_1_363' title='bbox 2448 327 2549 366; x_wconf 88' lang='lat' dir='ltr'>magis</span> 
     </span>
     <span class='ocr_line' id='line_1_59' title="bbox 1483 367 2549 411; baseline 0.004 -14"><span class='ocrx_word' id='word_1_364' title='bbox 1483 367 1625 398; x_wconf 90' lang='lat' dir='ltr'>subiacet</span> <span class='ocrx_word' id='word_1_365' title='bbox 1656 367 1849 397; x_wconf 91' lang='lat' dir='ltr'>ordinationi</span> <span class='ocrx_word' id='word_1_366' title='bbox 1879 368 2096 398; x_wconf 89' lang='lat' dir='ltr'>ministrorum</span> <span class='ocrx_word' id='word_1_367' title='bbox 2127 369 2288 400; x_wconf 89' lang='lat' dir='ltr'>Ecclesiae</span> <span class='ocrx_word' id='word_1_368' title='bbox 2320 379 2417 410; x_wconf 90' lang='lat' dir='ltr'>quam</span> <span class='ocrx_word' id='word_1_369' title='bbox 2448 371 2549 411; x_wconf 90' lang='lat' dir='ltr'>bapti—</span> 
     </span>
     <span class='ocr_line' id='line_1_60' title="bbox 1484 412 2550 452; baseline 0.004 -11"><span class='ocrx_word' id='word_1_370' title='bbox 1484 421 1582 448; x_wconf 90' lang='lat' dir='ltr'>smus,</span> <span class='ocrx_word' id='word_1_371' title='bbox 1599 412 1656 451; x_wconf 90' lang='lat' dir='ltr'>qui</span> <span class='ocrx_word' id='word_1_372' title='bbox 1675 417 1722 441; x_wconf 89' lang='lat' dir='ltr'>est</span> <span class='ocrx_word' id='word_1_373' title='bbox 1737 418 1970 442; x_wconf 89' lang='lat' dir='ltr'>sacramentum</span> <span class='ocrx_word' id='word_1_374' title='bbox 1995 418 2137 442; x_wconf 89' lang='lat' dir='ltr'>tantum:</span> <span class='ocrx_word' id='word_1_375' title='bbox 2163 414 2247 452; x_wconf 91' lang='lat' dir='ltr'>quia,</span> <span class='ocrx_word' id='word_1_376' title='bbox 2265 415 2345 444; x_wconf 91' lang='lat' dir='ltr'>sicut</span> <span class='ocrx_word' id='word_1_377' title='bbox 2369 420 2550 445; x_wconf 89' lang='lat' dir='ltr'>contractus</span> 
     </span>
    </p>
   </div>
   <div class='ocr_carea' id='block_1_18' title="bbox 1451 455 2550 497">
    <p class='ocr_par' dir='ltr' id='par_1_23' title="bbox 1451 455 2550 497">
     <span class='ocr_line' id='line_1_61' title="bbox 1451 455 2550 497; baseline 0.003 -11"><span class='ocrx_word' id='word_1_378' title='bbox 1451 465 1459 485; x_wconf 86' lang='lat'>5</span> <span class='ocrx_word' id='word_1_379' title='bbox 1485 462 1516 486; x_wconf 93' lang='lat' dir='ltr'>et</span> <span class='ocrx_word' id='word_1_380' title='bbox 1531 455 1637 486; x_wconf 89' lang='lat' dir='ltr'>officia</span> <span class='ocrx_word' id='word_1_381' title='bbox 1659 456 1800 486; x_wconf 89' lang='lat' dir='ltr'>humana</span> <span class='ocrx_word' id='word_1_382' title='bbox 1824 455 2075 486; x_wconf 88' lang='lat' dir='ltr'>determinantur</span> <span class='ocrx_word' id='word_1_383' title='bbox 2098 457 2220 497; x_wconf 88' lang='lat' dir='ltr'>legibus</span> <span class='ocrx_word' id='word_1_384' title='bbox 2239 458 2397 494; x_wconf 90' lang='lat' dir='ltr'>humanis,</span> <span class='ocrx_word' id='word_1_385' title='bbox 2414 459 2456 489; x_wconf 89' lang='lat' dir='ltr'>ita</span> <span class='ocrx_word' id='word_1_386' title='bbox 2473 469 2550 489; x_wconf 90' lang='lat' dir='ltr'>con-</span> 
     </span>
    </p>
   </div>
   <div class='ocr_carea' id='block_1_19' title="bbox 1483 499 2552 674">
    <p class='ocr_par' dir='ltr' id='par_1_24' title="bbox 1483 499 2269 540">
     <span class='ocr_line' id='line_1_62' title="bbox 1483 499 2269 540; baseline 0.001 -10"><span class='ocrx_word' id='word_1_387' title='bbox 1483 506 1602 531; x_wconf 89' lang='lat' dir='ltr'>tractus</span> <span class='ocrx_word' id='word_1_388' title='bbox 1626 505 1657 530; x_wconf 91' lang='lat' dir='ltr'>et</span> <span class='ocrx_word' id='word_1_389' title='bbox 1680 499 1786 531; x_wconf 90' lang='lat' dir='ltr'>officia</span> <span class='ocrx_word' id='word_1_390' title='bbox 1808 501 1981 540; x_wconf 87' lang='lat' dir='ltr'>spiritualia</span> <span class='ocrx_word' id='word_1_391' title='bbox 2005 500 2075 540; x_wconf 88' lang='lat' dir='ltr'>lege</span> <span class='ocrx_word' id='word_1_392' title='bbox 2098 501 2269 531; x_wconf 90' lang='lat' dir='ltr'>Ecclesiae.</span> 
     </span>
    </p>

    <p class='ocr_par' dir='ltr' id='par_1_25' title="bbox 1485 545 2552 674">
     <span class='ocr_line' id='line_1_63' title="bbox 1539 545 2551 586; baseline 0.003 -12"><span class='ocrx_word' id='word_1_393' title='bbox 1539 545 1590 575; x_wconf 82' lang='lat' dir='ltr'>Ar&gt;</span> <span class='ocrx_word' id='word_1_394' title='bbox 1614 555 1749 575; x_wconf 70' lang='lat' dir='ltr'>mamm</span> <span class='ocrx_word' id='word_1_395' title='bbox 1779 554 1939 575; x_wconf 70' lang='lat' dir='ltr'>meantum</span> <span class='ocrx_word' id='word_1_396' title='bbox 1966 545 2069 584; x_wconf 91' lang='lat' dir='ltr'>quod,</span> <span class='ocrx_word' id='word_1_397' title='bbox 2098 546 2242 585; x_wconf 91' lang='lat' dir='ltr'>quamvis</span> <span class='ocrx_word' id='word_1_398' title='bbox 2270 547 2551 586; x_wconf 80' lang='lat' dir='ltr'>consanguinitatis</span> 
     </span>
     <span class='ocr_line' id='line_1_64' title="bbox 1485 589 2551 631; baseline 0.002 -12"><span class='ocrx_word' id='word_1_399' title='bbox 1485 589 1652 619; x_wconf 90' lang='lat' dir='ltr'>vinculum</span> <span class='ocrx_word' id='word_1_400' title='bbox 1675 589 1715 619; x_wconf 88' lang='lat' dir='ltr'>sit</span> <span class='ocrx_word' id='word_1_401' title='bbox 1737 589 1890 625; x_wconf 88' lang='lat' dir='ltr'>naturale,</span> <span class='ocrx_word' id='word_1_402' title='bbox 1907 594 2014 619; x_wconf 90' lang='lat' dir='ltr'>tamen</span> <span class='ocrx_word' id='word_1_403' title='bbox 2035 599 2103 619; x_wconf 91' lang='lat' dir='ltr'>non</span> <span class='ocrx_word' id='word_1_404' title='bbox 2127 595 2174 619; x_wconf 91' lang='lat' dir='ltr'>est</span> <span class='ocrx_word' id='word_1_405' title='bbox 2197 590 2338 620; x_wconf 89' lang='lat' dir='ltr'>naturale</span> <span class='ocrx_word' id='word_1_406' title='bbox 2362 591 2451 631; x_wconf 92' lang='lat' dir='ltr'>quod</span> <span class='ocrx_word' id='word_1_407' title='bbox 2475 601 2551 621; x_wconf 91' lang='lat' dir='ltr'>con-</span> 
     </span>
     <span class='ocr_line' id='line_1_65' title="bbox 1485 633 2552 674; baseline 0.002 -11"><span class='ocrx_word' id='word_1_408' title='bbox 1485 634 1679 673; x_wconf 88' lang='lat' dir='ltr'>sanguinitas</span> <span class='ocrx_word' id='word_1_409' title='bbox 1711 634 1869 663; x_wconf 87' lang='lat' dir='ltr'>camalem</span> <span class='ocrx_word' id='word_1_410' title='bbox 1905 633 2057 674; x_wconf 91' lang='lat' dir='ltr'>copulam</span> <span class='ocrx_word' id='word_1_411' title='bbox 2091 633 2253 673; x_wconf 89' lang='lat' dir='ltr'>impediat,</span> <span class='ocrx_word' id='word_1_412' title='bbox 2285 635 2344 664; x_wconf 91' lang='lat' dir='ltr'>nisi</span> <span class='ocrx_word' id='word_1_413' title='bbox 2375 635 2552 665; x_wconf 89' lang='lat' dir='ltr'>secundum</span> 
     </span>
    </p>
   </div>
   <div class='ocr_carea' id='block_1_20' title="bbox 1446 677 2552 717">
    <p class='ocr_par' dir='ltr' id='par_1_26' title="bbox 1446 677 2552 717">
     <span class='ocr_line' id='line_1_66' title="bbox 1446 677 2552 717; baseline 0.002 -10"><span class='ocrx_word' id='word_1_414' title='bbox 1446 689 1471 703; x_wconf 83' lang='lat' dir='ltr'>xo</span> <span class='ocrx_word' id='word_1_415' title='bbox 1485 677 1626 717; x_wconf 91' lang='lat' dir='ltr'>aliquem</span> <span class='ocrx_word' id='word_1_416' title='bbox 1657 677 1806 717; x_wconf 89' lang='lat' dir='ltr'>gradum,</span> <span class='ocrx_word' id='word_1_417' title='bbox 1831 684 1868 708; x_wconf 92' lang='lat' dir='ltr'>ut</span> <span class='ocrx_word' id='word_1_418' title='bbox 1890 677 2011 708; x_wconf 87' lang='lat' dir='ltr'>dictum</span> <span class='ocrx_word' id='word_1_419' title='bbox 2036 683 2082 708; x_wconf 92' lang='lat' dir='ltr'>est</span> <span class='ocrx_word' id='word_1_420' title='bbox 2098 679 2124 708; x_wconf 74' lang='lat'>*.</span> <span class='ocrx_word' id='word_1_421' title='bbox 2157 678 2197 708; x_wconf 91' lang='lat' dir='ltr'>Et</span> <span class='ocrx_word' id='word_1_422' title='bbox 2224 678 2298 708; x_wconf 93' lang='lat' dir='ltr'>ideo</span> <span class='ocrx_word' id='word_1_423' title='bbox 2329 679 2471 709; x_wconf 91' lang='lat' dir='ltr'>Ecclesia</span> <span class='ocrx_word' id='word_1_424' title='bbox 2494 689 2552 709; x_wconf 91' lang='lat' dir='ltr'>suo</span> 
     </span>
    </p>
   </div>
   <div class='ocr_carea' id='block_1_21' title="bbox 1485 721 2556 896">
    <p class='ocr_par' dir='ltr' id='par_1_27' title="bbox 1485 721 2556 896">
     <span class='ocr_line' id='line_1_67' title="bbox 1486 721 2554 762; baseline 0.001 -10"><span class='ocrx_word' id='word_1_425' title='bbox 1486 726 1604 752; x_wconf 86' lang='lat' dir='ltr'>statuto</span> <span class='ocrx_word' id='word_1_426' title='bbox 1631 731 1699 752; x_wconf 92' lang='lat' dir='ltr'>non</span> <span class='ocrx_word' id='word_1_427' title='bbox 1726 721 1801 752; x_wconf 88' lang='lat' dir='ltr'>facit</span> <span class='ocrx_word' id='word_1_428' title='bbox 1828 722 1917 762; x_wconf 91' lang='lat' dir='ltr'>quod</span> <span class='ocrx_word' id='word_1_429' title='bbox 1945 722 2044 762; x_wconf 90' lang='lat' dir='ltr'>aliqui</span> <span class='ocrx_word' id='word_1_430' title='bbox 2070 723 2132 752; x_wconf 92' lang='lat' dir='ltr'>sint</span> <span class='ocrx_word' id='word_1_431' title='bbox 2159 722 2209 752; x_wconf 90' lang='lat' dir='ltr'>vel</span> <span class='ocrx_word' id='word_1_432' title='bbox 2235 732 2302 752; x_wconf 91' lang='lat' dir='ltr'>non</span> <span class='ocrx_word' id='word_1_433' title='bbox 2331 723 2393 752; x_wconf 89' lang='lat' dir='ltr'>sint</span> <span class='ocrx_word' id='word_1_434' title='bbox 2420 733 2554 753; x_wconf 91' lang='lat' dir='ltr'>consan-</span> 
     </span>
     <span class='ocr_line' id='line_1_68' title="bbox 1485 766 2554 807; baseline 0.001 -11"><span class='ocrx_word' id='word_1_435' title='bbox 1485 766 1605 806; x_wconf 88' lang='lat' dir='ltr'>guinei,</span> <span class='ocrx_word' id='word_1_436' title='bbox 1630 766 1705 806; x_wconf 91' lang='lat' dir='ltr'>quia</span> <span class='ocrx_word' id='word_1_437' title='bbox 1732 766 1912 796; x_wconf 92' lang='lat' dir='ltr'>secundum</span> <span class='ocrx_word' id='word_1_438' title='bbox 1940 776 2037 797; x_wconf 92' lang='lat' dir='ltr'>omne</span> <span class='ocrx_word' id='word_1_439' title='bbox 2064 772 2192 806; x_wconf 90' lang='lat' dir='ltr'>tempus</span> <span class='ocrx_word' id='word_1_440' title='bbox 2221 767 2393 807; x_wconf 88' lang='lat' dir='ltr'>aequaliter</span> <span class='ocrx_word' id='word_1_441' title='bbox 2420 777 2554 798; x_wconf 90' lang='lat' dir='ltr'>consan-</span> 
     </span>
     <span class='ocr_line' id='line_1_69' title="bbox 1486 810 2556 851; baseline 0.002 -11"><span class='ocrx_word' id='word_1_442' title='bbox 1486 811 1595 850; x_wconf 88' lang='lat' dir='ltr'>guinei</span> <span class='ocrx_word' id='word_1_443' title='bbox 1619 816 1803 841; x_wconf 88' lang='lat' dir='ltr'>remanent:</span> <span class='ocrx_word' id='word_1_444' title='bbox 1829 810 1884 841; x_wconf 90' lang='lat' dir='ltr'>sed</span> <span class='ocrx_word' id='word_1_445' title='bbox 1908 810 1983 841; x_wconf 88' lang='lat' dir='ltr'>facit</span> <span class='ocrx_word' id='word_1_446' title='bbox 2007 811 2096 851; x_wconf 91' lang='lat' dir='ltr'>quod</span> <span class='ocrx_word' id='word_1_447' title='bbox 2121 811 2252 841; x_wconf 88' lang='lat' dir='ltr'>camalis</span> <span class='ocrx_word' id='word_1_448' title='bbox 2276 811 2394 851; x_wconf 90' lang='lat' dir='ltr'>copula</span> <span class='ocrx_word' id='word_1_449' title='bbox 2416 813 2455 842; x_wconf 93' lang='lat' dir='ltr'>sit</span> <span class='ocrx_word' id='word_1_450' title='bbox 2471 812 2556 842; x_wconf 88' lang='lat' dir='ltr'>licita</span> 
     </span>
     <span class='ocr_line' id='line_1_70' title="bbox 1486 854 2556 896; baseline 0.002 -12"><span class='ocrx_word' id='word_1_451' title='bbox 1486 854 1537 884; x_wconf 94' lang='lat' dir='ltr'>vel</span> <span class='ocrx_word' id='word_1_452' title='bbox 1560 855 1668 885; x_wconf 91' lang='lat' dir='ltr'>illicita</span> <span class='ocrx_word' id='word_1_453' title='bbox 1692 855 1871 885; x_wconf 89' lang='lat' dir='ltr'>secundum</span> <span class='ocrx_word' id='word_1_454' title='bbox 1896 855 2018 886; x_wconf 90' lang='lat' dir='ltr'>diversa</span> <span class='ocrx_word' id='word_1_455' title='bbox 2041 861 2187 896; x_wconf 90' lang='lat' dir='ltr'>tempora</span> <span class='ocrx_word' id='word_1_456' title='bbox 2205 857 2239 886; x_wconf 94' lang='lat' dir='ltr'>in</span> <span class='ocrx_word' id='word_1_457' title='bbox 2255 855 2384 886; x_wconf 89' lang='lat' dir='ltr'>diversis</span> <span class='ocrx_word' id='word_1_458' title='bbox 2408 856 2556 896; x_wconf 88' lang='lat' dir='ltr'>gradibus</span> 
     </span>
    </p>
   </div>
   <div class='ocr_carea' id='block_1_22' title="bbox 1447 900 1780 939">
    <p class='ocr_par' dir='ltr' id='par_1_28' title="bbox 1447 900 1780 939">
     <span class='ocr_line' id='line_1_71' title="bbox 1447 900 1780 939; baseline 0.003 -10"><span class='ocrx_word' id='word_1_459' title='bbox 1447 909 1470 929; x_wconf 75' lang='grc' dir='ltr'>ις</span> <span class='ocrx_word' id='word_1_460' title='bbox 1487 900 1780 939; x_wconf 87' lang='lat' dir='ltr'>consanguinitatis.</span> 
     </span>
    </p>
   </div>
   <div class='ocr_carea' id='block_1_23' title="bbox 1542 944 2556 985">
    <p class='ocr_par' dir='ltr' id='par_1_29' title="bbox 1542 944 2556 985">
     <span class='ocr_line' id='line_1_72' title="bbox 1542 944 2556 985; baseline 0.002 -12"><span class='ocrx_word' id='word_1_461' title='bbox 1542 944 1594 973; x_wconf 84' lang='lat' dir='ltr'>An</span> <span class='ocrx_word' id='word_1_462' title='bbox 1619 954 1768 974; x_wconf 62' lang='lat' dir='ltr'>unaarum</span> <span class='ocrx_word' id='word_1_463' title='bbox 1795 954 1955 974; x_wconf 71' lang='lat' dir='ltr'>monimum</span> <span class='ocrx_word' id='word_1_464' title='bbox 1987 944 2076 985; x_wconf 93' lang='lat' dir='ltr'>quod</span> <span class='ocrx_word' id='word_1_465' title='bbox 2107 945 2183 975; x_wconf 92' lang='lat' dir='ltr'>tales</span> <span class='ocrx_word' id='word_1_466' title='bbox 2214 945 2352 975; x_wconf 90' lang='lat' dir='ltr'>rationes</span> <span class='ocrx_word' id='word_1_467' title='bbox 2383 946 2556 985; x_wconf 84' lang='lat' dir='ltr'>assignatae</span> 
     </span>
    </p>
   </div>
   <div class='ocr_carea' id='block_1_24' title="bbox 1486 988 2557 1118">
    <p class='ocr_par' dir='ltr' id='par_1_30' title="bbox 1486 988 2557 1118">
     <span class='ocr_line' id='line_1_73' title="bbox 1486 988 2555 1030; baseline 0.002 -12"><span class='ocrx_word' id='word_1_468' title='bbox 1486 988 1588 1028; x_wconf 89' lang='lat' dir='ltr'>magis</span> <span class='ocrx_word' id='word_1_469' title='bbox 1619 988 1734 1018; x_wconf 89' lang='lat' dir='ltr'>dantur</span> <span class='ocrx_word' id='word_1_470' title='bbox 1764 998 1821 1029; x_wconf 93' lang='lat' dir='ltr'>per</span> <span class='ocrx_word' id='word_1_471' title='bbox 1851 989 1987 1020; x_wconf 90' lang='lat' dir='ltr'>modum</span> <span class='ocrx_word' id='word_1_472' title='bbox 2018 989 2229 1030; x_wconf 89' lang='lat' dir='ltr'>adaptationis</span> <span class='ocrx_word' id='word_1_473' title='bbox 2256 994 2288 1019; x_wconf 90' lang='lat' dir='ltr'>et</span> <span class='ocrx_word' id='word_1_474' title='bbox 2318 990 2555 1029; x_wconf 89' lang='lat' dir='ltr'>congruentiae,</span> 
     </span>
     <span class='ocr_line' id='line_1_74' title="bbox 1489 1033 2246 1073; baseline 0.001 -10"><span class='ocrx_word' id='word_1_475' title='bbox 1489 1042 1587 1073; x_wconf 89' lang='lat' dir='ltr'>quam</span> <span class='ocrx_word' id='word_1_476' title='bbox 1610 1042 1668 1073; x_wconf 91' lang='lat' dir='ltr'>per</span> <span class='ocrx_word' id='word_1_477' title='bbox 1690 1033 1825 1063; x_wconf 91' lang='lat' dir='ltr'>modum</span> <span class='ocrx_word' id='word_1_478' title='bbox 1850 1043 1964 1064; x_wconf 91' lang='lat' dir='ltr'>causae</span> <span class='ocrx_word' id='word_1_479' title='bbox 1988 1039 2019 1064; x_wconf 86' lang='lat' dir='ltr'>et</span> <span class='ocrx_word' id='word_1_480' title='bbox 2041 1034 2246 1064; x_wconf 81' lang='lat' dir='ltr'>necessitatis.</span> 
     </span>
     <span class='ocr_line' id='line_1_75' title="bbox 1543 1077 2557 1118; baseline 0.001 -11"><span class='ocrx_word' id='word_1_481' title='bbox 1543 1077 1594 1107; x_wconf 79' lang='lat' dir='ltr'>An</span> <span class='ocrx_word' id='word_1_482' title='bbox 1620 1088 1760 1108; x_wconf 72' lang='lat' dir='ltr'>nummu</span> <span class='ocrx_word' id='word_1_483' title='bbox 1783 1088 1943 1108; x_wconf 78' lang='lat' dir='ltr'>DICENDUM</span> <span class='ocrx_word' id='word_1_484' title='bbox 1967 1078 2056 1118; x_wconf 93' lang='lat' dir='ltr'>quod</span> <span class='ocrx_word' id='word_1_485' title='bbox 2076 1079 2137 1108; x_wconf 89' lang='lat' dir='ltr'>iam</span> <span class='ocrx_word' id='word_1_486' title='bbox 2157 1088 2195 1108; x_wconf 85' lang='lat' dir='ltr'>ex</span> <span class='ocrx_word' id='word_1_487' title='bbox 2211 1078 2301 1108; x_wconf 89' lang='lat' dir='ltr'>dictis</span> <span class='ocrx_word' id='word_1_488' title='bbox 2317 1078 2334 1094; x_wconf 74' lang='lat'><em>*</em></span> <span class='ocrx_word' id='word_1_489' title='bbox 2357 1083 2444 1118; x_wconf 85' lang='lat' dir='ltr'>patet</span> <span class='ocrx_word' id='word_1_490' title='bbox 2467 1078 2557 1118; x_wconf 93' lang='lat' dir='ltr'>quod</span> 
     </span>
    </p>
   </div>
   <div class='ocr_carea' id='block_1_25' title="bbox 1447 1122 2557 1163">
    <p class='ocr_par' dir='ltr' id='par_1_31' title="bbox 1447 1122 2557 1163">
     <span class='ocr_line' id='line_1_76' title="bbox 1447 1122 2557 1163; baseline 0.001 -11"><span class='ocrx_word' id='word_1_491' title='bbox 1447 1131 1475 1145; x_wconf 83' lang='lat'>²⁰</span> <span class='ocrx_word' id='word_1_492' title='bbox 1487 1131 1555 1152; x_wconf 92' lang='lat' dir='ltr'>non</span> <span class='ocrx_word' id='word_1_493' title='bbox 1581 1127 1627 1152; x_wconf 91' lang='lat' dir='ltr'>est</span> <span class='ocrx_word' id='word_1_494' title='bbox 1654 1122 1765 1153; x_wconf 91' lang='lat' dir='ltr'>eadem</span> <span class='ocrx_word' id='word_1_495' title='bbox 1793 1132 1888 1153; x_wconf 89' lang='lat' dir='ltr'>causa</span> <span class='ocrx_word' id='word_1_496' title='bbox 1914 1123 2092 1153; x_wconf 93' lang='lat' dir='ltr'>secundum</span> <span class='ocrx_word' id='word_1_497' title='bbox 2123 1123 2244 1153; x_wconf 89' lang='lat' dir='ltr'>diversa</span> <span class='ocrx_word' id='word_1_498' title='bbox 2270 1128 2416 1162; x_wconf 89' lang='lat' dir='ltr'>tempora</span> <span class='ocrx_word' id='word_1_499' title='bbox 2442 1123 2557 1163; x_wconf 88' lang='lat' dir='ltr'>gradus</span> 
     </span>
    </p>
   </div>
   <div class='ocr_carea' id='block_1_26' title="bbox 1488 1167 2558 1341">
    <p class='ocr_par' dir='ltr' id='par_1_32' title="bbox 1488 1167 2554 1252">
     <span class='ocr_line' id='line_1_77' title="bbox 1489 1167 2554 1208; baseline 0.002 -12"><span class='ocrx_word' id='word_1_500' title='bbox 1489 1167 1772 1206; x_wconf 87' lang='lat' dir='ltr'>consanguinitatis</span> <span class='ocrx_word' id='word_1_501' title='bbox 1795 1167 1996 1207; x_wconf 90' lang='lat' dir='ltr'>prohibendi.</span> <span class='ocrx_word' id='word_1_502' title='bbox 2021 1167 2114 1198; x_wconf 93' lang='lat' dir='ltr'>Unde</span> <span class='ocrx_word' id='word_1_503' title='bbox 2138 1167 2228 1207; x_wconf 90' lang='lat' dir='ltr'>quod</span> <span class='ocrx_word' id='word_1_504' title='bbox 2251 1167 2314 1197; x_wconf 88' lang='lat' dir='ltr'>alio</span> <span class='ocrx_word' id='word_1_505' title='bbox 2333 1172 2480 1208; x_wconf 87' lang='lat' dir='ltr'>tempore</span> <span class='ocrx_word' id='word_1_506' title='bbox 2495 1168 2554 1198; x_wconf 87' lang='lat' dir='ltr'>uti—</span> 
     </span>
     <span class='ocr_line' id='line_1_78' title="bbox 1488 1210 2275 1252; baseline 0.003 -12"><span class='ocrx_word' id='word_1_507' title='bbox 1488 1210 1559 1241; x_wconf 87' lang='lat' dir='ltr'>liter</span> <span class='ocrx_word' id='word_1_508' title='bbox 1583 1211 1780 1248; x_wconf 91' lang='lat' dir='ltr'>conceditur,</span> <span class='ocrx_word' id='word_1_509' title='bbox 1805 1212 1867 1242; x_wconf 93' lang='lat' dir='ltr'>alio</span> <span class='ocrx_word' id='word_1_510' title='bbox 1891 1212 2057 1242; x_wconf 89' lang='lat' dir='ltr'>salubriter</span> <span class='ocrx_word' id='word_1_511' title='bbox 2079 1212 2275 1252; x_wconf 88' lang='lat' dir='ltr'>prohibetur.</span> 
     </span>
    </p>

    <p class='ocr_par' dir='ltr' id='par_1_33' title="bbox 1490 1255 2558 1341">
     <span class='ocr_line' id='line_1_79' title="bbox 1544 1255 2557 1296; baseline 0.001 -11"><span class='ocrx_word' id='word_1_512' title='bbox 1544 1255 1595 1285; x_wconf 85' lang='lat' dir='ltr'>AD</span> <span class='ocrx_word' id='word_1_513' title='bbox 1620 1265 1738 1286; x_wconf 69' lang='lat' dir='ltr'>sexum</span> <span class='ocrx_word' id='word_1_514' title='bbox 1762 1266 1921 1286; x_wconf 61' lang='lat' dir='ltr'>menmium</span> <span class='ocrx_word' id='word_1_515' title='bbox 1945 1256 2033 1296; x_wconf 90' lang='lat' dir='ltr'>quod</span> <span class='ocrx_word' id='word_1_516' title='bbox 2057 1262 2209 1286; x_wconf 89' lang='lat' dir='ltr'>statutum</span> <span class='ocrx_word' id='word_1_517' title='bbox 2233 1266 2301 1286; x_wconf 93' lang='lat' dir='ltr'>non</span> <span class='ocrx_word' id='word_1_518' title='bbox 2324 1256 2463 1296; x_wconf 89' lang='lat' dir='ltr'>imponit</span> <span class='ocrx_word' id='word_1_519' title='bbox 2485 1266 2557 1287; x_wconf 92' lang='lat' dir='ltr'>mo-</span> 
     </span>
     <span class='ocr_line' id='line_1_80' title="bbox 1490 1299 2558 1341; baseline 0.001 -11"><span class='ocrx_word' id='word_1_520' title='bbox 1490 1299 1568 1330; x_wconf 92' lang='lat' dir='ltr'>dum</span> <span class='ocrx_word' id='word_1_521' title='bbox 1591 1301 1776 1340; x_wconf 89' lang='lat' dir='ltr'>praeteritis,</span> <span class='ocrx_word' id='word_1_522' title='bbox 1801 1300 1856 1331; x_wconf 92' lang='lat' dir='ltr'>sed</span> <span class='ocrx_word' id='word_1_523' title='bbox 1879 1300 2003 1331; x_wconf 89' lang='lat' dir='ltr'>futuris.</span> <span class='ocrx_word' id='word_1_524' title='bbox 2035 1301 2139 1337; x_wconf 88' lang='lat' dir='ltr'>Unde,</span> <span class='ocrx_word' id='word_1_525' title='bbox 2164 1301 2189 1331; x_wconf 89' lang='lat' dir='ltr'>si</span> <span class='ocrx_word' id='word_1_526' title='bbox 2213 1300 2312 1331; x_wconf 92' lang='lat' dir='ltr'>modo</span> <span class='ocrx_word' id='word_1_527' title='bbox 2336 1301 2558 1341; x_wconf 90' lang='lat' dir='ltr'>prohiberetur</span> 
     </span>
    </p>
   </div>
   <div class='ocr_carea' id='block_1_27' title="bbox 1448 1344 2557 1385">
    <p class='ocr_par' dir='ltr' id='par_1_34' title="bbox 1448 1344 2557 1385">
     <span class='ocr_line' id='line_1_81' title="bbox 1448 1344 2557 1385; baseline 0 -10"><span class='ocrx_word' id='word_1_528' title='bbox 1448 1356 1473 1376; x_wconf 78' lang='lat'>25</span> <span class='ocrx_word' id='word_1_529' title='bbox 1490 1345 1621 1384; x_wconf 89' lang='lat' dir='ltr'>quintus</span> <span class='ocrx_word' id='word_1_530' title='bbox 1644 1344 1776 1384; x_wconf 89' lang='lat' dir='ltr'>gradus,</span> <span class='ocrx_word' id='word_1_531' title='bbox 1802 1346 1857 1385; x_wconf 94' lang='lat' dir='ltr'>qui</span> <span class='ocrx_word' id='word_1_532' title='bbox 1880 1355 1968 1375; x_wconf 90' lang='lat' dir='ltr'>nunc</span> <span class='ocrx_word' id='word_1_533' title='bbox 1992 1351 2039 1375; x_wconf 90' lang='lat' dir='ltr'>est</span> <span class='ocrx_word' id='word_1_534' title='bbox 2067 1355 2256 1381; x_wconf 86' lang='lat' dir='ltr'>concessus,</span> <span class='ocrx_word' id='word_1_535' title='bbox 2280 1345 2326 1375; x_wconf 91' lang='lat' dir='ltr'>illi</span> <span class='ocrx_word' id='word_1_536' title='bbox 2349 1346 2405 1384; x_wconf 93' lang='lat' dir='ltr'>qui</span> <span class='ocrx_word' id='word_1_537' title='bbox 2428 1351 2502 1375; x_wconf 91' lang='lat' dir='ltr'>sunt</span> <span class='ocrx_word' id='word_1_538' title='bbox 2524 1346 2557 1375; x_wconf 92' lang='lat' dir='ltr'>in</span> 
     </span>
    </p>
   </div>
   <div class='ocr_carea' id='block_1_28' title="bbox 1489 1389 2558 1563">
    <p class='ocr_par' dir='ltr' id='par_1_35' title="bbox 1489 1389 2558 1563">
     <span class='ocr_line' id='line_1_82' title="bbox 1490 1389 2558 1429; baseline 0.002 -11"><span class='ocrx_word' id='word_1_539' title='bbox 1490 1389 1604 1428; x_wconf 92' lang='lat' dir='ltr'>quinto</span> <span class='ocrx_word' id='word_1_540' title='bbox 1620 1389 1720 1429; x_wconf 92' lang='lat' dir='ltr'>gradu</span> <span class='ocrx_word' id='word_1_541' title='bbox 1737 1390 1911 1424; x_wconf 87' lang='lat' dir='ltr'>coniuncti,</span> <span class='ocrx_word' id='word_1_542' title='bbox 1928 1399 1996 1420; x_wconf 92' lang='lat' dir='ltr'>non</span> <span class='ocrx_word' id='word_1_543' title='bbox 2012 1395 2116 1420; x_wconf 90' lang='lat' dir='ltr'>essent</span> <span class='ocrx_word' id='word_1_544' title='bbox 2132 1389 2311 1429; x_wconf 88' lang='lat' dir='ltr'>separandi:</span> <span class='ocrx_word' id='word_1_545' title='bbox 2328 1389 2455 1420; x_wconf 90' lang='lat' dir='ltr'>nullum</span> <span class='ocrx_word' id='word_1_546' title='bbox 2471 1390 2558 1420; x_wconf 90' lang='lat' dir='ltr'>enim</span> 
     </span>
     <span class='ocr_line' id='line_1_83' title="bbox 1489 1433 2558 1474; baseline 0.001 -11"><span class='ocrx_word' id='word_1_547' title='bbox 1489 1433 1759 1473; x_wconf 87' lang='lat' dir='ltr'>impedimentum</span> <span class='ocrx_word' id='word_1_548' title='bbox 1782 1434 1988 1464; x_wconf 90' lang='lat' dir='ltr'>matrimonio</span> <span class='ocrx_word' id='word_1_549' title='bbox 2013 1434 2240 1474; x_wconf 89' lang='lat' dir='ltr'>superveniens</span> <span class='ocrx_word' id='word_1_550' title='bbox 2263 1435 2370 1474; x_wconf 90' lang='lat' dir='ltr'>ipsum</span> <span class='ocrx_word' id='word_1_551' title='bbox 2390 1439 2496 1474; x_wconf 87' lang='lat' dir='ltr'>potest</span> <span class='ocrx_word' id='word_1_552' title='bbox 2512 1434 2558 1464; x_wconf 89' lang='lat' dir='ltr'>di-</span> 
     </span>
     <span class='ocr_line' id='line_1_84' title="bbox 1489 1477 2557 1519; baseline 0 -11"><span class='ocrx_word' id='word_1_553' title='bbox 1489 1477 1614 1508; x_wconf 87' lang='lat' dir='ltr'>rimere.</span> <span class='ocrx_word' id='word_1_554' title='bbox 1646 1478 1687 1508; x_wconf 94' lang='lat' dir='ltr'>Et</span> <span class='ocrx_word' id='word_1_555' title='bbox 1710 1478 1755 1508; x_wconf 92' lang='lat' dir='ltr'>sic</span> <span class='ocrx_word' id='word_1_556' title='bbox 1779 1479 1966 1509; x_wconf 92' lang='lat' dir='ltr'>coniunctio</span> <span class='ocrx_word' id='word_1_557' title='bbox 1994 1488 2077 1518; x_wconf 88' lang='lat' dir='ltr'>quae</span> <span class='ocrx_word' id='word_1_558' title='bbox 2104 1479 2192 1519; x_wconf 90' lang='lat' dir='ltr'>prius</span> <span class='ocrx_word' id='word_1_559' title='bbox 2219 1478 2280 1509; x_wconf 88' lang='lat' dir='ltr'>fuit</span> <span class='ocrx_word' id='word_1_560' title='bbox 2305 1479 2557 1515; x_wconf 87' lang='lat' dir='ltr'>matrimonium,</span> 
     </span>
     <span class='ocr_line' id='line_1_85' title="bbox 1489 1521 2558 1563; baseline 0.001 -11"><span class='ocrx_word' id='word_1_561' title='bbox 1489 1531 1558 1552; x_wconf 91' lang='lat' dir='ltr'>non</span> <span class='ocrx_word' id='word_1_562' title='bbox 1582 1521 1760 1553; x_wconf 88' lang='lat' dir='ltr'>efficeretur</span> <span class='ocrx_word' id='word_1_563' title='bbox 1782 1532 1840 1562; x_wconf 92' lang='lat' dir='ltr'>per</span> <span class='ocrx_word' id='word_1_564' title='bbox 1863 1528 2015 1553; x_wconf 87' lang='lat' dir='ltr'>statutum</span> <span class='ocrx_word' id='word_1_565' title='bbox 2040 1523 2201 1553; x_wconf 91' lang='lat' dir='ltr'>Ecclesiae</span> <span class='ocrx_word' id='word_1_566' title='bbox 2228 1528 2384 1563; x_wconf 91' lang='lat' dir='ltr'>stuprum.</span> <span class='ocrx_word' id='word_1_567' title='bbox 2408 1541 2431 1545; x_wconf 95' lang='lat'>-</span> <span class='ocrx_word' id='word_1_568' title='bbox 2454 1523 2495 1553; x_wconf 91' lang='lat' dir='ltr'>Et</span> <span class='ocrx_word' id='word_1_569' title='bbox 2518 1524 2558 1553; x_wconf 94' lang='lat' dir='ltr'>si-</span> 
     </span>
    </p>
   </div>
   <div class='ocr_carea' id='block_1_29' title="bbox 1451 1566 2559 1608">
    <p class='ocr_par' dir='ltr' id='par_1_36' title="bbox 1451 1566 2559 1608">
     <span class='ocr_line' id='line_1_86' title="bbox 1451 1566 2559 1608; baseline -0.001 -10"><span class='ocrx_word' id='word_1_570' title='bbox 1451 1577 1477 1598; x_wconf 78' lang='lat'>30</span> <span class='ocrx_word' id='word_1_571' title='bbox 1489 1566 1616 1602; x_wconf 90' lang='lat' dir='ltr'>militer,</span> <span class='ocrx_word' id='word_1_572' title='bbox 1641 1567 1667 1596; x_wconf 92' lang='lat' dir='ltr'>si</span> <span class='ocrx_word' id='word_1_573' title='bbox 1691 1567 1805 1607; x_wconf 90' lang='lat' dir='ltr'>aliquis</span> <span class='ocrx_word' id='word_1_574' title='bbox 1827 1567 1943 1607; x_wconf 91' lang='lat' dir='ltr'>gradus</span> <span class='ocrx_word' id='word_1_575' title='bbox 1971 1567 2202 1598; x_wconf 90' lang='lat' dir='ltr'>concederetur</span> <span class='ocrx_word' id='word_1_576' title='bbox 2225 1567 2281 1607; x_wconf 91' lang='lat' dir='ltr'>qui</span> <span class='ocrx_word' id='word_1_577' title='bbox 2303 1577 2391 1597; x_wconf 92' lang='lat' dir='ltr'>nunc</span> <span class='ocrx_word' id='word_1_578' title='bbox 2415 1573 2461 1598; x_wconf 94' lang='lat' dir='ltr'>est</span> <span class='ocrx_word' id='word_1_579' title='bbox 2483 1577 2559 1608; x_wconf 92' lang='lat' dir='ltr'>pro-</span> 
     </span>
    </p>
   </div>
   <div class='ocr_carea' id='block_1_30' title="bbox 1490 1611 2562 2007">
    <p class='ocr_par' dir='ltr' id='par_1_37' title="bbox 1490 1611 2560 1774">
     <span class='ocr_line' id='line_1_87' title="bbox 1490 1611 2560 1647; baseline 0.002 -7"><span class='ocrx_word' id='word_1_580' title='bbox 1490 1611 1619 1647; x_wconf 89' lang='lat' dir='ltr'>hibitus,</span> <span class='ocrx_word' id='word_1_581' title='bbox 1643 1611 1696 1641; x_wconf 92' lang='lat' dir='ltr'>illa</span> <span class='ocrx_word' id='word_1_582' title='bbox 1728 1612 1914 1642; x_wconf 87' lang='lat' dir='ltr'>coniunctio</span> <span class='ocrx_word' id='word_1_583' title='bbox 1945 1621 2013 1642; x_wconf 91' lang='lat' dir='ltr'>non</span> <span class='ocrx_word' id='word_1_584' title='bbox 2043 1611 2220 1642; x_wconf 88' lang='lat' dir='ltr'>efficeretur</span> <span class='ocrx_word' id='word_1_585' title='bbox 2249 1612 2490 1642; x_wconf 89' lang='lat' dir='ltr'>matrimonialis</span> <span class='ocrx_word' id='word_1_586' title='bbox 2521 1622 2560 1642; x_wconf 86' lang='lat' dir='ltr'>ex</span> 
     </span>
     <span class='ocr_line' id='line_1_88' title="bbox 1491 1655 2560 1696; baseline 0.001 -11"><span class='ocrx_word' id='word_1_587' title='bbox 1491 1660 1609 1685; x_wconf 90' lang='lat' dir='ltr'>statuto</span> <span class='ocrx_word' id='word_1_588' title='bbox 1634 1655 1795 1685; x_wconf 91' lang='lat' dir='ltr'>Ecclesiae</span> <span class='ocrx_word' id='word_1_589' title='bbox 1823 1656 1946 1686; x_wconf 89' lang='lat' dir='ltr'>ratione</span> <span class='ocrx_word' id='word_1_590' title='bbox 1973 1656 2068 1696; x_wconf 91' lang='lat' dir='ltr'>primi</span> <span class='ocrx_word' id='word_1_591' title='bbox 2095 1662 2294 1687; x_wconf 85' lang='lat' dir='ltr'>contractus:</span> <span class='ocrx_word' id='word_1_592' title='bbox 2327 1656 2403 1696; x_wconf 92' lang='lat' dir='ltr'>quia</span> <span class='ocrx_word' id='word_1_593' title='bbox 2429 1662 2560 1696; x_wconf 89' lang='lat' dir='ltr'>possent</span> 
     </span>
     <span class='ocr_line' id='line_1_89' title="bbox 1491 1699 2559 1740; baseline 0.001 -10"><span class='ocrx_word' id='word_1_594' title='bbox 1491 1700 1629 1739; x_wconf 88' lang='lat' dir='ltr'>separari</span> <span class='ocrx_word' id='word_1_595' title='bbox 1645 1700 1670 1729; x_wconf 95' lang='lat' dir='ltr'>si</span> <span class='ocrx_word' id='word_1_596' title='bbox 1686 1700 1814 1730; x_wconf 92' lang='lat' dir='ltr'>vellent.</span> <span class='ocrx_word' id='word_1_597' title='bbox 1839 1699 1902 1731; x_wconf 88' lang='lat' dir='ltr'>Sed</span> <span class='ocrx_word' id='word_1_598' title='bbox 1924 1706 2032 1730; x_wconf 91' lang='lat' dir='ltr'>tamen</span> <span class='ocrx_word' id='word_1_599' title='bbox 2053 1706 2186 1740; x_wconf 90' lang='lat' dir='ltr'>possent</span> <span class='ocrx_word' id='word_1_600' title='bbox 2202 1700 2241 1731; x_wconf 94' lang='lat' dir='ltr'>de</span> <span class='ocrx_word' id='word_1_601' title='bbox 2257 1709 2345 1730; x_wconf 91' lang='lat' dir='ltr'>novo</span> <span class='ocrx_word' id='word_1_602' title='bbox 2362 1701 2559 1737; x_wconf 91' lang='lat' dir='ltr'>contrahere,</span> 
     </span>
     <span class='ocr_line' id='line_1_90' title="bbox 1492 1743 1932 1774; baseline 0 0"><span class='ocrx_word' id='word_1_603' title='bbox 1492 1749 1524 1774; x_wconf 94' lang='lat' dir='ltr'>et</span> <span class='ocrx_word' id='word_1_604' title='bbox 1547 1743 1606 1774; x_wconf 90' lang='lat' dir='ltr'>alia</span> <span class='ocrx_word' id='word_1_605' title='bbox 1630 1744 1818 1774; x_wconf 88' lang='lat' dir='ltr'>coniunctio</span> <span class='ocrx_word' id='word_1_606' title='bbox 1842 1750 1932 1774; x_wconf 91' lang='lat' dir='ltr'>esset.</span> 
     </span>
    </p>

    <p class='ocr_par' dir='ltr' id='par_1_38' title="bbox 1491 1788 2562 2007">
     <span class='ocr_line' id='line_1_91' title="bbox 1547 1788 2560 1829; baseline 0.001 -12"><span class='ocrx_word' id='word_1_607' title='bbox 1547 1788 1598 1818; x_wconf 88' lang='lat' dir='ltr'>An</span> <span class='ocrx_word' id='word_1_608' title='bbox 1615 1798 1767 1818; x_wconf 67' lang='lat' dir='ltr'>see-rmum</span> <span class='ocrx_word' id='word_1_609' title='bbox 1782 1798 1943 1819; x_wconf 74' lang='lat' dir='ltr'>mmmmm</span> <span class='ocrx_word' id='word_1_610' title='bbox 1959 1788 2049 1829; x_wconf 91' lang='lat' dir='ltr'>quod</span> <span class='ocrx_word' id='word_1_611' title='bbox 2064 1789 2097 1819; x_wconf 90' lang='lat' dir='ltr'>in</span> <span class='ocrx_word' id='word_1_612' title='bbox 2113 1788 2261 1829; x_wconf 88' lang='lat' dir='ltr'>gradibus</span> <span class='ocrx_word' id='word_1_613' title='bbox 2278 1789 2560 1828; x_wconf 86' lang='lat' dir='ltr'>consanguinitatis</span> 
     </span>
     <span class='ocr_line' id='line_1_92' title="bbox 1491 1832 2560 1873; baseline 0.002 -11"><span class='ocrx_word' id='word_1_614' title='bbox 1491 1832 1700 1872; x_wconf 90' lang='lat' dir='ltr'>prohibendis</span> <span class='ocrx_word' id='word_1_615' title='bbox 1723 1833 1866 1863; x_wconf 92' lang='lat' dir='ltr'>Ecclesia</span> <span class='ocrx_word' id='word_1_616' title='bbox 1889 1834 2060 1873; x_wconf 91' lang='lat' dir='ltr'>praecipue</span> <span class='ocrx_word' id='word_1_617' title='bbox 2085 1834 2230 1863; x_wconf 89' lang='lat' dir='ltr'>observat</span> <span class='ocrx_word' id='word_1_618' title='bbox 2252 1833 2410 1863; x_wconf 86' lang='lat' dir='ltr'>rationem</span> <span class='ocrx_word' id='word_1_619' title='bbox 2433 1834 2560 1864; x_wconf 87' lang='lat' dir='ltr'>amoris.</span> 
     </span>
     <span class='ocr_line' id='line_1_93' title="bbox 1492 1877 2562 1918; baseline 0.001 -11"><span class='ocrx_word' id='word_1_620' title='bbox 1492 1877 1534 1907; x_wconf 93' lang='lat' dir='ltr'>Et</span> <span class='ocrx_word' id='word_1_621' title='bbox 1549 1877 1626 1916; x_wconf 92' lang='lat' dir='ltr'>quia</span> <span class='ocrx_word' id='word_1_622' title='bbox 1647 1886 1715 1907; x_wconf 91' lang='lat' dir='ltr'>non</span> <span class='ocrx_word' id='word_1_623' title='bbox 1740 1882 1787 1907; x_wconf 91' lang='lat' dir='ltr'>est</span> <span class='ocrx_word' id='word_1_624' title='bbox 1809 1878 1916 1908; x_wconf 91' lang='lat' dir='ltr'>minor</span> <span class='ocrx_word' id='word_1_625' title='bbox 1939 1878 2019 1908; x_wconf 91' lang='lat' dir='ltr'>ratio</span> <span class='ocrx_word' id='word_1_626' title='bbox 2043 1878 2160 1908; x_wconf 90' lang='lat' dir='ltr'>amoris</span> <span class='ocrx_word' id='word_1_627' title='bbox 2176 1877 2215 1908; x_wconf 90' lang='lat' dir='ltr'>ad</span> <span class='ocrx_word' id='word_1_628' title='bbox 2230 1882 2384 1917; x_wconf 89' lang='lat' dir='ltr'>nepotem</span> <span class='ocrx_word' id='word_1_629' title='bbox 2409 1887 2506 1918; x_wconf 90' lang='lat' dir='ltr'>quam</span> <span class='ocrx_word' id='word_1_630' title='bbox 2522 1878 2562 1908; x_wconf 92' lang='lat' dir='ltr'>ad</span> 
     </span>
     <span class='ocr_line' id='line_1_94' title="bbox 1491 1921 2562 1963; baseline 0 -11"><span class='ocrx_word' id='word_1_631' title='bbox 1491 1926 1654 1962; x_wconf 83' lang='lat' dir='ltr'>patruum,</span> <span class='ocrx_word' id='word_1_632' title='bbox 1681 1921 1738 1952; x_wconf 94' lang='lat' dir='ltr'>sed</span> <span class='ocrx_word' id='word_1_633' title='bbox 1761 1922 1856 1952; x_wconf 90' lang='lat' dir='ltr'>etiam</span> <span class='ocrx_word' id='word_1_634' title='bbox 1879 1923 1996 1958; x_wconf 88' lang='lat' dir='ltr'>maior,</span> <span class='ocrx_word' id='word_1_635' title='bbox 2022 1928 2143 1962; x_wconf 91' lang='lat' dir='ltr'>quanto</span> <span class='ocrx_word' id='word_1_636' title='bbox 2175 1922 2389 1963; x_wconf 89' lang='lat' dir='ltr'>propinquior</span> <span class='ocrx_word' id='word_1_637' title='bbox 2412 1928 2459 1953; x_wconf 91' lang='lat' dir='ltr'>est</span> <span class='ocrx_word' id='word_1_638' title='bbox 2481 1923 2562 1963; x_wconf 88' lang='lat' dir='ltr'>patri</span> 
     </span>
     <span class='ocr_line' id='line_1_95' title="bbox 1491 1965 2562 2007; baseline 0.001 -11"><span class='ocrx_word' id='word_1_639' title='bbox 1491 1965 1577 1996; x_wconf 92' lang='lat' dir='ltr'>filius</span> <span class='ocrx_word' id='word_1_640' title='bbox 1602 1975 1700 2006; x_wconf 89' lang='lat' dir='ltr'>quam</span> <span class='ocrx_word' id='word_1_641' title='bbox 1723 1965 1791 1997; x_wconf 90' lang='lat' dir='ltr'>filio</span> <span class='ocrx_word' id='word_1_642' title='bbox 1814 1972 1914 2007; x_wconf 89' lang='lat' dir='ltr'>pater,</span> <span class='ocrx_word' id='word_1_643' title='bbox 1930 1972 1967 1997; x_wconf 94' lang='lat' dir='ltr'>ut</span> <span class='ocrx_word' id='word_1_644' title='bbox 1990 1966 2105 1997; x_wconf 92' lang='lat' dir='ltr'>dicitur</span> <span class='ocrx_word' id='word_1_645' title='bbox 2119 1968 2152 1997; x_wconf 93' lang='lat' dir='ltr'>in</span> <span class='ocrx_word' id='word_1_646' title='bbox 2168 1967 2240 1997; x_wconf 94' lang='lat' dir='ltr'>VIlI</span> <span class='ocrx_word' id='word_1_647' title='bbox 2255 1966 2360 1997; x_wconf 82' lang='lat' dir='ltr'>Ethic.</span> <span class='ocrx_word' id='word_1_648' title='bbox 2373 1968 2407 2002; x_wconf 71' lang='lat'>*;</span> <span class='ocrx_word' id='word_1_649' title='bbox 2431 1972 2562 2007; x_wconf 88' lang='lat' dir='ltr'>propter</span> 
     </span>
    </p>
   </div>
   <div class='ocr_carea' id='block_1_31' title="bbox 365 2010 2561 2052">
    <p class='ocr_par' dir='ltr' id='par_1_39' title="bbox 365 2010 2561 2052">
     <span class='ocr_line' id='line_1_96' title="bbox 365 2010 2561 2052; baseline -0 -9"><span class='ocrx_word' id='word_1_650' title='bbox 365 2013 676 2052; x_wconf 87' lang='lat' dir='ltr'>consanguinitatem</span> <span class='ocrx_word' id='word_1_651' title='bbox 700 2017 731 2042; x_wconf 95' lang='lat' dir='ltr'>et</span> <span class='ocrx_word' id='word_1_652' title='bbox 750 2010 936 2042; x_wconf 88' lang='lat' dir='ltr'>affinitatem</span> <span class='ocrx_word' id='word_1_653' title='bbox 963 2011 1114 2042; x_wconf 88' lang='lat' dir='ltr'>naturalis</span> <span class='ocrx_word' id='word_1_654' title='bbox 1143 2012 1280 2042; x_wconf 87' lang='lat' dir='ltr'>amicitia</span> <span class='ocrx_word' id='word_1_655' title='bbox 1308 2020 1437 2052; x_wconf 90' lang='lat' dir='ltr'>proma·</span> <span class='ocrx_word' id='word_1_656' title='bbox 1451 2023 1478 2044; x_wconf 71' lang='lat'>⁴0</span> <span class='ocrx_word' id='word_1_657' title='bbox 1491 2010 1555 2041; x_wconf 92' lang='lat' dir='ltr'>hoc</span> <span class='ocrx_word' id='word_1_658' title='bbox 1572 2011 1746 2050; x_wconf 88' lang='lat' dir='ltr'>aequaliter</span> <span class='ocrx_word' id='word_1_659' title='bbox 1768 2011 1932 2051; x_wconf 90' lang='lat' dir='ltr'>prohibuit</span> <span class='ocrx_word' id='word_1_660' title='bbox 1955 2011 2070 2052; x_wconf 88' lang='lat' dir='ltr'>gradus</span> <span class='ocrx_word' id='word_1_661' title='bbox 2094 2011 2377 2052; x_wconf 88' lang='lat' dir='ltr'>consanguinitatis</span> <span class='ocrx_word' id='word_1_662' title='bbox 2393 2012 2426 2042; x_wconf 94' lang='lat' dir='ltr'>in</span> <span class='ocrx_word' id='word_1_663' title='bbox 2442 2012 2561 2052; x_wconf 91' lang='lat' dir='ltr'>patruis</span> 
     </span>
    </p>
   </div>
   <div class='ocr_carea' id='block_1_32' title="bbox 364 2055 1437 2230">
    <p class='ocr_par' dir='ltr' id='par_1_40' title="bbox 364 2055 1437 2230">
     <span class='ocr_line' id='line_1_97' title="bbox 364 2055 1437 2096; baseline -0.003 -8"><span class='ocrx_word' id='word_1_664' title='bbox 364 2062 464 2088; x_wconf 80' lang='lat' dir='ltr'>naret.</span> <span class='ocrx_word' id='word_1_665' title='bbox 488 2057 530 2088; x_wconf 92' lang='lat' dir='ltr'>Et</span> <span class='ocrx_word' id='word_1_666' title='bbox 544 2056 774 2087; x_wconf 86' lang='lat' dir='ltr'>rationabiliter</span> <span class='ocrx_word' id='word_1_667' title='bbox 788 2065 892 2095; x_wconf 92' lang='lat' dir='ltr'>usque</span> <span class='ocrx_word' id='word_1_668' title='bbox 909 2055 949 2086; x_wconf 89' lang='lat' dir='ltr'>ad</span> <span class='ocrx_word' id='word_1_669' title='bbox 964 2056 1138 2096; x_wconf 91' lang='lat' dir='ltr'>septimum</span> <span class='ocrx_word' id='word_1_670' title='bbox 1154 2055 1288 2096; x_wconf 87' lang='lat' dir='ltr'>gradum</span> <span class='ocrx_word' id='word_1_671' title='bbox 1304 2057 1331 2086; x_wconf 61' lang='grc' dir='ltr'>’ἱ</span> <span class='ocrx_word' id='word_1_672' title='bbox 1349 2055 1437 2086; x_wconf 90' lang='lat' dir='ltr'>Tum</span> 
     </span>
     <span class='ocr_line' id='line_1_98' title="bbox 365 2099 1437 2142; baseline -0.002 -10"><span class='ocrx_word' id='word_1_673' title='bbox 365 2102 442 2142; x_wconf 91' lang='lat' dir='ltr'>quia</span> <span class='ocrx_word' id='word_1_674' title='bbox 464 2101 548 2132; x_wconf 88' lang='lat' dir='ltr'>ultra</span> <span class='ocrx_word' id='word_1_675' title='bbox 569 2101 633 2132; x_wconf 86' lang='lat' dir='ltr'>hoc</span> <span class='ocrx_word' id='word_1_676' title='bbox 656 2110 725 2131; x_wconf 87' lang='lat' dir='ltr'>non</span> <span class='ocrx_word' id='word_1_677' title='bbox 744 2100 784 2131; x_wconf 89' lang='lat' dir='ltr'>de</span> <span class='ocrx_word' id='word_1_678' title='bbox 802 2100 887 2130; x_wconf 90' lang='lat' dir='ltr'>facili</span> <span class='ocrx_word' id='word_1_679' title='bbox 910 2101 1094 2130; x_wconf 90' lang='lat' dir='ltr'>remanebat</span> <span class='ocrx_word' id='word_1_680' title='bbox 1117 2101 1301 2131; x_wconf 74' lang='lat' dir='ltr'>communis</span> <span class='ocrx_word' id='word_1_681' title='bbox 1324 2099 1437 2130; x_wconf 89' lang='lat' dir='ltr'>radicis</span> 
     </span>
     <span class='ocr_line' id='line_1_99' title="bbox 364 2143 1436 2185; baseline -0.003 -8"><span class='ocrx_word' id='word_1_682' title='bbox 364 2146 529 2177; x_wconf 88' lang='lat' dir='ltr'>memoria.</span> <span class='ocrx_word' id='word_1_683' title='bbox 569 2146 656 2176; x_wconf 91' lang='lat' dir='ltr'>Tum</span> <span class='ocrx_word' id='word_1_684' title='bbox 692 2145 768 2185; x_wconf 91' lang='lat' dir='ltr'>quia</span> <span class='ocrx_word' id='word_1_685' title='bbox 802 2143 980 2184; x_wconf 84' lang='lat' dir='ltr'>septiformi</span> <span class='ocrx_word' id='word_1_686' title='bbox 1016 2144 1151 2184; x_wconf 83' lang='lat' dir='ltr'>Spiritus</span> <span class='ocrx_word' id='word_1_687' title='bbox 1185 2146 1286 2175; x_wconf 88' lang='lat' dir='ltr'>sancti</span> <span class='ocrx_word' id='word_1_688' title='bbox 1319 2145 1436 2185; x_wconf 86' lang='lat' dir='ltr'>gratiae</span> 
     </span>
     <span class='ocr_line' id='line_1_100' title="bbox 365 2191 574 2230; baseline -0.01 -8"><span class='ocrx_word' id='word_1_689' title='bbox 365 2191 574 2230; x_wconf 89' lang='lat' dir='ltr'>congruebat.</span> 
     </span>
    </p>
   </div>
   <div class='ocr_carea' id='block_1_33' title="bbox 1491 2055 2561 2230">
    <p class='ocr_par' dir='ltr' id='par_1_41' title="bbox 1493 2055 1729 2085">
     <span class='ocr_line' id='line_1_101' title="bbox 1493 2055 1729 2085; baseline 0 0"><span class='ocrx_word' id='word_1_690' title='bbox 1493 2060 1524 2085; x_wconf 91' lang='lat' dir='ltr'>et</span> <span class='ocrx_word' id='word_1_691' title='bbox 1546 2064 1587 2085; x_wconf 94' lang='lat' dir='ltr'>ne</span> <span class='ocrx_word' id='word_1_692' title='bbox 1613 2055 1729 2085; x_wconf 90' lang='lat' dir='ltr'>otibus.</span> 
     </span>
    </p>

    <p class='ocr_par' dir='ltr' id='par_1_42' title="bbox 1491 2065 2561 2230">
     <span class='ocr_line' id='line_1_102' title="bbox 1548 2065 2560 2141; baseline 0.001 -11"><span class='ocrx_word' id='word_1_693' title='bbox 1548 2065 1611 2130; x_wconf 63' lang='lat' dir='ltr'>Secpi</span> <span class='ocrx_word' id='word_1_694' title='bbox 1626 2099 1677 2129; x_wconf 86' lang='lat' dir='ltr'>lex</span> <span class='ocrx_word' id='word_1_695' title='bbox 1693 2105 1784 2130; x_wconf 91' lang='lat' dir='ltr'>vetus</span> <span class='ocrx_word' id='word_1_696' title='bbox 1800 2100 1834 2130; x_wconf 91' lang='lat' dir='ltr'>in</span> <span class='ocrx_word' id='word_1_697' title='bbox 1849 2101 1994 2140; x_wconf 90' lang='lat' dir='ltr'>personis</span> <span class='ocrx_word' id='word_1_698' title='bbox 2017 2100 2224 2140; x_wconf 89' lang='lat' dir='ltr'>prohibendis</span> <span class='ocrx_word' id='word_1_699' title='bbox 2240 2100 2373 2131; x_wconf 86' lang='lat' dir='ltr'>attendit</span> <span class='ocrx_word' id='word_1_700' title='bbox 2388 2101 2560 2141; x_wconf 91' lang='lat' dir='ltr'>praecipue</span> 
     </span>
     <span class='ocr_line' id='line_1_103' title="bbox 1492 2144 2561 2186; baseline 0.002 -13"><span class='ocrx_word' id='word_1_701' title='bbox 1492 2144 1764 2174; x_wconf 77' lang='lat' dir='ltr'>cohabitationem</span> <span class='ocrx_word' id='word_1_702' title='bbox 1775 2167 1783 2180; x_wconf 91' lang='lat'>‚</span> <span class='ocrx_word' id='word_1_703' title='bbox 1819 2150 1931 2174; x_wconf 90' lang='lat' dir='ltr'>contra</span> <span class='ocrx_word' id='word_1_704' title='bbox 1965 2145 2258 2185; x_wconf 88' lang='lat' dir='ltr'>concupiscentiam</span> <span class='ocrx_word' id='word_1_705' title='bbox 2290 2146 2463 2186; x_wconf 89' lang='lat' dir='ltr'>prohibens</span> <span class='ocrx_word' id='word_1_706' title='bbox 2493 2145 2561 2175; x_wconf 90' lang='lat' dir='ltr'>illas</span> 
     </span>
     <span class='ocr_line' id='line_1_104' title="bbox 1491 2188 2560 2230; baseline 0.002 -12"><span class='ocrx_word' id='word_1_707' title='bbox 1491 2198 1644 2228; x_wconf 89' lang='lat' dir='ltr'>personas</span> <span class='ocrx_word' id='word_1_708' title='bbox 1660 2188 1700 2219; x_wconf 91' lang='lat' dir='ltr'>ad</span> <span class='ocrx_word' id='word_1_709' title='bbox 1716 2198 1795 2228; x_wconf 92' lang='lat' dir='ltr'>quas</span> <span class='ocrx_word' id='word_1_710' title='bbox 1818 2188 1941 2219; x_wconf 89' lang='lat' dir='ltr'>facilior</span> <span class='ocrx_word' id='word_1_711' title='bbox 1955 2194 2077 2229; x_wconf 86' lang='lat' dir='ltr'>pateret</span> <span class='ocrx_word' id='word_1_712' title='bbox 2100 2199 2244 2220; x_wconf 90' lang='lat' dir='ltr'>accessus</span> <span class='ocrx_word' id='word_1_713' title='bbox 2267 2195 2399 2230; x_wconf 90' lang='lat' dir='ltr'>propter</span> <span class='ocrx_word' id='word_1_714' title='bbox 2413 2195 2560 2220; x_wconf 90' lang='lat' dir='ltr'>mutuam</span> 
     </span>
    </p>
   </div>
   <div class='ocr_carea' id='block_1_34' title="bbox 421 2233 2560 2275">
    <p class='ocr_par' dir='ltr' id='par_1_43' title="bbox 421 2233 2560 2275">
     <span class='ocr_line' id='line_1_105' title="bbox 421 2233 2560 2275; baseline -0.001 -9"><span class='ocrx_word' id='word_1_715' title='bbox 421 2234 485 2266; x_wconf 91' lang='lat' dir='ltr'>Sed</span> <span class='ocrx_word' id='word_1_716' title='bbox 507 2233 729 2275; x_wconf 73' lang='lat' dir='ltr'>posmodum,</span> <span class='ocrx_word' id='word_1_717' title='bbox 747 2234 830 2264; x_wconf 86' lang='lat' dir='ltr'>circa</span> <span class='ocrx_word' id='word_1_718' title='bbox 848 2233 927 2263; x_wconf 92' lang='lat' dir='ltr'>haec</span> <span class='ocrx_word' id='word_1_719' title='bbox 947 2233 1061 2263; x_wconf 87' lang='lat' dir='ltr'>ultima</span> <span class='ocrx_word' id='word_1_720' title='bbox 1083 2238 1240 2273; x_wconf 91' lang='lat' dir='ltr'>tempora,</span> <span class='ocrx_word' id='word_1_721' title='bbox 1257 2233 1436 2263; x_wconf 90' lang='lat' dir='ltr'>restrictum</span> <span class='ocrx_word' id='word_1_722' title='bbox 1451 2246 1474 2265; x_wconf 83' lang='lat'>45</span> <span class='ocrx_word' id='word_1_723' title='bbox 1492 2233 1763 2263; x_wconf 88' lang='lat' dir='ltr'>cohabitationem</span> <span class='ocrx_word' id='word_1_724' title='bbox 1779 2234 1805 2263; x_wconf 52' lang='grc' dir='ltr'>’ἢ</span> <span class='ocrx_word' id='word_1_725' title='bbox 1831 2233 1932 2273; x_wconf 86' lang='lat' dir='ltr'>Magis</span> <span class='ocrx_word' id='word_1_726' title='bbox 1952 2240 2060 2264; x_wconf 89' lang='lat' dir='ltr'>autern</span> <span class='ocrx_word' id='word_1_727' title='bbox 2076 2235 2243 2264; x_wconf 88' lang='lat' dir='ltr'>consuevit</span> <span class='ocrx_word' id='word_1_728' title='bbox 2259 2235 2440 2265; x_wconf 87' lang='lat' dir='ltr'>cohabitare</span> <span class='ocrx_word' id='word_1_729' title='bbox 2456 2235 2560 2274; x_wconf 92' lang='lat' dir='ltr'>neptis</span> 
     </span>
    </p>
   </div>
   <div class='ocr_carea' id='block_1_35' title="bbox 365 2277 1437 2452">
    <p class='ocr_par' dir='ltr' id='par_1_44' title="bbox 365 2277 1437 2452">
     <span class='ocr_line' id='line_1_106' title="bbox 366 2277 1436 2318; baseline -0.003 -8"><span class='ocrx_word' id='word_1_730' title='bbox 366 2283 414 2310; x_wconf 89' lang='lat' dir='ltr'>est</span> <span class='ocrx_word' id='word_1_731' title='bbox 431 2278 595 2309; x_wconf 88' lang='lat' dir='ltr'>Ecclesiae</span> <span class='ocrx_word' id='word_1_732' title='bbox 610 2278 816 2308; x_wconf 90' lang='lat' dir='ltr'>interdictum</span> <span class='ocrx_word' id='word_1_733' title='bbox 828 2287 932 2318; x_wconf 91' lang='lat' dir='ltr'>usque</span> <span class='ocrx_word' id='word_1_734' title='bbox 948 2277 988 2308; x_wconf 89' lang='lat' dir='ltr'>ad</span> <span class='ocrx_word' id='word_1_735' title='bbox 1001 2283 1151 2317; x_wconf 91' lang='lat' dir='ltr'>quartum</span> <span class='ocrx_word' id='word_1_736' title='bbox 1162 2277 1297 2318; x_wconf 89' lang='lat' dir='ltr'>gradum</span> <span class='ocrx_word' id='word_1_737' title='bbox 1309 2279 1342 2307; x_wconf 59' lang='grc' dir='ltr'>ἐ</span> <span class='ocrx_word' id='word_1_738' title='bbox 1361 2277 1436 2318; x_wconf 90' lang='lat' dir='ltr'>quia</span> 
     </span>
     <span class='ocr_line' id='line_1_107' title="bbox 365 2321 1437 2363; baseline -0.001 -10"><span class='ocrx_word' id='word_1_739' title='bbox 365 2323 449 2354; x_wconf 85' lang='lat' dir='ltr'>ultra</span> <span class='ocrx_word' id='word_1_740' title='bbox 459 2323 573 2353; x_wconf 87' lang='lat' dir='ltr'>inutile</span> <span class='ocrx_word' id='word_1_741' title='bbox 586 2328 617 2353; x_wconf 89' lang='lat' dir='ltr'>et</span> <span class='ocrx_word' id='word_1_742' title='bbox 628 2322 847 2363; x_wconf 91' lang='lat' dir='ltr'>periculosum</span> <span class='ocrx_word' id='word_1_743' title='bbox 860 2327 926 2352; x_wconf 91' lang='lat' dir='ltr'>erat</span> <span class='ocrx_word' id='word_1_744' title='bbox 937 2321 1052 2362; x_wconf 89' lang='lat' dir='ltr'>gradus</span> <span class='ocrx_word' id='word_1_745' title='bbox 1065 2322 1349 2362; x_wconf 86' lang='lat' dir='ltr'>consanguinitatis</span> <span class='ocrx_word' id='word_1_746' title='bbox 1361 2331 1437 2362; x_wconf 93' lang='lat' dir='ltr'>pro—</span> 
     </span>
     <span class='ocr_line' id='line_1_108' title="bbox 365 2366 1436 2407; baseline -0.002 -9"><span class='ocrx_word' id='word_1_747' title='bbox 365 2367 486 2398; x_wconf 85' lang='lat' dir='ltr'>hibere.</span> <span class='ocrx_word' id='word_1_748' title='bbox 511 2367 626 2404; x_wconf 75' lang='lat' dir='ltr'>Inutile</span> <span class='ocrx_word' id='word_1_749' title='bbox 647 2367 789 2407; x_wconf 90' lang='lat' dir='ltr'>quidem,</span> <span class='ocrx_word' id='word_1_750' title='bbox 807 2366 883 2407; x_wconf 87' lang='lat' dir='ltr'>quia</span> <span class='ocrx_word' id='word_1_751' title='bbox 906 2366 945 2397; x_wconf 89' lang='lat' dir='ltr'>ad</span> <span class='ocrx_word' id='word_1_752' title='bbox 967 2367 1156 2397; x_wconf 87' lang='lat' dir='ltr'>remotiores</span> <span class='ocrx_word' id='word_1_753' title='bbox 1180 2367 1436 2407; x_wconf 89' lang='lat' dir='ltr'>consanguineos</span> 
     </span>
     <span class='ocr_line' id='line_1_109' title="bbox 367 2410 1436 2452; baseline -0.001 -10"><span class='ocrx_word' id='word_1_754' title='bbox 367 2412 459 2452; x_wconf 88' lang='lat' dir='ltr'>quasi</span> <span class='ocrx_word' id='word_1_755' title='bbox 473 2411 602 2442; x_wconf 85' lang='lat' dir='ltr'>nullum</span> <span class='ocrx_word' id='word_1_756' title='bbox 616 2410 732 2442; x_wconf 86' lang='lat' dir='ltr'>foedus</span> <span class='ocrx_word' id='word_1_757' title='bbox 758 2411 888 2441; x_wconf 89' lang='lat' dir='ltr'>maioris</span> <span class='ocrx_word' id='word_1_758' title='bbox 904 2411 1062 2441; x_wconf 85' lang='lat' dir='ltr'>amicitiae</span> <span class='ocrx_word' id='word_1_759' title='bbox 1086 2420 1184 2451; x_wconf 91' lang='lat' dir='ltr'>quam</span> <span class='ocrx_word' id='word_1_760' title='bbox 1207 2410 1247 2441; x_wconf 90' lang='lat' dir='ltr'>ad</span> <span class='ocrx_word' id='word_1_761' title='bbox 1269 2416 1436 2441; x_wconf 84' lang='lat' dir='ltr'>extraneos</span> 
     </span>
    </p>
   </div>
   <div class='ocr_carea' id='block_1_36' title="bbox 1491 2277 2560 2453">
    <p class='ocr_par' dir='ltr' id='par_1_45' title="bbox 1491 2277 2560 2453">
     <span class='ocr_line' id='line_1_110' title="bbox 1491 2277 2559 2319; baseline 0.002 -12"><span class='ocrx_word' id='word_1_762' title='bbox 1491 2283 1607 2318; x_wconf 90' lang='lat' dir='ltr'>patruo</span> <span class='ocrx_word' id='word_1_763' title='bbox 1632 2287 1729 2317; x_wconf 91' lang='lat' dir='ltr'>quam</span> <span class='ocrx_word' id='word_1_764' title='bbox 1754 2278 1849 2308; x_wconf 88' lang='lat' dir='ltr'>amita</span> <span class='ocrx_word' id='word_1_765' title='bbox 1871 2279 2002 2319; x_wconf 89' lang='lat' dir='ltr'>nepoti:</span> <span class='ocrx_word' id='word_1_766' title='bbox 2028 2279 2103 2318; x_wconf 87' lang='lat' dir='ltr'>quia</span> <span class='ocrx_word' id='word_1_767' title='bbox 2125 2277 2190 2309; x_wconf 88' lang='lat' dir='ltr'>filia</span> <span class='ocrx_word' id='word_1_768' title='bbox 2207 2284 2253 2309; x_wconf 94' lang='lat' dir='ltr'>est</span> <span class='ocrx_word' id='word_1_769' title='bbox 2269 2278 2354 2310; x_wconf 90' lang='lat' dir='ltr'>idem</span> <span class='ocrx_word' id='word_1_770' title='bbox 2378 2279 2467 2319; x_wconf 92' lang='lat' dir='ltr'>quasi</span> <span class='ocrx_word' id='word_1_771' title='bbox 2485 2289 2559 2309; x_wconf 90' lang='lat' dir='ltr'>cum</span> 
     </span>
     <span class='ocr_line' id='line_1_111' title="bbox 1491 2322 2559 2362; baseline 0.002 -10"><span class='ocrx_word' id='word_1_772' title='bbox 1491 2327 1590 2362; x_wconf 89' lang='lat' dir='ltr'>patre,</span> <span class='ocrx_word' id='word_1_773' title='bbox 1608 2331 1682 2352; x_wconf 89' lang='lat' dir='ltr'>curn</span> <span class='ocrx_word' id='word_1_774' title='bbox 1707 2322 1746 2352; x_wconf 91' lang='lat' dir='ltr'>sit</span> <span class='ocrx_word' id='word_1_775' title='bbox 1770 2322 1891 2362; x_wconf 88' lang='lat' dir='ltr'>aliquid</span> <span class='ocrx_word' id='word_1_776' title='bbox 1915 2323 1996 2359; x_wconf 87' lang='lat' dir='ltr'>eius;</span> <span class='ocrx_word' id='word_1_777' title='bbox 2021 2322 2077 2353; x_wconf 91' lang='lat' dir='ltr'>sed</span> <span class='ocrx_word' id='word_1_778' title='bbox 2100 2332 2190 2353; x_wconf 94' lang='lat' dir='ltr'>soror</span> <span class='ocrx_word' id='word_1_779' title='bbox 2212 2333 2279 2353; x_wconf 92' lang='lat' dir='ltr'>non</span> <span class='ocrx_word' id='word_1_780' title='bbox 2303 2329 2350 2354; x_wconf 89' lang='lat' dir='ltr'>est</span> <span class='ocrx_word' id='word_1_781' title='bbox 2371 2324 2436 2354; x_wconf 92' lang='lat' dir='ltr'>hoc</span> <span class='ocrx_word' id='word_1_782' title='bbox 2458 2323 2559 2354; x_wconf 87' lang='lat' dir='ltr'>modo</span> 
     </span>
     <span class='ocr_line' id='line_1_112' title="bbox 1491 2366 2560 2408; baseline 0.002 -12"><span class='ocrx_word' id='word_1_783' title='bbox 1491 2366 1578 2396; x_wconf 92' lang='lat' dir='ltr'>idem</span> <span class='ocrx_word' id='word_1_784' title='bbox 1602 2376 1676 2396; x_wconf 90' lang='lat' dir='ltr'>cum</span> <span class='ocrx_word' id='word_1_785' title='bbox 1701 2366 1805 2402; x_wconf 90' lang='lat' dir='ltr'>fratre,</span> <span class='ocrx_word' id='word_1_786' title='bbox 1829 2376 1904 2397; x_wconf 91' lang='lat' dir='ltr'>cum</span> <span class='ocrx_word' id='word_1_787' title='bbox 1927 2377 1995 2398; x_wconf 91' lang='lat' dir='ltr'>non</span> <span class='ocrx_word' id='word_1_788' title='bbox 2019 2368 2058 2398; x_wconf 89' lang='lat' dir='ltr'>sit</span> <span class='ocrx_word' id='word_1_789' title='bbox 2081 2367 2202 2407; x_wconf 88' lang='lat' dir='ltr'>aliquid</span> <span class='ocrx_word' id='word_1_790' title='bbox 2226 2368 2303 2404; x_wconf 86' lang='lat' dir='ltr'>eius,</span> <span class='ocrx_word' id='word_1_791' title='bbox 2321 2368 2375 2398; x_wconf 88' lang='lat' dir='ltr'>sed</span> <span class='ocrx_word' id='word_1_792' title='bbox 2398 2369 2498 2408; x_wconf 88' lang='lat' dir='ltr'>magis</span> <span class='ocrx_word' id='word_1_793' title='bbox 2522 2378 2560 2398; x_wconf 90' lang='lat' dir='ltr'>ex</span> 
     </span>
     <span class='ocr_line' id='line_1_113' title="bbox 1492 2410 2560 2453; baseline 0.001 -12"><span class='ocrx_word' id='word_1_794' title='bbox 1492 2410 1609 2441; x_wconf 88' lang='lat' dir='ltr'>eodem</span> <span class='ocrx_word' id='word_1_795' title='bbox 1631 2412 1781 2441; x_wconf 90' lang='lat' dir='ltr'>nascitur.</span> <span class='ocrx_word' id='word_1_796' title='bbox 1806 2411 1847 2441; x_wconf 91' lang='lat' dir='ltr'>Et</span> <span class='ocrx_word' id='word_1_797' title='bbox 1862 2411 1936 2442; x_wconf 94' lang='lat' dir='ltr'>ideo</span> <span class='ocrx_word' id='word_1_798' title='bbox 1957 2422 2024 2442; x_wconf 93' lang='lat' dir='ltr'>non</span> <span class='ocrx_word' id='word_1_799' title='bbox 2042 2418 2107 2442; x_wconf 90' lang='lat' dir='ltr'>erat</span> <span class='ocrx_word' id='word_1_800' title='bbox 2130 2412 2242 2442; x_wconf 88' lang='lat' dir='ltr'>eadem</span> <span class='ocrx_word' id='word_1_801' title='bbox 2266 2414 2345 2443; x_wconf 92' lang='lat' dir='ltr'>ratio</span> <span class='ocrx_word' id='word_1_802' title='bbox 2368 2412 2560 2453; x_wconf 91' lang='lat' dir='ltr'>prohibendi</span> 
     </span>
    </p>
   </div>
   <div class='ocr_carea' id='block_1_37' title="bbox 365 2455 1842 2497">
    <p class='ocr_par' dir='ltr' id='par_1_46' title="bbox 365 2455 1842 2497">
     <span class='ocr_line' id='line_1_114' title="bbox 365 2455 1842 2497; baseline 0 -11"><span class='ocrx_word' id='word_1_803' title='bbox 365 2456 558 2492; x_wconf 87' lang='lat' dir='ltr'>habebatur,</span> <span class='ocrx_word' id='word_1_804' title='bbox 591 2456 728 2487; x_wconf 84' lang='lat' dir='ltr'>caritate</span> <span class='ocrx_word' id='word_1_805' title='bbox 755 2456 787 2486; x_wconf 85' lang='lat' dir='ltr'>in</span> <span class='ocrx_word' id='word_1_806' title='bbox 815 2456 992 2486; x_wconf 88' lang='lat' dir='ltr'>multorum</span> <span class='ocrx_word' id='word_1_807' title='bbox 1022 2455 1174 2486; x_wconf 84' lang='lat' dir='ltr'>cordibus</span> <span class='ocrx_word' id='word_1_808' title='bbox 1193 2456 1398 2497; x_wconf 84' lang='lat' dir='ltr'>frigescente</span> <span class='ocrx_word' id='word_1_809' title='bbox 1409 2456 1435 2486; x_wconf 75' lang='lat'>*.</span> <span class='ocrx_word' id='word_1_810' title='bbox 1452 2466 1478 2487; x_wconf 81' lang='grc' dir='ltr'>ςο</span> <span class='ocrx_word' id='word_1_811' title='bbox 1490 2461 1623 2496; x_wconf 92' lang='lat' dir='ltr'>neptem</span> <span class='ocrx_word' id='word_1_812' title='bbox 1647 2461 1678 2486; x_wconf 91' lang='lat' dir='ltr'>et</span> <span class='ocrx_word' id='word_1_813' title='bbox 1702 2456 1842 2486; x_wconf 87' lang='lat' dir='ltr'>amitam.</span> 
     </span>
    </p>
   </div>
   <div class='ocr_carea' id='block_1_38' title="bbox 365 2498 1437 2674">
    <p class='ocr_par' dir='ltr' id='par_1_47' title="bbox 365 2498 1437 2674">
     <span class='ocr_line' id='line_1_115' title="bbox 366 2498 1437 2541; baseline -0.001 -10"><span class='ocrx_word' id='word_1_814' title='bbox 366 2500 589 2531; x_wconf 89' lang='lat' dir='ltr'>Periculosum</span> <span class='ocrx_word' id='word_1_815' title='bbox 604 2506 713 2531; x_wconf 89' lang='lat' dir='ltr'>autem</span> <span class='ocrx_word' id='word_1_816' title='bbox 729 2505 804 2537; x_wconf 90' lang='lat' dir='ltr'>erat,</span> <span class='ocrx_word' id='word_1_817' title='bbox 821 2501 907 2541; x_wconf 89' lang='lat' dir='ltr'>quia,</span> <span class='ocrx_word' id='word_1_818' title='bbox 920 2498 1182 2541; x_wconf 88' lang='lat' dir='ltr'>concupiscentia</span> <span class='ocrx_word' id='word_1_819' title='bbox 1198 2505 1229 2530; x_wconf 92' lang='lat' dir='ltr'>et</span> <span class='ocrx_word' id='word_1_820' title='bbox 1244 2500 1437 2540; x_wconf 88' lang='lat' dir='ltr'>negligentia</span> 
     </span>
     <span class='ocr_line' id='line_1_116' title="bbox 366 2544 1436 2585; baseline 0 -10"><span class='ocrx_word' id='word_1_821' title='bbox 366 2545 584 2585; x_wconf 85' lang='lat' dir='ltr'>praevalente,</span> <span class='ocrx_word' id='word_1_822' title='bbox 608 2555 815 2576; x_wconf 90' lang='lat' dir='ltr'>numerosam</span> <span class='ocrx_word' id='word_1_823' title='bbox 846 2545 1162 2585; x_wconf 85' lang='lat' dir='ltr'>consanguineorum</span> <span class='ocrx_word' id='word_1_824' title='bbox 1195 2544 1436 2575; x_wconf 88' lang='lat' dir='ltr'>multitudinem</span> 
     </span>
     <span class='ocr_line' id='line_1_117' title="bbox 366 2589 1437 2631; baseline -0.001 -11"><span class='ocrx_word' id='word_1_825' title='bbox 366 2590 515 2620; x_wconf 85' lang='lat' dir='ltr'>homines</span> <span class='ocrx_word' id='word_1_826' title='bbox 530 2599 598 2620; x_wconf 92' lang='lat' dir='ltr'>non</span> <span class='ocrx_word' id='word_1_827' title='bbox 615 2590 688 2620; x_wconf 88' lang='lat' dir='ltr'>satis</span> <span class='ocrx_word' id='word_1_828' title='bbox 704 2590 928 2620; x_wconf 88' lang='lat' dir='ltr'>observabant:</span> <span class='ocrx_word' id='word_1_829' title='bbox 951 2595 983 2620; x_wconf 93' lang='lat' dir='ltr'>et</span> <span class='ocrx_word' id='word_1_830' title='bbox 998 2590 1043 2620; x_wconf 90' lang='lat' dir='ltr'>sic</span> <span class='ocrx_word' id='word_1_831' title='bbox 1062 2590 1197 2630; x_wconf 83' lang='lat' dir='ltr'>laqueus</span> <span class='ocrx_word' id='word_1_832' title='bbox 1217 2589 1437 2631; x_wconf 70' lang='lat' dir='ltr'>damnationis</span> 
     </span>
     <span class='ocr_line' id='line_1_118' title="bbox 365 2633 1435 2674; baseline 0 -10"><span class='ocrx_word' id='word_1_833' title='bbox 365 2633 476 2664; x_wconf 89' lang='lat' dir='ltr'>multis</span> <span class='ocrx_word' id='word_1_834' title='bbox 498 2634 726 2664; x_wconf 73' lang='lat' dir='ltr'>iniiciebatur*</span> <span class='ocrx_word' id='word_1_835' title='bbox 745 2643 783 2664; x_wconf 86' lang='lat' dir='ltr'>ex</span> <span class='ocrx_word' id='word_1_836' title='bbox 807 2639 1006 2664; x_wconf 89' lang='lat' dir='ltr'>remotorum</span> <span class='ocrx_word' id='word_1_837' title='bbox 1029 2633 1187 2674; x_wconf 89' lang='lat' dir='ltr'>graduum</span> <span class='ocrx_word' id='word_1_838' title='bbox 1206 2634 1435 2674; x_wconf 89' lang='lat' dir='ltr'>prohibitione.</span> 
     </span>
    </p>
   </div>
   <div class='ocr_carea' id='block_1_39' title="bbox 422 2678 1474 2719">
    <p class='ocr_par' dir='ltr' id='par_1_48' title="bbox 422 2678 1474 2719">
     <span class='ocr_line' id='line_1_119' title="bbox 422 2678 1474 2719; baseline 0 -11"><span class='ocrx_word' id='word_1_839' title='bbox 422 2678 503 2709; x_wconf 89' lang='lat' dir='ltr'>Satis</span> <span class='ocrx_word' id='word_1_840' title='bbox 535 2679 630 2708; x_wconf 91' lang='lat' dir='ltr'>etiarn</span> <span class='ocrx_word' id='word_1_841' title='bbox 662 2679 891 2709; x_wconf 90' lang='lat' dir='ltr'>convenienter</span> <span class='ocrx_word' id='word_1_842' title='bbox 919 2687 1024 2718; x_wconf 92' lang='lat' dir='ltr'>usque</span> <span class='ocrx_word' id='word_1_843' title='bbox 1051 2678 1091 2708; x_wconf 93' lang='lat' dir='ltr'>ad</span> <span class='ocrx_word' id='word_1_844' title='bbox 1122 2684 1272 2719; x_wconf 88' lang='lat' dir='ltr'>quartum</span> <span class='ocrx_word' id='word_1_845' title='bbox 1302 2678 1436 2719; x_wconf 88' lang='lat' dir='ltr'>gradum</span> <span class='ocrx_word' id='word_1_846' title='bbox 1452 2689 1474 2709; x_wconf 82' lang='grc' dir='ltr'>ςς</span> 
     </span>
    </p>
   </div>
   <div class='ocr_carea' id='block_1_40' title="bbox 366 2722 1436 2897">
    <p class='ocr_par' dir='ltr' id='par_1_49' title="bbox 366 2722 1436 2897">
     <span class='ocr_line' id='line_1_120' title="bbox 367 2722 1436 2763; baseline 0 -10"><span class='ocrx_word' id='word_1_847' title='bbox 367 2722 451 2753; x_wconf 84' lang='lat' dir='ltr'>dicta</span> <span class='ocrx_word' id='word_1_848' title='bbox 474 2723 648 2763; x_wconf 91' lang='lat' dir='ltr'>prohibitio</span> <span class='ocrx_word' id='word_1_849' title='bbox 673 2728 720 2753; x_wconf 90' lang='lat' dir='ltr'>est</span> <span class='ocrx_word' id='word_1_850' title='bbox 742 2723 892 2753; x_wconf 84' lang='lat' dir='ltr'>restn&#39;cta.</span> <span class='ocrx_word' id='word_1_851' title='bbox 917 2723 1005 2753; x_wconf 91' lang='lat' dir='ltr'>Tum</span> <span class='ocrx_word' id='word_1_852' title='bbox 1025 2723 1100 2763; x_wconf 91' lang='lat' dir='ltr'>quia</span> <span class='ocrx_word' id='word_1_853' title='bbox 1115 2732 1219 2763; x_wconf 91' lang='lat' dir='ltr'>usque</span> <span class='ocrx_word' id='word_1_854' title='bbox 1235 2723 1275 2753; x_wconf 90' lang='lat' dir='ltr'>ad</span> <span class='ocrx_word' id='word_1_855' title='bbox 1291 2729 1436 2763; x_wconf 89' lang='lat' dir='ltr'>quartam</span> 
     </span>
     <span class='ocr_line' id='line_1_121' title="bbox 366 2767 1436 2807; baseline 0 -10"><span class='ocrx_word' id='word_1_856' title='bbox 366 2768 607 2807; x_wconf 90' lang='lat' dir='ltr'>generationem</span> <span class='ocrx_word' id='word_1_857' title='bbox 638 2767 787 2797; x_wconf 90' lang='lat' dir='ltr'>homines</span> <span class='ocrx_word' id='word_1_858' title='bbox 817 2768 923 2798; x_wconf 91' lang='lat' dir='ltr'>vivere</span> <span class='ocrx_word' id='word_1_859' title='bbox 950 2774 1206 2798; x_wconf 89' lang='lat' dir='ltr'>consueverunt:</span> <span class='ocrx_word' id='word_1_860' title='bbox 1237 2773 1273 2798; x_wconf 91' lang='lat' dir='ltr'>ut</span> <span class='ocrx_word' id='word_1_861' title='bbox 1301 2768 1346 2798; x_wconf 92' lang='lat' dir='ltr'>sic</span> <span class='ocrx_word' id='word_1_862' title='bbox 1368 2777 1436 2798; x_wconf 93' lang='lat' dir='ltr'>non</span> 
     </span>
     <span class='ocr_line' id='line_1_122' title="bbox 367 2811 1436 2852; baseline 0 -10"><span class='ocrx_word' id='word_1_863' title='bbox 367 2812 468 2852; x_wconf 87' lang='lat' dir='ltr'>possit</span> <span class='ocrx_word' id='word_1_864' title='bbox 494 2812 778 2852; x_wconf 89' lang='lat' dir='ltr'>consanguinitatis</span> <span class='ocrx_word' id='word_1_865' title='bbox 809 2812 965 2842; x_wconf 88' lang='lat' dir='ltr'>memoria</span> <span class='ocrx_word' id='word_1_866' title='bbox 992 2812 1122 2842; x_wconf 90' lang='lat' dir='ltr'>aboleri.</span> <span class='ocrx_word' id='word_1_867' title='bbox 1155 2811 1249 2843; x_wconf 88' lang='lat' dir='ltr'>Unde</span> <span class='ocrx_word' id='word_1_868' title='bbox 1275 2812 1436 2842; x_wconf 87' lang='lat' dir='ltr'>Dominus</span> 
     </span>
     <span class='ocr_line' id='line_1_123' title="bbox 367 2856 1436 2897; baseline 0 -11"><span class='ocrx_word' id='word_1_869' title='bbox 367 2856 409 2886; x_wconf 88' lang='lat' dir='ltr'>in.</span> <span class='ocrx_word' id='word_1_870' title='bbox 425 2856 552 2886; x_wconf 85' lang='lat' dir='ltr'>tertiam</span> <span class='ocrx_word' id='word_1_871' title='bbox 577 2861 608 2886; x_wconf 89' lang='lat' dir='ltr'>et</span> <span class='ocrx_word' id='word_1_872' title='bbox 629 2861 779 2896; x_wconf 84' lang='lat' dir='ltr'>quartam</span> <span class='ocrx_word' id='word_1_873' title='bbox 801 2856 1046 2897; x_wconf 83' lang='lat' dir='ltr'>generationem</span> <span class='ocrx_word' id='word_1_874' title='bbox 1065 2862 1195 2896; x_wconf 90' lang='lat' dir='ltr'>peccata</span> <span class='ocrx_word' id='word_1_875' title='bbox 1218 2862 1387 2896; x_wconf 92' lang='lat' dir='ltr'>parentum</span> <span class='ocrx_word' id='word_1_876' title='bbox 1404 2866 1436 2887; x_wconf 93' lang='lat' dir='ltr'>se</span> 
     </span>
    </p>
   </div>
   <div class='ocr_carea' id='block_1_41' title="bbox 366 2899 1478 2941">
    <p class='ocr_par' dir='ltr' id='par_1_50' title="bbox 366 2899 1478 2941">
     <span class='ocr_line' id='line_1_124' title="bbox 366 2899 1478 2941; baseline 0 -11"><span class='ocrx_word' id='word_1_877' title='bbox 366 2901 568 2931; x_wconf 75' lang='lat' dir='ltr'>visitaturum</span> <span class='ocrx_word' id='word_1_878' title='bbox 583 2900 617 2930; x_wconf 93' lang='lat' dir='ltr'>in</span> <span class='ocrx_word' id='word_1_879' title='bbox 633 2899 705 2930; x_wconf 82' lang='lat' dir='ltr'>filiis</span> <span class='ocrx_word' id='word_1_880' title='bbox 722 2901 937 2931; x_wconf 90' lang='lat' dir='ltr'>comminatur</span> <span class='ocrx_word' id='word_1_881' title='bbox 951 2901 978 2931; x_wconf 48' lang='grc' dir='ltr'><strong>ἦ</strong></span> <span class='ocrx_word' id='word_1_882' title='bbox 1001 2919 1025 2923; x_wconf 92' lang='grc'><strong>-</strong></span> <span class='ocrx_word' id='word_1_883' title='bbox 1048 2901 1135 2931; x_wconf 92' lang='lat' dir='ltr'>Tum</span> <span class='ocrx_word' id='word_1_884' title='bbox 1155 2901 1231 2940; x_wconf 90' lang='lat' dir='ltr'>quia</span> <span class='ocrx_word' id='word_1_885' title='bbox 1245 2902 1279 2931; x_wconf 91' lang='lat' dir='ltr'>in</span> <span class='ocrx_word' id='word_1_886' title='bbox 1296 2901 1437 2941; x_wconf 90' lang='lat' dir='ltr'>qualibet</span> <span class='ocrx_word' id='word_1_887' title='bbox 1450 2910 1478 2929; x_wconf 78' lang='lat'>60</span> 
     </span>
    </p>
   </div>
   <div class='ocr_carea' id='block_1_42' title="bbox 367 2945 1436 3119">
    <p class='ocr_par' dir='ltr' id='par_1_51' title="bbox 367 2945 1436 3119">
     <span class='ocr_line' id='line_1_125' title="bbox 367 2945 1436 2985; baseline 0.001 -10"><span class='ocrx_word' id='word_1_888' title='bbox 367 2945 573 2985; x_wconf 85' lang='lat' dir='ltr'>generatione</span> <span class='ocrx_word' id='word_1_889' title='bbox 588 2954 674 2975; x_wconf 91' lang='lat' dir='ltr'>nova</span> <span class='ocrx_word' id='word_1_890' title='bbox 689 2946 801 2975; x_wconf 85' lang='lat' dir='ltr'>mixtio</span> <span class='ocrx_word' id='word_1_891' title='bbox 826 2945 998 2985; x_wconf 87' lang='lat' dir='ltr'>sanguinis,</span> <span class='ocrx_word' id='word_1_892' title='bbox 1016 2945 1108 2975; x_wconf 92' lang='lat' dir='ltr'>cuius</span> <span class='ocrx_word' id='word_1_893' title='bbox 1130 2945 1277 2975; x_wconf 90' lang='lat' dir='ltr'>identitas</span> <span class='ocrx_word' id='word_1_894' title='bbox 1300 2955 1436 2976; x_wconf 87' lang='lat' dir='ltr'>consan-</span> 
     </span>
     <span class='ocr_line' id='line_1_126' title="bbox 367 2989 1436 3030; baseline 0.001 -11"><span class='ocrx_word' id='word_1_895' title='bbox 367 2990 557 3030; x_wconf 88' lang='lat' dir='ltr'>guinitatem</span> <span class='ocrx_word' id='word_1_896' title='bbox 582 2989 665 3025; x_wconf 89' lang='lat' dir='ltr'>facit,</span> <span class='ocrx_word' id='word_1_897' title='bbox 682 2989 718 3019; x_wconf 92' lang='lat' dir='ltr'>fit</span> <span class='ocrx_word' id='word_1_898' title='bbox 734 2999 809 3020; x_wconf 92' lang='lat' dir='ltr'>cum</span> <span class='ocrx_word' id='word_1_899' title='bbox 829 2990 983 3030; x_wconf 90' lang='lat' dir='ltr'>sanguine</span> <span class='ocrx_word' id='word_1_900' title='bbox 1007 2989 1132 3026; x_wconf 87' lang='lat' dir='ltr'>alieno;</span> <span class='ocrx_word' id='word_1_901' title='bbox 1156 2994 1188 3019; x_wconf 88' lang='lat' dir='ltr'>et</span> <span class='ocrx_word' id='word_1_902' title='bbox 1203 2995 1362 3029; x_wconf 88' lang='lat' dir='ltr'>quantum</span> <span class='ocrx_word' id='word_1_903' title='bbox 1375 2990 1436 3020; x_wconf 90' lang='lat' dir='ltr'>mi-</span> 
     </span>
     <span class='ocr_line' id='line_1_127' title="bbox 367 3033 1436 3074; baseline 0 -10"><span class='ocrx_word' id='word_1_904' title='bbox 367 3038 473 3064; x_wconf 91' lang='lat' dir='ltr'>scetur</span> <span class='ocrx_word' id='word_1_905' title='bbox 495 3033 594 3070; x_wconf 86' lang='lat' dir='ltr'>alteri,</span> <span class='ocrx_word' id='word_1_906' title='bbox 618 3039 744 3064; x_wconf 76' lang='lat' dir='ltr'>tantuin</span> <span class='ocrx_word' id='word_1_907' title='bbox 767 3033 926 3064; x_wconf 90' lang='lat' dir='ltr'>receditur</span> <span class='ocrx_word' id='word_1_908' title='bbox 941 3044 959 3064; x_wconf 93' lang='lat' dir='ltr'>a</span> <span class='ocrx_word' id='word_1_909' title='bbox 975 3034 1091 3074; x_wconf 90' lang='lat' dir='ltr'>primo.</span> <span class='ocrx_word' id='word_1_910' title='bbox 1116 3034 1157 3064; x_wconf 92' lang='lat' dir='ltr'>Et</span> <span class='ocrx_word' id='word_1_911' title='bbox 1180 3034 1254 3073; x_wconf 90' lang='lat' dir='ltr'>quia</span> <span class='ocrx_word' id='word_1_912' title='bbox 1279 3034 1436 3064; x_wconf 89' lang='lat' dir='ltr'>elementa</span> 
     </span>
     <span class='ocr_line' id='line_1_128' title="bbox 367 3078 1436 3119; baseline 0 -11"><span class='ocrx_word' id='word_1_913' title='bbox 367 3083 442 3109; x_wconf 91' lang='lat' dir='ltr'>sunt</span> <span class='ocrx_word' id='word_1_914' title='bbox 465 3083 613 3118; x_wconf 90' lang='lat' dir='ltr'>quatuor,</span> <span class='ocrx_word' id='word_1_915' title='bbox 638 3088 779 3119; x_wconf 93' lang='lat' dir='ltr'>quorum</span> <span class='ocrx_word' id='word_1_916' title='bbox 803 3078 970 3118; x_wconf 93' lang='lat' dir='ltr'>quodlibet</span> <span class='ocrx_word' id='word_1_917' title='bbox 997 3083 1086 3108; x_wconf 87' lang='lat' dir='ltr'>tanto</span> <span class='ocrx_word' id='word_1_918' title='bbox 1115 3078 1238 3109; x_wconf 87' lang='lat' dir='ltr'>facilius</span> <span class='ocrx_word' id='word_1_919' title='bbox 1262 3083 1308 3108; x_wconf 90' lang='lat' dir='ltr'>est</span> <span class='ocrx_word' id='word_1_920' title='bbox 1330 3079 1436 3108; x_wconf 92' lang='lat' dir='ltr'>misci-</span> 
     </span>
    </p>
   </div>
   <div class='ocr_carea' id='block_1_43' title="bbox 367 3122 1475 3163">
    <p class='ocr_par' dir='ltr' id='par_1_52' title="bbox 367 3122 1475 3163">
     <span class='ocr_line' id='line_1_129' title="bbox 367 3122 1475 3163; baseline -0.001 -10"><span class='ocrx_word' id='word_1_921' title='bbox 367 3122 430 3153; x_wconf 89' lang='lat' dir='ltr'>bile</span> <span class='ocrx_word' id='word_1_922' title='bbox 446 3128 568 3162; x_wconf 84' lang='lat' dir='ltr'>quanto</span> <span class='ocrx_word' id='word_1_923' title='bbox 593 3128 640 3153; x_wconf 91' lang='lat' dir='ltr'>est</span> <span class='ocrx_word' id='word_1_924' title='bbox 661 3123 762 3163; x_wconf 87' lang='lat' dir='ltr'>magis</span> <span class='ocrx_word' id='word_1_925' title='bbox 781 3123 916 3159; x_wconf 89' lang='lat' dir='ltr'>subtile;</span> <span class='ocrx_word' id='word_1_926' title='bbox 940 3122 1014 3153; x_wconf 91' lang='lat' dir='ltr'>ideo</span> <span class='ocrx_word' id='word_1_927' title='bbox 1030 3123 1064 3153; x_wconf 92' lang='lat' dir='ltr'>in</span> <span class='ocrx_word' id='word_1_928' title='bbox 1080 3123 1182 3163; x_wconf 90' lang='lat' dir='ltr'>prima</span> <span class='ocrx_word' id='word_1_929' title='bbox 1205 3123 1436 3153; x_wconf 82' lang='lat' dir='ltr'>commixtione</span> <span class='ocrx_word' id='word_1_930' title='bbox 1450 3131 1475 3157; x_wconf 75' lang='grc' dir='ltr'>ες</span> 
     </span>
    </p>
   </div>
   <div class='ocr_carea' id='block_1_44' title="bbox 368 3167 1437 3519">
    <p class='ocr_par' dir='ltr' id='par_1_53' title="bbox 368 3167 1437 3384">
     <span class='ocr_line' id='line_1_130' title="bbox 369 3167 1437 3207; baseline 0 -10"><span class='ocrx_word' id='word_1_931' title='bbox 369 3167 528 3198; x_wconf 84' lang='lat' dir='ltr'>evanescit</span> <span class='ocrx_word' id='word_1_932' title='bbox 551 3167 713 3207; x_wconf 88' lang='lat' dir='ltr'>sanguinis</span> <span class='ocrx_word' id='word_1_933' title='bbox 736 3167 882 3198; x_wconf 86' lang='lat' dir='ltr'>identitas</span> <span class='ocrx_word' id='word_1_934' title='bbox 906 3173 1064 3207; x_wconf 87' lang='lat' dir='ltr'>quantum</span> <span class='ocrx_word' id='word_1_935' title='bbox 1080 3167 1120 3198; x_wconf 93' lang='lat' dir='ltr'>ad</span> <span class='ocrx_word' id='word_1_936' title='bbox 1135 3168 1276 3207; x_wconf 88' lang='lat' dir='ltr'>primum</span> <span class='ocrx_word' id='word_1_937' title='bbox 1297 3167 1437 3198; x_wconf 91' lang='lat' dir='ltr'>elemen-</span> 
     </span>
     <span class='ocr_line' id='line_1_131' title="bbox 368 3211 1437 3252; baseline 0.002 -12"><span class='ocrx_word' id='word_1_938' title='bbox 368 3215 454 3246; x_wconf 90' lang='lat' dir='ltr'>tum,</span> <span class='ocrx_word' id='word_1_939' title='bbox 482 3211 573 3251; x_wconf 91' lang='lat' dir='ltr'>quod</span> <span class='ocrx_word' id='word_1_940' title='bbox 598 3217 646 3242; x_wconf 90' lang='lat' dir='ltr'>est</span> <span class='ocrx_word' id='word_1_941' title='bbox 675 3212 937 3248; x_wconf 88' lang='lat' dir='ltr'>subtilissimum;</span> <span class='ocrx_word' id='word_1_942' title='bbox 969 3212 1002 3242; x_wconf 91' lang='lat' dir='ltr'>in</span> <span class='ocrx_word' id='word_1_943' title='bbox 1029 3211 1184 3248; x_wconf 87' lang='lat' dir='ltr'>secunda,</span> <span class='ocrx_word' id='word_1_944' title='bbox 1213 3217 1371 3252; x_wconf 88' lang='lat' dir='ltr'>quantum</span> <span class='ocrx_word' id='word_1_945' title='bbox 1397 3211 1437 3242; x_wconf 92' lang='lat' dir='ltr'>ad</span> 
     </span>
     <span class='ocr_line' id='line_1_132' title="bbox 369 3254 1435 3296; baseline 0.001 -11"><span class='ocrx_word' id='word_1_946' title='bbox 369 3254 566 3291; x_wconf 89' lang='lat' dir='ltr'>secundum;</span> <span class='ocrx_word' id='word_1_947' title='bbox 600 3256 635 3286; x_wconf 93' lang='lat' dir='ltr'>in</span> <span class='ocrx_word' id='word_1_948' title='bbox 664 3257 772 3292; x_wconf 88' lang='lat' dir='ltr'>tertia,</span> <span class='ocrx_word' id='word_1_949' title='bbox 804 3262 962 3296; x_wconf 90' lang='lat' dir='ltr'>quantum</span> <span class='ocrx_word' id='word_1_950' title='bbox 993 3255 1033 3286; x_wconf 95' lang='lat' dir='ltr'>ad</span> <span class='ocrx_word' id='word_1_951' title='bbox 1062 3257 1211 3292; x_wconf 89' lang='lat' dir='ltr'>tertium;</span> <span class='ocrx_word' id='word_1_952' title='bbox 1246 3257 1280 3286; x_wconf 89' lang='lat' dir='ltr'>in</span> <span class='ocrx_word' id='word_1_953' title='bbox 1310 3262 1435 3296; x_wconf 89' lang='lat' dir='ltr'>quarta,</span> 
     </span>
     <span class='ocr_line' id='line_1_133' title="bbox 369 3298 1436 3341; baseline 0.002 -12"><span class='ocrx_word' id='word_1_954' title='bbox 369 3304 527 3338; x_wconf 89' lang='lat' dir='ltr'>quantum</span> <span class='ocrx_word' id='word_1_955' title='bbox 549 3298 590 3330; x_wconf 90' lang='lat' dir='ltr'>ad</span> <span class='ocrx_word' id='word_1_956' title='bbox 613 3306 772 3340; x_wconf 88' lang='lat' dir='ltr'>quartum.</span> <span class='ocrx_word' id='word_1_957' title='bbox 804 3301 846 3331; x_wconf 95' lang='lat' dir='ltr'>Et</span> <span class='ocrx_word' id='word_1_958' title='bbox 869 3302 914 3331; x_wconf 92' lang='lat' dir='ltr'>sic</span> <span class='ocrx_word' id='word_1_959' title='bbox 941 3301 1171 3331; x_wconf 90' lang='lat' dir='ltr'>convenienter</span> <span class='ocrx_word' id='word_1_960' title='bbox 1193 3306 1268 3341; x_wconf 91' lang='lat' dir='ltr'>post</span> <span class='ocrx_word' id='word_1_961' title='bbox 1291 3307 1436 3341; x_wconf 86' lang='lat' dir='ltr'>quartam</span> 
     </span>
     <span class='ocr_line' id='line_1_134' title="bbox 368 3343 1276 3384; baseline 0.002 -11"><span class='ocrx_word' id='word_1_962' title='bbox 368 3343 609 3383; x_wconf 81' lang='lat' dir='ltr'>generationem</span> <span class='ocrx_word' id='word_1_963' title='bbox 631 3350 738 3384; x_wconf 86' lang='lat' dir='ltr'>potest</span> <span class='ocrx_word' id='word_1_964' title='bbox 760 3346 899 3376; x_wconf 89' lang='lat' dir='ltr'>reiterari</span> <span class='ocrx_word' id='word_1_965' title='bbox 923 3345 1055 3376; x_wconf 87' lang='lat' dir='ltr'>carnalis</span> <span class='ocrx_word' id='word_1_966' title='bbox 1079 3345 1276 3375; x_wconf 91' lang='lat' dir='ltr'>coniunctio.</span> 
     </span>
    </p>

    <p class='ocr_par' dir='ltr' id='par_1_54' title="bbox 369 3387 1436 3519">
     <span class='ocr_line' id='line_1_135' title="bbox 423 3387 1436 3430; baseline 0.003 -13"><span class='ocrx_word' id='word_1_967' title='bbox 423 3387 475 3417; x_wconf 76' lang='lat' dir='ltr'>Ar&gt;</span> <span class='ocrx_word' id='word_1_968' title='bbox 498 3397 616 3418; x_wconf 70' lang='lat' dir='ltr'>rium</span> <span class='ocrx_word' id='word_1_969' title='bbox 637 3398 722 3419; x_wconf 71' lang='lat' dir='ltr'>noo</span> <span class='ocrx_word' id='word_1_970' title='bbox 745 3399 905 3420; x_wconf 66' lang='lat' dir='ltr'>mannum</span> <span class='ocrx_word' id='word_1_971' title='bbox 929 3389 1029 3430; x_wconf 89' lang='lat' dir='ltr'>quod,</span> <span class='ocrx_word' id='word_1_972' title='bbox 1049 3390 1132 3420; x_wconf 93' lang='lat' dir='ltr'>sicut</span> <span class='ocrx_word' id='word_1_973' title='bbox 1154 3390 1242 3419; x_wconf 93' lang='lat' dir='ltr'>Deus</span> <span class='ocrx_word' id='word_1_974' title='bbox 1265 3399 1333 3420; x_wconf 90' lang='lat' dir='ltr'>non</span> <span class='ocrx_word' id='word_1_975' title='bbox 1358 3399 1436 3420; x_wconf 93' lang='lat' dir='ltr'>con-</span> 
     </span>
     <span class='ocr_line' id='line_1_136' title="bbox 369 3431 1435 3474; baseline 0.002 -12"><span class='ocrx_word' id='word_1_976' title='bbox 369 3432 472 3471; x_wconf 87' lang='lat' dir='ltr'>iungit</span> <span class='ocrx_word' id='word_1_977' title='bbox 487 3431 560 3462; x_wconf 92' lang='lat' dir='ltr'>illos</span> <span class='ocrx_word' id='word_1_978' title='bbox 578 3432 635 3472; x_wconf 86' lang='lat' dir='ltr'>qui</span> <span class='ocrx_word' id='word_1_979' title='bbox 650 3434 891 3474; x_wconf 85' lang='lat' dir='ltr'>coniunguntur</span> <span class='ocrx_word' id='word_1_980' title='bbox 914 3440 1026 3464; x_wconf 91' lang='lat' dir='ltr'>contra</span> <span class='ocrx_word' id='word_1_981' title='bbox 1049 3433 1193 3464; x_wconf 89' lang='lat' dir='ltr'>divinum</span> <span class='ocrx_word' id='word_1_982' title='bbox 1217 3440 1435 3474; x_wconf 89' lang='lat' dir='ltr'>praeceptum,</span> 
     </span>
     <span class='ocr_line' id='line_1_137' title="bbox 369 3476 1436 3519; baseline 0.003 -13"><span class='ocrx_word' id='word_1_983' title='bbox 369 3477 413 3506; x_wconf 87' lang='lat' dir='ltr'>ita</span> <span class='ocrx_word' id='word_1_984' title='bbox 434 3485 495 3506; x_wconf 92' lang='lat' dir='ltr'>nec</span> <span class='ocrx_word' id='word_1_985' title='bbox 519 3476 686 3516; x_wconf 89' lang='lat' dir='ltr'>coniungit</span> <span class='ocrx_word' id='word_1_986' title='bbox 707 3477 780 3508; x_wconf 93' lang='lat' dir='ltr'>illos</span> <span class='ocrx_word' id='word_1_987' title='bbox 803 3479 860 3518; x_wconf 90' lang='lat' dir='ltr'>qui</span> <span class='ocrx_word' id='word_1_988' title='bbox 883 3479 1125 3519; x_wconf 90' lang='lat' dir='ltr'>coniunguntur</span> <span class='ocrx_word' id='word_1_989' title='bbox 1148 3484 1259 3509; x_wconf 91' lang='lat' dir='ltr'>contra</span> <span class='ocrx_word' id='word_1_990' title='bbox 1275 3479 1436 3509; x_wconf 91' lang='lat' dir='ltr'>Ecclesiae</span> 
     </span>
    </p>
   </div>
   <div class='ocr_carea' id='block_1_45' title="bbox 369 3520 1436 3606">
    <p class='ocr_par' dir='ltr' id='par_1_55' title="bbox 369 3520 1436 3606">
     <span class='ocr_line' id='line_1_138' title="bbox 369 3520 1436 3563; baseline 0.003 -13"><span class='ocrx_word' id='word_1_991' title='bbox 369 3525 592 3560; x_wconf 89' lang='lat' dir='ltr'>praeceptum,</span> <span class='ocrx_word' id='word_1_992' title='bbox 617 3520 707 3560; x_wconf 90' lang='lat' dir='ltr'>quod</span> <span class='ocrx_word' id='word_1_993' title='bbox 737 3522 832 3552; x_wconf 87' lang='lat' dir='ltr'>habet</span> <span class='ocrx_word' id='word_1_994' title='bbox 862 3522 998 3553; x_wconf 90' lang='lat' dir='ltr'>eandem</span> <span class='ocrx_word' id='word_1_995' title='bbox 1029 3523 1231 3563; x_wconf 87' lang='lat' dir='ltr'>obligationis</span> <span class='ocrx_word' id='word_1_996' title='bbox 1263 3522 1436 3553; x_wconf 88' lang='lat' dir='ltr'>efficaciam</span> 
     </span>
     <span class='ocr_line' id='line_1_139' title="bbox 369 3564 931 3606; baseline 0.004 -11"><span class='ocrx_word' id='word_1_997' title='bbox 369 3574 468 3605; x_wconf 90' lang='lat' dir='ltr'>quam</span> <span class='ocrx_word' id='word_1_998' title='bbox 492 3569 523 3595; x_wconf 95' lang='lat' dir='ltr'>et</span> <span class='ocrx_word' id='word_1_999' title='bbox 546 3564 691 3595; x_wconf 89' lang='lat' dir='ltr'>divinum</span> <span class='ocrx_word' id='word_1_1000' title='bbox 714 3572 931 3606; x_wconf 87' lang='lat' dir='ltr'>praeceptum.</span> 
     </span>
    </p>
   </div>
   <div class='ocr_carea' id='block_1_46' title="bbox 1581 2520 2470 2601">
    <p class='ocr_par' dir='ltr' id='par_1_56' title="bbox 1581 2520 2470 2601">
     <span class='ocr_line' id='line_1_140' title="bbox 1581 2520 2470 2565; baseline 0.001 -11"><span class='ocrx_word' id='word_1_1001' title='bbox 1581 2520 1835 2564; x_wconf 66' lang='lat' dir='ltr'>Quaas‘rro</span> <span class='ocrx_word' id='word_1_1002' title='bbox 1863 2521 2470 2565; x_wconf 80' lang='lat' dir='ltr'><strong>QUINQUAGESIMAQUINTA</strong></span> 
     </span>
     <span class='ocr_line' id='line_1_141' title="bbox 1758 2575 2294 2601; baseline 0.004 -2"><span class='ocrx_word' id='word_1_1003' title='bbox 1758 2575 1803 2600; x_wconf 87' lang='lat' dir='ltr'>DE</span> <span class='ocrx_word' id='word_1_1004' title='bbox 1823 2575 2059 2600; x_wconf 69' lang='lat' dir='ltr'>IMPEDlMl-LNTO</span> <span class='ocrx_word' id='word_1_1005' title='bbox 2079 2577 2294 2601; x_wconf 72' lang='lat' dir='ltr'>AFFINITATIS</span> 
     </span>
    </p>
   </div>
   <div class='ocr_carea' id='block_1_47' title="bbox 1494 2633 2559 3297">
    <p class='ocr_par' dir='ltr' id='par_1_57' title="bbox 1494 2633 2558 2718">
     <span class='ocr_line' id='line_1_142' title="bbox 1554 2633 2558 2675; baseline 0.003 -11"><span class='ocrx_word' id='word_1_1006' title='bbox 1554 2644 1647 2664; x_wconf 74' lang='lat' dir='ltr'>amne</span> <span class='ocrx_word' id='word_1_1007' title='bbox 1678 2633 1947 2665; x_wconf 89' lang='lat' dir='ltr'>considerandum</span> <span class='ocrx_word' id='word_1_1008' title='bbox 1971 2640 2018 2664; x_wconf 93' lang='lat' dir='ltr'>est</span> <span class='ocrx_word' id='word_1_1009' title='bbox 2040 2634 2080 2664; x_wconf 92' lang='lat' dir='ltr'>de</span> <span class='ocrx_word' id='word_1_1010' title='bbox 2100 2634 2333 2675; x_wconf 91' lang='lat' dir='ltr'>impedimento</span> <span class='ocrx_word' id='word_1_1011' title='bbox 2358 2635 2516 2667; x_wconf 87' lang='lat' dir='ltr'>affinitatis</span> <span class='ocrx_word' id='word_1_1012' title='bbox 2532 2637 2558 2666; x_wconf 70' lang='lat'>*.</span> 
     </span>
     <span class='ocr_line' id='line_1_143' title="bbox 1494 2645 2167 2718; baseline 0.001 -10"><span class='ocrx_word' id='word_1_1013' title='bbox 1494 2645 1648 2709; x_wconf 87' lang='lat' dir='ltr'>DCirca</span> <span class='ocrx_word' id='word_1_1014' title='bbox 1673 2678 1763 2718; x_wconf 91' lang='lat' dir='ltr'>quod</span> <span class='ocrx_word' id='word_1_1015' title='bbox 1787 2685 1983 2718; x_wconf 87' lang='lat' dir='ltr'>quaeruntur</span> <span class='ocrx_word' id='word_1_1016' title='bbox 2006 2678 2167 2709; x_wconf 91' lang='lat' dir='ltr'>undecim.</span> 
     </span>
    </p>

    <p class='ocr_par' dir='ltr' id='par_1_58' title="bbox 1547 2722 2437 2756">
     <span class='ocr_line' id='line_1_144' title="bbox 1547 2722 2437 2756; baseline 0.002 -3"><span class='ocrx_word' id='word_1_1017' title='bbox 1547 2723 1674 2753; x_wconf 88' lang='lat' dir='ltr'>Primo:</span> <span class='ocrx_word' id='word_1_1018' title='bbox 1699 2728 1808 2753; x_wconf 86' lang='lat' dir='ltr'>utrum</span> <span class='ocrx_word' id='word_1_1019' title='bbox 1832 2722 1965 2753; x_wconf 86' lang='lat' dir='ltr'>affinitas</span> <span class='ocrx_word' id='word_1_1020' title='bbox 1989 2733 2027 2753; x_wconf 89' lang='lat' dir='ltr'>ex</span> <span class='ocrx_word' id='word_1_1021' title='bbox 2050 2725 2256 2754; x_wconf 86' lang='lat' dir='ltr'>matrimonio</span> <span class='ocrx_word' id='word_1_1022' title='bbox 2281 2730 2437 2756; x_wconf 88' lang='lat' dir='ltr'>causetur.</span> 
     </span>
    </p>

    <p class='ocr_par' dir='ltr' id='par_1_59' title="bbox 1547 2767 2558 2808">
     <span class='ocr_line' id='line_1_145' title="bbox 1547 2767 2558 2808; baseline 0.003 -11"><span class='ocrx_word' id='word_1_1023' title='bbox 1547 2767 1716 2798; x_wconf 90' lang='lat' dir='ltr'>Secundo:</span> <span class='ocrx_word' id='word_1_1024' title='bbox 1742 2773 1850 2798; x_wconf 91' lang='lat' dir='ltr'>utrum</span> <span class='ocrx_word' id='word_1_1025' title='bbox 1873 2774 2001 2798; x_wconf 88' lang='lat' dir='ltr'>maneat</span> <span class='ocrx_word' id='word_1_1026' title='bbox 2023 2774 2097 2808; x_wconf 91' lang='lat' dir='ltr'>post</span> <span class='ocrx_word' id='word_1_1027' title='bbox 2120 2774 2258 2798; x_wconf 91' lang='lat' dir='ltr'>mortem</span> <span class='ocrx_word' id='word_1_1028' title='bbox 2282 2770 2340 2800; x_wconf 90' lang='lat' dir='ltr'>viri</span> <span class='ocrx_word' id='word_1_1029' title='bbox 2363 2775 2418 2800; x_wconf 90' lang='lat' dir='ltr'>aut</span> <span class='ocrx_word' id='word_1_1030' title='bbox 2440 2771 2558 2800; x_wconf 86' lang='lat' dir='ltr'>uxon&#39;s.</span> 
     </span>
    </p>

    <p class='ocr_par' dir='ltr' id='par_1_60' title="bbox 1547 2812 2387 2844">
     <span class='ocr_line' id='line_1_146' title="bbox 1547 2812 2387 2844; baseline 0.002 -2"><span class='ocrx_word' id='word_1_1031' title='bbox 1547 2812 1676 2842; x_wconf 86' lang='lat' dir='ltr'>Tertio:</span> <span class='ocrx_word' id='word_1_1032' title='bbox 1701 2819 1810 2842; x_wconf 92' lang='lat' dir='ltr'>utrum</span> <span class='ocrx_word' id='word_1_1033' title='bbox 1834 2818 1981 2842; x_wconf 91' lang='lat' dir='ltr'>causetur</span> <span class='ocrx_word' id='word_1_1034' title='bbox 2005 2822 2042 2842; x_wconf 88' lang='lat' dir='ltr'>ex</span> <span class='ocrx_word' id='word_1_1035' title='bbox 2066 2813 2176 2843; x_wconf 90' lang='lat' dir='ltr'>illicito</span> <span class='ocrx_word' id='word_1_1036' title='bbox 2202 2815 2387 2844; x_wconf 90' lang='lat' dir='ltr'>concubitu.</span> 
     </span>
    </p>

    <p class='ocr_par' dir='ltr' id='par_1_61' title="bbox 1547 2856 2119 2897">
     <span class='ocr_line' id='line_1_147' title="bbox 1547 2856 2119 2897; baseline 0.002 -11"><span class='ocrx_word' id='word_1_1037' title='bbox 1547 2856 1688 2894; x_wconf 90' lang='lat' dir='ltr'>Quarto:</span> <span class='ocrx_word' id='word_1_1038' title='bbox 1713 2863 1822 2887; x_wconf 90' lang='lat' dir='ltr'>utrum</span> <span class='ocrx_word' id='word_1_1039' title='bbox 1846 2866 1884 2887; x_wconf 87' lang='lat' dir='ltr'>ex</span> <span class='ocrx_word' id='word_1_1040' title='bbox 1908 2857 2119 2897; x_wconf 88' lang='lat' dir='ltr'>sponsalibus.</span> 
     </span>
    </p>

    <p class='ocr_par' dir='ltr' id='par_1_62' title="bbox 1547 2900 2352 2939">
     <span class='ocr_line' id='line_1_148' title="bbox 1547 2900 2352 2939; baseline 0.001 -8"><span class='ocrx_word' id='word_1_1041' title='bbox 1547 2901 1688 2939; x_wconf 91' lang='lat' dir='ltr'>Quinto:</span> <span class='ocrx_word' id='word_1_1042' title='bbox 1714 2907 1822 2932; x_wconf 88' lang='lat' dir='ltr'>utrum</span> <span class='ocrx_word' id='word_1_1043' title='bbox 1846 2900 1980 2931; x_wconf 89' lang='lat' dir='ltr'>affinitas</span> <span class='ocrx_word' id='word_1_1044' title='bbox 2003 2902 2042 2931; x_wconf 93' lang='lat' dir='ltr'>sit</span> <span class='ocrx_word' id='word_1_1045' title='bbox 2066 2911 2161 2932; x_wconf 89' lang='lat' dir='ltr'>causa</span> <span class='ocrx_word' id='word_1_1046' title='bbox 2185 2902 2352 2933; x_wconf 89' lang='lat' dir='ltr'>affinitatis.</span> 
     </span>
    </p>

    <p class='ocr_par' dir='ltr' id='par_1_63' title="bbox 1548 2945 2403 2986">
     <span class='ocr_line' id='line_1_149' title="bbox 1548 2945 2403 2986; baseline 0.002 -11"><span class='ocrx_word' id='word_1_1047' title='bbox 1548 2945 1662 2976; x_wconf 88' lang='lat' dir='ltr'>Sexto:</span> <span class='ocrx_word' id='word_1_1048' title='bbox 1687 2951 1796 2976; x_wconf 90' lang='lat' dir='ltr'>utrum</span> <span class='ocrx_word' id='word_1_1049' title='bbox 1820 2945 1953 2976; x_wconf 89' lang='lat' dir='ltr'>affinitas</span> <span class='ocrx_word' id='word_1_1050' title='bbox 1977 2946 2218 2977; x_wconf 89' lang='lat' dir='ltr'>matrimonium</span> <span class='ocrx_word' id='word_1_1051' title='bbox 2241 2947 2403 2986; x_wconf 90' lang='lat' dir='ltr'>impediat.</span> 
     </span>
    </p>

    <p class='ocr_par' dir='ltr' id='par_1_64' title="bbox 1548 2989 2513 3031">
     <span class='ocr_line' id='line_1_150' title="bbox 1548 2989 2513 3031; baseline 0.002 -11"><span class='ocrx_word' id='word_1_1052' title='bbox 1548 2989 1710 3030; x_wconf 89' lang='lat' dir='ltr'>Septimo:</span> <span class='ocrx_word' id='word_1_1053' title='bbox 1735 2996 1844 3020; x_wconf 90' lang='lat' dir='ltr'>utrum</span> <span class='ocrx_word' id='word_1_1054' title='bbox 1868 2989 2001 3020; x_wconf 88' lang='lat' dir='ltr'>affinitas</span> <span class='ocrx_word' id='word_1_1055' title='bbox 2024 2991 2138 3021; x_wconf 91' lang='lat' dir='ltr'>habeat</span> <span class='ocrx_word' id='word_1_1056' title='bbox 2157 3001 2214 3031; x_wconf 90' lang='lat' dir='ltr'>per</span> <span class='ocrx_word' id='word_1_1057' title='bbox 2229 2992 2366 3031; x_wconf 91' lang='lat' dir='ltr'>seipsam</span> <span class='ocrx_word' id='word_1_1058' title='bbox 2388 2991 2513 3031; x_wconf 89' lang='lat' dir='ltr'>gradus.</span> 
     </span>
    </p>

    <p class='ocr_par' dir='ltr' id='par_1_65' title="bbox 1548 3033 2559 3119">
     <span class='ocr_line' id='line_1_151' title="bbox 1548 3033 2559 3076; baseline 0.003 -12"><span class='ocrx_word' id='word_1_1059' title='bbox 1548 3033 1689 3064; x_wconf 92' lang='lat' dir='ltr'>Octavo:</span> <span class='ocrx_word' id='word_1_1060' title='bbox 1714 3040 1823 3065; x_wconf 90' lang='lat' dir='ltr'>utrum</span> <span class='ocrx_word' id='word_1_1061' title='bbox 1853 3034 1968 3074; x_wconf 88' lang='lat' dir='ltr'>gradus</span> <span class='ocrx_word' id='word_1_1062' title='bbox 1996 3036 2063 3065; x_wconf 92' lang='lat' dir='ltr'>eius</span> <span class='ocrx_word' id='word_1_1063' title='bbox 2095 3036 2304 3066; x_wconf 85' lang='lat' dir='ltr'>extendantur</span> <span class='ocrx_word' id='word_1_1064' title='bbox 2334 3037 2415 3066; x_wconf 91' lang='lat' dir='ltr'>sicut</span> <span class='ocrx_word' id='word_1_1065' title='bbox 2444 3036 2559 3076; x_wconf 87' lang='lat' dir='ltr'>gradus</span> 
     </span>
     <span class='ocr_line' id='line_1_152' title="bbox 1581 3079 1874 3119; baseline 0 -10"><span class='ocrx_word' id='word_1_1066' title='bbox 1581 3079 1874 3119; x_wconf 87' lang='lat' dir='ltr'>consanguinitatis.</span> 
     </span>
    </p>

    <p class='ocr_par' dir='ltr' id='par_1_66' title="bbox 1547 3123 2559 3209">
     <span class='ocr_line' id='line_1_153' title="bbox 1547 3123 2559 3166; baseline 0.002 -13"><span class='ocrx_word' id='word_1_1067' title='bbox 1547 3123 1662 3153; x_wconf 81' lang='lat' dir='ltr'>Nono:</span> <span class='ocrx_word' id='word_1_1068' title='bbox 1688 3129 1797 3154; x_wconf 89' lang='lat' dir='ltr'>utrum</span> <span class='ocrx_word' id='word_1_1069' title='bbox 1819 3124 2061 3154; x_wconf 88' lang='lat' dir='ltr'>matrimonium</span> <span class='ocrx_word' id='word_1_1070' title='bbox 2086 3124 2175 3164; x_wconf 91' lang='lat' dir='ltr'>quod</span> <span class='ocrx_word' id='word_1_1071' title='bbox 2199 3130 2246 3155; x_wconf 91' lang='lat' dir='ltr'>est</span> <span class='ocrx_word' id='word_1_1072' title='bbox 2268 3125 2350 3155; x_wconf 92' lang='lat' dir='ltr'>inter</span> <span class='ocrx_word' id='word_1_1073' title='bbox 2368 3126 2559 3166; x_wconf 88' lang='lat' dir='ltr'>consangui-</span> 
     </span>
     <span class='ocr_line' id='line_1_154' title="bbox 1581 3168 2557 3209; baseline 0.003 -12"><span class='ocrx_word' id='word_1_1074' title='bbox 1581 3177 1661 3198; x_wconf 89' lang='lat' dir='ltr'>neos</span> <span class='ocrx_word' id='word_1_1075' title='bbox 1678 3174 1710 3198; x_wconf 90' lang='lat' dir='ltr'>et</span> <span class='ocrx_word' id='word_1_1076' title='bbox 1725 3168 1844 3204; x_wconf 89' lang='lat' dir='ltr'>affines,</span> <span class='ocrx_word' id='word_1_1077' title='bbox 1861 3178 1988 3208; x_wconf 90' lang='lat' dir='ltr'>semper</span> <span class='ocrx_word' id='word_1_1078' title='bbox 2003 3169 2043 3198; x_wconf 92' lang='lat' dir='ltr'>sit</span> <span class='ocrx_word' id='word_1_1079' title='bbox 2058 3168 2272 3200; x_wconf 89' lang='lat' dir='ltr'>dirimendum</span> <span class='ocrx_word' id='word_1_1080' title='bbox 2296 3178 2353 3209; x_wconf 91' lang='lat' dir='ltr'>per</span> <span class='ocrx_word' id='word_1_1081' title='bbox 2376 3169 2557 3200; x_wconf 88' lang='lat' dir='ltr'>divortium.</span> 
     </span>
    </p>

    <p class='ocr_par' dir='ltr' id='par_1_67' title="bbox 1547 3212 2559 3297">
     <span class='ocr_line' id='line_1_155' title="bbox 1547 3212 2559 3244; baseline 0.002 -2"><span class='ocrx_word' id='word_1_1082' title='bbox 1547 3212 1701 3242; x_wconf 91' lang='lat' dir='ltr'>Decimo:</span> <span class='ocrx_word' id='word_1_1083' title='bbox 1726 3218 1836 3243; x_wconf 89' lang='lat' dir='ltr'>utrum</span> <span class='ocrx_word' id='word_1_1084' title='bbox 1859 3212 1899 3243; x_wconf 90' lang='lat' dir='ltr'>ad</span> <span class='ocrx_word' id='word_1_1085' title='bbox 1922 3212 2138 3243; x_wconf 88' lang='lat' dir='ltr'>dirimendum</span> <span class='ocrx_word' id='word_1_1086' title='bbox 2164 3214 2225 3244; x_wconf 88' lang='lat' dir='ltr'>tale</span> <span class='ocrx_word' id='word_1_1087' title='bbox 2251 3214 2492 3244; x_wconf 87' lang='lat' dir='ltr'>matrimonium</span> <span class='ocrx_word' id='word_1_1088' title='bbox 2520 3215 2559 3244; x_wconf 92' lang='lat' dir='ltr'>sit</span> 
     </span>
     <span class='ocr_line' id='line_1_156' title="bbox 1581 3257 2255 3297; baseline 0.001 -10"><span class='ocrx_word' id='word_1_1089' title='bbox 1581 3257 1824 3296; x_wconf 89' lang='lat' dir='ltr'>procedendum</span> <span class='ocrx_word' id='word_1_1090' title='bbox 1847 3266 1904 3297; x_wconf 93' lang='lat' dir='ltr'>per</span> <span class='ocrx_word' id='word_1_1091' title='bbox 1927 3258 2011 3287; x_wconf 90' lang='lat' dir='ltr'>viam</span> <span class='ocrx_word' id='word_1_1092' title='bbox 2035 3259 2255 3288; x_wconf 82' lang='lat' dir='ltr'>accusationis.</span> 
     </span>
    </p>
   </div>
   <div class='ocr_carea' id='block_1_48' title="bbox 1547 3300 2558 3376">
    <p class='ocr_par' dir='ltr' id='par_1_68' title="bbox 1547 3300 2558 3376">
     <span class='ocr_line' id='line_1_157' title="bbox 1547 3300 2558 3343; baseline 0 -11"><span class='ocrx_word' id='word_1_1093' title='bbox 1547 3300 1745 3332; x_wconf 90' lang='lat' dir='ltr'>Undecimo:</span> <span class='ocrx_word' id='word_1_1094' title='bbox 1770 3307 1879 3332; x_wconf 90' lang='lat' dir='ltr'>utrum</span> <span class='ocrx_word' id='word_1_1095' title='bbox 1906 3302 1939 3332; x_wconf 90' lang='lat' dir='ltr'>in</span> <span class='ocrx_word' id='word_1_1096' title='bbox 1966 3302 2019 3332; x_wconf 87' lang='lat' dir='ltr'>tali</span> <span class='ocrx_word' id='word_1_1097' title='bbox 2047 3312 2141 3332; x_wconf 90' lang='lat' dir='ltr'>causa</span> <span class='ocrx_word' id='word_1_1098' title='bbox 2168 3303 2207 3333; x_wconf 92' lang='lat' dir='ltr'>sit</span> <span class='ocrx_word' id='word_1_1099' title='bbox 2233 3302 2474 3342; x_wconf 90' lang='lat' dir='ltr'>procedendum</span> <span class='ocrx_word' id='word_1_1100' title='bbox 2501 3312 2558 3343; x_wconf 90' lang='lat' dir='ltr'>per</span> 
     </span>
     <span class='ocr_line' id='line_1_158' title="bbox 1580 3351 1685 3376; baseline 0 -1"><span class='ocrx_word' id='word_1_1101' title='bbox 1580 3351 1685 3376; x_wconf 89' lang='lat' dir='ltr'>testes.</span> 
     </span>
    </p>
   </div>
   <div class='ocr_carea' id='block_1_49' title="bbox 1620 3411 2429 3488">
    <p class='ocr_par' dir='ltr' id='par_1_69' title="bbox 1620 3411 2429 3488">
     <span class='ocr_line' id='line_1_159' title="bbox 1620 3411 2429 3443; baseline 0.001 -1"><span class='ocrx_word' id='word_1_1102' title='bbox 1620 3411 1720 3442; x_wconf 88' lang='lat' dir='ltr'>ART.</span> <span class='ocrx_word' id='word_1_1103' title='bbox 1746 3412 1768 3442; x_wconf 89' lang='lat'>1.</span> <span class='ocrx_word' id='word_1_1104' title='bbox 1792 3422 1897 3442; x_wconf 70' lang='lat' dir='ltr'>irritum</span> <span class='ocrx_word' id='word_1_1105' title='bbox 1920 3423 1959 3443; x_wconf 72' lang='lat' dir='ltr'>nx</span> <span class='ocrx_word' id='word_1_1106' title='bbox 1982 3422 2178 3443; x_wconf 70' lang='lat' dir='ltr'>mmmomo</span> <span class='ocrx_word' id='word_1_1107' title='bbox 2203 3422 2429 3443; x_wconf 75' lang='lat' dir='ltr'>CONSANGumm</span> 
     </span>
     <span class='ocr_line' id='line_1_160' title="bbox 1855 3467 2196 3488; baseline 0 -1"><span class='ocrx_word' id='word_1_1108' title='bbox 1855 3467 2016 3487; x_wconf 65' lang='lat' dir='ltr'>Arrmrras</span> <span class='ocrx_word' id='word_1_1109' title='bbox 2040 3468 2196 3488; x_wconf 63' lang='lat' dir='ltr'>causarua</span> 
     </span>
    </p>
   </div>
   <div class='ocr_carea' id='block_1_50' title="bbox 1494 3523 2558 3609">
    <p class='ocr_par' dir='ltr' id='par_1_70' title="bbox 1494 3523 2558 3609">
     <span class='ocr_line' id='line_1_161' title="bbox 1556 3523 2556 3564; baseline 0.001 -12"><span class='ocrx_word' id='word_1_1110' title='bbox 1556 3533 1576 3552; x_wconf 87' lang='lat' dir='ltr'>n</span> <span class='ocrx_word' id='word_1_1111' title='bbox 1594 3532 1711 3553; x_wconf 74' lang='lat' dir='ltr'>PRIMUM</span> <span class='ocrx_word' id='word_1_1112' title='bbox 1727 3533 1772 3553; x_wconf 81' lang='lat' dir='ltr'>stc</span> <span class='ocrx_word' id='word_1_1113' title='bbox 1794 3533 1998 3554; x_wconf 78' lang='lat' dir='ltr'>PROCEDITUR.</span> <span class='ocrx_word' id='word_1_1114' title='bbox 2023 3524 2157 3554; x_wconf 90' lang='lat' dir='ltr'>Videtur</span> <span class='ocrx_word' id='word_1_1115' title='bbox 2180 3523 2268 3564; x_wconf 93' lang='lat' dir='ltr'>quod</span> <span class='ocrx_word' id='word_1_1116' title='bbox 2293 3534 2330 3554; x_wconf 87' lang='lat' dir='ltr'>ex</span> <span class='ocrx_word' id='word_1_1117' title='bbox 2350 3524 2556 3554; x_wconf 84' lang='lat' dir='ltr'>matrimonio</span> 
     </span>
     <span class='ocr_line' id='line_1_162' title="bbox 1494 3535 2558 3609; baseline 0.001 -12"><span class='ocrx_word' id='word_1_1118' title='bbox 1494 3535 1787 3607; x_wconf 76' lang='lat' dir='ltr'>Aconsanguinei</span> <span class='ocrx_word' id='word_1_1119' title='bbox 1803 3567 1936 3598; x_wconf 83' lang='lat' dir='ltr'>affinitas</span> <span class='ocrx_word' id='word_1_1120' title='bbox 1953 3578 2020 3598; x_wconf 92' lang='lat' dir='ltr'>non</span> <span class='ocrx_word' id='word_1_1121' title='bbox 2043 3574 2198 3598; x_wconf 90' lang='lat' dir='ltr'>causetur.</span> <span class='ocrx_word' id='word_1_1122' title='bbox 2221 3568 2306 3606; x_wconf 90' lang='lat' dir='ltr'>Quia</span> <span class='ocrx_word' id='word_1_1123' title='bbox 2320 3573 2457 3608; x_wconf 81' lang='lat' dir='ltr'>propter</span> <span class='ocrx_word' id='word_1_1124' title='bbox 2472 3568 2558 3609; x_wconf 85' lang='lat' dir='ltr'>quod</span> 
     </span>
    </p>
   </div>
   <div class='ocr_carea' id='block_1_51' title="bbox 2577 336 2788 384">
    <p class='ocr_par' dir='ltr' id='par_1_71' title="bbox 2577 336 2788 384">
     <span class='ocr_line' id='line_1_163' title="bbox 2577 336 2788 363; baseline 0 -6"><span class='ocrx_word' id='word_1_1125' title='bbox 2577 339 2586 346; x_wconf 89' lang='lat'>·</span> <span class='ocrx_word' id='word_1_1126' title='bbox 2607 336 2641 358; x_wconf 80' lang='lat' dir='ltr'>Cf.</span> <span class='ocrx_word' id='word_1_1127' title='bbox 2666 342 2705 363; x_wconf 82' lang='lat' dir='ltr'>qu.</span> <span class='ocrx_word' id='word_1_1128' title='bbox 2726 342 2788 363; x_wconf 67' lang='lat' dir='ltr'>nu,</span> 
     </span>
     <span class='ocr_line' id='line_1_164' title="bbox 2577 366 2655 384; baseline 0 0"><span class='ocrx_word' id='word_1_1129' title='bbox 2577 366 2619 384; x_wconf 80' lang='lat' dir='ltr'>art.</span> <span class='ocrx_word' id='word_1_1130' title='bbox 2635 368 2655 384; x_wconf 68' lang='grc' dir='ltr'>π.</span> 
     </span>
    </p>
   </div>
   <div class='ocr_carea' id='block_1_52' title="bbox 2581 691 2778 718">
    <p class='ocr_par' dir='ltr' id='par_1_72' title="bbox 2581 691 2778 718">
     <span class='ocr_line' id='line_1_165' title="bbox 2581 691 2778 718; baseline 0.005 -6"><span class='ocrx_word' id='word_1_1131' title='bbox 2581 691 2590 701; x_wconf 87' lang='grc'><strong>’</strong></span> <span class='ocrx_word' id='word_1_1132' title='bbox 2604 692 2654 712; x_wconf 80' lang='lat' dir='ltr'>Art.</span> <span class='ocrx_word' id='word_1_1133' title='bbox 2674 691 2778 718; x_wconf 85' lang='lat' dir='ltr'>praeced.</span> 
     </span>
    </p>
   </div>
   <div class='ocr_carea' id='block_1_53' title="bbox 2584 1087 2755 1115">
    <p class='ocr_par' dir='ltr' id='par_1_73' title="bbox 2584 1087 2755 1115">
     <span class='ocr_line' id='line_1_166' title="bbox 2584 1087 2755 1115; baseline -0.012 -6"><span class='ocrx_word' id='word_1_1134' title='bbox 2584 1087 2594 1097; x_wconf 84' lang='lat'>&#39;</span> <span class='ocrx_word' id='word_1_1135' title='bbox 2608 1087 2633 1109; x_wconf 87' lang='lat' dir='ltr'>In</span> <span class='ocrx_word' id='word_1_1136' title='bbox 2649 1093 2755 1115; x_wconf 87' lang='lat' dir='ltr'>corpore.</span> 
     </span>
    </p>
   </div>
   <div class='ocr_carea' id='block_1_54' title="bbox 2661 1983 2799 2026">
    <p class='ocr_par' dir='ltr' id='par_1_74' title="bbox 2661 1983 2799 2026">
     <span class='ocr_line' id='line_1_167' title="bbox 2661 1983 2799 2004; baseline 0.007 -6"><span class='ocrx_word' id='word_1_1137' title='bbox 2661 1993 2666 1998; x_wconf 88' lang='lat'>.</span> <span class='ocrx_word' id='word_1_1138' title='bbox 2678 1983 2714 2004; x_wconf 71' lang='grc' dir='ltr'>ιιι,</span> <span class='ocrx_word' id='word_1_1139' title='bbox 2725 1983 2739 1998; x_wconf 86' lang='grc' dir='ltr'>ιι</span> <span class='ocrx_word' id='word_1_1140' title='bbox 2759 1983 2778 1999; x_wconf 80' lang='lat'>2.</span> <span class='ocrx_word' id='word_1_1141' title='bbox 2790 1988 2799 1992; x_wconf 98' lang='lat'>-</span> 
     </span>
     <span class='ocr_line' id='line_1_168' title="bbox 2689 2005 2799 2026; baseline 0 -1"><span class='ocrx_word' id='word_1_1142' title='bbox 2689 2005 2742 2026; x_wconf 85' lang='lat' dir='ltr'>lect.</span> <span class='ocrx_word' id='word_1_1143' title='bbox 2758 2010 2799 2026; x_wconf 78' lang='lat' dir='ltr'>xii.</span> 
     </span>
    </p>
   </div>
   <div class='ocr_carea' id='block_1_55' title="bbox 2588 1977 2668 2025">
    <p class='ocr_par' dir='ltr' id='par_1_75' title="bbox 2588 1977 2668 2025">
     <span class='ocr_line' id='line_1_169' title="bbox 2588 1977 2668 2025; baseline 0 0"><span class='ocrx_word' id='word_1_1144' title='bbox 2588 1977 2668 2025; x_wconf 55' lang='lat' dir='ltr'>&#39;scii</span> 
     </span>
    </p>
   </div>
   <div class='ocr_carea' id='block_1_56' title="bbox 2587 2235 2786 2264">
    <p class='ocr_par' dir='ltr' id='par_1_76' title="bbox 2587 2235 2786 2264">
     <span class='ocr_line' id='line_1_170' title="bbox 2587 2235 2786 2264; baseline -0.005 -7"><span class='ocrx_word' id='word_1_1145' title='bbox 2587 2237 2596 2246; x_wconf 86' lang='lat'><strong>·</strong></span> <span class='ocrx_word' id='word_1_1146' title='bbox 2612 2235 2648 2258; x_wconf 80' lang='lat' dir='ltr'>Cf.</span> <span class='ocrx_word' id='word_1_1147' title='bbox 2663 2242 2728 2264; x_wconf 82' lang='lat' dir='ltr'>corp.</span> <span class='ocrx_word' id='word_1_1148' title='bbox 2743 2240 2786 2258; x_wconf 82' lang='lat' dir='ltr'>art.</span> 
     </span>
    </p>
   </div>
   <div class='ocr_carea' id='block_1_57' title="bbox 2587 2635 2799 2684">
    <p class='ocr_par' dir='ltr' id='par_1_77' title="bbox 2587 2635 2799 2684">
     <span class='ocr_line' id='line_1_171' title="bbox 2587 2635 2799 2664; baseline -0.005 -7"><span class='ocrx_word' id='word_1_1149' title='bbox 2587 2637 2597 2646; x_wconf 83' lang='lat'>&#39;¹</span> <span class='ocrx_word' id='word_1_1150' title='bbox 2612 2635 2647 2657; x_wconf 87' lang='lat' dir='ltr'>Cf.</span> <span class='ocrx_word' id='word_1_1151' title='bbox 2664 2642 2702 2664; x_wconf 76' lang='lat' dir='ltr'>qu.</span> <span class='ocrx_word' id='word_1_1152' title='bbox 2717 2636 2799 2661; x_wconf 80' lang='lat' dir='ltr'>1.1‚1n-</span> 
     </span>
     <span class='ocr_line' id='line_1_172' title="bbox 2588 2663 2648 2684; baseline 0 0"><span class='ocrx_word' id='word_1_1153' title='bbox 2588 2663 2648 2684; x_wconf 85' lang='lat' dir='ltr'>trod.</span> 
     </span>
    </p>
   </div>
  </div>
 </body>
</html>
