2878 4088
427 197 474 233 32
723 198 987 248 QUAESTIO
1017 198 1099 245 XV,
1121 197 1413 234 ARTICULUS
1441 198 1486 234 III
1506 219 1531 223 —
1552 196 1817 243 QUAESTIO
1846 196 1944 241 XVI,
1966 195 2259 232 ARTICULUS
2288 197 2301 232 I

481 279 532 309 An
556 288 690 309 'ramum
713 287 871 308 nranDUM
895 277 984 318 quod
1011 277 1134 318 flagella
1163 283 1344 317 respectum
1374 277 1492 307 habent
1601 276 1652 305 An
1676 284 1837 305 SECUNDUM
1860 284 2020 304 mcaNDtm
2044 273 2134 314 quod
2156 280 2327 314 peccatum
2350 275 2474 306 carnale
2499 275 2613 307 dicitur

426 323 466 354 ad
482 323 610 363 culpam
625 323 827 363 praeteritam
846 331 987 362 semper:
1012 322 1067 352 sed
1082 328 1150 352 non
1166 331 1292 361 semper
1307 321 1347 351 ad
1362 321 1491 360 culpam
1546 319 1722 359 dupliciter.
1755 319 1830 349 Uno
1860 318 1978 354 modo,
2003 318 2093 358 quod
2115 319 2149 348 in
2172 319 2240 358 ipsa
2271 318 2481 350 delectatione
2511 321 2612 350 carnis

426 376 592 407 personae,
616 366 672 397 sed
694 366 734 397 ad
757 366 885 407 culpam
908 371 1048 397 naturae.
1074 366 1107 396 Si
1130 366 1216 396 enim
1231 366 1264 395 in
1280 366 1420 395 humana
1434 373 1490 394 na·
1546 363 1742 403 completur:
1768 368 1804 392 ut
1818 363 1893 402 gula
1909 368 1939 392 et
1954 362 2087 392 luxuria.
2108 362 2183 392 Alio
2198 362 2310 399 modo,
2327 363 2417 403 quod
2432 364 2613 404 completur

426 418 496 442 tura
518 411 606 441 nulla
637 411 732 451 culpa
760 410 996 451 praecessisset,
1023 410 1112 440 nulla
1134 419 1240 449 poena
1269 409 1388 439 fuisset.
1428 407 1491 438 Sed
1545 408 1578 437 in
1601 408 1650 437 his
1678 416 1761 446 quae
1788 406 1828 437 ad
1852 416 1980 437 carnem
2010 406 2211 442 ordinantur,
2236 408 2382 446 quamvis
2410 417 2479 438 non
2501 409 2535 438 in
2558 408 2612 438 de-

426 456 502 496 quia
525 455 620 495 culpa
642 455 676 485 in
699 460 811 485 natura
833 455 1015 495 praecessit,
1039 463 1196 494 personae
1223 453 1318 483 alicui
1341 452 1490 482 divinitus
1513 461 1522 480 ς
1545 452 1715 482 lectatione
1748 452 1863 487 carnis,
1887 450 1943 481 sed
1971 451 2006 481 in
2030 450 2241 481 delectatione
2272 452 2397 482 animae
2426 453 2545 492 magis:
2576 458 2613 482 ut

425 509 533 540 poena
554 498 688 530 infertur
715 499 783 529 sine
811 499 906 539 culpa
935 508 1107 538 personae,
1133 497 1172 528 ad
1195 497 1345 527 meritum
1368 495 1491 526 virtutis
1546 496 1683 525 avaritia.
1714 494 1808 526 Unde
1831 495 1905 525 talia
1927 500 2058 535 peccata
2081 500 2155 525 sunt
2178 495 2269 535 quasi
2291 495 2397 526 media
2418 497 2500 526 inter
2523 496 2612 535 spiri-

427 549 458 574 et
481 543 638 574 cautelam
660 543 783 584 peccati
806 543 977 583 sequentis.
1009 542 1049 572 Et
1071 543 1151 572 haec
1174 540 1239 571 duo
1264 541 1358 571 etiarn
1382 549 1491 570 neces·
1545 540 1642 570 tualia
1666 545 1696 569 et
1720 539 1864 569 carnalia.
1893 539 1933 569 Et
1957 538 2031 569 ideo
2055 544 2183 579 oportet
2207 539 2296 579 quod
2319 539 2364 569 eis
2388 540 2483 570 etiam
2507 540 2612 580 aliqua

426 588 505 618 saria
528 593 602 618 sunt
624 588 658 618 in
681 586 904 618 satisfactione.
930 586 1066 626 Oportet
1090 586 1175 616 enim
1199 594 1266 615 esse
1290 594 1373 624 opus
1396 584 1490 614 meri-
1546 583 1716 614 satisfactio
1740 583 1931 623 respondeat
1954 584 2093 624 propria,
2117 583 2237 613 scilicet
2261 583 2474 624 eleemosyna.

426 632 555 668 torium,
572 636 608 662 ut
623 631 729 662 honor
744 631 815 661 Deo
833 631 1032 667 exhibeatur;
1057 635 1088 660 et
1104 634 1231 669 oportet
1255 638 1322 659 esse
1337 629 1490 658 virtutum
1601 629 1651 658 An
1676 637 1810 658 TERTIUM
1833 637 1993 658 mensuum
2017 627 2122 667 quod,
2149 628 2294 667 quamvis
2325 628 2449 667 singula
2477 628 2613 658 istorum

427 675 616 711 custodiam,
639 681 676 706 ut
699 686 716 706 a
739 675 853 706 futuris
877 675 1014 715 peccatis
1037 682 1285 714 praeservernur.
1506 684 1532 699 ιο
1545 682 1603 713 per
1622 671 1783 713 quandam
1807 672 2064 702 convenientiam
2087 672 2219 712 singulis
2242 672 2382 711 peccatis
2405 672 2613 712 approprien-

1545 723 1606 754 tur,
1631 717 1706 757 quia
1730 726 1910 756 congruum
1934 722 1981 747 est
2003 722 2039 746 ut
2062 716 2095 746 in
2119 716 2275 756 quoquis
2291 716 2486 756 peccaverit,
2503 716 2535 746 in
2552 716 2614 746 hoc

1538 762 1701 803 puniatur
1715 762 1748 797 *,
1774 766 1805 791 et
1828 760 1918 801 quod
1946 761 2069 800 peccati
2099 761 2262 791 commissi
2285 770 2343 800 per
2366 759 2613 791 satisfactionem

1545 806 1632 837 radix
1655 805 1873 842 abscindatur;
1904 811 2011 835 tamen
2042 804 2209 845 quodlibet
2239 805 2357 834 horum
2384 813 2444 844 pro
2468 804 2614 844 quolibet

552 741 651 772 ART.
677 741 728 771 111.
752 750 856 771 unum
880 750 1114 770 convanmuran
1137 748 1363 769 ENUMERENTUR

503 795 603 815 OPERA
627 794 875 820 snrrsrac‘ronm,
893 794 954 814 cum
977 794 1102 813 men-un
1126 793 1212 813 ouon
1233 793 1309 813 SUNT
1332 792 1422 812 Tam:

670 838 881 864 areemosma,
905 838 1045 858 nnuman
1069 837 1107 857 er
1131 836 1247 857 0RAT10
1752 850 1757 855 .
2182 850 2188 856 .
2263 849 2268 855 .

1545 855 1679 891 peccato
1703 849 1880 880 satisfacere
1903 854 2018 890 potest.
2043 848 2138 880 Unde
2162 859 2191 879 e1
2215 858 2271 888 qui
2293 858 2362 879 non
2386 854 2492 889 potest
2510 859 2613 879 unum

491 905 512 925 n
528 905 662 925 ‘ram-mm
682 904 727 924 sm
747 903 951 924 PROCEDITUR.
968 893 1101 923 Videtur
1118 892 1207 933 quod
1230 893 1491 923 inconvenienter
1506 905 1529 925 ις
1546 905 1584 925 ex
1607 895 1656 924 his
1678 893 1848 934 perficere,
1871 894 2056 933 iniungatur
2086 893 2181 923 aliud.
2213 893 2254 923 Et
2277 893 2449 933 praecipue
2473 893 2613 923 eleemo-

429 908 718 969 Aenumerentur
741 947 839 977 opera
854 937 1068 972 satisfactoria,
1082 946 1157 967 cum
1178 936 1293 967 dicitur
1313 936 1402 976 quod
1417 942 1491 967 sunt
1545 949 1623 980 syna
1646 939 1783 969 aliorum
1809 939 1895 968 vices
1925 935 2074 978 supplere
2104 943 2226 978 potest:
2258 938 2451 978 inquantum
2482 938 2542 968 alia
2565 947 2614 967 sa-

426 983 499 1012 tria:
517 983 730 1022 eleemosyna,
745 982 902 1011 ieiunium
923 986 953 1011 et
974 981 1086 1011 oratio.
1111 980 1196 1018 Quia
1213 990 1296 1020 opus
1315 980 1490 1011 satisfacto-
1544 983 1732 1014 tisfactionis
1756 992 1854 1023 opera
1877 991 1934 1022 per
1950 982 2188 1023 eleemosynam
2212 982 2350 1022 quisque
2373 982 2433 1012 sibi
2454 987 2614 1012 mercatur

426 1027 509 1056 rium
533 1026 627 1056 debet
650 1035 717 1056 esse
740 1025 885 1065 poenale.
917 1024 980 1055 Sed
1003 1025 1105 1054 oratio
1131 1033 1272 1063 poenam
1295 1034 1363 1054 non
1385 1025 1489 1060 habet,
1545 1027 1789 1068 quodammodo
1812 1027 1846 1057 in
1868 1026 1929 1056 illis
1953 1026 2069 1066 quibus
2099 1026 2338 1066 eleemosynam
2369 1026 2487 1056 tribuit.
2518 1026 2612 1057 Unde

427 1079 501 1100 cum
525 1071 564 1100 sit
587 1074 697 1099 contra
719 1078 844 1108 poenae
867 1069 1023 1098 tristitiam
1046 1067 1214 1102 medicina,
1231 1068 1286 1098 sed
1308 1067 1490 1098 delectatio·
1544 1081 1612 1102 non
1636 1076 1764 1110 oportet
1787 1070 1887 1110 quod,
1904 1071 1929 1100 si
1954 1070 2159 1110 eleemosyna
2182 1070 2292 1100 omnia
2313 1070 2448 1101 mundat
2471 1075 2611 1110 peccata,

187 1119 198 1130 '¹
214 1118 277 1139 Vers·
295 1123 325 1146 ¹3-
425 1123 518 1143 nem:
549 1113 637 1143 unde
666 1112 780 1142 dicitur
803 1112 863 1142 Iac.
887 1122 907 1140 v
923 1113 955 1141 *z
984 1111 1146 1141 Tristatur
1168 1111 1286 1151 aliquis
1314 1112 1347 1141 in
1376 1112 1492 1142 vobis?
1505 1122 1531 1136 ²0
1545 1115 1634 1155 quod
1657 1120 1789 1154 propter
1811 1115 1875 1144 hoc
1899 1114 1978 1144 aliae
2001 1113 2230 1144 satisfactiones
2253 1113 2460 1154 superfluant.

429 1157 509 1187 Oret
530 1162 561 1187 et
582 1157 715 1197 psallat.
746 1156 832 1195 Ergo
862 1165 929 1186 non
954 1155 1048 1185 debet
1072 1155 1252 1195 computari
1282 1156 1363 1185 inter
1393 1165 1490 1195 opera
1598 1159 1649 1188 An
1674 1168 1822 1188 oum-run
1837 1159 1854 1175 ⁴·
1876 1167 2035 1188 DICENDUM
2059 1157 2158 1198 quod,
2176 1159 2322 1197 quamvis
2337 1159 2399 1188 sint
2421 1159 2522 1189 multa
2537 1168 2612 1198 pec-

425 1200 639 1231 satisfactoria.
1545 1208 1613 1232 cata
1635 1203 1668 1232 in
1691 1203 1808 1242 specie,
1829 1207 1937 1232 tamen
1968 1202 2078 1231 omnia
2108 1201 2147 1231 ad
2169 1202 2239 1232 illas
2261 1207 2323 1232 tres
2346 1201 2476 1238 radices,
2499 1202 2550 1233 vel
2573 1202 2613 1233 ad

481 1255 510 1275 2.
535 1245 730 1279 Priamum,
748 1253 846 1273 omne
868 1249 1038 1283 peccatum
1061 1243 1112 1273 vel
1135 1249 1182 1273 est
1205 1243 1330 1273 carnale
1352 1243 1403 1273 vel
1426 1244 1490 1283 spi·
1543 1246 1597 1276 illa
1618 1247 1677 1276 tria
1699 1251 1907 1286 peccatorum
1929 1254 2055 1285 genera,
2073 1246 2190 1285 quibus
2209 1245 2346 1276 diximus
2362 1246 2379 1262 ¹*
2403 1245 2502 1276 dictas
2524 1247 2612 1277 satis-

187 1297 197 1307 ·
222 1294 345 1316 Commeat·
374 1294 397 1314 in
424 1289 545 1319 rituale.
577 1288 656 1324 Sed,
680 1288 762 1318 sicut
789 1287 865 1318 dicit
892 1287 1112 1328 Hieronymus
1127 1288 1160 1322 ⁴⁶,
1185 1287 1306 1317 ieiunio
1329 1292 1490 1317 sanantur
1544 1290 1699 1320 factiones
1722 1289 1926 1329 respondere,
1943 1289 2149 1319 reducuntur.

186 1321 399 1369 ,Messff'ssf'f'ffitne‘i
419 1338 524 1374 pestes
546 1333 707 1372 corporis,
733 1331 882 1362 oratione
905 1337 1012 1371 pestes
1039 1331 1163 1361 mentis.
1195 1331 1281 1371 Ergo
1305 1340 1372 1361 non
1396 1331 1490 1362 debet
1504 1342 1528 1362 ²5
1599 1334 1650 1364 An
1676 1334 1844 1364 anmi-um*
1867 1343 2026 1363 nrcanmm
2050 1332 2140 1373 quod
2163 1331 2322 1373 quidquid
2344 1333 2383 1364 ad
2406 1332 2614 1365 afflictionem

188 1374 250 1402 ΟΡΡ·
268 1374 363 1395 Hieron.
425 1387 492 1407 esse
516 1375 647 1416 aliquod
671 1375 757 1406 aliud
781 1385 863 1415 opus
887 1375 1141 1406 satisfactorium.
1545 1379 1688 1418 corporis
1704 1378 1851 1418 pertinet,
1867 1382 1974 1407 totum
1996 1377 2037 1407 ad
2051 1377 2209 1407 ieiunium
2232 1376 2383 1414 refertum
2408 1383 2439 1408 et
2454 1377 2613 1419 quidquid

480 1421 509 1451 3.
533 1421 733 1456 Pus-raam,
757 1419 928 1450 satisfactio
957 1425 1004 1450 est
1026 1420 1202 1450 necessaria
1225 1418 1265 1449 ad
1288 1419 1490 1450 emundatio·
1544 1424 1578 1453 in
1605 1423 1743 1462 proximi
1774 1421 1909 1452 utilitate
1942 1421 2148 1461 expenditur,
2179 1426 2285 1451 totum
2318 1421 2541 1463 eleemosynae
2563 1432 2613 1453 ra-

423 1475 498 1495 nem
525 1469 741 1505 peccatorum.
773 1463 836 1495 Sed
866 1464 1072 1504 eleemosyna
1100 1464 1139 1493 ab
1170 1463 1321 1494 omnibus
1351 1464 1490 1503 peccatis
1544 1468 1668 1497 tionem
1690 1467 1801 1502 habet;
1835 1471 1867 1496 et
1889 1466 2032 1496 similiter
2065 1474 2291 1506 quaecumque
2313 1465 2402 1496 latria
2429 1466 2614 1497 exhibeatur

187 1516 196 1526 ·
211 1514 276 1536 Vers-
291 1521 327 1540 4¹-
424 1509 584 1545 emundat,
601 1509 680 1539 Luc.
697 1518 728 1538 xi
744 1509 776 1538 *2
801 1508 886 1538 Date
909 1508 1158 1548 eleemosynam,
1182 1513 1214 1538 et
1236 1508 1346 1538 omnia
1369 1507 1490 1538 munda
1544 1511 1627 1547 Deo,
1645 1511 1798 1541 orationis
1814 1510 1929 1550 accipit
1951 1510 2120 1540 rationem.
2144 1510 2185 1540 Et
2199 1509 2274 1540 ideo
2298 1510 2394 1541 etiam
2410 1519 2513 1541 unum
2529 1520 2613 1552 opus

423 1559 498 1584 sunt
520 1553 617 1583 vobis.
642 1553 727 1593 Ergo
750 1552 810 1582 alia
833 1551 899 1582 duo
923 1558 997 1582 sunt
1020 1551 1191 1592 superflua·
1506 1557 1531 1578 ³⁰
1543 1561 1650 1596 potest
1672 1556 1789 1585 habere
1812 1555 1920 1595 plures
1943 1555 2082 1585 rationes
2105 1553 2326 1584 satisfaciendi.

491 1607 530 1627 en
562 1607 684 1627 CONTRA
729 1596 854 1626 videtur
907 1606 929 1626 u
955 1596 975 1626 d
1005 1596 1066 1626 deb
1192 1606 1221 1626 ss
1294 1596 1303 1626 l
1328 1606 1371 1627 ra.
1462 1597 1489 1626 'a

187 1647 239 1668 τι.
248 1652 286 1674 qu.
295 1652 317 1674 n,
326 1650 367 1668 art·
376 1652 395 1674 3,
423 1597 590 1672 cuju-aria
622 1620 797 1671 cont’rariis
827 1606 987 1671 curinssur
1006 1642 1032 1671 ⁹.
1065 1602 1142 1671 Sezgt
1157 1606 1261 1671 nemlefo
1270 1605 1384 1681 ppt-lura
1405 1596 1490 1671 {silit
1722 1614 2434 1699 ῡὲἑέἓεξῖξξὲυξξξέᾚὲἒίἑξῆΜ

187 1679 233 1701 ³¹·ss-
250 1680 268 1695 ¹‘
423 1691 629 1726 peccatorum
651 1694 767 1725 genera
791 1694 889 1724 quam
912 1686 980 1715 tria.
1005 1685 1091 1725 Ergo
1115 1685 1234 1716 debent
1255 1685 1347 1725 plura
1369 1685 1489 1716 satisfa-

424 1731 538 1760 ctionis
561 1739 658 1770 opera
682 1730 872 1769 computari.
1606 1739 1698 1759 amne
1730 1727 1998 1759 considerandum
2021 1733 2067 1758 est
2091 1727 2130 1758 de
2154 1728 2401 1768 suscipientibus
2423 1729 2488 1759 hoc
2511 1738 2613 1760 sacra-

480 1784 509 1804 2.
533 1774 734 1810 Prummu,
762 1774 1033 1813 peregrinationes
1064 1774 1160 1804 etiam
1188 1774 1400 1814 iniunguntur
1429 1783 1488 1814 pro
1505 1783 1527 1804 ις
1546 1740 1753 1804 Dmentum
1768 1774 1795 1803 ’.

423 1818 651 1854 satisfactione,
677 1823 708 1848 et
737 1817 922 1858 disciplinae
952 1819 1018 1848 sive
1041 1817 1285 1858 flagellationes,
1310 1828 1394 1858 quae
1420 1828 1489 1849 non
1544 1817 1638 1848 Circa
1661 1817 1750 1858 quod
1773 1818 1832 1848 tria
1856 1822 2062 1858 quaeruntur.

424 1868 649 1903 computantur
672 1862 730 1892 sub
754 1862 863 1902 aliquo
886 1863 1014 1893 horum.
1049 1862 1135 1903 Ergo
1158 1861 1387 1893 insufficienter
1410 1872 1488 1893 enu-
1597 1862 1726 1892 Primo:
1750 1867 1859 1892 utrum
1882 1861 2080 1902 poenitentia
2102 1862 2203 1901 possit
2227 1870 2294 1892 esse
2317 1861 2351 1892 in
2374 1861 2610 1893 innocentibus.

423 1912 593 1937 merantur.
1599 1906 1767 1937 Secundo:
1792 1911 1901 1937 utrum
1922 1906 1958 1936 -in
1981 1906 2096 1936 sancn's
2120 1906 2176 1945 qui
2200 1910 2274 1936 sunt
2297 1905 2331 1936 in
2353 1905 2464 1945 gloria.

478 1952 666 1981 Rnsrosmzo
695 1960 855 1980 memnon
882 1950 972 1991 quod
1001 1950 1171 1981 satisfactio
1204 1950 1298 1981 debet
1328 1961 1396 1982 esse
1418 1952 1488 1982 talis
1598 1951 1728 1981 Tertio:
1753 1956 1862 1981 utrum
1884 1950 1918 1980 in
1941 1949 2060 1989 angelis
2084 1949 2177 1980 bonis
2201 1959 2258 1980 seu
2281 1949 2383 1980 malis.

422 2005 479 2036 per
503 2005 600 2035 quarn
630 1994 751 2035 aliquid
780 1995 874 2025 nobis
905 1995 1126 2025 subtrahamus
1157 1994 1197 2026 ad
1226 1996 1386 2026 honorem
1406 1996 1486 2027 Dei.
1502 2004 1529 2024 ιο

422 2040 490 2070 Nos
505 2045 612 2070 autem
627 2049 695 2070 non
710 2039 865 2070 habemus
888 2040 949 2070 nisi
972 2040 1030 2069 tria
1053 2040 1156 2070 bona:
1181 2039 1301 2070 scilicet
1320 2040 1406 2070 bona
1421 2041 1488 2071 ani-

422 2094 503 2119 mae,
521 2089 551 2114 et
566 2085 651 2114 bona
675 2084 828 2124 corporis,
846 2089 877 2114 et
893 2084 979 2114 bona
1001 2083 1159 2120 fortunae,
1179 2084 1299 2114 scilicet
1323 2085 1487 2115 exteriora.

422 2129 470 2158 Ex
492 2129 585 2158 bonis
609 2127 741 2168 quidem
763 2127 911 2158 fortunae
935 2128 1149 2158 subtrahimus
1171 2128 1265 2158 nobis
1289 2128 1409 2169 aliquid
1431 2138 1489 2169 per
1543 2136 1628 2199 An
1651 2135 1769 2156 mmmm
1799 2135 1845 2155 sn:
1874 2134 2078 2155 pnocnmrmae.
2105 2124 2240 2155 Videtur
2263 2124 2353 2164 quod
2375 2125 2409 2155 in
2432 2125 2612 2156 innocenti—

423 2173 676 2213 eleemosynam:
708 2171 764 2203 sed
795 2182 833 2203 ex
860 2173 953 2203 bonis
985 2172 1204 2212 corporalibus
1234 2182 1291 2213 per
1320 2173 1488 2204 ieiunium.
1608 2170 1667 2200 bus
1690 2170 1888 2210 poenitentia
1911 2178 1980 2200 esse
2002 2178 2071 2199 non
2093 2170 2205 2209 possit·
2236 2168 2322 2207 Quia
2344 2170 2543 2210 poenitentia
2565 2175 2612 2201 est

422 2217 469 2247 Ex
493 2217 586 2247 bonis
609 2222 716 2247 autem
746 2217 870 2247 animae
899 2226 967 2248 non
996 2222 1125 2257 oportet
1153 2216 1243 2257 quod
1271 2217 1392 2257 aliquid
1415 2218 1489 2248 sub-
1503 2214 1714 2246 45comm1'SSa
1730 2214 1817 2244 mala
1835 2214 1998 2255 plangere
2012 2214 2039 2244 ⁸2
2064 2212 2127 2244 Sed
2141 2214 2330 2244 innocentes
2347 2213 2474 2244 nullum
2489 2213 2612 2245 malum

1587 2016 1686 2046 ART.
1704 2016 1727 2046 1.
1751 2025 1856 2046 unium
1871 2025 1902 2046 m
1918 2025 2142 2046 1NNoanT1Bus
2158 2024 2365 2045 POENITnNnA
2379 2025 2449 2046 ussit¹
2464 2024 2568 2046 Possrr

1605 2075 1665 2097 Part.
1680 2074 1698 2101 1,
1713 2081 1752 2102 qu.
1768 2080 1805 2101 xc,
1821 2077 1862 2096 art.
1878 2081 1902 2103 3;
1917 2073 1950 2095 1v
1964 2073 2037 2101 Sene„
2053 2074 2107 2095 dist.
2123 2079 2177 2101 xva,
2193 2080 2231 2101 qu.
2247 2079 2283 2101 ui,
2298 2077 2339 2095 art.
2355 2079 2376 2101 2,
2391 2074 2436 2101 qu·
2449 2079 2470 2102 2,
2485 2073 2514 2096 nd
2528 2080 2548 2096 2.

423 2261 582 2291 trahamus
611 2261 705 2291 nobis
735 2267 893 2301 quantum
923 2261 963 2291 ad
993 2262 1161 2291 essentiam
1189 2261 1240 2291 vel
1269 2267 1427 2301 quantum
1449 2262 1490 2293 ad
1544 2260 1784 2290 commiserunt.
1808 2258 1894 2298 Ergo
1918 2258 1952 2288 in
1976 2258 2020 2288 eis
2043 2258 2241 2298 poenitentia
2263 2267 2332 2288 non
2355 2263 2410 2289 est.

424 2305 670 2335 diminutionem
692 2306 848 2345 ipsorum,
866 2306 942 2345 quia
957 2315 1015 2345 per
1031 2315 1068 2335 ea
1084 2304 1240 2336 efficimur
1255 2306 1326 2336 Deo
1350 2307 1487 2347 accepti:
1601 2313 1630 2333 2-
1655 2303 1851 2338 ΡΜΕΤΕΒΕΑ,
1867 2302 2065 2343 poenitentia
2081 2312 2119 2332 ex
2143 2311 2203 2333 SUO
2219 2302 2351 2333 nomine
2370 2302 2522 2342 importat
2530 2311 2612 2343 1²⁰0-

423 2349 479 2380 sed
501 2359 557 2389 per
580 2350 643 2380 hoc
667 2349 756 2389 quod
780 2359 816 2380 ea
839 2350 1056 2380 submittimus
1084 2350 1155 2380 Deo
1183 2350 1331 2381 totaliter.
1363 2351 1404 2381 Et
1426 2351 1490 2381 hoc
1545 2357 1620 2378 nam
1636 2348 1662 2378 *ἢ
1687 2347 1751 2378 Sed
1773 2347 2000 2378 innocentibus
2022 2355 2091 2376 non
2121 2345 2254 2377 debetur
2283 2355 2400 2386 poena.
2433 2346 2519 2386 Ergo
2542 2355 2612 2378 non

423 2393 459 2424 fit
481 2403 538 2433 per
560 2394 748 2424 orationem.
1545 2397 1592 2422 est
1613 2392 1647 2422 in
1671 2392 1716 2422 eis
1738 2391 1946 2432 poenitentia.

479 2437 643 2478 Competit
666 2439 761 2468 etiam
783 2438 842 2468 iste
865 2447 1019 2469 numerus
1042 2448 1080 2468 ex
1103 2444 1192 2478 parte
1214 2438 1268 2469 illa
1291 2448 1355 2479 qua
1370 2438 1490 2469 satisfa-
1505 2447 1531 2467 5⁰
1601 2436 1631 2467 3.
1655 2436 1851 2472 Faunus,
1867 2435 2066 2475 poenitentia
2081 2435 2115 2465 in
2137 2434 2224 2465 idem
2247 2434 2399 2466 coincidit
2415 2443 2490 2466 cum
2508 2434 2612 2466 vindi-

187 2483 292 2512 Ἐἰ-φι-
302 2489 344 2511 ῑιι,
356 2487 398 2506 ³¹¹·
424 2482 487 2512 ctio
498 2487 707 2522 peccatorum
730 2492 846 2513 causas
861 2483 982 2513 excidit
995 2483 1022 2513 ἢ
1046 2482 1132 2520 Quia
1147 2482 1268 2513 radices
1283 2488 1490 2523 peccatorum
1545 2481 1646 2511 cativa
1670 2481 1788 2511 iustitia
1803 2481 1830 2510 “.
1868 2479 1940 2515 Sed,
1965 2479 2116 2510 omnibus
2142 2479 2347 2510 existentibus
2372 2479 2610 2516 innocentibus,

187 2516 278 2559 2‘6553.
286 2518 329 2559 ¹16.
424 2531 486 2556 tres
508 2532 683 2566 ponuntur,
704 2527 716 2557 I
740 2527 827 2557 loan.
844 2537 866 2557 11
882 2528 915 2557 *t
940 2527 1059 2557 scilicet
1082 2527 1341 2568 concupiscentia
1369 2528 1488 2564 carnis,
1543 2524 1734 2555 vindicativa
1753 2524 1870 2555 iustitia
1884 2524 1995 2555 locum
2010 2533 2078 2554 non
2094 2523 2233 2554 haberet.
2258 2523 2343 2564 Ergo
2366 2533 2426 2554 nec
2442 2524 2612 2564 poeniten-

425 2575 455 2600 et
476 2571 732 2611 concupiscentia
756 2571 940 2607 oculorum,
965 2576 997 2601 et
1017 2571 1167 2611 superbia
1190 2572 1283 2602 uitae.
1316 2572 1357 2602 Et
1380 2577 1491 2602 contra
1544 2570 1596 2600 tia.
1621 2570 1662 2600 Et
1684 2570 1727 2599 ita
1750 2578 1818 2599 non
1842 2574 1888 2599 est
1910 2569 1944 2598 in
1966 2568 2203 2598 innocentibus.

425 2615 717 2654 concupiscentiam
741 2616 842 2646 carnis
863 2615 1027 2646 ordinatur
1042 2616 1216 2653 ieiunium3
1242 2622 1353 2647 contra
1370 2625 1490 2647 concu-
1600 2613 1662 2644 SED
1680 2623 1813 2649 CONTRA,
1827 2622 1940 2643 omnes
1955 2613 2086 2643 virtutes
2102 2612 2197 2643 simul
2208 2611 2432 2643 infunduntur.
2453 2611 2516 2643 Sed
2531 2621 2612 2653 poe-

424 2659 610 2698 piscentiam
626 2660 797 2690 oculorum
817 2659 981 2690 ordinatur
1007 2660 1228 2701 eleemosyna;
1254 2666 1365 2691 contra
1380 2670 1489 2701 super·
1505 2669 1527 2690 ss
1543 2659 1676 2689 nitentia
1692 2663 1738 2689 est
1760 2658 1869 2688 virtus.
1894 2656 1980 2688 Cum
1997 2666 2072 2697 ergo
2096 2657 2129 2690 in
2145 2657 2305 2697 baptismo
2321 2656 2547 2687 innocentibus
2561 2657 2611 2687 in-

424 2703 509 2733 biam
531 2703 613 2733 vitae
643 2703 806 2734 ordinatur
837 2705 957 2741 oratio;
990 2709 1026 2734 ut
1048 2705 1247 2744 Augustinus
1278 2704 1369 2742 dicit,
1394 2714 1490 2745 super
1543 2702 1717 2734 fundantur
1740 2702 1819 2732 aliae
1841 2702 1982 2737 virtutes,
1998 2700 2176 2732 infunditur
2195 2701 2290 2732 etiam
2314 2700 2520 2741 poenitentia.

188 2747 397 2796 rffffl'ffrissafih'g'
425 2747 623 2777 Matthaeum
638 2749 664 2778 ’ἦ
1600 2756 1629 2778 2.
1653 2747 1849 2783 Pnamnnm,
1866 2746 1919 2776 ille
1943 2746 1999 2786 qui
2021 2755 2190 2786 nunquam
2208 2745 2268 2776 fuit
2290 2744 2436 2776 infirmus
2460 2753 2611 2784 corpora-

221 2790 227 2796 '
299 2791 304 2801 ⁷
391 2789 397 2796 '
481 2791 645 2831 Competit
668 2793 763 2823 etiam
786 2799 944 2833 quantum
967 2792 1007 2823 ad
1029 2793 1094 2823 hoc
1117 2793 1207 2834 quod
1227 2792 1398 2824 satisfactio
1413 2803 1489 2834 pec·
1543 2792 1623 2827 liter,
1640 2791 1755 2822 dicitur
1777 2790 1934 2821 sanabilis.
1959 2789 2044 2830 Ergo
2069 2795 2100 2820 et
2115 2790 2257 2821 similiter
2280 2790 2337 2830 qui
2359 2797 2527 2829 nunquam
2549 2788 2611 2819 fuit

189 2842 199 2852 ·
213 2841 397 2868 ef.qu.xu‚art.
425 2840 570 2865 catorum
593 2841 640 2866 est
661 2838 922 2878 suggestionibus
945 2837 1068 2868 aditum
1084 2847 1148 2868 non
1166 2837 1339 2879 indulgere
1352 2839 1379 2868 *.
1404 2838 1489 2876 Quia
1542 2835 1688 2867 infirmus
1712 2835 1923 2876 spiritualiter.
1948 2834 2020 2870 Sed,
2045 2835 2127 2865 sicut
2150 2834 2272 2864 sanatio
2295 2834 2329 2864 in
2353 2839 2426 2864 actu
2442 2843 2460 2863 a
2478 2832 2609 2864 vulnere

189 2873 208 2895 ³⁸
224 2873 270 2894 '³¹⁸'
287 2874 305 2889 ¹·
426 2888 523 2910 omne
545 2885 713 2919 peccatum
727 2881 778 2911 vel
793 2882 826 2912 in
843 2882 949 2912 Deum
973 2882 1220 2916 committimus:
1246 2887 1277 2912 et
1300 2888 1411 2913 contra
1425 2883 1488 2914 hoc
1502 2892 1530 2912 60
1542 2881 1666 2920 peccati
1688 2876 1756 2910 non
1780 2885 1827 2910 est
1848 2879 1909 2910 nisi
1932 2888 1989 2919 per
2004 2884 2112 2909 actum
2135 2878 2362 2918 poenitentiae,
2378 2878 2421 2908 ita
2435 2886 2496 2908 nec
2519 2885 2610 2908 sana-

426 2923 588 2954 ordinatur
610 2926 722 2955 oratio.
746 2926 806 2956 Vel
821 2927 854 2956 in
870 2926 1071 2966 proximum:
1097 2932 1128 2956 et
1144 2932 1254 2957 contra
1269 2927 1333 2957 hoc
1349 2927 1488 2958 eleemo-
1542 2925 1645 2955 bilitas
1668 2925 1728 2954 nisi
1751 2934 1809 2965 per
1830 2924 1985 2954 habitum.
2020 2923 2106 2963 Ergo
2138 2923 2191 2953 ille
2215 2923 2271 2963 qui
2300 2930 2468 2962 nunquam
2498 2921 2609 2951 habuit

426 2976 512 3007 syna.
536 2968 596 2998 Vel
611 2969 644 2999 in
659 2979 719 2999 nos
738 2970 840 3010 ipsos:
867 2976 897 3000 et
913 2975 1024 3001 contra
1046 2971 1110 3001 hoc
1134 2970 1297 3001 ordinatur
1320 2971 1487 3002 ieiunium.
1542 2968 1758 3000 infirmitatem
1782 2968 1914 3009 peccati,
1938 2968 2032 2998 habet
2055 2967 2199 2998 habitum
2222 2966 2448 3007 poenitentiae.

190 3010 399 3059 sgssassffii‘ssiffl'
480 3011 531 3041 An
554 3022 670 3042 ramum
693 3023 775 3044 aizoo
799 3024 958 3045 mensuum
974 3014 1075 3054 quod,
1090 3014 1270 3046 secundum
1286 3015 1444 3055 quosdam
1460 3017 1487 3052 *‚
1596 3014 1786 3044 Rusposnno
1810 3022 1970 3043 memnon
1989 3011 2079 3052 quod
2101 3012 2227 3042 habitus
2242 3009 2366 3042 medius
2390 3015 2436 3040 est
2451 3009 2532 3040 inter
2547 3018 2609 3049 po—

190 3067 218 3085 tr.
234 3053 360 3100 vn,q1.1.'2..
392 3054 398 3065 ¹
427 3054 543 3094 duplex
566 3062 613 3086 est
635 3058 747 3088 oratio.
779 3058 946 3096 Quaedam
970 3068 1053 3099 quae
1077 3064 1124 3089 est
1146 3059 1487 3100 contemplativorum,
1541 3058 1675 3088 tentiam
1697 3063 1728 3087 et
1751 3062 1868 3087 actum.
1902 3056 1943 3087 Et
1965 3057 2051 3096 quia,
2073 3061 2199 3086 remoto
2221 3055 2320 3095 priori
2342 3058 2526 3085 removetur
2547 3062 2609 3093 po-

192 3093 386 3147 },ssffnss'ggffg
428 3108 565 3138 quorum
589 3102 790 3132 conversatio
807 3103 839 3132 in
857 3103 954 3134 caelis
977 3108 1024 3133 est
1038 3104 1064 3133 *.
1089 3103 1130 3134 Et
1153 3103 1232 3140 talis,
1253 3105 1328 3144 quia
1351 3104 1488 3135 totaliter
1501 3112 1526 3138 ες
1542 3102 1663 3138 sterius,
1685 3111 1752 3132 non
1776 3107 1884 3132 autem
1908 3110 1925 3131 e
1949 3109 2122 3136 converso;
2146 3098 2231 3135 ideo,
2255 3103 2379 3130 remota
2400 3098 2545 3138 potentia
2568 3097 2608 3128 ad

429 3148 475 3172 est
497 3143 705 3181 delectabilis,
729 3155 796 3176 non
823 3152 869 3177 est
893 3147 1108 3178 satisfactoria.
1138 3148 1209 3178 Alia
1239 3153 1285 3179 est
1315 3157 1398 3188 quae
1428 3158 1487 3189 pro
1543 3152 1660 3182 actum,
1676 3150 1859 3176 removetur
1874 3145 2008 3181 habitus,
2025 3153 2093 3175 non
2109 3149 2217 3174 autem
2231 3148 2358 3174 remoto
2375 3147 2457 3173 actu.
2474 3142 2516 3173 Et
2532 3142 2607 3182 quia

428 3188 565 3225 peccatis
594 3190 729 3227 gemitus
759 3189 871 3221 fundit.
903 3192 944 3222 Et
971 3192 1041 3222 talis
1071 3192 1166 3222 habet
1195 3201 1352 3233 poenam;
1384 3198 1414 3223 et
1442 3198 1489 3223 est
1542 3190 1714 3221 subtractio
1737 3190 1887 3220 materiae
1909 3188 1992 3219 tollit
2015 3193 2140 3223 actum,
2165 3193 2296 3228 propter
2318 3187 2382 3218 hoc
2405 3185 2495 3227 quod
2518 3191 2608 3217 actus

429 3230 646 3262 satisfactionis
669 3243 750 3272 pars.
1541 3244 1609 3266 non
1632 3238 1738 3274 potest
1761 3242 1828 3264 esse
1852 3234 1919 3264 sine
1941 3233 2072 3264 materia
2094 3233 2128 3263 in
2151 3241 2249 3272 quam
2272 3231 2397 3267 transit;
2421 3230 2495 3261 ideo
2519 3230 2608 3261 habi-

482 3274 541 3304 Vel
561 3275 731 3307 dicendum
750 3278 864 3309 melius
880 3279 968 3319 quod
985 3281 1145 3319 quaelibet
1161 3282 1263 3312 oratio
1283 3281 1378 3311 habet
1393 3281 1488 3311 rau‘o-
1541 3284 1593 3310 tus
1616 3278 1748 3309 alicuius
1771 3278 1894 3308 virtutis
1917 3277 2072 3317 competit
2094 3276 2189 3307 alicui
2213 3276 2265 3306 cui
2285 3285 2354 3306 non
2376 3275 2517 3315 suppetit
2539 3283 2608 3305 ma-

429 3327 503 3347 nem
526 3319 754 3357 satisfactionis,
787 3323 871 3361 quia,
896 3325 1040 3363 quamvis
1067 3325 1181 3355 habeat
1207 3326 1395 3356 suavitatem
1424 3325 1488 3365 spi·
1502 3337 1528 3358 70
1542 3323 1629 3358 teria,
1645 3327 1776 3363 propter
1799 3322 1862 3352 hoc
1887 3321 1976 3362 quod
1998 3326 2168 3361 suppetere
2190 3325 2306 3360 potest,
2323 3325 2354 3350 et
2377 3320 2420 3350 ita
2442 3320 2475 3351 in
2498 3323 2607 3350 actum

429 3362 516 3397 ritus,
539 3363 633 3393 habet
655 3369 761 3395 tamen
785 3365 988 3398 afflictionem
1011 3369 1128 3399 carnis:
1154 3370 1238 3409 quia,
1259 3375 1295 3400 ut
1318 3369 1394 3400 dicit
1409 3368 1488 3400 Gre-
1543 3368 1643 3398 exire:
1668 3367 1750 3397 sicut
1771 3375 1894 3407 pauper
1915 3366 2016 3396 homo
2040 3370 2147 3405 potest
2169 3365 2284 3395 habere
2316 3364 2461 3394 habitum
2483 3363 2608 3403 magni-

191 3414 202 3426 ·
222 3412 310 3435 nomn.
333 3412 403 3440 xiv,
430 3406 547 3444 gorius,
565 3415 662 3446 super
690 3408 803 3448 Ezech.
827 3411 862 3445 *Ἃ
887 3411 962 3440 dum
995 3413 1108 3442 crescit
1139 3413 1171 3443 in
1203 3414 1295 3444 nobis
1318 3413 1488 3456 fortitudo
1542 3411 1698 3447 licentiae,
1720 3410 1776 3442 sed
1797 3420 1866 3441 non
1888 3415 2014 3445 actum,
2040 3410 2117 3450 quia
2137 3418 2206 3439 non
2228 3409 2324 3439 habet
2353 3407 2608 3448 magnitudinem

191 3445 215 3461 ⁸·
231 3445 262 3468 ¹³·
431 3450 551 3479 amoris
574 3450 686 3499 intimi,
703 3452 906 3492 infirmamur
915 3456 1034 3494 procul
1049 3456 1144 3486 dubio
1151 3457 1354 3498 fortitudine
1369 3458 1487 3489 carnis.
1543 3456 1739 3491 divitiarum,
1765 3463 1847 3495 quae
1871 3459 1945 3485 sunt
1967 3454 2098 3484 materia
2126 3452 2397 3493 magnificentiae3
2422 3451 2478 3483 sed
2499 3456 2607 3492 potest

191 3518 403 3546 *casumve-s.
431 3491 524 3522 Unde
547 3498 640 3523 etiam
665 3504 781 3526 nervus
794 3497 937 3537 femoris
957 3498 1054 3530 Iacob
1076 3510 1118 3530 ex
1141 3501 1227 3532 lucta
1251 3502 1362 3543 angeli
1384 3511 1487 3533 emar·
1542 3501 1658 3531 habere
1680 3500 1834 3530 habitum.
1858 3499 1899 3530 Et
1922 3498 2006 3534 ideo,
2033 3507 2109 3529 cum
2137 3498 2327 3528 innocentes
2349 3498 2382 3527 in
2405 3502 2488 3528 statu
2511 3496 2607 3527 inno-

190 3550 228 3572 24‚
243 3551 275 3573 25-
337 3534 342 3545 '
431 3536 533 3566 cuisse
555 3537 668 3576 legitur
691 3539 723 3569 in
748 3539 863 3571 Genesi
878 3542 904 3571 *ἃ
1502 3558 1526 3581 75
1543 3545 1665 3576 centiae
1688 3553 1756 3575 non
1778 3544 1915 3574 habeant
1930 3548 2060 3583 peccata
2084 3542 2264 3578 commissa,
2281 3551 2364 3582 quae
2383 3546 2457 3572 sunt
2474 3539 2607 3572 materia

2640 769 2651 780 ·
2666 768 2723 797 Sap.
2747 775 2798 798 cap.
2818 775 2853 797 xi,

2640 801 2700 818 vers.
2716 801 2750 824 ¹7.

2640 1169 2650 1179 ·
2664 1168 2721 1196 Arg.
2735 1167 2786 1190 Sed
2798 1174 2854 1190 con-

2640 1196 2679 1216 tra
2695 1202 2714 1217 ι.

2640 1257 2650 1268 ·
2664 1257 2690 1278 In
2704 1262 2811 1284 corpore.

2639 1342 2721 1391 22:²3..
2735 1342 2785 1365 Sed
2797 1349 2854 1366 eon-

2639 1774 2649 1785 ·
2655 1773 2692 1796 ef.
2702 1772 2806 1799 Parnm,
2811 1779 2853 1822 gu.

2638 1805 2732 1828 uxnv,
2746 1800 2810 1823 intro
2828 1817 2833 1822 .

2638 2218 2854 2274 {tamem

2638 2261 2852 2301 &ulmea-ef.

2638 2303 2665 2346 ἓξ
2672 2313 2689 2352 ,'
2697 2297 2856 2353 α’ἷῗῗῖιῗῗῖἓ

2637 2351 2853 2400 wie-3

2697 2393 2703 2401 ⁸
2710 2394 2720 2405 θ
2844 2394 2852 2406 1

2637 2409 2757 2454 mian
2762 2429 2853 2460 ersus.

2637 2456 2852 2512 msffffi:

2638 2511 2649 2522 ·
2654 2509 2691 2533 cf.
2697 2516 2737 2539 qu.
2741 2515 2782 2538 xa,
2786 2513 2852 2540 uma.
