2918 4088
27 799 28 802 Ἰ
38 769 155 798 *ub.1v,
163 775 250 798 σιμιν,

31 802 63 820 :n-
79 803 114 824 ¹⁴·

934 160 1196 206 QUAESTIO
1225 161 1382 207 LXXV,
1411 161 1703 199 ARTmULUs
1730 164 1795 200 v11

279 238 336 275 sio
364 238 431 275 fiat
458 237 673 274 secundum
702 236 983 273 successionem
1011 237 1194 286 temporis
1229 238 1336 286 quod

279 298 335 328 est
361 290 458 327 inter
485 289 664 327 ultimum
702 289 845 326 instans
873 301 952 337 quo
982 296 1036 325 est
1064 289 1115 326 ibi
1143 289 1271 338 panis,
1301 297 1338 326 et

278 343 447 393 primum
478 342 621 379 instans
648 353 727 390 quo
757 349 812 378 est
839 341 891 378 ibi
919 353 1060 390 corpus
1089 341 1238 378 Christi.

334 407 368 432 2.
398 397 629 442 PRAETEREA,
650 394 689 431 in
717 393 825 431 omni
843 394 1095 431 conversione
1118 402 1173 430 est
1200 393 1283 430 fieri
1303 401 1339 430 et

278 449 421 485 factum
441 460 534 485 esse.
566 448 642 486 Sed
662 448 757 484 haec
777 447 856 484 duo
876 459 955 484 non
975 454 1063 483 sunt
1083 446 1216 483 simul:
1247 446 1338 495 quia

278 501 386 550 quod
413 500 466 547 fit,
493 512 573 538 non
602 507 673 546 est;
704 500 811 549 quod
839 507 969 537 autem
995 500 1138 537 factum
1167 506 1233 545 est,
1261 498 1338 535 iam

278 561 344 590 est.
374 554 476 602 Ergo
505 553 544 590 in
572 554 644 590 hac
663 552 914 590 conversione
943 560 999 590 est
1020 552 1126 601 prius
1150 559 1186 589 et
1213 559 1338 600 poste-

278 606 369 644 rius.
398 607 447 644 Et
465 606 516 643 ita
534 614 684 656 oportet
711 605 819 655 quod
838 617 919 642 non
937 605 983 642 sit
1002 605 1249 651 instantanea,
1271 604 1337 641 sed

278 658 503 697 successiva.

333 712 367 749 3.
395 713 627 755 PRAETEREA,
646 711 875 749 Ambrosius
894 711 994 757 dicit,
1015 710 1055 747 in
1082 710 1179 747 libro
1208 710 1253 747 de
1271 711 1338 746 Sa-

277 777 396 803 cram.
411 764 441 812 *,
462 765 570 814 quod
588 764 689 802 istud
708 771 992 802 sacramentum
1015 765 1151 800 Christi
1167 774 1340 800 sermone

277 819 482 866 conficitur.
519 817 597 855 Sed
624 829 752 854 sermo
781 816 921 855 Christi
953 816 1166 854 successive
1195 816 1338 866 profer-

278 879 351 908 tur.
380 871 482 918 Ergo
510 871 607 907 haec
634 870 836 907 conversio
864 870 908 907 fit
935 869 1160 906 successive.

330 923 404 961 SED
425 934 570 960 CONTRA
589 935 654 960 EST
676 923 784 972 quod
803 924 899 960 haec
917 922 1119 960 conversio
1144 921 1340 972 perficitur

276 975 415 1013 virtute
442 975 602 1019 infinita,
623 975 733 1012 cuius
761 983 817 1012 est
843 976 970 1013 subito
999 975 1161 1025 operari.

329 1029 554 1066 stponnzo
581 1041 764 1067 DICENDUM
796 1029 904 1078 quod
932 1028 1060 1078 aliqua
1095 1027 1256 1066 mutatio
1284 1035 1340 1064 est

277 1081 515 1118 instantanea
543 1081 678 1130 triplici
705 1081 861 1119 ratione.
891 1083 980 1120 Uno
1009 1082 1166 1131 quidem
1196 1081 1338 1127 modo,

277 1146 325 1171 ex
350 1142 457 1184 parte
484 1134 649 1182 formae,
679 1147 780 1184 quae
808 1143 864 1172 est
890 1135 1076 1172 terminus
1104 1134 1337 1172 mutationis.

278 1186 319 1225 Si
355 1186 460 1224 enim
497 1187 543 1224 sit
579 1187 707 1238 aliqua
733 1188 857 1226 forma
890 1200 990 1238 quae
1028 1187 1183 1237 recipiat
1219 1187 1340 1235 magis

277 1247 344 1278 aut
361 1238 377 1270 β
403 1240 545 1287 minus,
566 1241 781 1278 successive
803 1241 1011 1291 acquiritur
1038 1241 1223 1288 subiecto,
1245 1240 1341 1278 sicut

277 1291 427 1331 sanitas.
456 1293 506 1331 Et
523 1293 623 1341 ideo,
643 1293 735 1343 quia
761 1294 886 1332 forma
909 1294 1162 1332 substantialis
1188 1307 1263 1331 non
1284 1306 1340 1331 re-

242 1393 250 1400 ·
277 1347 512 1397 cipitmagzs
539 1353 572 1384 et
599 1344 722 1384 minus
739 1347 776 1394 ²¹5,
804 1347 893 1385 inde
926 1355 982 1384 est
1009 1348 1116 1397 quod
1144 1346 1270 1384 subito
1297 1346 1342 1383 fit

277 1400 360 1438 eius
378 1398 610 1438 introductio
630 1399 671 1437 in
689 1400 858 1437 materia.
874 1423 900 1428 —
914 1400 1000 1437 Alio
1020 1401 1152 1447 modo,
1169 1412 1215 1437 ex
1233 1407 1340 1449 parte

278 1452 449 1501 subiecti,
468 1453 575 1503 quod
595 1453 832 1502 quandoque
861 1453 1074 1491 successive
1092 1460 1342 1502 praeparatur

278 1507 328 1544 ad
355 1505 640 1556 susceptionem
659 1511 675 1534 Υ
701 1506 866 1543 formae:
897 1514 934 1543 et
952 1506 1041 1543 ideo
1061 1518 1163 1555 aqua
1191 1517 1339 1543 succes-

264 1559 359 1597 sive
386 1558 522 1596 calefit.
562 1559 732 1606 Quando
760 1571 854 1596 vero
882 1558 1009 1608 ipsum
1040 1558 1257 1596 subiectum
1285 1565 1341 1595 est

276 1611 324 1658 in,
344 1610 479 1650 ultima
505 1610 754 1660 dispositione
782 1612 832 1648 ad
854 1611 1033 1658 formam,
1054 1611 1180 1648 subito
1208 1610 1341 1660 recipit

275 1664 418 1715 ipsam:
457 1662 554 1701 sicut
590 1663 830 1713 diaphanum
867 1664 993 1701 subito
1030 1664 1277 1701 illuminatur.
1314 1686 1340 1690 —-

275 1716 420 1764 Tertio,
441 1728 488 1754 ex
505 1724 612 1766 parte
631 1716 785 1765 agentis,
805 1717 915 1766 quod
942 1725 998 1754 est
1025 1716 1195 1754 infinitae
1222 1716 1339 1754 virtu-

275 1769 343 1810 tis:
371 1769 476 1808 unde
513 1769 639 1807 statim
666 1777 791 1820 potest
827 1770 1026 1808 materiam
1064 1771 1113 1807 ad
1132 1768 1145 1792 δ
1172 1770 1339 1807 formam

277 1821 492 1875 disponere.
533 1822 639 1861 Sicut
665 1822 804 1860 dicitur
829 1824 949 1861 Marc.
974 1836 1020 1861 vn
1038 1823 1068 1870 ²¹⁸,
1098 1823 1218 1872 quod,
1247 1835 1340 1860 cum

277 1875 452 1919 Christus
470 1875 636 1924 dixisset,
655 1878 884 1926 Ephphetha,
905 1877 1004 1927 quod
1020 1883 1071 1914 est
1098 1877 1296 1926 adaperire
1314 1881 1338 1923 ⁶,

275 1930 396 1969 statim
423 1935 576 1980 apertae
600 1935 685 1966 sunt
711 1942 822 1967 aures
849 1931 1019 1976 hominis,
1044 1936 1078 1967 et
1102 1930 1262 1967 solutum
1289 1935 1341 1966 est

275 1983 465 2029 vinculum
491 1983 646 2033 linguae
672 1985 759 2020 eius.

320 2036 379 2083 ,Et
396 2035 456 2074 his
483 2035 604 2074 tribus
623 2036 835 2074 rationibus
863 2037 959 2074 haec
980 2035 1182 2074 conversio
1210 2043 1266 2073 est
1284 2036 1340 2074 in-

277 2096 484 2127 stantanea.
513 2089 644 2126 Primo
665 2089 836 2139 quidem,
857 2089 948 2139 quia
967 2088 1176 2127 substantia
1203 2101 1340 2138 corpo-

276 2141 328 2182 ris
357 2141 508 2187 Christi,
537 2143 587 2180 ad
615 2154 735 2191 quam
762 2142 988 2180 terminatur
1014 2142 1084 2180 ista
1117 2142 1340 2190 conversio,

277 2207 359 2232 non
395 2194 552 2245 suscipit
587 2194 708 2244 magis
744 2207 872 2245 neque
909 2196 1050 2233 minus.
1075 2217 1101 2222 —
1136 2196 1317 2233 Secundo
1331 2225 1340 2242 ,

277 2247 370 2298 quia
395 2248 435 2286 in
463 2248 537 2286 hac
563 2248 816 2286 conversione
844 2261 925 2286 non
953 2256 1009 2286 est
1029 2248 1187 2298 aliquod
1215 2248 1340 2286 subie-

277 2308 388 2347 ctum>
405 2301 446 2348 ²⁸,
475 2302 583 2351 quod
611 2301 825 2339 successive
852 2309 1112 2351 praeparetur.
1132 2324 1158 2329 -
1186 2302 1339 2348 Tertio,

277 2353 372 2404 quia
397 2353 520 2403 agitur
546 2354 619 2392 Dei
645 2354 784 2392 virtute
811 2355 971 2392 infinita.

324 2407 389 2454 ,An
417 2419 553 2454 rmum
571 2420 669 2446 ERGO
696 2420 879 2446 DtCENDUM
898 2409 1006 2458 quod
1033 2408 1194 2458 quidam
1212 2408 1232 2431 ’¹‘
1259 2421 1341 2446 non

243 2480 251 2514 ς
278 2458 498 2510 simpliciter
533 2461 750 2498 concedunt
781 2462 890 2511 quod
917 2462 1015 2499 inter
1041 2462 1232 2511 quaelibet
1260 2462 1340 2499 duo

244 2534 251 2546 ,
278 2512 455 2551 instantia
482 2513 528 2551 sit
545 2521 699 2564 tempus
726 2514 912 2552 medium.
942 2515 1085 2552 Dicunt
1109 2515 1213 2552 enim
1231 2515 1340 2564 quod

243 2561 250 2574 '
278 2567 355 2604 hoc
381 2566 498 2604 habet
515 2567 644 2604 locum
666 2567 706 2605 in
734 2568 889 2606 duobus
908 2567 1136 2606 instantibus
1164 2580 1264 2618 quae
1283 2580 1340 2605 re-

277 2620 452 2658 feruntur
479 2619 528 2657 ad
547 2620 717 2658 eundem
744 2629 908 2668 motum,
929 2633 1011 2658 non
1028 2629 1159 2659 autem
1186 2621 1226 2659 in
1245 2621 1340 2658 duo-

278 2673 352 2710 bus
365 2672 592 2710 instantibus
613 2686 713 2723 quae
733 2674 947 2712 referuntur
967 2675 1016 2712 ad
1035 2675 1198 2712 diversa.
1229 2675 1340 2712 Unde

278 2725 377 2763 inter
412 2725 556 2763 instans
593 2727 702 2776 quod
737 2735 934 2764 mensurat
961 2727 1081 2765 finem
1117 2728 1275 2777 quietis,
1305 2736 1342 2764 et

278 2779 382 2817 aliud
409 2778 554 2816 instans
582 2780 690 2829 quod
717 2788 915 2818 mensurat
936 2781 1170 2833 principium
1197 2789 1339 2828 motus,

278 2844 360 2871 non
394 2839 450 2870 est
481 2840 636 2882 tempus
673 2833 859 2871 medium.
889 2856 915 2860 -
953 2834 1030 2872 Sed
1057 2834 1098 2871 in
1130 2835 1206 2871 hoc
1241 2835 1342 2872 deci-

278 2885 448 2934 piuntur.
488 2885 592 2932 Quia
619 2886 745 2923 unitas
780 2887 965 2936 temporis
992 2895 1029 2924 et
1061 2887 1251 2935 instantis,
1280 2889 1343 2924 vel

279 2938 395 2989 etiam
421 2939 615 2988 pluralitas
644 2951 793 2987 eorum,
813 2952 894 2977 non
919 2939 1104 2989 accipitur
1125 2941 1342 2978 secundum

279 3003 550 3052 quoscumque
574 3000 714 3040 motus,
736 2993 803 3030 sed
823 2993 1041 3031 secundum
1058 2993 1230 3043 primum
1257 3006 1342 3031 mo-

278 3051 364 3104 tum
386 3046 510 3104 caeli,
540 3045 607 3095 qui
639 3053 695 3084 est
730 3058 914 3083 mensura
949 3046 1076 3084 omnis
1110 3054 1240 3084 motus
1258 3047 1279 3070 ²¹⁸
1306 3054 1343 3085 et

241 3123 251 3134 ‚
279 3105 427 3147 quietis.

245 3148 252 3155 “
332 3150 381 3189 Et
407 3151 495 3189 ideo
524 3151 587 3190 alii
613 3153 690 3189 hoc
718 3153 936 3190 concedunt
963 3152 1004 3190 in
1031 3160 1206 3202 tempore
1233 3153 1342 3203 quod

333 3263 365 3334 βζ-
377 3268 436 3292 aut.
455 3279 475 3285 -
492 3269 518 3291 et
536 3266 609 3291 tertia
628 3271 654 3292 et
670 3274 697 3292 a.

332 3309 349 3344 ἶ
377 3301 689 3362 εἵσΫὲῗζΞἾι.α;ΐΐεΕ
708 3307 734 3327 et
752 3302 825 3327 tertia
844 3308 945 3336 praeter
964 3304 988 3335 15
1007 3303 1204 3329 successionem.

332 3336 358 3405 ὃ)
374 3344 527 3404 :dapes-ire.
543 3357 563 3392 -'
579 3355 686 3405 aperire
705 3373 820 3399 CDEFa.

331 3407 358 3443 ζ)
376 3408 414 3433 ad
438 3411 602 3434 mensurata.
619 3423 638 3428 -
656 3408 676 3434 F
695 3414 722 3434 et
747 3409 822 3434 tertia
849 3414 950 3442 praeter
968 3409 992 3439 1;
1011 3413 1227 3436 commensurata
1245 3410 1341 3442 Aepl).

280 3446 436 3503 ubemur-ata
459 3443 527 3475 BsD,
551 3444 589 3469 ad
615 3447 829 3470 commensurata
854 3445 884 3474 E.
909 3445 947 3470 ad
972 3452 1122 3471 mensuram
1148 3446 1166 3476 1,
1194 3445 1343 3471 mensurati

280 3486 294 3503 e
314 3497 321 3504 .
339 3486 365 3505 a.

2374 165 2441 213 175

1391 245 1587 274 mensurat
1624 246 1774 275 motum
1811 241 2092 289 dependentem
2120 257 2165 281 ex
2193 254 2301 283 motu
2339 246 2442 283 caeli.

1393 290 1490 326 Sunt
1517 297 1647 326 autem
1684 291 1842 338 quidam
1880 302 2006 330 motus
2035 307 2080 331 ex
2108 304 2216 333 motu
2244 299 2335 335 caeli
2364 311 2443 335 non

1391 342 1662 390 dependentes,
1679 354 1750 378 nec
1769 344 1816 379 ab
1836 356 1882 380 eo
1902 347 2126 383 mensurati:
2148 348 2242 385 sicut
2261 350 2299 386 in
2317 351 2443 388 Prima

1392 395 1500 430 Parte
1520 393 1540 415 ’¹‘
1567 394 1712 430 dictum
1732 402 1787 430 est
1814 396 1861 432 de
1881 397 2049 434 motibus
2071 401 2303 446 angelorum.
2333 404 2443 440 Unde

1392 445 1488 482 inter
1523 446 1603 482 duo
1642 446 1816 483 instantia
1852 448 1921 484 illis
1954 450 2121 486 motibus
2158 454 2443 501 respondentia,

1392 510 1472 534 non
1491 506 1546 534 est
1564 506 1717 547 tempus
1736 500 1909 537 medium
1932 501 1962 537 ²¹².
1984 524 2008 527 —
2038 503 2113 538 Sed
2134 504 2208 540 hoc
2235 517 2314 541 non
2334 507 2446 543 habet
2471 516 2481 525 ·

1392 552 1522 588 locum
1556 551 1596 587 in
1630 552 1839 600 proposito.
1888 553 2009 599 Quia,
2043 555 2220 603 quamvis
2252 557 2320 593 ista
2356 570 2445 595 con-

1392 603 1518 640 versio
1547 604 1762 640 secundum
1782 616 1821 640 se
1841 617 1920 641 non
1948 606 2086 643 habeat
2105 607 2280 645 ordinem
2299 610 2347 646 ad
2366 622 2447 647 mo-

1392 664 1476 693 tum
1504 656 1617 702 caeli,
1648 657 1896 705 consequitur
1928 666 2057 695 tamen
2085 660 2337 707 prolationem
2364 675 2447 705 ver-

1392 709 1545 754 borum,
1566 721 1685 758 quam
1709 721 1864 746 necesse
1893 718 1947 746 est
1975 719 2084 747 motu
2104 713 2195 748 caeli
2224 715 2445 752 mensurari.

1393 763 1441 798 Et
1468 761 1555 798 ideo
1576 773 1730 798 necesse
1750 769 1806 798 est
1833 762 1929 799 inter
1956 763 2146 812 quaelibet
2169 765 2247 802 duo
2276 766 2448 805 instantia

1392 814 1492 852 circa
1527 814 1639 851 istam
1676 815 1971 852 conversionem
2009 816 2151 864 signata
2183 829 2263 854 esse
2297 826 2449 868 tempus

1392 867 1580 904 medium.

1446 920 1619 967 Quidam
1647 931 1737 968 ergo
1765 920 1898 957 dicunt
1924 922 2031 970 quod
2060 922 2202 959 instans
2230 922 2269 959 in
2296 935 2375 972 quo
2395 926 2450 961 ul-

1392 973 1486 1011 timo
1515 980 1570 1010 est
1597 973 1720 1022 panis,
1741 981 1777 1010 et
1804 974 1947 1011 instans
1975 974 2014 1011 in
2043 987 2122 1023 quo
2142 975 2268 1023 primo
2296 984 2350 1012 est
2369 989 2450 1014 cor-

1392 1039 1466 1076 pus
1496 1026 1656 1074 Christi,
1687 1034 1776 1063 sunt
1803 1026 1963 1076 quidem
1991 1028 2070 1064 duo
2099 1039 2168 1077 per
2200 1030 2450 1078 comparatio-

1393 1092 1484 1117 nem
1512 1080 1561 1117 ad
1589 1087 1810 1117 mensurata
1829 1079 1856 1126 ζ,
1887 1080 1954 1117 sed
1983 1088 2071 1117 sunt
2098 1093 2223 1117 unum
2250 1093 2319 1130 per
2346 1095 2450 1119 com-

1392 1133 1633 1183 parationem
1670 1133 1720 1170 ad
1754 1140 1907 1182 tempus
1944 1145 2189 1170 mensurans:
2220 1133 2330 1180 sicut,
2360 1148 2450 1173 cum

1393 1187 1493 1224 duae
1521 1186 1643 1223 lineae
1672 1198 1712 1223 se
1740 1186 1981 1234 contingunt,
2012 1194 2101 1223 sunt
2128 1187 2208 1223 duo
2236 1195 2376 1235 puncta
2404 1201 2450 1225 ex

1393 1247 1499 1289 parte
1527 1239 1695 1276 duarum
1723 1238 1923 1286 linearum,
1950 1251 2076 1276 unum
2108 1247 2235 1276 autem
2265 1249 2451 1289 punctum

1394 1305 1441 1330 ex
1467 1300 1574 1342 parte
1611 1292 1686 1329 loci
1723 1292 1951 1329 continentis
1971 1298 2000 1328 η.
2021 1314 2047 1319 -
2076 1292 2152 1329 Sed
2181 1293 2256 1329 hoc
2290 1305 2369 1330 non
2397 1302 2452 1330 est

1394 1345 1527 1383 simile.
1550 1345 1654 1392 Quia
1672 1345 1815 1382 instans
1835 1353 1871 1382 et
1889 1353 2042 1394 tempus
2061 1345 2350 1394 particularibus
2369 1359 2451 1383 mo-

1393 1399 1495 1436 tibus
1522 1410 1603 1435 non
1631 1405 1687 1435 est
1714 1410 1897 1435 mensura
1924 1398 2141 1446 intrinseca,
2170 1398 2265 1435 sicut
2292 1399 2390 1436 linea
2417 1408 2453 1436 et

1387 1459 1559 1501 punctus
1587 1451 1832 1500 corporibus:
1862 1451 1930 1488 sed
1957 1453 2085 1488 solum
2113 1451 2334 1500 extrinseca,
2358 1452 2453 1490 sicut

1394 1504 1621 1553 corporibus
1659 1505 1777 1541 locus.

1446 1557 1558 1595 Unde
1596 1556 1657 1594 alii
1685 1556 1817 1594 dicunt
1851 1557 1958 1606 quod
1996 1565 2052 1594 est
2085 1557 2186 1594 idem
2224 1558 2366 1595 instans
2394 1571 2451 1606 re,

1393 1611 1461 1648 sed
1480 1610 1584 1647 aliud
1612 1609 1768 1646 ratione.
1789 1631 1813 1637 -
1843 1610 1920 1647 Sed
1940 1611 2156 1647 secundum
2176 1611 2250 1648 hoc
2278 1624 2453 1661 sequere-

1392 1671 1455 1701 tur
1485 1663 1594 1712 quod
1628 1663 1776 1700 realiter
1809 1662 1987 1712 opposita
2024 1671 2148 1700 essent
2183 1663 2307 1701 simul.
2350 1666 2453 1702 Nam

1394 1716 1592 1754 diversitas
1611 1715 1767 1753 rationis
1786 1728 1874 1753 non·
1891 1715 2012 1753 variat
2031 1716 2174 1766 aliquid
2193 1729 2240 1753 ex
2263 1726 2368 1767 parte
2388 1718 2451 1755 rei.

1447 1771 1496 1807 Et
1522 1769 1611 1806 ideo
1640 1769 1849 1806 dicendum
1884 1777 1940 1806 est
1967 1770 2074 1818 quod
2108 1771 2204 1807 haec
2231 1771 2452 1818 conversio,

1395 1823 1492 1860 sicut
1519 1822 1666 1860 dictum
1694 1830 1748 1859 est
1766 1822 1798 1869 ²¹⁵,
1827 1822 2024 1871 perficitur
2050 1835 2121 1871 per
2146 1824 2263 1860 verba
2294 1825 2452 1871 Christi,

1394 1888 1495 1926 quae
1513 1888 1537 1913 a
1555 1875 1752 1913 sacerdote
1771 1876 2028 1924 proferuntur,
2049 1876 2099 1912 ita
2112 1877 2224 1925 quod
2244 1875 2256 1898 θ
2276 1877 2454 1915 ultimum

1394 1930 1538 1967 instans
1555 1928 1780 1978 prolationis
1807 1929 2018 1966 verborum
2047 1937 2102 1966 est
2119 1930 2289 1979 primum
2312 1931 2454 1968 instans

1395 1983 1434 2020 in
1462 1995 1542 2032 quo
1571 1989 1627 2019 est
1651 1981 1691 2018 in
1719 1989 1957 2019 sacramento
1978 1994 2118 2031 corpus
2147 1983 2295 2030 Christi,
2316 1984 2355 2021 in
2374 1992 2453 2021 toto

1395 2044 1526 2074 autem
1562 2043 1737 2084 tempore
1778 2035 2030 2084 praecedente
2068 2043 2123 2072 est
2158 2036 2208 2073 ibi
2247 2037 2454 2075 substantia

1394 2089 1515 2139 panis.
1547 2088 1669 2126 Cuius
1697 2088 1881 2137 temporis
1909 2100 1989 2125 non
2018 2096 2072 2125 est
2100 2089 2269 2138 accipere
2298 2090 2454 2139 aliquod

1395 2143 1538 2180 instans
1565 2141 1745 2191 proximo
1762 2141 1996 2190 praecedens
2024 2142 2221 2179 ultimum:
2251 2143 2341 2192 quia
2359 2151 2453 2180 tem-

1394 2209 1469 2246 pus
1487 2207 1569 2233 non
1596 2194 1845 2243 componitur
1863 2206 1910 2231 ex
1933 2194 2158 2232 instantibus
2177 2205 2455 2245 consequenter

1396 2262 1435 2286 se
1471 2247 1721 2293 habentibus,
1752 2255 1794 2284 ut
1829 2248 2014 2297 probatur
2041 2248 2079 2285 in
2116 2250 2165 2285 VI
2193 2250 2339 2298 Physic.
2359 2250 2379 2271 ‘¹‘
2406 2251 2455 2287 Et
2479 2253 2496 2285 ·,

1396 2302 1484 2340 ideo
1521 2309 1577 2338 est
1611 2300 1771 2350 quidem
1798 2301 1890 2338 dare
1918 2301 2087 2338 instans‘
2116 2301 2154 2338 in
2183 2314 2261 2351 quo
2290 2310 2345 2339 est
2371 2315 2452 2340 cor-

1394 2368 1469 2405 pus
1489 2354 1641 2402 Christi,
1661 2365 1742 2390 non
1769 2362 1826 2390 est
1843 2361 1975 2391 autem
1996 2354 2087 2391 dare
2114 2355 2294 2392 ultimum
2312 2356 2454 2393 instans

1395 2409 1434 2446 in
1454 2420 1534 2458 quo
1554 2407 1600 2445 sit
1627 2406 1836 2444 substantia
1854 2407 1976 2456 panis,
1997 2408 2064 2444 sed
2093 2416 2147 2444 est
2165 2409 2255 2445 dare
2275 2409 2451 2446 ultimum

1394 2470 1560 2511 tempus.
1599 2461 1648 2498 Et
1684 2460 1789 2497 idem
1818 2468 1875 2497 est
1900 2460 1940 2497 in
1967 2461 2242 2498 mutationibus
2278 2462 2454 2499 naturali-

1394 2515 1467 2552 bus
1486 2515 1525 2552 *ι
1550 2521 1593 2551 ut
1619 2521 1722 2563 patet
1749 2525 1819 2563 per
1846 2514 2139 2563 Philosophum,
2161 2514 2199 2551 in
2218 2515 2298 2551 VIII
2323 2517 2453 2564 Physi-
2480 2523 2491 2534 ·

1394 2580 1525 2606 corum
1543 2567 1574 2604 ²¹³.

1448 2622 1505 2658 An
1533 2631 1724 2659 SECUNDUM
1747 2632 1929 2657 DICENDUM
1967 2621 2073 2669 quod
2101 2620 2140 2656 in
2178 2621 2453 2658 mutationibus

1394 2673 1641 2712 instantaneis
1669 2672 1785 2710 simul
1812 2681 1867 2710 est
1894 2673 1977 2710 fieri
2006 2681 2042 2710 et
2059 2674 2200 2710 facturn
2229 2686 2330 2710 esse:
2359 2674 2455 2711 sicut

1395 2727 1511 2765 simul
1538 2734 1593 2764 est
1611 2726 1818 2764 illuminari
1847 2734 1883 2763 et
1910 2726 2166 2763 illuminatum
2186 2738 2278 2763 esse.
2309 2727 2454 2763 Dicitur

1395 2781 1500 2818 enim
1519 2779 1559 2818 in
1577 2780 1716 2817 talibus
1742 2780 1885 2816 factum
1905 2791 1986 2816 esse
2015 2780 2229 2816 secundum
2250 2780 2356 2828 quod
2375 2779 2452 2816 iam

1396 2842 1470 2871 est:
1500 2833 1584 2871 fieri
1612 2840 1754 2879 autem,
1775 2832 1990 2869 secundum
2018 2833 2125 2880 quod
2151 2838 2236 2868 ante
2265 2844 2344 2868 non
2371 2832 2449 2868 fuit.

1449 2888 1506 2924 An
1525 2898 1683 2924 TERTmM
1702 2896 1883 2923 DICENDUM
1912 2885 2018 2934 quod
2037 2885 2106 2921 ista
2125 2885 2336 2929 conversio,
2358 2884 2453 2921 sicut

1396 2940 1543 2977 dictum
1562 2947 1618 2976 est
1635 2939 1666 2985 ²⁸,
1686 2939 1730 2975 fit
1748 2939 1787 2975 in
1806 2938 1940 2975 ultimo
1961 2937 2110 2974 instanti
2129 2937 2349 2986 prolationis
2367 2949 2451 2974 ver-

1396 2994 1558 3031 borum:
1588 3001 1681 3030 tunc
1709 2991 1813 3028 enim
1832 2992 2045 3039 completur
2063 2997 2079 3012 κ
2106 2990 2315 3026 verborum
2343 2990 2451 3038 signi-

1395 3046 1544 3088 ficatio,
1576 3058 1675 3095 quae
1704 3052 1759 3080 est
1787 3044 1919 3080 efficax
1947 3043 1986 3080 in
2024 3050 2350 3079 sacramentorum
2378 3043 2451 3080 for-

1396 3099 1481 3137 mis.
1512 3100 1560 3137 Et
1587 3099 1674 3135 ideo
1703 3109 1782 3134 non
1810 3095 1981 3145 sequitur
2008 3095 2114 3144 quod
2148 3095 2217 3132 ista
2251 3097 2451 3133 conversio

1397 3152 1443 3190 sit
1470 3151 1696 3190 successiva.

1448 3267 1475 3300 η)
1494 3268 1547 3292 1οοί
1573 3265 1740 3291 continentis.
1761 3277 1779 3283 -
1798 3264 1818 3288 E
1838 3268 1863 3288 et
1886 3262 1960 3287 tertia
1987 3267 2087 3294 praeter
2110 3262 2139 3292 123
2167 3261 2252 3286 lineae
2277 3262 2350 3295 ystris
2376 3260 2454 3294 (idest

1393 3301 1586 3336 consequentis)
1606 3302 1637 3331 D,
1657 3301 1741 3325 lineae
1759 3298 1919 3324 continentis
1938 3297 2022 3324 ceteri.

1447 3337 1472 3371 Θ)
1492 3338 1570 3370 quod.
1588 3351 1608 3355 -
1625 3336 1717 3361 EFIsG
1736 3340 1761 3360 et
1779 3335 1917 3363 editiones;
1937 3337 1963 3358 et
1982 3333 2079 3363 ABCD,
2100 3336 2128 3357 ut
2146 3333 2186 3358 ed.
2205 3340 2230 3361 a,
2249 3340 2301 3357 om.
2321 3332 2396 3364 HpG.

1447 3374 1466 3407 ι)
1486 3374 1596 3398 instans.
1608 3386 1627 3391 -
1642 3372 1759 3403 primum
1780 3370 1882 3395 instans
1895 3369 1956 3398 PEI,
1971 3368 2042 3399 (ideo
2055 3371 2095 3393 est
2107 3368 2173 3392 dare
2191 3367 2336 3400 quoddam)
2350 3368 2452 3392 instans

1394 3410 1434 3435 ed·
1447 3417 1479 3477 κα).
1491 3444 1646 3475 completur.
1663 3456 1683 3461 -
1701 3441 1757 3467 FsE
1770 3448 1787 3465 a
1800 3446 1825 3465 et
1843 3440 1930 3469 tertia;
1950 3439 2125 3471 recompletur
2136 3437 2252 3471 ABCpD,
2266 3444 2295 3462 re
2307 3437 2453 3470 completur

1394 3480 1445 3509 sD;
1466 3483 1553 3505 tunc...
1573 3478 1712 3503 verborum
1732 3484 1785 3501 om.
1804 3476 1851 3508 pE.

2470 409 2480 418 ·
2492 407 2538 434 Qu.
2549 413 2597 434 un,
2607 411 2648 430 art.
2659 414 2681 437 3.

2496 515 2523 536 D.
2539 521 2588 542 74¹.

2479 1830 2490 1842 ⁸
2504 1830 2554 1851 Art.
2568 1835 2588 1857 3.
