2678 4126
2293 207 2349 231 XIII

305 279 424 327 Ibid.,
449 279 491 320 in
525 283 663 333 corp:
703 295 721 316 ‹
750 279 1023 320 Manifestum
1058 284 1122 318 est
1155 276 1274 331 quod
1309 276 1504 317 Christus
1536 281 1652 316 totus
1687 282 1752 316 est
1773 276 1853 317 sub
1888 276 2077 329 qualibet
2105 283 2221 331 parte
2254 290 2351 331 spe-

183 341 341 382 cierum
374 340 508 394 panis,
534 341 660 381 etiam
692 340 833 380 hostia
866 340 1030 395 integra
1063 344 1273 384 manente,
1299 344 1340 378 et
1373 351 1459 377 non
1493 337 1633 377 solum
1668 349 1764 377 cum
1798 337 2014 392 frangitur,
2038 338 2146 378 sicut
2179 338 2351 391 quidam

183 401 338 450 dicunt,
363 408 574 456 ponentes
609 402 852 456 exemplum
887 401 940 442 de
973 401 1160 455 imagine
1194 412 1305 453 quae
1338 404 1514 453 apparet
1546 398 1588 438 in
1621 399 1810 452 specu10‚
1845 412 1956 451 quae
1989 412 2073 438 una
2106 405 2279 452 apparet
2311 400 2352 439 in

182 463 358 518 speculo
393 463 571 518 integro,
596 463 772 504 infracto
806 469 948 503 autem
982 462 1157 516 speculo
1191 466 1396 514 apparent
1428 459 1622 514 singulae
1656 460 1698 499 in
1732 459 1910 514 singulis
1943 460 2133 513 partibus
2161 477 2196 500 ».

258 535 260 538 ·
307 524 560 566 Guillelmus
595 524 989 565 Autissiodorensis
1034 523 1281 577 opinionem
1322 521 1388 562 hic
1429 522 1653 568 reiectam,
1695 521 2024 575 exemplumque
2075 522 2272 576 imaginis
2312 522 2354 561 in

183 586 358 640 speculo
397 592 661 642 propugnat,
696 586 902 626 Summae
934 585 1005 625 lib.
1029 585 1112 633 IV,
1147 591 1263 624 tract.
1297 583 1349 624 de
1388 583 1584 623 Sacram.
1618 583 1887 629 Eucharist„
1924 596 2012 636 cap.
2047 582 2099 622 de
2126 583 2356 623 Fractione

183 647 383 688 Formae.
418 649 533 688 Ante
568 648 707 702 ipsum
740 647 847 687 alios
871 646 986 687 idem
1019 646 1207 687 sensisse
1240 646 1399 686 scimus
1422 658 1475 684 ex
1508 645 1652 684 Innoc.
1677 645 1744 692 ΙΙΙ,
1769 643 1841 697 qui
1864 644 1916 684 de
1937 644 1980 684 S.
2004 644 2175 684 Altaris
2196 645 2354 696 Myste-

184 708 248 749 rio
281 709 350 750 lib.
375 710 448 758 IV,
474 722 563 763 cap.
589 720 674 756 vm,
699 721 775 748 eos
809 708 968 749 refellit.

308 770 353 811 S.
377 771 583 817 Thomas,
607 770 669 810 IV
691 769 819 816 Sent„
846 769 941 810 dist.
964 783 1006 817 x,
1030 776 1105 810 art.
1129 770 1169 816 3,
1194 776 1273 822 qua
1296 770 1343 808 3:
1379 768 1443 808 Et
1452 770 1625 822 ponunt
1647 766 1889 821 exemplum
1922 766 1974 806 de
2004 768 2182 820 speculo,
2208 767 2355 820 inquit,

184 832 287 885 quia
318 831 594 884 Augustinus
625 830 730 871 dicit
759 836 856 879 etc.;
891 831 965 871 ubi
999 831 1185 871 editores
1218 829 1339 870 Piani
1373 830 1414 869 in
1448 829 1639 884 margine
1673 834 1840 868 notant:
1874 829 1924 868 In
1950 828 2135 881 quodam
2168 842 2358 869 sermone

184 892 237 933 de
273 893 424 934 Verbis
454 892 696 946 Evangelii.
733 893 947 941 Halensis,
972 892 1178 933 Summae
1210 905 1250 946 p.
1273 891 1347 939 IV,
1372 904 1442 944 qu.
1466 904 1508 938 x,
1531 890 1689 931 memb.
1715 901 1754 943 7,
1779 896 1853 930 art.
1877 891 1917 937 3,
1941 893 1964 940 ξ
1989 889 2027 938 5,
2051 890 2213 930 scribit:
2250 890 2356 942 Qui—

184 954 287 995 dam
319 954 512 1001 dicentes,
539 956 590 994 ut
617 955 895 1008 Augustinus
925 954 1036 1001 dicit,
1061 954 1178 1008 quod
1204 954 1318 994 sicut
1323 952 1474 1007 fracto
1505 952 1674 1007 speculo
1707 958 1784 992 etc.
1809 952 1866 992 Et
1897 951 2022 992 infra:
2055 952 2181 992 iuxta
2213 964 2355 992 exem-

176 1015 303 1070 plum
345 1015 463 1069 quod
488 1016 766 1069 Augustinus
793 1016 933 1069 ponit,
969 1019 1020 1056 ut
1047 1016 1204 1056 dicunt.
1239 1015 1332 1055 Nec
1366 1014 1407 1054 in
1441 1014 1577 1054 Serm.
1611 1013 1663 1054 de
1697 1013 1821 1053 Verb.
1855 1013 2037 1066 Evang„
2073 1025 2151 1053 nec
2183 1013 2282 1053 alibi
2314 1013 2357 1053 in

186 1077 434 1132 Augustino
469 1077 552 1118 hoc
585 1077 838 1118 invenimus.

311 1138 380 1190 Qu
417 1151 582 1188 Lxxvn,
607 1145 680 1180 art.
713 1152 745 1188 1,
769 1139 811 1179 in
836 1152 974 1193 corp.:
1014 1155 1032 1176 α
1062 1138 1336 1180 Manifestum
1359 1143 1424 1178 est
1457 1136 1583 1177 etiam
1607 1136 1726 1190 quod
1748 1136 1994 1176 huiusmodi
2017 1135 2250 1176 accidentia
2273 1149 2358 1176 non

186 1205 286 1240 sunt
318 1200 360 1240 in
394 1200 632 1241 substantia
666 1201 857 1255 corporis
892 1206 933 1241 et
965 1201 1187 1256 sanguinis
1221 1200 1376 1241 Christi
1410 1199 1519 1239 sicut
1551 1198 1592 1238 in
1625 1198 1819 1238 subiecto
1847 1214 1882 1238 ›.

311 1262 593 1310 Abaelardus,
616 1263 801 1317 Epitom.
834 1263 874 1302 T
867 1262 973 1303 heol.
1003 1262 1244 1309 Christian„
1270 1275 1360 1315 cap.
1384 1273 1506 1301 xxlx:
1529 1260 1598 1300 De
1618 1260 1754 1314 specie
1770 1272 1933 1312 quoque
1954 1259 2040 1306 illa,
2071 1259 2216 1312 inquit,
2227 1259 2360 1313 panis

187 1325 231 1364 et
257 1323 356 1372 vini,
381 1323 607 1364 dubitatur
636 1325 757 1365 cuius
788 1325 857 1366 sit.
890 1324 972 1364 Ad
998 1324 1115 1378 quod
1141 1337 1247 1364 sane
1280 1321 1634 1377 respondendum,
1669 1320 1786 1375 quod
1812 1321 1951 1375 ipsum
1985 1323 2153 1374 corpus,
2180 1323 2362 1375 propter

186 1385 411 1426 horrorem
443 1385 716 1431 assumendi,
752 1399 826 1426 eas
857 1386 901 1426 in
933 1399 979 1426 se
1000 1386 1179 1440 formas
1212 1386 1400 1439 recipiat.
1445 1384 1492 1423 In
1529 1383 1720 1438 margine
1758 1396 1834 1436 per
1871 1395 2056 1423 errorem
2090 1382 2357 1436 scripsimus:

194 1446 258 1501 Cf.
281 1447 415 1500 Mag,
439 1448 516 1487 JV
528 1448 655 1495 Sent,
679 1447 775 1488 dist.
799 1460 869 1494 xn,
902 1450 993 1502 cap.
1018 1448 1108 1488 Sed
1135 1448 1238 1500 quia
1271 1449 1435 1500 corpus.

312 1508 443 1549 Ibid.:
483 1525 501 1546 «ι
530 1509 690 1549 Dicunt
723 1514 865 1548 autem
900 1509 1075 1562 quidam
1109 1508 1237 1562 quod
1262 1507 1526 1561 (accidentia)
1572 1512 1689 1553 sunt,
1723 1507 1831 1546 sicut
1863 1506 1904 1545 in
1938 1505 2153 1552 subiecto,
2189 1505 2230 1545 in
2264 1518 2359 1545 aere

189 1569 487 1610 circumstante
516 1586 534 1606 ›
575 1573 580 1578 ’

312 1631 499 1684 Aliquos
533 1631 593 1671 sic
615 1631 803 1671 sensisse
833 1636 1010 1671 testatur
1038 1631 1168 1685 Mag„
1193 1631 1254 1670 IV
1277 1630 1408 1678 Sent.,
1437 1629 1533 1671 dist.
1557 1641 1629 1676 ΧΠ,
1654 1641 1744 1682 cap.
1769 1627 1860 1668 Sed
1876 1628 1977 1681 quia
1999 1630 2162 1681 corpus.
2187 1627 2232 1668 S.
2257 1628 2360 1668 Ber-

189 1691 360 1741 nardus,
392 1692 590 1746 Capitula
622 1693 850 1733 haeresum
883 1693 1008 1732 Petri
1034 1692 1258 1740 Abelardi,
1287 1705 1377 1745 cap.
1402 1704 1458 1739 1x,
1485 1691 1745 1744 improperat
1777 1690 1857 1744 ipsi
1881 1689 2039 1729 dixisse
2073 1689 2191 1742 quod
2212 1690 2361 1729 verisi-

189 1753 335 1794 milius
366 1757 432 1794 est
459 1753 577 1807 quod
602 1755 692 1794 sint
709 1755 752 1794 in
785 1767 897 1795 aere.
935 1754 1187 1794 Guillelmus
1212 1753 1327 1794 Abb.
1354 1753 1399 1794 S.
1424 1752 1699 1800 Theodorici,
1723 1752 1894 1805 Disput.
1918 1751 2083 1791 advers.
2107 1750 2357 1799 Abaelard.‚

189 1815 253 1856 ad
286 1815 561 1869 Gaufridum,
589 1829 679 1870 cap.
703 1829 770 1857 1x:
805 1816 927 1856 Dicit
960 1816 1088 1856 etiam
1122 1816 1338 1869 Magister
1366 1815 1523 1854 Petrus
1563 1813 1642 1866 (sc.
1677 1813 1966 1866 Abaelardus)
2007 1811 2058 1852 de
2095 1815 2363 1853 sacramento

188 1877 362 1918 Altaris
365 1911 450 1920 ......
486 1877 721 1918 accidentia
746 1878 910 1932 prioris
940 1878 1206 1918 substantiae
1239 1889 1461 1917 remanere
1493 1876 1536 1915 in
1570 1888 1682 1916 aere.

315 1939 601 1987 Abaelardus,
635 1940 820 1993 Epitom.
864 1940 905 1979 T
897 1939 1003 1980 heol.
1044 1939 1298 1987 Christian„
1337 1951 1428 1992 cap.
1463 1950 1591 1978 XXIX:
1628 1937 1681 1977 Si
1710 1937 1820 1977 enim
1853 1936 2052 1977 nolumus
2083 1935 2221 1976 dicere
2252 1935 2369 1988 quod

189 1999 308 2041 illius
329 2002 518 2055 corporis
540 2000 612 2054 (sc.
638 2001 808 2056 Christi)
830 2002 890 2042 sit
907 2002 1013 2042 haec
1022 2001 1177 2055 forma
1196 2001 1269 2054 (sc.
1294 1999 1459 2054 species
1472 1999 1817 2052 sacramentalis),
1827 2002 2060 2053 possumus
2094 1998 2201 2038 satis
2225 1997 2364 2038 dicere

190 2062 308 2116 quod
336 2063 380 2102 in
413 2076 513 2103 aere
543 2063 604 2103 sit
632 2063 708 2104 illa
731 2063 884 2117 forma
906 2063 969 2104 ad
996 2063 1314 2103 occultationem
1329 2063 1510 2115 propter
1521 2060 1792 2114 praedictam
1825 2073 2000 2101 causam
2027 2059 2171 2100 carnis
2202 2063 2245 2100 et
2261 2072 2362 2100 san-

185 2124 336 2177 guinis
367 2127 600 2165 reservata.

315 2186 429 2226 Vide
464 2186 588 2233 Gietl,
613 2186 698 2226 Die
731 2186 965 2226 Sentenzen
997 2185 1205 2234 Rolands‚
1232 2199 1331 2241 pag.
1358 2186 1460 2235 234,
1486 2184 1528 2223 in
1561 2191 1664 2232 not„
1689 2184 1762 2223 ubi
1796 2183 1903 2223 alios
1936 2183 2094 2223 indicat
2131 2183 2364 2223 accidentia

191 2247 234 2288 in
267 2259 365 2288 aere
399 2261 494 2288 esse
527 2261 657 2302 posse
694 2247 897 2290 dicentes.

316 2309 438 2357 Ibid.,
464 2316 540 2351 art.
567 2309 606 2357 5,
633 2309 672 2349 in
708 2323 848 2363 corp.:
888 2326 907 2347 ‹
936 2311 991 2350 Et
1025 2309 1122 2349 ideo
1156 2309 1224 2349 alii
1259 2308 1456 2348 dixerunt
1488 2306 1607 2361 quod
1640 2307 1749 2347 redit
1780 2307 2018 2347 substantia
2049 2306 2170 2360 panis
2204 2312 2245 2346 et
2276 2306 2362 2346 vini

192 2370 235 2411 in
269 2370 360 2424 ipsa
393 2371 665 2425 corruptione
698 2371 936 2425 specierum
963 2387 1000 2413 ».

315 2433 489 2476 Praeter
521 2432 750 2473 adnotatos
783 2433 825 2473 in
859 2433 1062 2488 margine,
1089 2431 1301 2486 quosdam
1324 2431 1524 2484 antiquos
1558 2431 1666 2470 hanc
1698 2429 1950 2470 sententiam
1983 2429 2169 2469 tenuisse
2200 2434 2366 2469 constat

194 2506 247 2534 ex
279 2493 492 2534 Rolando.
529 2494 592 2536 Cf.
619 2494 744 2535 Gietl.
767 2495 853 2534 Die
886 2495 1119 2534 Senteneen
1153 2492 1360 2541 Rolands,
1387 2506 1486 2548 pag.
1513 2491 1614 2533 235.

317 2555 440 2604 Ibid.,
465 2562 540 2597 art.
566 2557 606 2604 8,
633 2555 687 2596 ad
722 2568 771 2607 4:
811 2573 830 2593 ‹
859 2556 1047 2608 Quidam
1079 2561 1326 2610 posuerunt,
1352 2555 1471 2608 quod
1495 2559 1888 2608 quantumcumque
1910 2565 2043 2606 parva
2076 2553 2148 2593 fiat
2178 2553 2364 2593 extranei

194 2617 372 2671 liquoris
405 2617 644 2671 permixtiO,
669 2618 908 2658 substantia
939 2618 1161 2673 sanguinis
1196 2616 1351 2656 Christi
1385 2615 1540 2656 desinit
1572 2628 1667 2655 esse
1701 2614 1781 2654 sub
1814 2620 1907 2654 toto
1937 2631 1973 2656 ».

319 2678 533 2727 Halensis,
558 2679 764 2719 Summae
796 2693 836 2733 p.
862 2680 935 2727 IV,
961 2693 1033 2733 qu.
1057 2692 1098 2728 x,
1124 2678 1283 2719 memb.
1310 2689 1354 2731 7,
1390 2683 1466 2719 art.
1493 2689 1531 2726 2,
1557 2679 1580 2727 ξ
1613 2678 1662 2717 3:
1697 2677 1843 2716 Potest
1871 2675 1958 2716 dici
1984 2676 2076 2715 sine
2098 2675 2366 2729 praeiudicio

195 2740 383 2780 melioris
413 2741 646 2780 sententiae
649 2773 711 2782 .....
745 2741 862 2794 quod
889 2754 1152 2794 quocumque
1183 2739 1358 2780 humido
1390 2739 1581 2793 apposito
1604 2741 1647 2778 et
1674 2737 1808 2778 diviso
1839 2738 2071 2778 secundum
2090 2740 2241 2791 partes
2271 2740 2364 2791 spe-

195 2802 277 2842 ciei
305 2801 565 2849 continentis,
592 2815 676 2842 non
709 2805 774 2842 est
802 2803 864 2842 ibi
891 2805 1224 2843 sacramentum.

321 2863 404 2915 Qu.
430 2875 608 2912 Lxxvm,
634 2869 709 2904 art.
745 2876 779 2911 1,
804 2864 859 2904 ad
900 2877 933 2912 1,
964 2864 1190 2918 opiniones
1223 2863 1364 2903 varias
1398 2862 1508 2903 circa
1540 2861 1718 2902 modum
1753 2874 1840 2914 quo
1875 2860 2068 2901 Christus
2103 2860 2367 2900 consecravit

195 2923 344 2965 videre
378 2931 443 2964 est
475 2925 590 2978 apud
623 2926 768 2967 Innoc.
794 2926 862 2973 ΙΙΙ,
886 2926 956 2965 De
989 2926 1034 2966 S.
1057 2925 1230 2965 Altaris
1261 2925 1478 2976 Mysterio‚
1505 2924 1576 2964 lib.
1600 2924 1673 2971 IV,
1700 2936 1788 2976 cap.
1816 2934 1870 2963 V1.

321 2986 441 3035 Ibid.,
466 2992 542 3028 art.
569 2985 607 3034 5,
633 2987 673 3026 in
708 3000 848 3040 corp.:
889 3004 906 3024 ‹
936 2987 992 3026 Et
1024 2986 1122 3026 ideo
1157 2986 1224 3026 alii
1259 2986 1455 3026 dixerunt
1487 2985 1606 3038 quod
1639 2985 1743 3024 haec
1782 2983 1910 3023 dictio
1951 2983 2031 3022 hoc
2062 2983 2103 3022 in
2137 2982 2214 3022 hac
2247 2983 2365 3022 locu-

197 3047 314 3088 tione
347 3048 444 3088 facit
477 3047 898 3096 demonstrationem,
924 3062 1010 3088 non
1046 3048 1099 3088 ad
1133 3060 1318 3094 sensum,
1343 3046 1420 3086 sed
1454 3046 1517 3086 ad‘
1543 3046 1811 3093 intellectum,
1836 3050 1881 3084 ut
1913 3045 1967 3084 sit
1994 3057 2157 3091 sensus,
2181 3044 2275 3084 Hoc
2307 3046 2372 3083 est

197 3112 351 3163 corpus
382 3123 533 3156 meum,
559 3109 681 3157 idest,
705 3110 1003 3163 Significatum
1027 3112 1114 3164 per
1143 3109 1222 3149 hoc
1254 3111 1320 3149 est
1348 3110 1502 3162 corpus
1533 3121 1673 3148 meum
1701 3123 1738 3148 ».

323 3171 535 3219 Halensis,
561 3172 767 3212 Summae
799 3185 839 3225 p.
864 3172 936 3219 IV,
962 3184 1033 3225 qU.
1056 3185 1098 3220 x,
1123 3171 1280 3211 memb.
1307 3182 1346 3221 4,
1372 3175 1447 3211 art.
1475 3182 1513 3217 2,
1537 3172 1560 3220 fi
1584 3171 1624 3216 3,
1650 3168 1750 3209 dicit
1771 3168 1880 3208 hanc
1908 3167 2158 3214 orationem,
2181 3167 2276 3207 Hoc
2307 3169 2372 3206 est

198 3235 351 3286 corpus
382 3246 533 3280 meum,
561 3247 655 3274 esse
686 3233 1014 3288 significativam
1037 3239 1079 3274 et
1102 3233 1386 3286 operativam:
1421 3231 1748 3286 significativam
1772 3242 1824 3269 ex
1846 3229 1982 3283 prima
2006 3229 2068 3268 sui
2095 3228 2366 3275 institutione,

199 3295 464 3348 operativam
499 3307 552 3335 ex
586 3295 747 3336 formae
780 3295 1097 3335 sacramentalis
1131 3293 1407 3334 institutione.
1441 3293 1627 3333 Ratione
1658 3305 1767 3344 ergo,
1804 3291 1960 3344 inquit,
1993 3303 2079 3343 qua
2112 3293 2177 3330 est
2204 3289 2368 3343 signifi-

198 3356 339 3408 cativa
372 3367 464 3397 Hoc
497 3356 766 3398 demonstrat
792 3358 1012 3410 signatum
1030 3359 1117 3410 per
1145 3356 1342 3409 signum,-
1365 3355 1530 3395 ratione
1561 3367 1647 3407 qua
1680 3356 1746 3393 est
1769 3353 1987 3407 operativa
2010 3352 2258 3392 insinuatur
2287 3351 2368 3391 ali-

198 3417 307 3470 quid
332 3418 376 3458 in
410 3418 537 3458 aliud
563 3419 900 3459 convertendum.
942 3418 1063 3459 Unde
1095 3431 1191 3458 cum
1223 3417 1399 3463 dicitur,
1437 3417 1540 3456 Hoc
1572 3427 1655 3456 EST
1689 3426 1857 3455 CORPUS
1886 3425 2024 3462 MEUM,
2058 3414 2128 3454 liic
2161 3416 2225 3453 est
2253 3413 2367 3452 intel-

199 3477 374 3580 {leriosilzs
394 3479 700 3582 degnonstratio
721 3481 887 3534 signati
891 3483 977 3535 per
995 3481 1167 3533 signum
1188 3477 1514 3520 convertendum
1536 3478 1579 3518 in
1601 3477 1831 3530 signatum.
1849 3501 1907 3505 —
1926 3475 2038 3515 Vide
2062 3476 2110 3516 B.
2132 3475 2370 3522 Albertum,

318 3544 412 3589 ent„
469 3542 534 3583 ist.
563 3554 646 3592 vm,
673 3549 746 3583 art.
771 3544 812 3584 6.

340 3617 451 3642 Summa
463 3618 566 3643 Tmzot.
585 3618 616 3643 D.
637 3619 752 3643 Tnounn
771 3619 804 3643 T.
824 3619 866 3643 IX.
2213 3613 2228 3637 b
