2878 4088
90 604 100 612 ¹
105 601 202 623 Atisim.
206 601 301 623 Rhetor.

90 629 130 650 lib.
150 628 182 654 11,
199 633 242 653 cap
270 634 302 654 iv,

44 663 45 666 ¹
90 661 113 676 n.
128 661 167 679 n:
183 654 202 674 V
217 654 286 677 Pom.
298 672 306 681 ,

87 681 302 730 fflmssfllzlkctit

90 953 101 963 ·
113 949 150 973 Cf.
164 957 228 979 corp.
244 954 287 973 m.

89 997 302 1021 'Debre-affie—

88 1027 134 1048 ων.
149 1025 189 1047 lib.
205 1025 234 1052 11,
249 1031 300 1053 cap.

56 1051 60 1057 '
86 1057 132 1074 nv.

86 1131 101 1143 ⁹
108 1130 176 1158 lud..
187 1136 239 1159 cap.
249 1137 300 1153 uu.

88 1489 268 1518 'houmere-⁷

86 1976 97 1987 ¹
111 1957 244 1998 &mmm
259 1980 299 1997 xx.

85 2061 297 2115 anave-

1038 164 1302 211 QUAESTIO
1332 162 1762 210 LXV,ART1CULUS
1791 164 1820 199 11

385 242 550 273 Pluralitas
584 252 659 282 ergo
693 253 832 273 uxorum
864 253 972 283 neque
1003 243 1142 274 totaliter
1174 243 1258 273 tollit
1291 251 1398 282 neque

330 286 508 327 aliqualiter
530 287 665 327 impedit
688 288 829 327 primum
852 287 970 318 finem:
996 297 1071 318 cum
1095 297 1179 318 unus
1197 288 1245 317 vir
1265 286 1399 317 sufficiat

329 331 475 371 pluribus
502 332 656 362 uxoribus
685 332 912 368 fecundandis,
937 337 969 362 et
992 331 1165 362 educandis
1196 331 1268 361 filiis
1292 341 1330 361 ex
1354 331 1398 361 eis

329 376 420 406 natis.
434 394 456 398 -
472 375 535 406 Sed
550 376 730 406 secundum
746 376 855 412 finem,
869 377 928 407 etsi
942 386 1011 406 non
1027 376 1165 406 totaliter
1180 376 1273 411 tollit,
1291 381 1399 405 tamen

329 420 469 450 multum
493 420 645 460 impedit:
675 431 715 451 eo
740 420 830 461 quod
852 430 921 451 non
945 420 1037 451 facile
1060 426 1167 460 potest
1190 429 1258 450 esse
1281 429 1342 460 pax
1365 420 1399 449 in

330 463 448 494 familia
463 465 518 495 ubi
535 465 592 495 uni
603 466 672 495 viro
689 466 796 505 plures
811 474 928 495 uxores
947 465 1134 504 iunguntur,
1149 474 1224 495 cum
1241 474 1308 494 non
1325 473 1399 503 pos-

329 509 368 538 sit
391 518 476 539 unus
492 510 538 539 vir
562 509 707 540 sufficere
731 509 770 540 ad
793 508 1051 540 satisfaciendum
1079 509 1224 549 pluribus
1247 508 1400 538 uxoribus

330 552 370 583 ad
392 559 522 590 votum;
547 559 579 584 et
601 555 678 594 quia
700 554 952 584 communicatio
977 553 1119 593 plurium
1142 554 1175 583 in
1199 562 1267 583 uno
1292 551 1399 582 officio

329 603 438 628 causat
456 598 554 634 litem,
571 599 653 629 sicut
657 598 763 639 figuli
777 598 997 628 conrixantur
1014 597 1057 628 ad
1073 597 1207 628 invicem
1223 598 1250 632 ἢ
1267 602 1299 626 et
1314 596 1400 626 simi-

329 641 399 672 liter
413 642 521 682 plures
537 652 653 673 uxores
668 643 764 673 unius
780 643 848 672 viri.
861 660 883 664 -
894 642 1041 672 Tertium
1057 647 1165 672 autem
1181 640 1279 671 finem
1295 640 1400 670 totali-

328 691 376 717 ter
391 686 492 717 tollit:
514 696 554 717 eo
571 686 671 726 quod,
684 687 766 717 sicut
778 686 924 717 Christus
940 691 987 717 est
1002 695 1097 721 unus,
1110 686 1153 715 ita
1165 685 1308 715 Ecclesia
1324 694 1398 714 una.

384 731 426 761 Et
449 731 523 762 ideo
539 736 626 771 patet
642 740 680 761 ex
696 730 787 761 dictis
803 730 894 770 quod
909 730 1070 770 pluralitas
1086 738 1225 759 uxorum
1242 728 1400 769 quodam-

329 774 430 805 modo
451 780 498 806 est
513 781 624 806 contra
646 775 751 814 legem
773 780 915 810 naturae,
933 779 964 804 et
980 773 1224 814 quodammodo
1240 782 1318 803 non.

384 819 436 849 An
459 829 577 850 panum
600 828 683 849 anco
707 828 868 848 menmium
891 818 982 858 quod
1006 817 1209 848 consuetudo
1226 827 1294 847 non
1309 825 1399 856 prae-

329 862 448 894 iudicat
470 863 533 903 legi
555 868 686 894 naturae
714 868 872 903 quantum
896 862 936 892 ad
959 862 1062 902 prima
1090 867 1261 902 praecepta
1282 861 1398 901 ipsius,

329 916 412 947 quae
435 913 510 938 sunt
532 908 624 947 quasi
647 916 838 937 communes
861 907 960 937 animi
984 907 1215 946 conceptiones
1235 906 1269 936 in
1285 915 1399 946 specu-

328 951 431 982 lativis
447 952 473 982 ³.
505 951 568 982 Sed
591 961 628 981 ea
652 960 735 991 quae
759 961 796 981 ex
820 951 886 981 istis
909 951 1078 981 trahuntur
1101 956 1137 981 ut
1160 950 1397 986 conclusiones,

328 995 526 1026 consuetudo
549 1001 665 1037 auget,
689 1001 726 1026 ut
748 995 876 1026 Tullius
899 995 985 1031 dicit,
1008 996 1043 1025 in
1066 995 1107 1025 ΙΙΙ
1131 995 1293 1025 Rhetoric.
1310 995 1343 1031 θ,
1369 1000 1399 1024 et

328 1040 471 1070 similiter
498 1040 623 1070 minuit.
655 1040 696 1070 Et
719 1039 906 1070 huiusmodi
937 1045 984 1070 est
1010 1045 1219 1080 praeceptum
1242 1039 1320 1079 legis
1343 1048 1399 1069 na-

327 1089 417 1114 turae
441 1084 480 1115 de
504 1085 626 1115 unitate
649 1085 766 1115 uxoris.

382 1129 434 1159 An
458 1138 620 1159 sacuunuu
643 1139 804 1159 mmmmm
827 1127 927 1168 quod,
949 1129 1031 1159 sicut
1054 1128 1181 1158 Tullius
1205 1127 1280 1158 dicit
1296 1129 1322 1164 *‚
1348 1137 1399 1158 res

327 1182 349 1203 a
372 1178 493 1204 natura
517 1174 683 1215 perfectas
707 1178 738 1204 et
760 1183 780 1204 a
804 1173 1036 1204 consuetudine
1065 1173 1260 1213 approbatas
1290 1173 1398 1213 legum

327 1222 431 1248 metus
453 1223 484 1248 et
507 1218 626 1259 religio
649 1218 769 1248 sanxit.
803 1217 897 1248 Unde
925 1223 1012 1258 patet
1042 1217 1132 1258 quod
1161 1217 1215 1247 illa
1242 1226 1325 1257 quae
1347 1216 1398 1247 lex

327 1260 591 1297 mumtcrdicta‘t
606 1263 698 1302 quasi
713 1271 752 1292 ex
766 1263 877 1302 primis
896 1263 1060 1302 principiis
1076 1262 1154 1302 legis
1169 1267 1300 1292 naturae
1317 1260 1398 1292 deri-

327 1312 417 1343 vata,
444 1316 512 1337 non
539 1307 658 1337 habent
683 1307 749 1337 vim
780 1307 957 1337 coactivam
987 1316 1045 1347 per
1070 1305 1206 1336 modum
1236 1306 1398 1346 praecepti

328 1351 484 1388 absolute,
501 1352 562 1381 nisi
577 1356 751 1391 postquam
766 1351 837 1391 lege
854 1350 960 1381 divina
975 1357 1006 1381 et
1022 1351 1163 1381 humana
1178 1351 1298 1381 sancita
1313 1355 1396 1380 sunt.

328 1395 370 1426 Et
392 1395 457 1426 hoc
485 1401 532 1426 est
554 1395 644 1435 quod
675 1395 751 1426 dicit
780 1396 998 1435 Augustinus,
1023 1395 1113 1435 quod
1142 1405 1210 1425 non
1241 1394 1400 1432 faciebant

329 1445 440 1470 contra
462 1445 681 1480 praeceptum,
705 1440 783 1481 quia
807 1440 899 1470 nulla
923 1440 995 1481 Iege
1017 1445 1089 1470 erat
1105 1439 1314 1480 prohibitum.

383 1484 435 1515 An
458 1494 593 1515 ‘ranrnm
615 1490 702 1525 patet
724 1484 844 1515 solutio
869 1494 907 1514 ex
930 1484 1021 1514 dictis
1036 1485 1063 1514 ἓ.

383 1528 435 1559 AD
459 1538 608 1559 01111111·οΜ
636 1539 797 1559 1116111111οΜ
823 1528 912 1568 quod
935 1529 985 1559 ius
1008 1528 1151 1558 naturale
1179 1527 1399 1568 multipliciter

328 1573 492 1613 accipitur.
516 1573 625 1604 Primo
645 1574 732 1603 enim
747 1572 880 1612 aliquod
894 1573 945 1603 ius
961 1572 1075 1614 dicitur
1098 1572 1241 1602 naturale
1258 1582 1296 1602 ex
1312 1572 1398 1612 prin-

328 1618 432 1659 cipio,
453 1617 529 1657 quia
551 1622 664 1647 natura
686 1622 733 1647 est
755 1616 904 1647 inditum.
940 1617 981 1647 Et
1003 1617 1048 1647 sic
1072 1615 1183 1646 definit
1206 1616 1342 1651 Tullius,
1364 1616 1398 1646 in

328 1661 356 1692 11
378 1661 542 1692 Rhetoric.
558 1662 593 1697 *,
618 1660 746 1691 dicens:
770 1661 828 1691 Ius
851 1666 990 1691 naturae
1013 1666 1058 1691 est
1082 1660 1170 1701 quod
1193 1670 1258 1690 non
1287 1660 1397 1700 opinio

325 1706 450 1747 genuit,
474 1705 530 1736 sed
551 1705 710 1746 quaedam
733 1705 846 1735 innata
870 1705 918 1735 vis
941 1705 1086 1735 inseruit.

382 1750 424 1781 Et
439 1750 515 1790 quia
530 1750 627 1780 etiam
641 1750 676 1780 in
691 1750 786 1780 rebus
808 1749 1005 1780 naturalibus
1029 1749 1179 1779 dicuntur
1202 1748 1301 1788 aliqui
1327 1757 1398 1778 mo-

326 1799 378 1825 tus
400 1794 576 1830 naturales,
599 1803 667 1824 11011
691 1794 767 1834 quia
790 1794 852 1824 sint
876 1803 914 1824 ex
937 1794 1096 1833 principio
1126 1793 1318 1828 intrinseco,
1343 1792 1399 1822 sed

327 1838 403 1879 quia
425 1843 500 1869 sunt
523 1848 541 1869 a
564 1839 724 1879 principio
748 1838 906 1878 superiori
927 1843 1091 1874 movente,
1111 1838 1193 1868 sicut
1215 1842 1324 1868 motus
1341 1837 1398 1876 qui

326 1888 402 1914 sunt
423 1883 458 1913 in
482 1883 648 1914 elementis
676 1892 715 1913 ex
744 1883 956 1923 impressione
986 1892 1162 1922 corporum
1193 1882 1396 1917 caelestium,

325 1927 485 1958 naturales
508 1926 668 1963 dicuntur,
691 1932 728 1957 ut
751 1926 999 1958 Commentator
1022 1926 1107 1963 dicit,
1129 1927 1162 1957 in
1186 1926 1228 1956 III
1254 1926 1346 1956 Coeli
1367 1931 1399 1956 et

2449 164 2518 202 133

1453 247 1561 272 autem
1592 242 1723 281 requirit
1751 243 1992 273 matrimonium
2020 249 2055 273 ut
2079 245 2223 283 quolibet
2252 250 2398 285 tempore
2428 246 2521 276 uxori

1452 286 1574 326 petenti
1597 286 1645 316 vir
1668 285 1812 316 debiturn
1835 286 1954 322 reddat,
1977 293 2134 326 quantum
2151 288 2190 318 ad
2205 288 2237 319 id
2253 289 2292 319 ad
2309 289 2398 329 quod
2414 290 2520 321 matn'-

1453 330 1602 360 monium
1625 330 1841 370 principaliter
1857 336 1904 360 est
1919 331 2109 367 institutum,
2127 333 2246 363 scilicet
2268 334 2391 364 bonum
2411 334 2519 374 prolis,

1454 374 1508 405 sed
1529 380 1687 414 quantum
1710 374 1826 405 sufficit
1849 374 1889 404 ad
1911 375 2228 414 impraegnationem.
2253 378 2398 417 Requirit
2413 385 2520 409 autern

1422 430 1430 450 ς
1454 419 1517 449 1106
1536 419 1778 449 matrimonium
1801 419 1995 459 inquantum
2011 425 2058 449 est
2073 420 2112 450 ad
2128 421 2305 451 remedium
2328 423 2519 460 institutum,

1455 463 1545 503 quod
1561 469 1608 493 est
1624 463 1829 493 secundarius
1846 464 1944 503 ipsius
1961 462 2042 499 finis,
2060 470 2095 494 ut
2111 466 2255 504 quolibet
2271 471 2416 505 tempore
2433 467 2520 498 debi-

1454 513 1524 537 tum
1547 508 1669 547 petenti
1692 507 1841 538 reddatur
1857 509 1883 537 *.
1914 507 1954 538 Et
1970 508 2014 538 sic
2031 514 2117 547 patet
2133 509 2223 548 quod
2239 511 2398 549 accipiens
2414 512 2520 551 plures
2548 522 2558 532 ·

1454 561 1570 582 uxores
1593 561 1661 582 non
1685 561 1719 582 se
1742 552 1861 592 obligat
1884 551 1924 582 ad
1947 552 2154 592 impossibile,
2178 553 2377 585 considerato
2405 557 2521 595 princi-

1454 596 1518 635 pali
1541 595 1606 626 fine
1635 597 1840 627 matrimonii.
1871 596 1912 626 Et
1934 595 2008 626 ideo
2036 597 2198 636 pluralitas
2223 607 2361 629 uxorum
2384 609 2452 630 non
2475 606 2522 631 est

1415 650 1441 664 ¹⁰
1455 645 1566 670 contra
1589 646 1758 680 praecepta
1781 641 1884 680 prima
1906 640 1984 680 legis
2007 647 2148 672 naturae.

1509 684 1560 714 Α1)
1585 694 1735 715 smyrnum
1751 686 1768 701 ⁴*
1791 694 1951 715 meatuum
1982 685 2072 725 quod
2101 685 2180 716 illud
2209 692 2417 727 praeceptum
2444 688 2522 728 legis

1454 733 1596 764 naturae,
1623 728 1720 764 Quod
1742 729 1798 759 tibi
1822 739 1887 759 non
1912 729 1960 759 vis
1972 730 2064 770 fieri,
2089 730 2184 760 alteri
2209 740 2248 760 ne
2262 731 2403 772 seceris,
2429 732 2522 762 debet

1454 772 1601 812 intelligi,
1627 773 1737 803 eadem
1755 774 1973 813 proportione
1995 780 2146 805 servata:
2168 784 2235 805 non
2260 776 2359 812 enim,
2384 777 2409 806 si
2433 786 2522 816 prae—

1454 815 1536 846 latus
1559 826 1626 847 non
1650 818 1718 848 vult
1742 818 1800 848 sibi
1824 819 1924 848 resisti
1940 828 1957 848 a
1974 818 2112 855 subdito,
2136 819 2204 859 ipse
2228 820 2356 850 subdito
2379 821 2522 851 resistere

1415 870 1520 890 ι111011
1546 861 1650 892 debet.
1681 862 1722 892 Et
1744 862 1818 893 ideo
1842 872 1910 893 non
1934 868 2063 903 oportet
2085 863 2184 903 quod,
2210 873 2247 894 ex
2270 865 2302 895 vi
2325 865 2409 895 illius
2432 875 2522 905 prae-

1454 906 1550 945 cepti,
1575 905 1665 945 quod
1688 907 1714 937 si
1736 907 1784 937 vir
1806 917 1873 938 non
1896 907 1965 937 vult
1989 907 2079 948 quod
2102 918 2183 939 uxor
2206 918 2263 939 sua
2286 909 2400 940 habeat
2423 910 2522 940 alium

1453 950 1568 986 virum,
1593 950 1683 990 quod
1705 951 1773 991 ipse
1796 961 1864 982 non
1887 952 2001 982 habeat
2023 953 2118 983 aliam
2141 962 2295 984 uxorem:
2321 954 2396 993 quia
2419 964 2522 985 unum

1453 994 1558 1025 virum
1574 995 1690 1026 habere
1705 996 1812 1036 plures
1829 1005 1944 1027 uxores
1959 1006 2027 1026 non
2043 1002 2090 1027 est
2106 1002 2217 1027 contra
2234 998 2336 1038 prima
2353 1004 2521 1039 praecepta

1452 1038 1531 1078 legis
1554 1045 1695 1076 naturae,
1719 1045 1756 1070 ut
1779 1040 1900 1072 dictum
1925 1046 1972 1071 est
1986 1042 2021 1077 *;
2047 1040 2103 1072 sed
2126 1051 2224 1072 unam
2247 1052 2382 1073 uxorem
2405 1043 2520 1074 habere

1413 1091 1439 1106 ²⁰
1452 1083 1561 1122 plures
1584 1084 1669 1114 viros
1693 1090 1740 1115 est
1763 1090 1874 1115 contra
1896 1086 1999 1125 prima
2022 1091 2190 1126 praecepta
2213 1086 2291 1126 legis
2314 1093 2455 1124 naturae,
2480 1097 2520 1118 eo

1454 1127 1544 1167 quod
1558 1137 1616 1168 per
1631 1129 1694 1158 hoc
1711 1135 1868 1169 quantum
1885 1129 1925 1160 ad
1940 1129 2060 1170 aliquid
2076 1131 2215 1161 totaliter
2229 1131 2360 1167 tollitur,
2373 1137 2404 1162 et
2420 1141 2521 1172 quan-

1453 1179 1523 1202 tum
1547 1172 1586 1203 ad
1609 1173 1731 1213 aliquid
1753 1174 1926 1214 impeditur
1948 1174 2072 1205 bonum
2096 1175 2204 1214 prolis,
2222 1175 2311 1215 quod
2334 1182 2381 1206 est
2404 1177 2521 1216 princi-

1452 1216 1531 1256 palis
1547 1218 1742 1248 matrimonii
1759 1218 1841 1249 finis.
1866 1219 1902 1248 In
1918 1220 2007 1249 bono
2032 1219 2118 1249 enim
2138 1219 2237 1259 prolis
2253 1220 2438 1260 intelligitur
2453 1230 2521 1252 non

1453 1261 1559 1291 solum
1575 1263 1766 1301 procreatio,
1783 1263 1838 1293 sed
1854 1263 1949 1293 etiarn
1969 1263 2127 1294 educatio.
2153 1264 2223 1303 Ipsa
2239 1265 2325 1294 enim
2340 1266 2520 1304 procreatio

1412 1317 1435 1337 ες
1452 1305 1560 1345 prolis,
1575 1307 1632 1336 etsi
1644 1316 1711 1336 non
1727 1308 1865 1338 totaliter
1876 1308 2014 1344 tollatur,
2032 1308 2108 1348 quia
2124 1309 2281 1348 contingit
2295 1314 2370 1348 post
2385 1310 2521 1349 imprae-

1451 1350 1637 1389 gnationem
1653 1351 1789 1390 primam
1804 1353 1920 1382 iterum
1937 1353 2104 1382 mulierem
2119 1353 2340 1392 impraegnari,
2357 1359 2393 1384 ut
2408 1353 2522 1385 dicitur

1451 1394 1485 1424 in
1509 1394 1552 1424 IX
1575 1394 1614 1425 de
1636 1395 1776 1426 Animal.
1794 1397 1829 1432 *3
1854 1401 1961 1426 tamen
1990 1396 2129 1427 multum
2157 1397 2347 1437 impeditur,
2371 1399 2447 1438 quia
2469 1399 2521 1428 vix

1451 1443 1558 1478 potest
1581 1439 1724 1470 accidere
1741 1441 1818 1480 quin
1836 1441 2000 1480 corruptio
2024 1441 2146 1471 accidat
2169 1447 2326 1481 quantum
2342 1442 2382 1473 ad
2397 1448 2521 1474 utrum-

1453 1491 1517 1522 que
1532 1482 1634 1513 fetum
1650 1484 1700 1514 vel
1717 1490 1875 1524 quantum
1895 1485 1935 1515 ad
1956 1485 2100 1516 alterum.
2125 1485 2188 1516 Sed
2212 1486 2359 1516 educatio
2382 1487 2521 1518 totaliter

1413 1537 1439 1557 30
1451 1527 1592 1557 tollitur:
1626 1529 1701 1567 quia
1729 1538 1767 1558 ex
1795 1529 1860 1560 hoc
1891 1529 1981 1569 quod
2010 1539 2075 1560 una
2105 1530 2220 1560 mulier
2251 1530 2358 1570 plures
2390 1532 2520 1562 maritos

1452 1571 1592 1608 haberet,
1609 1579 1795 1612 sequeretur
1816 1573 2009 1604 incertitudo
2028 1574 2127 1614 prolis
2142 1580 2290 1614 respectu
2305 1575 2412 1614 patris,
2429 1577 2520 1607 cuius

1453 1624 1529 1645 cura
1551 1618 1727 1647 necessaria
1755 1623 1801 1647 est
1823 1618 1856 1648 in
1883 1617 2062 1648 educando.
2094 1619 2135 1648 Et
2158 1618 2231 1649 ideo
2261 1619 2349 1650 nulla
2376 1619 2446 1659 lege
2469 1620 2521 1651 vel

1453 1660 1687 1691 consuetudine
1704 1667 1751 1692 est
1766 1662 1958 1701 permissum
1974 1672 2072 1692 unam
2091 1662 2259 1693 mulierem
2282 1663 2398 1694 habere
2413 1664 2520 1704 plures

1452 1713 1548 1739 viros,
1573 1705 1655 1734 sicut
1678 1714 1695 1735 e
1720 1715 1887 1736 converso.

1507 1747 1558 1778 An
1587 1758 1733 1779 ocravuu
1752 1751 1769 1766 ³*
1792 1760 1952 1780 1116111111οΜ
1986 1750 2076 1790 quod
2108 1751 2258 1781 naturalis
2290 1751 2455 1782 inclinatio
2486 1753 2520 1783 in

1452 1793 1625 1831 appetitiva
1641 1794 1785 1834 sequitur
1803 1795 1980 1824 naturalem
2004 1796 2253 1835 conceptionem
2274 1796 2307 1826 in
2324 1797 2519 1835 cognitione.

1452 1836 1494 1866 Et
1514 1837 1590 1876 quia
1607 1847 1675 1868 non
1694 1839 1737 1868 ita
1758 1843 1805 1869 est
1824 1844 1936 1869 contra
1959 1840 2208 1879 conceptionem
2230 1840 2408 1870 naturalem
2431 1841 2521 1881 quod

1451 1881 1499 1910 vir
1522 1881 1637 1912 habeat
1664 1883 1771 1922 plures
1799 1893 1915 1914 uxores
1943 1883 2025 1914 sicut
2052 1883 2142 1924 quod
2169 1894 2250 1914 uxor
2272 1885 2387 1915 habeat
2413 1885 2521 1926 plures

1453 1925 1546 1962 viros,
1563 1925 1637 1957 ideo
1658 1926 1789 1958 affectus
1812 1929 1920 1958 uxoris
1943 1938 2011 1958 non
2034 1934 2159 1959 tantum
2182 1928 2298 1969 refugit
2321 1931 2521 1961 consortium

326 1972 446 2003 Mundi
460 1973 496 2008 *3
521 1971 595 2002 ideo
620 1981 658 2002 ea
680 1981 763 2012 quae
788 1977 862 2002 sunt
877 1971 917 2002 de
933 1972 1001 2002 iure
1026 1971 1146 2007 divino,
1163 1970 1313 2001 dicuntur
1329 1980 1396 2001 esse
1410 1983 1438 2003 φ
1451 1970 1485 2000 111
1500 1971 1570 2000 viro
1594 1971 1676 2002 sicut
1692 1981 1710 2002 e
1726 1981 1893 2003 converso.
1917 1972 1959 2002 Et
1973 1972 2048 2003 ideo
2071 1978 2137 2003 tam
2160 1974 2193 2003 in
2216 1974 2401 2004 hominibus
2423 1984 2520 2014 quam

326 2016 368 2047 de
393 2017 462 2048 iure
492 2016 643 2053 naturali,
671 2026 747 2047 cum
777 2017 840 2047 sint
870 2025 908 2046 ex
938 2016 1150 2056 impressione
1177 2021 1208 2046 et
1234 2015 1396 2054 infusione

326 2062 499 2102 superioris
514 2061 674 2102 principii,
686 2061 807 2091 scilicet
818 2061 889 2091 Dei.
903 2060 944 2091 Et
959 2061 1004 2090 sic
1020 2061 1175 2101 accipitur
1187 2061 1226 2090 ab
1237 2059 1360 2090 ssidoro
1368 2060 1395 2096 *‚

326 2107 384 2146 qui
407 2105 484 2136 dicit
506 2105 597 2146 quod
620 2106 671 2136 ius
694 2105 846 2135 naturale
868 2110 916 2136 est
937 2105 1024 2146 quod
1047 2105 1080 2136 in
1105 2105 1177 2146 lege
1192 2109 1224 2136 et
1238 2105 1271 2135 in
1286 2104 1397 2135 Evan-

325 2150 414 2192 gelio
438 2150 632 2180 continetur.

382 2195 505 2231 Tertio,
529 2194 645 2224 dicitur
667 2194 717 2224 ius
739 2193 883 2224 naturale
905 2203 974 2224 non
997 2193 1104 2224 solum
1119 2203 1138 2223 a
1152 2194 1323 2234 principio,
1340 2192 1396 2223 sed
1410 2205 1434 2226 45

327 2249 346 2270 a
368 2244 494 2275 natura,
519 2239 595 2279 quia
618 2238 658 2269 de
681 2238 876 2269 naturalibus
900 2244 956 2269 est.
987 2238 1029 2268 Et
1052 2238 1128 2278 quia
1150 2243 1263 2268 natura
1285 2243 1397 2268 contra

326 2284 485 2314 rationem
508 2282 667 2319 dividitur,
692 2292 710 2313 a
733 2292 798 2323 qua
820 2283 921 2313 homo
945 2288 992 2313 est
1013 2283 1130 2319 homo,
1154 2282 1244 2319 ideo,
1268 2283 1396 2312 strictis-

327 2328 410 2358 simo
434 2327 534 2359 modo
558 2326 736 2367 accipiendi
757 2328 807 2357 ius
829 2327 982 2364 naturale,
1001 2327 1055 2357 illa
1078 2337 1162 2367 quae
1185 2327 1225 2358 ad
1247 2327 1397 2358 homines

327 2377 454 2403 tantum
476 2372 646 2412 pertinent,
663 2372 722 2402 etsi
744 2372 807 2402 sint
829 2371 869 2402 de
888 2371 1060 2402 dictamine
1081 2372 1232 2402 naturalis
1254 2372 1395 2407 rationis,

1451 2014 1485 2044 in
1501 2014 1568 2045 aliis
1584 2016 1773 2046 animalibus
1795 2017 1956 2049 invenitur
1975 2018 2079 2048 maior
2099 2017 2186 2048 zelus
2202 2019 2296 2048 maris
2311 2018 2352 2049 ad
2367 2017 2520 2051 feminam

1452 2068 1550 2099 quam
1575 2069 1592 2090 e
1616 2070 1782 2091 converso.

1629 2136 1730 2167 ART.
1752 2137 1789 2167 11.
1814 2147 1919 2167 urium
1942 2147 2063 2168 HABERE
2086 2148 2199 2168 PLURES
2223 2148 2341 2169 uxoans

1685 2191 1837 2212 POTURRI‘I'
1860 2192 2042 2212 ALIQUANDO
2067 2192 2136 2213 ESSE
2159 2192 2285 2213 LICITUM

1678 2231 1709 2253 111
1725 2231 1792 2253 Cont.
1810 2231 1893 2259 Germ,
1908 2238 1958 2259 cap.
1975 2238 2058 2258 cxxiv;
2073 2232 2118 2258 IV,
2134 2225 2184 2260 cap.
2200 2239 2292 2255 uxvnr.

1451 2292 1536 2355 An
1552 2293 1715 2313 sacunmm
1731 2293 1776 2314 516
1791 2293 1996 2313 paoeanrrua.
2009 2282 2142 2314 Videtur
2165 2283 2254 2324 quod
2274 2284 2390 2315 habere
2413 2285 2519 2325 plures

1516 2337 1631 2358 uxores
1643 2337 1711 2358 non
1722 2328 1864 2368 potuerit
1875 2327 2048 2368 aliquando
2061 2338 2128 2358 esse
2140 2328 2275 2358 licitum.
2297 2328 2382 2366 Quia
2406 2339 2519 2361 secun-

1451 2370 1530 2401 dum
1553 2372 1796 2412 Philosophum,
1820 2373 1854 2403 in
1877 2372 1906 2402 V
1928 2372 2033 2403 Ethic.
2049 2373 2076 2409 *,
2101 2373 2151 2403 ius
2175 2373 2326 2403 naturale
2347 2383 2472 2414 semper
2489 2380 2521 2405 et
2547 2380 2557 2390 ·

327 2426 397 2447 11011
413 2415 563 2447 dicuntur
585 2425 654 2446 esse
677 2415 716 2446 de
739 2417 808 2447 iure
830 2416 985 2453 naturali;
1009 2415 1066 2446 sed
1088 2416 1142 2447 illa
1164 2422 1290 2446 tantum
1314 2425 1396 2456 quae
1412 2427 1437 2447 5⁰
1452 2416 1567 2457 ubique
1589 2417 1682 2447 habet
1705 2417 1839 2447 eandem
1855 2417 2047 2457 potentiam.
2072 2417 2135 2448 Sed
2157 2418 2225 2448 iure
2249 2418 2383 2448 naturali
2410 2419 2519 2459 prohi-

328 2460 479 2492 natm-alis
508 2461 589 2491 ratio
619 2460 716 2491 dictat
746 2460 785 2491 de
811 2461 860 2491 his
890 2470 973 2501 quae
1003 2465 1078 2491 sunt
1107 2461 1232 2491 homini
1263 2460 1398 2501 aliisque

329 2505 526 2536 communia.
558 2505 601 2535 Et
630 2505 676 2536 sic
706 2504 797 2535 datur
827 2504 911 2535 dicta
937 2504 1083 2536 definitio
1103 2506 1137 2542 *,
1167 2505 1307 2536 scilicet:
1340 2505 1398 2536 Ius

329 2550 481 2581 naturale
504 2554 551 2580 est
573 2549 660 2590 quod
682 2554 802 2580 natura
826 2550 935 2580 omnia
958 2550 1116 2586 animalia
1139 2549 1258 2580 docuit.

384 2594 550 2624 Pluralitas
581 2603 657 2634 ergo
690 2603 846 2630 uxorum,
871 2595 1017 2634 quamvis
1039 2603 1107 2624 non
1138 2595 1178 2625 sit
1207 2599 1319 2625 contra
1347 2595 1398 2625 ius

1451 2461 1544 2491 betur
1567 2461 1729 2501 pluralitas
1751 2471 1901 2498 uxorum,
1925 2467 1961 2492 ut
1985 2471 2023 2492 ex
2047 2461 2137 2492 dictis
2153 2462 2170 2479 ³*
2193 2467 2289 2502 patet.
2317 2462 2414 2503 Ergo,
2438 2464 2520 2494 sicut

1450 2505 1552 2536 modo
1575 2515 1644 2536 non
1666 2506 1750 2542 licet,
1770 2507 1813 2536 ita
1836 2515 1896 2536 nec
1920 2515 2066 2546 unquam
2088 2506 2188 2536 licuit.

1509 2560 1538 2580 2.
1562 2550 1759 2587 Pmmmt,
1777 2551 1803 2581 si
1819 2550 1993 2591 aliquando
2014 2551 2114 2586 licuit,
2130 2551 2194 2581 1106
2209 2560 2277 2581 11011
2293 2550 2354 2581 fuit
2368 2552 2429 2582 nisi
2445 2553 2520 2592 quia

1451 2595 1503 2625 vel
1525 2604 1585 2635 per
1600 2605 1639 2625 se
1662 2595 1786 2626 licitum
1814 2601 1898 2632 erat,
1922 2595 1974 2626 vel
1999 2605 2057 2635 per
2080 2595 2220 2635 aliquam
2249 2595 2520 2635 dispensationem

328 2638 472 2669 naturale
494 2639 588 2669 tertio
606 2637 707 2668 modo
724 2643 903 2678 acceptum,
921 2643 968 2669 est
981 2644 1090 2669 tamen
1114 2639 1290 2669 contraius
1305 2644 1398 2669 natu-
1413 2648 1436 2669 ςς
1451 2639 1576 2670 licebat.
1601 2639 1634 2670 Si
1658 2640 1764 2680 primo
1787 2639 1900 2676 modo,
1924 2640 1969 2670 sic
1993 2640 2088 2670 etiam
2112 2649 2199 2670 nunc
2223 2640 2347 2670 licitum
2371 2646 2462 2671 esset.
2487 2640 2519 2672 Si

329 2683 394 2714 rale
417 2682 561 2713 secundo
585 2682 685 2713 modo
709 2688 898 2723 acceptum:
922 2683 999 2723 quia
1021 2683 1090 2714 iure
1113 2682 1223 2714 divino
1247 2683 1397 2723 prohibe-

282 2746 287 2751 ·
329 2733 382 2758 tur
397 2728 423 2757 *.
448 2727 490 2757 Et
505 2728 602 2758 etiam
625 2733 736 2757 contra
751 2728 801 2758 ius
816 2727 958 2758 naturale
978 2728 1084 2767 primo
1100 2727 1200 2758 modo
1217 2733 1397 2767 acceptum,

1452 2689 1561 2715 autem
1584 2683 1728 2714 secundo
1751 2684 1863 2721 modo,
1884 2685 1948 2715 hoc
1971 2694 2040 2715 esse
2062 2694 2129 2714 non
2153 2690 2268 2724 potest.
2294 2684 2389 2722 Quia,
2406 2694 2519 2716 secun-

1452 2728 1532 2759 dum
1554 2728 1773 2769 Augustinum
1789 2730 1815 2765 *‚
1839 2729 1938 2765 Deus,
1956 2738 2029 2759 cum
2047 2729 2090 2759 sit
2112 2734 2251 2760 naturae
2268 2729 2436 2765 Conditor,
2454 2739 2518 2760 non

329 2777 366 2803 ut
389 2781 427 2802 ex
451 2771 542 2802 dictis
557 2772 574 2788 ⁴*
597 2777 702 2811 patet:
734 2772 810 2812 quia
840 2777 953 2802 natura
982 2771 1079 2802 dictat
1109 2772 1238 2802 animali
1268 2772 1399 2802 cuilibet
1443 2773 1535 2815 facit
1556 2773 1682 2813 aliquid
1703 2778 1820 2804 contra
1843 2774 1988 2804 rationes
2002 2783 2083 2814 quas
2106 2779 2245 2804 naturae
2264 2774 2408 2804 inseruit.
2434 2773 2519 2805 Cum

328 2815 510 2847 secundum
528 2816 665 2846 modum
685 2816 932 2846 convenientem
948 2825 1024 2846 suae
1040 2816 1168 2856 speciei.
1193 2815 1286 2847 Unde
1303 2817 1398 2847 etiam
1453 2827 1529 2858 ergo
1553 2823 1684 2848 naturae
1700 2823 1828 2848 nostrae
1846 2818 1935 2849 Deus
1951 2818 2118 2848 inseruerit
2134 2818 2224 2858 quod
2240 2819 2279 2848 sit
2293 2828 2358 2848 una
2381 2819 2476 2849 unius
2491 2819 2518 2855 *‚

329 2860 489 2902 quaedam
511 2861 670 2896 animalia,
687 2861 720 2890 in
737 2860 853 2900 quibus
869 2860 909 2890 ad
925 2859 1151 2891 educationem
1173 2861 1272 2901 prolis
1291 2861 1398 2900 requi-
1411 2868 1440 2888 ⁶0
1452 2861 1578 2892 videtur
1600 2861 1691 2902 quod
1713 2863 1783 2902 ipse
1806 2868 1917 2893 contra
1940 2862 2004 2893 hoc
2026 2872 2194 2902 nunquam
2218 2862 2454 2902 dispensaverit.

328 2906 408 2936 ritur
431 2904 614 2936 sollicitudo
638 2905 816 2945 utriusque,
841 2905 961 2935 scilicet
982 2905 1077 2935 maris
1094 2910 1125 2935 et
1140 2904 1289 2941 feminae,
1305 2910 1398 2936 natu-

328 2950 387 2980 rali
401 2950 555 2980 instinctu
575 2955 701 2980 servant
724 2949 989 2980 coniunctionem
1005 2949 1101 2979 unius
1117 2948 1157 2979 ad
1172 2959 1292 2980 unum:
1316 2949 1399 2980 sicut

329 2999 417 3035 patet
439 2995 473 3024 in
495 2999 618 3024 turture
642 2999 674 3024 et
696 2993 848 3024 columba
871 2999 903 3024 et
925 2993 1113 3024 huiusmodi
1128 2994 1155 3023 *.

384 3038 447 3070 San
464 3048 540 3068 ema
553 3039 692 3069 rationes
707 3037 857 3069 inductae
872 3038 905 3068 in
922 3038 1118 3068 contrarium
1132 3037 1280 3068 videntur
1292 3043 1399 3069 osten-

1509 2906 1539 2936 3.
1563 2906 1766 2943 Paanraana,
1791 2907 1818 2937 si
1840 2906 1962 2947 aliquid
1988 2912 2035 2937 est
2058 2907 2182 2937 licitum
2205 2917 2243 2937 ex
2266 2906 2518 2947 dispensatione,

1452 2951 1516 2981 hoc
1539 2959 1607 2980 non
1630 2951 1705 2981 licet
1726 2951 1787 2981 nisi
1810 2951 1870 2982 illis
1894 2951 2011 2992 quibus
2035 2951 2228 2991 dispensatio
2245 2950 2289 2982 fit.
2313 2951 2388 2982 Non
2412 2957 2520 2983 autem

1452 2995 1568 3035 legitur
1590 2995 1697 3035 aliqua
1720 2995 1915 3036 dispensatio
1938 2997 2121 3026 communis
2137 2996 2171 3026 in
2186 2996 2256 3036 lege
2276 3005 2351 3026 cum
2370 2997 2520 3026 omnibus

1453 3038 1545 3069 facta.
1570 3038 1657 3070 Cum
1680 3049 1756 3079 ergo
1781 3049 1896 3070 omnes
1922 3041 2138 3071 communiter
2162 3041 2218 3080 qui
2241 3040 2391 3071 volebant
2413 3040 2520 3080 plures

329 3082 405 3114 dere
433 3082 524 3123 quod
550 3083 713 3123 pluralitas
741 3092 881 3113 uxorum
908 3083 948 3112 sit
975 3088 1087 3112 contra
1114 3083 1217 3122 prima
1243 3082 1400 3122 principia
1412 3089 1437 3115 65
1453 3093 1570 3114 uxores
1593 3084 1775 3124 acciperent
1796 3084 1831 3114 in
1853 3085 1952 3116 veteri
1968 3084 2187 3121 Testamento,
2204 3095 2265 3116 nec
2283 3094 2321 3115 ex
2337 3085 2400 3115 hoc
2415 3094 2520 3125 repre-

329 3127 408 3167 legis
430 3132 571 3164 naturae,
588 3126 663 3158 ideo
679 3127 719 3158 ad
735 3137 787 3158 eas
803 3126 1075 3167 respondendum.
1099 3127 1141 3157 Et
1163 3125 1336 3158 dicendum
1357 3126 1400 3157 ad
1453 3127 1675 3158 hendebantur
1702 3129 1736 3158 in
1758 3128 1829 3168 lege
1850 3129 1902 3159 vel
1925 3138 1944 3159 a
1966 3129 2148 3169 prophetis,
2178 3139 2246 3160 non
2276 3128 2400 3159 videtur
2431 3128 2520 3169 quod

294 3183 304 3189 ·
330 3171 476 3211 quintum
491 3172 508 3188 ⁴*
524 3171 615 3212 quod
636 3177 748 3202 natura
763 3172 904 3202 humana
922 3172 1042 3211 absque
1063 3171 1154 3202 omni
1169 3170 1296 3202 defectu
1311 3171 1400 3201 insti·
1454 3171 1550 3203 fuerit
1572 3181 1611 3202 ex
1634 3172 1870 3212 dispensatione
1893 3173 2027 3204 licitum.

330 3219 400 3246 tuta
419 3219 476 3246 est.
494 3215 536 3246 Et
549 3215 624 3246 ideo
647 3226 716 3247 non
739 3217 845 3247 solum
861 3221 936 3246 sunt
957 3215 1056 3246 indita
1073 3216 1102 3246 ei
1116 3215 1170 3246 illa
1191 3216 1260 3246 sine
1283 3216 1400 3256 quibus
1509 3225 1541 3255 4.
1565 3216 1762 3252 Puerum,
1778 3217 1835 3247 ubi
1850 3222 1898 3247 est
1913 3217 2025 3248 eadem
2045 3227 2141 3249 causa
2156 3217 2410 3258 dispensationis,
2427 3217 2520 3247 debet

331 3259 528 3290 matrimonii
549 3259 622 3291 finis
645 3261 828 3301 principalis
851 3270 920 3291 esse
942 3269 1011 3291 non
1031 3265 1147 3300 potest,
1165 3259 1220 3290 sed
1236 3260 1332 3290 etiam
1347 3259 1400 3290 illa
1455 3260 1567 3291 eadem
1583 3260 1776 3301 dispensatio
1793 3260 1870 3291 fieri.
1884 3261 1947 3293 Sed
1963 3271 2058 3292 causa
2073 3261 2317 3303 dispensationis
2332 3271 2399 3292 non
2415 3267 2520 3301 potest

331 3303 400 3333 sine
423 3303 541 3343 quibus
563 3304 769 3336 secundarius
795 3304 869 3336 finis
896 3305 1093 3335 matrimonii
1119 3304 1188 3335 sine
1216 3303 1400 3335 difficultate
1413 3315 1440 3336 7⁰
1453 3305 1514 3336 alia
1540 3305 1620 3345 poni
1649 3305 1710 3335 nisi
1739 3305 1963 3345 multiplicatio
1993 3306 2093 3346 prolis
2116 3306 2156 3337 ad
2179 3306 2303 3337 cultum
2326 3306 2404 3336 Dei:
2436 3314 2519 3345 quae

331 3347 441 3378 haberi
463 3356 530 3378 non
554 3353 672 3387 posset.
705 3349 747 3380 Et
768 3349 831 3380 hoc
854 3349 956 3380 modo
984 3348 1100 3380 sufficit
1126 3349 1252 3379 homini
1275 3349 1308 3378 in
1331 3349 1400 3389 ipsa
1454 3349 1550 3380 etiam
1573 3359 1661 3381 nunc
1683 3350 1860 3382 necessaria
1882 3355 1938 3382 est.
1973 3350 2060 3390 Ergo
2089 3350 2193 3383 adhuc
2220 3350 2303 3380 dicta
2326 3350 2518 3390 dispensatio

333 3392 382 3422 sui
404 3391 604 3422 institutione
626 3393 742 3423 habere
764 3403 863 3424 unam
886 3403 1031 3424 uxorem.
1454 3393 1598 3424 duraret:
1622 3394 1794 3434 praecipue
1818 3403 1894 3424 cum
1916 3404 1984 3427 non
2007 3395 2130 3435 legatur
2151 3400 2308 3427 revocata.

387 3435 440 3466 An
464 3445 583 3466 summ
597 3437 614 3452 “
636 3446 796 3468 mannum(
811 3437 902 3478 quod
924 3439 971 3468 vir
994 3447 1051 3478 per
1073 3437 1316 3468 matn‘monium
1331 3447 1399 3467 non
1512 3438 1540 3468 5.
1564 3437 1760 3474 pannum,
1785 3439 1818 3468 in
1842 3438 2079 3478 dispensatione
2102 3449 2169 3470 non
2194 3438 2288 3469 debet
2313 3438 2516 3478 praetermitti

333 3479 387 3513 dat
409 3480 459 3510 sui
482 3480 626 3520 corporis
647 3485 839 3520 potestatem
862 3483 955 3512 uxori
977 3488 1136 3522 quantum
1151 3481 1191 3513 ad
1207 3483 1326 3518 omnia,
1343 3481 1399 3512 sed
1453 3483 1556 3513 maius
1580 3483 1704 3513 bonum
1727 3488 1857 3523 propter
1880 3483 1986 3514 minus
2009 3483 2144 3514 bonum.
2178 3482 2240 3514 Sed
2263 3482 2342 3512 fides
2365 3487 2396 3512 et
2418 3491 2518 3511 sacra-

334 3524 441 3555 solum
465 3529 623 3564 quantum
645 3523 686 3555 ad
707 3525 762 3556 illa
783 3534 866 3565 quae
889 3527 1130 3557 matrimonium
1153 3527 1295 3567 requirit.
1324 3526 1399 3557 Non
1414 3538 1437 3559 75
1454 3532 1611 3563 mentum,
1633 3536 1717 3567 quae
1739 3536 1807 3558 non
1829 3526 1978 3559 videntur
2000 3537 2096 3567 posse
2118 3527 2233 3558 servari
2257 3527 2289 3557 in
2313 3526 2518 3556 matrimonio

2579 521 2613 542 Cf.
2635 527 2674 548 qu.
2693 527 2759 549 niv,

2548 551 2591 569 art.
2606 554 2627 575 7,
2643 548 2671 569 ad
2691 555 2709 570 1.

2549 697 2560 706 ·
2575 696 2630 722 Arg.
2639 695 2692 717 Sed
2705 702 2761 718 con·

2550 723 2588 743 tra
2602 727 2622 750 3.

2549 1045 2559 1055 ·
2572 1043 2642 1071 Resp.
2660 1044 2688 1065 ad
2704 1044 2727 1067 6.

2549 1403 2759 1426 ‘Did.DeAnimal.

2548 1430 2640 1452 Hister.
2654 1430 2693 1452 lib.
2707 1431 2760 1458 Vll,

2549 1463 2597 1485 cap.
2612 1463 2634 1484 v,
2650 1463 2674 1478 11.
2688 1463 2709 1484 2,
2723 1464 2743 1486 3.

2548 1758 2559 1768 ·
2572 1758 2629 1785 Arg.
2643 1756 2692 1779 Sed
2704 1763 2761 1779 con—

2548 1786 2587 1806 tra
2601 1791 2624 1811 4.

2572 2378 2606 2400 Ca
2624 2395 2629 2400 .
2639 2385 2677 2406 vn,
2687 2385 2708 2401 n.
2723 2386 2760 2402 ι.-

2547 2405 2601 2427 S.T
2619 2422 2625 2427 .
2641 2406 2693 2428 lect.
2707 2411 2749 2428 ιιι.

2547 2472 2558 2482 ·
2571 2471 2622 2493 Art.
2637 2471 2741 2499 praeced.

2548 2734 2626 2757 'Cant
2633 2735 2711 2758 Faust.
2717 2735 2758 2757 lib.

2547 2761 2631 2787 xxvl.
2643 2768 2692 2790 cap.
2703 2768 2736 2783 111.
2749 2773 2760 2778 -

2548 2788 2584 2810 Cs.
2599 2788 2629 2810 de
2647 2788 2704 2811 Gen.
2726 2788 2761 2810 ad

2547 2815 2590 2836 litt.
2606 2815 2645 2837 lib.
2658 2815 2697 2842 VI,
2708 2821 2758 2843 cap.

2547 2848 2584 2863 xv.

2548 2869 2558 2879 ·
2572 2868 2608 2890 Cf.
2622 2871 2657 2890 art
2673 2874 2759 2896 praec„

2547 2900 2595 2922 arg.
2613 2894 2663 2916 Sea
2675 2897 2759 2916 contra

2548 2928 2567 2943 ι.
