2918 4088
297 1897 461 1940 -propter
487 1889 749 1927 Eucharistiae
778 1889 1051 1939 sumptionem.
1086 1891 1188 1938 Ergo
1215 1891 1366 1928 Eucha-

271 2172 278 2180 ·
305 2154 552 2201 sacramenti,
581 2162 624 2191 ut
651 2167 768 2204 supra
786 2154 806 2176 ’¹‘
833 2155 979 2192 dictum
1007 2163 1073 2192 est.
1122 2156 1224 2192 Cum
1257 2155 1369 2203 igitur

299 2207 345 2247 *in
372 2207 612 2246 Eucharistia
639 2207 713 2244 sint
740 2209 851 2257 plura
878 2207 999 2256 signa,
1029 2208 1167 2245 scilicet
1194 2208 1304 2257 panis
1333 2216 1368 2245 et

244 2433 250 2440 ·
305 2411 591 2457 consecratione
619 2419 816 2467 materiae,
845 2419 942 2456 sicut
969 2419 1115 2456 dictum
1143 2428 1198 2457 est
1217 2420 1246 2457 ²¹⁸.
1291 2420 1368 2458 Sed
1393 2438 1396 2462 ι

298 2524 435 2562 ›cratio.
465 2525 567 2573 Ergo
596 2532 651 2561 est
679 2525 821 2574 duplex
848 2533 1144 2563 sacramentum.

236 2831 252 2870 ’ἶ
307 2841 441 2879 dinem
469 2841 568 2890 -gerit
604 2841 658 2879 rei
693 2841 802 2878 cuius
838 2849 892 2878 est
929 2850 1224 2879 sacramentum.
1267 2844 1369 2891 Ergo

962 196 1225 243 QUAESTIO
1253 196 1424 244 LXXIII,
1452 195 1744 234 ARTICULUS
1772 198 1802 234 II

297 273 479 310 habentia
507 273 707 311 materiam
728 275 956 322 sensibilem,
987 276 1093 324 quod
1122 274 1360 312 Eucharistia
1385 273 1389 312 l

300 326 468 363 continet
495 326 639 376 aliquid
668 339 820 365 sacrum
848 328 1037 374 absolute,
1066 327 1204 364 scilicet
1231 327 1359 377 ipsum

301 378 517 416 Christum:
555 392 657 429 aqua
683 392 777 417 vero
812 381 991 430 baptismi
1022 380 1189 418 continet
1216 379 1360 429 aliquid

300 443 453 469 sacrum
481 432 519 469 in
548 432 683 470 ordine
711 434 760 470 ad
788 433 903 480 aliud,
933 433 1070 470 scilicet
1097 433 1278 470 virtutem
1311 431 1360 469 ad

301 483 630 531 sanctificandum,
660 493 696 522 et
723 487 861 523 eadem
889 485 983 523 ratio
1007 494 1062 522 est
1089 486 1137 522 de
1156 485 1360 522 chrismate

301 545 337 574 et
365 536 562 574 similibus,
596 539 645 575 Et
672 538 760 575 ideo
788 546 1071 575 sacramentum
1098 537 1359 575 Eucharistiae

300 589 497 639 perficitur
531 590 571 628 in
608 590 691 640 ipsa
727 591 1012 628 consecratione
1049 590 1249 627 materiae:
1289 590 1361 627 alia

300 654 395 679 vero
415 651 652 680 sacramenta
678 643 930 693 perficiuntur
947 643 987 680 in
1006 642 1259 693 applicatione
1279 655 1360 685 ma—

301 695 416 733 teriae
444 696 493 733 ad
521 696 723 734 hominem
751 696 1080 734 sanctificandum.

356 826 379 861 ε)
399 830 432 853 et.
451 841 468 847 -
486 827 586 853 scilicet
603 830 630 852 et
648 827 658 852 Ι
677 833 702 852 et
721 827 856 854 editiones.

2400 201 2470 249 139

1467 275 1515 311 Et
1542 286 1588 311 ex
1616 275 1692 311 hoc
1720 274 1834 311 etiam
1872 276 2119 325 consequitur
2150 277 2221 314 alia
2248 278 2470 316 differentia.

1412 327 1517 363 Nam
1545 327 1584 363 in
1613 335 1853 364 sacramento
1874 329 2133 366 Eucharistiae
2156 329 2193 366 id
2214 332 2320 379 quod
2339 340 2394 367 est
2413 344 2472 368 res

1413 387 1450 416 et
1478 387 1783 426 sacramentum,
1814 388 1868 416 est
1896 380 1935 417 in
1963 380 2044 429 ipsa
2073 382 2247 428 materia;
2278 383 2315 419 id
2344 392 2472 420 autem

1413 432 1522 481 quod
1550 440 1605 469 est
1632 444 1692 469 res
1719 440 1882 478 tantum,
1913 441 1967 470 est
1995 433 2034 470 in
2062 434 2306 483 suscipiente,
2335 436 2474 473 scilicet

1414 484 1531 533 gratia
1557 497 1657 534 quae
1676 485 1878 522 confertur.
1909 487 1950 522 In
1970 486 2160 535 baptismo
2180 495 2309 524 autem
2328 496 2473 525 utrum-

1415 550 1491 587 que
1520 545 1576 574 est
1601 537 1640 574 in
1659 537 1907 586 suscipiente:
1938 546 1974 575 et
1993 544 2004 560 ⁸
2032 540 2236 585 character,
2257 540 2323 588 qui
2343 548 2398 577 est
2417 553 2475 577 res

1415 598 1451 627 et
1479 598 1783 636 sacramentum;
1820 599 1856 627 et
1883 591 2000 639 gratia
2033 591 2266 629 remissionis
2303 601 2475 641 peccato-

1416 655 1522 689 rum,
1552 655 1651 692 quae
1681 651 1735 680 est
1763 655 1822 680 res
1850 651 2011 681 tantum.
2056 645 2104 681 Et
2131 645 2267 682 eadem
2296 645 2389 682 ratio
2423 653 2477 682 est

1416 696 1464 733 de
1492 695 1573 733 aliis
1601 696 1856 734 sacramentis.

975 916 1310 950 commentaria
1332 916 1585 949 Oardjnalis
1606 917 1808 950 Caietam

335 1013 356 1034 N
378 1004 511 1034 articulo
535 1004 639 1044 primo
662 1003 841 1034 notandum
865 1005 1012 1040 occurrit,
1034 1005 1067 1034 in
1090 1005 1299 1044 responsione
1323 1004 1363 1035 ad

308 1014 473 1084 Itertium,
498 1047 586 1087 quod
609 1047 744 1078 duarum
760 1047 1007 1079 differentiarum
1023 1057 1106 1088 quae
1121 1049 1165 1079 ibi
1181 1054 1364 1079 enarrantur

302 1091 384 1122 inter
406 1091 638 1122 Eucharistiam
662 1097 693 1122 et
715 1092 776 1122 alia
804 1098 999 1123 sacramenta
1024 1093 1172 1123 habentia
1199 1094 1364 1123 materiam

303 1136 484 1167 sensibilem
513 1136 616 1176 (quod
645 1142 777 1177 propter
804 1137 1036 1176 poenitentiam
1066 1142 1097 1167 et
1123 1138 1364 1168 matrimonium

304 1179 442 1220 dicitur),
467 1179 606 1211 secunda
629 1179 805 1211 differentia
827 1181 923 1211 sumit
945 1181 1077 1221 gratiam
1100 1191 1168 1211 non
1187 1181 1292 1212 solum
1316 1191 1364 1211 se-

303 1223 446 1255 cundum
469 1224 622 1264 seipsam,
647 1223 702 1255 sed
725 1224 902 1255 secundum
925 1234 1020 1255 suum
1043 1224 1211 1262 effectum,
1241 1226 1297 1266 qui
1321 1231 1367 1256 est

1418 1005 1521 1035 unitas
1545 1006 1688 1045 corporis
1713 1005 1830 1036 Christi
1854 1006 1989 1046 mystici.
2025 1006 2069 1036 Ita
2093 1006 2195 1046 quod,
2220 1017 2295 1038 cum
2318 1007 2407 1038 audis
2430 1018 2478 1038 sa-

1419 1050 1571 1080 eramenti
1594 1050 1810 1080 Eucharistiae
1834 1059 1902 1080 rem
1925 1055 2049 1081 tantum
2073 1060 2140 1081 esse
2160 1052 2301 1091 gratiam,
2326 1053 2478 1092 suscepti-

1418 1103 1496 1124 vum
1520 1099 1627 1124 autem
1651 1094 1805 1124 unitatem
1829 1094 1989 1124 Ecclesiae
2013 1100 2067 1125 aut
2090 1105 2206 1135 corpus
2230 1095 2346 1126 Christi
2369 1097 2477 1137 mysti-

1420 1147 1510 1173 cum,
1534 1147 1602 1168 non
1626 1137 1747 1168 diversa
1769 1138 1941 1178 intelligas:
1977 1140 2131 1181 quoniam
2161 1140 2239 1170 haec
2269 1141 2378 1171 omnia
2399 1141 2478 1170 nihil

1421 1182 1507 1212 aliud
1530 1187 1604 1212 sunt
1627 1191 1724 1222 quam
1747 1183 1845 1222 gratia
1868 1182 1928 1212 Dei
1951 1183 1984 1213 in
2007 1184 2071 1213 suis
2095 1183 2250 1214 fidelibus.

1060 1377 1380 1420 ARTICULUS
1410 1378 1711 1420 SECUNDUS

719 1469 876 1500 UTRUM
899 1469 1192 1500 EUCHARISTIA
1215 1469 1282 1500 SIT
1296 1470 1432 1501 UNUM
1457 1469 1790 1502 SACRAMENTUM
1814 1472 1899 1502 VEL
1922 1472 2065 1503 PLURA

846 1547 919 1578 Infra,
939 1555 983 1580 qu.
1003 1555 1103 1578 uxvm,
1122 1553 1168 1573 art.
1187 1547 1213 1579 6,
1231 1549 1263 1572 ad
1284 1555 1312 1579 23
1331 1548 1364 1573 IV
1384 1549 1466 1578 Sent„
1486 1549 1545 1573 dIst.
1563 1556 1617 1578 vm.
1637 1557 1681 1582 qu.
1699 1557 1717 1579 ι,
1737 1556 1782 1575 art.
1804 1556 1827 1580 1,
1846 1550 1895 1582 qu·
1916 1557 1939 1574 2.

349 1645 397 1675 „a
424 1650 490 1688 a«
513 1639 536 1663 D
551 1638 740 1664 SECUNDUM
754 1638 807 1663 sn:
826 1638 1060 1664 pnoennrrun.
1081 1627 1241 1664 Videtur
1259 1627 1367 1675 quod

333 1678 384 1729 ξ’
396 1706 419 1726 ³.
436 1678 490 1739 ἐξά
514 1678 755 1716 Eucharistia
773 1691 853 1715 non
869 1679 914 1715 sit
928 1691 1053 1716 unum
1068 1687 1365 1724 sacramentum,

386 1728 440 1775 ’ζ
460 1729 584 1771 'rsed
610 1733 733 1781 plura.
776 1731 924 1768 Dicitur
952 1731 1056 1768 enim
1084 1732 1123 1769 in
1152 1733 1308 1769 collecta
1326 1732 1363 1769 *ς

472 1776 717 1833 χκΡανὴῖεεῑηί
745 1787 822 1830 ηὀς,
850 1797 1081 1834 quaesumus,
1106 1786 1281 1831 Domine,
1308 1797 1366 1822 sa·
1392 1787 1394 1793 ¹

303 1842 495 1875 eramenta
522 1849 617 1887 quae
640 1838 880 1885 sumpsimus:
907 1837 1015 1886 quod
1043 1837 1202 1887 quidem
1230 1837 1368 1875 dicitur

303 1942 407 1981 ristia
433 1954 514 1980 non
542 1950 598 1980 est
624 1955 751 1980 unum
778 1951 1074 1990 sacramentum,
1095 1944 1163 1980 sed
1190 1945 1311 1993 plura.

359 2007 393 2033 2.
423 1997 655 2043 PRAETEREA,
685 1995 920 2045 impossibile
940 2004 1007 2044 est,
1036 1996 1286 2046 multiplicato
1305 2008 1367 2045 ge-

303 2060 408 2096 nere,
437 2061 518 2086 non
546 2049 788 2099 multiplicari
807 2048 994 2098 speciem:
1024 2049 1120 2086 sicut
1139 2050 1246 2099 quod
1265 2062 1367 2087 unus

303 2103 426 2139 homo
446 2102 492 2139 sit
511 2107 528 2123 α
553 2103 664 2151 plura
683 2101 874 2139 animalia.
905 2102 983 2139 Sed
1001 2101 1154 2150 signum
1173 2110 1229 2140 est
1246 2115 1367 2151 genus

303 2260 384 2298 vini
403 2259 429 2307 β,
457 2260 610 2298 videtur
637 2273 879 2310 consequens
907 2273 989 2297 esse
1022 2261 1130 2310 quod
1157 2261 1231 2298 sint
1257 2263 1368 2310 plura

305 2321 554 2352 sacramenta.

360 2366 396 2404 3.
424 2367 661 2413 PRAETEREA,
690 2367 766 2404 hoc
794 2374 1078 2404 sacramentum
1104 2366 1301 2416 perficitur
1328 2367 1368 2404 in

304 2471 346 2509 in
377 2472 455 2509 hoc
488 2480 727 2510 sacramento
761 2480 816 2509 est
849 2473 992 2522 duplex
1023 2472 1205 2510 materiae
1234 2485 1367 2510 conse-

361 2577 435 2615 SED
454 2589 599 2615 CONTRA
617 2590 683 2614 Esr
702 2578 810 2626 quod
829 2579 1037 2627 Apostolus
1057 2578 1156 2625 dicit,
1173 2579 1186 2615 I
1205 2579 1366 2616 Cor.x*:

312 2631 415 2668 Unus
439 2631 549 2680 panis
576 2636 610 2667 et
637 2643 753 2667 unum
780 2643 915 2680 corpus
942 2632 1049 2668 multi
1073 2644 1210 2678 sumus,
1241 2645 1369 2669 omnes

307 2684 372 2733 qui
396 2683 442 2720 de
469 2695 544 2720 uno
566 2695 669 2732 pane
696 2689 729 2719 et
756 2696 830 2721 uno
859 2684 974 2721 calice
994 2686 1275 2733 participamus.
1310 2686 1369 2722 Ex

307 2748 388 2785 quo
415 2743 518 2785 patet
545 2736 652 2785 quod
681 2735 919 2773 Eucharistia
938 2736 984 2772 sit
1006 2745 1290 2774 sacramentum
1310 2750 1369 2775 ec-

307 2788 534 2826 clesiasticae
554 2788 707 2826 unitatis
725 2788 756 2825 ³⁸.
787 2789 863 2826 Sed
892 2797 1175 2826 sacramentum
1198 2790 1369 2827 similitu-

307 2894 547 2932 Eucharistia
575 2902 631 2931 est
658 2906 783 2931 unum
812 2902 1106 2932 sacramentum.

360 2948 585 2985 RESPONDEO
613 2959 795 2985 mcENDUM
823 2948 942 2996 quod,
963 2947 1214 2984 sicutdicitur
1232 2949 1267 2985 V
1284 2950 1369 2986 Me-

271 3016 279 3050 g
307 3001 451 3051 taphys.
472 2998 503 3048 ²¹⁸,
532 3013 659 3037 unum
687 3000 824 3037 dicitur
851 3013 931 3037 non
955 3001 1082 3037 solum
1110 3001 1217 3049 quod
1239 3008 1294 3037 est
1314 3001 1369 3037 in-

306 3052 494 3091 divisibile
513 3054 575 3090 vel
594 3054 702 3102 quod
722 3061 776 3090 est
795 3053 1035 3101 continuum,
1051 3053 1118 3090 sed
1134 3053 1248 3091 etiam
1263 3054 1370 3103 quod

308 3113 364 3143 est
390 3106 620 3155 perfectum:
657 3106 754 3143 sicut
781 3118 872 3143 cum
895 3111 910 3134 Υ
939 3105 1075 3143 dicitur
1109 3119 1188 3143 una
1216 3106 1368 3151 domus,

308 3167 345 3196 et
363 3171 466 3196 unus
493 3160 626 3196 homo.
669 3160 737 3196 Est
756 3167 886 3196 autem
912 3171 1037 3196 unum
1063 3159 1293 3208 perfectione
1321 3159 1370 3196 ad

309 3210 418 3249 cuius
445 3211 696 3261 integritatem
715 3220 951 3250 concurrunt
969 3212 1102 3250 omnia
1124 3224 1224 3261 quae
1245 3211 1370 3261 requi-

361 3341 390 3376 α)
407 3343 452 3368 aie.
469 3357 489 3362 —
505 3342 592 3368 Tertia
610 3347 636 3367 et
653 3350 686 3372 ιη
703 3343 767 3368 sint.

362 3377 389 3412 β)
408 3378 472 3404 vini.
490 3392 510 3397 —-
527 3378 618 3403 vinum
637 3378 691 3404 Ple.

361 3414 388 3446 γ)
407 3421 475 3439 cum.
493 3428 512 3432 —
530 3413 652 3442 cFGHc;
669 3414 751 3439 etiam
770 3421 828 3439 cum
842 3414 891 3443 Aa,
905 3417 931 3438 et
949 3421 1007 3439 cum
1028 3413 1104 3445 BDE,
1118 3421 1198 3438 unum
1219 3413 1241 3443 b,
1256 3413 1369 3444 om.1>1;

309 3456 325 3474 a
345 3454 427 3474 mutat
445 3457 513 3474 unus
531 3449 609 3474 homo
627 3452 654 3474 et
673 3456 726 3474 una
745 3449 847 3474 domus.

1420 1635 1557 1664 runtur
1584 1628 1633 1664 ad
1660 1627 1781 1664 finem
1801 1628 1992 1665 eiusdem:
2023 1628 2118 1665 sicut
2137 1630 2258 1666 homo
2278 1629 2482 1677 integratur

1420 1691 1467 1716 ex
1495 1680 1677 1717 omnibus
1702 1680 1887 1717 membris
1906 1681 2127 1718 necessariis
2146 1681 2358 1730 operationi
2372 1681 2385 1704 δ
2405 1683 2481 1719 ani-

1420 1744 1526 1778 mae,
1556 1741 1592 1769 et
1619 1734 1761 1770 domus
1789 1745 1836 1770 ex
1863 1734 2034 1782 partibus
2067 1747 2167 1783 quae
2195 1742 2283 1771 sunt
2311 1747 2482 1772 necessa-

1420 1785 1498 1822 riae
1526 1786 1575 1822 ad
1603 1785 1909 1823 inhabitandum.
1940 1787 1987 1823 Et
2015 1787 2068 1823 sic
2096 1788 2171 1824 hoc
2199 1796 2482 1825 sacramentum

1420 1838 1558 1875 dicitur
1585 1851 1721 1876 unum.
1753 1839 1963 1876 Ordinatur
1982 1840 2086 1877 enim
2105 1841 2155 1877 ad
2174 1840 2409 1889 spiritualem
2428 1853 2482 1878 re-

1420 1891 1637 1938 fectionem,
1667 1904 1766 1941 quae
1795 1893 1984 1941 corporali
2012 1893 2284 1930 conformatur.
2315 1894 2376 1930 Ad
2399 1906 2482 1931 cor-

1420 1946 1595 1993 poralem
1614 1952 1744 1982 autem
1764 1945 2009 1983 refectionem
2029 1946 2108 1983 duo
2129 1946 2392 1995 requiruntur:
2414 1947 2482 1983 sci-

1421 1997 1506 2034 licet
1533 1997 1654 2043 cibus,
1684 1997 1752 2046 qui
1778 2005 1833 2035 est
1852 1998 2078 2036 alimentum
2097 1999 2261 2045 siccum3
2291 2007 2327 2036 et
2354 2007 2481 2049 potus,

1421 2050 1489 2099 qui
1516 2058 1572 2087 est
1599 2050 1824 2087 alimentum
1852 2051 2071 2088 humidum.
2102 2053 2150 2089 Et
2174 2052 2262 2089 ideo
2291 2052 2405 2089 etiam
2433 2053 2482 2090 ad

1421 2103 1673 2151 integritatem
1710 2103 1826 2140 huius
1858 2105 2084 2141 sacramenti
2118 2105 2198 2142 duo
2226 2113 2480 2153 concurrunt,

1421 2156 1560 2193 scilicet
1594 2156 1795 2205 spiritualis
1823 2156 1931 2194 cibus
1968 2165 2004 2193 et
2031 2157 2232 2206 spiritualis
2258 2166 2390 2207 potus:
2425 2171 2481 2195 se-

1422 2209 1595 2246 cundum
1614 2209 1708 2245 illud
1727 2210 1830 2246 Ioan.
1845 2222 1880 2247 vl
1899 2209 1938 2246 *:
1972 2211 2072 2247 Caro
2091 2223 2175 2247 mea
2194 2223 2281 2247 vere
2299 2217 2350 2247 est
2367 2213 2480 2258 cibus,

1422 2268 1455 2298 et
1481 2264 1636 2311 sanguis
1662 2275 1765 2299 meus
1791 2275 1879 2299 vere
1906 2268 1956 2299 est
1977 2269 2097 2312 potus.
2127 2264 2228 2311 Ergo
2257 2264 2333 2300 hoc
2360 2276 2482 2301 sacra-

1422 2323 1598 2351 mentum
1617 2316 1738 2351 multa
1757 2315 1915 2364 quidem
1935 2315 2176 2353 materialiter
2189 2324 2254 2363 est,
2271 2317 2337 2354 sed
2357 2329 2482 2354 unum

1421 2367 1629 2404 formaliter
1657 2375 1692 2404 et
1719 2368 1934 2416 perfective.

1475 2421 1533 2457 AD
1554 2433 1688 2458 PR1M1JM
1717 2433 1814 2458 ERGO
1844 2433 2026 2459 DICENDUM
2055 2422 2162 2470 quod
2190 2421 2229 2458 in
2248 2423 2403 2459 collecta
2421 2435 2482 2459 ea-

1423 2474 1513 2510 dem
1549 2481 1584 2509 et
1610 2473 1804 2522 pluraliter
1838 2473 1975 2511 dicitur
2001 2474 2148 2523 primo,
2183 2476 2386 2522 Purificent
2418 2489 2484 2513 nos

1421 2532 1656 2563 sacramenta
1676 2539 1770 2575 quae
1787 2529 2025 2576 sumpsimus,·
2043 2535 2079 2564 et
2097 2535 2231 2576 postea
2249 2527 2485 2576 singulariter

1423 2579 1614 2625 subditur,
1651 2581 1740 2616 Hoc
1766 2585 1869 2616 tuum
1896 2587 2171 2617 sacramentum
2207 2593 2280 2617 non
2309 2582 2353 2617 sit
2381 2584 2485 2618 nobis

1423 2638 1545 2669 reatus
1573 2633 1625 2669 ad
1648 2645 1837 2682 poenam.-
1870 2633 1919 2669 ad
1952 2633 2237 2670 ostendendum
2272 2634 2380 2682 quod
2407 2635 2483 2671 hoc

1423 2693 1707 2722 sacramentum
1726 2686 2020 2734 quodammodo
2040 2694 2095 2723 est
2114 2687 2245 2731 multa,
2266 2686 2485 2735 simpliciter

1423 2745 1553 2775 autem
1581 2751 1717 2775 unum.

1476 2792 1534 2827 An
1563 2803 1753 2828 SECUNDUM
1785 2803 1967 2829 DICENDUM
2005 2792 2112 2840 quod
2139 2792 2250 2840 panis
2284 2800 2319 2828 et
2347 2792 2483 2828 vinum

1423 2843 1666 2880 materialiter
1693 2843 1850 2892 quidem
1880 2852 1969 2880 sunt
1995 2845 2106 2893 plura
2125 2844 2247 2892 signa,
2277 2844 2484 2881 formaliter

1422 2908 1516 2932 vero
1545 2903 1582 2932 et
1608 2896 1811 2944 perfective
1839 2909 1976 2944 unum,
2005 2896 2236 2945 inquantum
2255 2908 2302 2932 ex
2321 2896 2374 2932 eis
2401 2909 2483 2945 per-

1422 2948 1550 2985 ficitur
1576 2961 1655 2985 una
1683 2948 1846 2985 refectio.

1477 3002 1534 3037 AD
1566 3013 1724 3038 TERTIUM
1756 3013 1936 3038 DICENDUM
1970 3002 2076 3050 quod
2109 3014 2155 3039 ex
2182 3003 2258 3038 hoc
2294 3003 2400 3050 quod
2429 3011 2484 3039 est

1423 3054 1566 3102 duplex
1585 3053 1818 3090 consecratio
1838 3053 1954 3090 huius
1973 3059 1985 3074 ⁸
2004 3054 2241 3100 sacramenti,
2262 3066 2342 3092 non
2361 3063 2484 3104 potest

1423 3108 1510 3156 plus
1538 3106 1671 3143 haberi
1705 3106 1776 3143 nisi
1805 3107 1912 3155 quod
1945 3107 2021 3144 hoc
2049 3115 2332 3145 sacramentum
2365 3116 2483 3145 mate-

1425 3159 1563 3196 rialiter
1589 3167 1645 3195 est
1672 3161 1804 3205 multa,
1834 3167 1876 3196 ut
1903 3159 2049 3197 dictum
2077 3168 2132 3197 est
2150 3160 2181 3197 ²¹⁸.

1418 3346 1422 3349 ’
1477 3341 1502 3375 ὃ)
1521 3342 1680 3374 operationi.
1697 3357 1716 3361 —
1734 3342 1899 3374 operationis
1917 3343 1935 3372 1,
1954 3343 1991 3368 ad
2013 3343 2195 3375 operationem
2214 3343 2234 3368 F
2253 3350 2279 3368 et
2296 3349 2379 3368 cetera
2403 3344 2484 3370 tertia.

1425 3377 1475 3402 Pro
1494 3385 1531 3403 ex
1544 3378 1678 3410 partibus,
1697 3378 1851 3411 integratur
1869 3385 1907 3403 ex
1920 3378 2044 3410 partibus
2063 3377 2194 3411 (omnibus
2209 3379 2333 3411 partibus
2352 3379 2383 3413 P)
2403 3380 2485 3404 tertia.

1478 3412 1500 3447 ε)
1519 3413 1605 3438 huius.
1623 3427 1642 3432 —
1660 3414 1788 3438 materiae
1807 3414 1839 3444 H,
1859 3413 1987 3438 materiae
2005 3414 2083 3439 huius
2101 3420 2184 3439 cetera
2202 3414 2284 3439 tertia.

2510 2220 2519 2230 ·
2534 2218 2601 2240 Vers.
2616 2219 2650 2246 56.

2611 3068 2621 3083 Ξ

2511 3167 2521 3177 ·
2535 3166 2560 3187 ln
2576 3171 2680 3194 corpore.
