2878 4088
175 620 244 642 ‘Dian
254 625 323 646 xxvii,
331 625 381 647 cap.

170 647 231 668 Sunt
244 652 312 674 ergo.

369 924 376 930 ”
411 922 472 952 dici
495 921 680 951 coniunctio
704 918 863 948 maritalis
886 926 983 956 quam
1008 915 1137 945 uxoria.

172 1189 183 1199 '¹
196 1187 280 1208 Summ.
304 1186 367 1207 Sent.

171 1217 235 1235 tract.
240 1213 289 1239 VII,
296 1219 346 1240 cap.
352 1218 381 1234 vi.

172 1279 218 1300 ‘Di
238 1294 243 1300 .
260 1277 343 1304 XXIII,
358 1283 381 1303 ιι,

173 1305 201 1326 de
221 1284 274 1326 {itu
298 1303 382 1331 Nupt„

174 1339 192 1353 ι.
200 1342 209 1347 -
220 1331 256 1353 Cf.
271 1337 290 1361 s.
301 1330 381 1378 Ηεῖιτι.

172 1358 257 1379 Summ.
275 1357 314 1379 lib.
349 1357 381 1383 V,

172 1384 383 1411 tit.u‚deMatrim.,

199 1418 216 1433 ι.

173 1412 182 1463 ἓ
196 1452 246 1473 Art.
262 1451 367 1480 praeced.

174 1588 184 1597 ·
198 1585 234 1607 Cf.
249 1591 295 1613 arg.
310 1592 333 1612 4.

175 1671 184 1679 ’
199 1668 235 1690 cf.
251 1674 298 1695 arg.
315 1675 333 1690 ι.

176 2116 187 2126 ·
203 2114 238 2136 ef.
255 2120 301 2141 arg.
316 2120 339 2140 4.

181 2562 191 2572 ·
206 2560 290 2587 Categ.
301 2566 351 2587 cap.
361 2566 392 2587 vr,

182 2593 204 2608 n.
222 2594 239 2608 ι.

183 2823 193 2834 ·
208 2822 233 2843 ln
248 2827 352 2849 corpore.

185 2865 212 2887 ·1
222 2865 255 2887 ad
270 2865 333 2893 Cor„
344 2872 394 2893 cap.

184 2898 215 2920 xi,
230 2898 289 2914 vers.
305 2898 327 2920 9.

190 3299 202 3310 '¹
215 3299 241 3320 ln
256 3305 310 3326 corp
314 3305 360 3321 ore.

193 3478 271 3526 ing-gd
277 3484 315 3506 qu.
334 3484 388 3500 xun
397 3494 403 3506 ‚

409 225 457 261 86
635 223 897 270 QUAESTIO
914 223 1058 268 -XLIV,
1081 220 1372 259 ARTICULUS
1400 219 1445 255 III
1473 239 1498 244 —
1528 215 1792 262 QUAESTIO
1822 214 1946 259 XLV,
1966 212 2260 250 ARTICULUS
2289 213 2314 258 Ι,
2337 213 2366 249 ΙΙ

408 305 550 335 similiter
573 310 619 334 est
642 305 674 334 in
698 305 884 344 proposito:
911 305 985 343 quia
1009 303 1195 333 coniunctio
1210 301 1269 331 viri
1292 300 1331 330 ad
1354 299 1467 329 mulie·
1521 295 1647 325 firmato
1665 296 1699 330 *;
1724 295 1833 345 tertio,
1860 293 1900 323 de
1923 302 2083 323 consensu
2107 297 2221 322 coacto
2246 298 2277 323 et
2299 292 2520 324 conditionate
2537 294 2589 331 *ἡ

407 359 474 379 rem
498 358 554 388 per
577 349 817 378 matrimonium
840 354 886 378 est
909 349 1055 383 maxima,
1077 356 1152 377 cum
1176 347 1214 375 sit
1237 350 1268 374 et
1291 344 1468 374 animarum
1523 344 1648 379 quarm,
1666 338 1705 368 de
1729 339 1857 368 obiecto
1882 346 2057 367 consensus
2073 337 2099 366 *.

409 399 439 424 et
463 402 646 432 corporum.
670 393 711 423 Et
734 392 807 423 ideo
831 392 1019 433 coniugium
1042 392 1235 421 nominatur.
1524 383 1617 413 Circa
1640 383 1781 422 primum
1805 386 2001 421 quaeruntur
2025 381 2180 421 quinque.

1579 427 1704 456 Primo:
1729 431 1838 456 utrum
1855 435 2029 455 consensus
2053 425 2093 455 sit
2109 435 2203 455 causa
2226 424 2366 456 efficiens
2384 427 2589 457 matrimonii.

430 458 528 489 ART.
553 458 604 488 ΙΙΙ.
636 469 740 489 UTRUM
770 468 987 488 MATRIMONIUM
1019 464 1252 486 CONVENIENTER
1283 461 1470 482 DEFiNIATuR
1493 481 1501 501 5
1581 470 1747 501 Secundo:
1772 475 1881 500 utrum
1894 479 2088 499 consensum
2105 475 2252 510 oporteat
2266 479 2324 509 per
2334 470 2430 500 verba
2445 471 2590 510 exprimi-

847 513 879 532 ΙΝ
902 511 1032 531 mmm
1580 515 1708 545 Tertio:
1734 520 1843 544 utrum
1859 523 2034 544 consensus
2051 523 2216 554 expressus
2239 523 2297 554 per
2311 514 2407 544 verba
2426 514 2466 544 de
2481 514 2590 546 futuro

474 579 494 599 D
519 579 653 599 Tannum
676 578 722 598 s1c
742 577 945 598 pnocnm'run.
970 565 1102 595 Videtur
1127 562 1215 602 quod
1241 561 1471 591 inconvenien-
1615 558 1708 589 faciat
1731 559 1983 589 matrimonium.

474 619 521 644 ter
552 612 720 643 definiatur
742 613 776 642 in
799 612 900 641 littera
916 611 941 639 ὓ.
978 609 1062 646 Quia
1085 608 1118 636 in
1142 605 1252 636 mariti
1283 604 1471 634 definitione
1581 603 1722 641 Quarto:
1747 608 1856 633 utrum
1880 612 2054 633 consensus
2079 603 2238 642 expressio
2262 612 2319 642 per
2342 603 2447 639 verba,
2464 603 2490 633 si
2513 602 2593 633 desit

410 663 538 697 oportet
561 656 650 697 quod
673 656 912 686 matrimonium
928 658 1083 693 ponatur:
1109 651 1183 690 quia
1206 649 1336 679 maritus
1354 653 1400 678 est
1416 649 1471 687 qui
1614 648 1746 678 interior
1769 656 1954 683 consensus,
1971 646 2065 677 faciat
2087 648 2340 677 matrimonium.

410 708 456 732 est
486 702 611 732 mulieri
638 700 842 730 matrimonio
866 699 1002 728 iunctus.
1038 694 1100 726 Sed
1127 695 1194 734 ipse
1218 693 1310 733 ponit
1338 693 1471 723 marita·
1487 707 1513 721 ιο
1581 692 1724 730 Quinto:
1749 697 1858 722 utrum
1882 701 2057 722 consensus
2080 691 2113 721 in
2137 691 2267 721 occulto
2294 690 2396 721 factus
2418 701 2475 732 per
2497 692 2594 722 verba

410 746 471 776 lem
495 745 750 776 coniunctionem
773 744 807 773 in
831 741 1015 772 definitione
1039 738 1243 769 matrimonii.
1275 737 1360 777 Ergo
1384 737 1471 767 vide-
1615 736 1654 767 de
1676 737 1835 776 praesenti
1858 735 1952 766 faciat
1974 736 2226 766 matrimonium.

410 796 461 820 tur
484 789 573 830 quod
597 790 635 819 sit
659 787 820 818 circulatio
845 786 877 815 in
901 784 1138 815 definitionibus
1161 782 1236 812 istis.

468 844 496 864 2,
521 834 715 867 PRAETEREA‚
732 841 789 871 pes
811 829 1060 863 matrimonium,
1078 828 1160 856 sicut
1178 826 1225 855 vir
1248 825 1382 856 efficitur
1404 835 1472 855 ma-
1548 816 1647 847 ART.
1665 815 1687 845 1.
1711 825 1816 845 urium
1833 825 2003 846 consansus
2020 825 2066 846 sn·
2090 825 2186 870 musa
2209 825 2366 845 armemus
2386 825 2572 846 MA‘rnmoun

410 879 487 908 ritus
509 877 659 912 mulieris,
676 877 718 905 ita
741 874 856 904 mulier
872 883 952 903 uxor
975 872 1042 901 viri.
1067 871 1153 910 Ergo
1169 880 1238 900 non
1261 870 1356 900 debet
1371 870 1471 910 magis
1628 866 1697 892 Infra,
1714 872 1752 893 ‘1¹¹-
1769 872 1839 891 ¹¹³⁰,
1854 870 1896 887 8η-
1912 872 1932 893 3·
1947 865 1976 886 ad
1992 873 2014 891 ==
2031 865 2066 887 De
2083 865 2163 892 Verzt„
2179 871 2217 893 qu·
2234 871 2314 891 xxvm,
2329 868 2370 887 art.
2386 865 2408 893 8,
2423 866 2452 887 ad
2467 872 2492 893 7³

1886 892 1971 920 Quodl.
1988 893 2015 919 V,
2030 898 2069 919 qu.
2086 898 2139 919 vni,
2155 896 2196 914 art.
2214 899 2232 914 ι.

1488 927 1510 948 15

465 966 494 995 3.
519 965 712 999 pimini-mm,
731 961 931 992 consuetudo
948 960 987 990 ad
1003 969 1103 1000 genus
1120 959 1217 989 moris
1238 959 1384 999 pertinet.
1410 958 1472 988 Sed
1530 969 1611 1030 ΑΒ
1635 971 1752 991 Prummu
1778 971 1823 991 sm
1843 971 2047 992 PROCEDITUR.
2076 961 2210 992 Videtur
2230 961 2319 1002 quod
2335 971 2511 992 consensus
2526 971 2594 993 non

410 1009 592 1049 frequenter
614 1007 818 1037 matrimonio
842 1005 941 1035 iuncti
966 1010 1039 1034 sunt
1061 1003 1152 1033 valde
1176 1003 1319 1033 moribus
1348 1002 1471 1032 diversi.
1591 1006 1630 1036 sit
1654 1015 1748 1035 causa
1778 1005 1918 1036 efficiens
1946 1006 2151 1036 matrimonii.
2183 1006 2386 1037 Sacramenta
2417 1007 2503 1037 enim
2526 1016 2595 1037 non

409 1054 494 1093 Ergo
510 1062 577 1082 non
597 1051 690 1081 debet
704 1051 783 1090 poni
798 1051 831 1079 in
848 1048 1034 1079 definitione
1050 1048 1255 1083 matrimonii,
1274 1047 1472 1077 individuam
1527 1055 1601 1080 sunt
1617 1060 1634 1079 a
1651 1050 1818 1080 voluntate
1833 1050 1984 1086 humana,
2001 1049 2056 1080 sed
2071 1051 2110 1080 ab
2134 1051 2334 1081 institutione
2359 1051 2465 1081 divina
2480 1052 2507 1082 θ.
2532 1051 2595 1082 Sed

410 1098 492 1127 vitae
516 1095 775 1126 consuetudinem
799 1094 949 1123 retinens.
1527 1103 1702 1124 consensus
1727 1094 1766 1124 ad
1780 1094 1980 1124 voluntatem
1998 1095 2144 1134 pertinet.
2169 1095 2255 1135 Ergo
2271 1105 2339 1125 non
2356 1101 2402 1126 est
2418 1105 2513 1126 causa
2527 1091 2595 1126 mass

464 1150 494 1179 4.
519 1141 714 1174 PRAETEREA‚
731 1139 937 1168 inveniuntur
961 1137 1038 1167 aliae
1063 1135 1265 1166 definitiones
1297 1135 1336 1165 de
1366 1136 1472 1165 matri·
1487 1148 1513 1162 ιο
1527 1138 1679 1174 trimonii,
1696 1139 1778 1168 sicut
1801 1148 1861 1168 nec
1885 1138 2022 1169 aliorum
2045 1144 2327 1170 sacramentorum.

372 1202 381 1212 2
409 1185 520 1215 monio
546 1184 644 1214 datae.
670 1183 755 1221 Quia
777 1181 956 1213 secundum
989 1182 1165 1221 Hugonem
1181 1181 1207 1216 *,
1231 1180 1474 1210 matrimonium
1585 1192 1614 1212 2.
1638 1182 1835 1219 Pnauranna,
1851 1182 1938 1212 idem
1961 1192 2028 1213 non
2053 1188 2099 1213 est
2123 1193 2217 1213 causa
2240 1184 2290 1213 sui
2308 1184 2418 1224 ipsius.
2443 1184 2506 1215 Sed
2528 1194 2596 1216 ma-

410 1235 456 1260 est
479 1229 617 1259 duarum
645 1227 835 1258 idonearum
852 1236 1071 1267 personarum
1092 1225 1254 1266 legitimus
1277 1224 1315 1255 de
1338 1225 1473 1255 coniun-
1527 1227 1716 1257 trimonium
1739 1227 1818 1257 nihil
1842 1226 1928 1257 aliud
1950 1226 2076 1257 videtur
2092 1236 2160 1257 esse
2183 1236 2282 1267 quam
2304 1238 2495 1259 consensus:
2521 1229 2597 1268 quia

409 1274 514 1304 ctione
530 1282 712 1303 consensus.
728 1290 751 1293 —
766 1270 951 1302 Secundum
968 1269 1126 1310 quosdam
1142 1271 1158 1286 ⁴*
1182 1275 1290 1299 autem
1310 1269 1474 1299 matrimo-
1529 1281 1704 1301 consensus
1727 1272 1795 1311 ipse
1818 1270 1974 1311 significat
1998 1272 2262 1302 coniunctionem
2282 1271 2400 1302 Christi
2422 1272 2462 1303 ad
2485 1273 2597 1303 Eccle-

409 1319 500 1348 nium
524 1323 570 1347 est
593 1316 791 1347 consortium
807 1315 985 1346 communis
1009 1315 1092 1345 vitae
1108 1319 1139 1344 et
1161 1314 1409 1344 communicatio
1426 1314 1474 1344 di-
1529 1316 1617 1346 siam.
1642 1316 1728 1356 Ergo
1753 1315 1928 1346 consensus
1951 1325 2018 1345 non
2043 1321 2090 1346 est
2113 1325 2208 1346 causa
2230 1317 2436 1347 matrimonii.

2617 294 2627 304 ¹
2643 293 2690 347 Ἧι.
2706 299 2768 315 xcvi.

2617 321 2638 332 ‘²
2680 325 2703 342 u.
2717 325 2791 341 nvn.

2618 348 2628 358 ·
2644 346 2692 373 Qu.
2706 352 2783 368 xuni.

2621 1051 2632 1062 ·
2646 1049 2678 1071 ιν
2692 1049 2765 1076 sene„
2781 1048 2836 1071 dist.

2622 1082 2708 1132 {1¹63}
2721 1079 2837 1130 ἰὶιῗῗίιῖζ

2622 1136 2660 1158 qu.
2675 1135 2742 1157 mv,
2757 1132 2800 1151 an.
2815 1134 2836 1151 2.

410 1362 477 1393 vini
500 1367 530 1392 et
550 1361 684 1392 humani
708 1361 798 1391 iuris.
814 1379 838 1382 —
860 1360 901 1390 Et
925 1360 1087 1399 quaeritur
1120 1359 1256 1399 qualiter
1278 1359 1337 1388 hae
1362 1357 1474 1388 defini·
1489 1369 1513 1389 2ς
1586 1360 1615 1391 3.
1640 1360 1836 1396 Pnfflmnm,
1853 1361 1949 1390 unius
1974 1359 2068 1390 debet
2091 1369 2159 1390 esse
2183 1370 2247 1390 una
2271 1370 2375 1391 causa.
2405 1360 2468 1392 Sed
2490 1354 2627 1392 matri-N

410 1407 513 1437 tiones
537 1405 690 1436 differant.
1529 1406 1679 1435 monium
1694 1405 1776 1435 inter
1793 1404 1874 1435 duos
1898 1410 1945 1434 est
1965 1414 2078 1441 unum,
2095 1409 2131 1434 ut
2155 1404 2277 1435 dictum
2298 1411 2344 1435 est
2359 1406 2385 1436 *.
2411 1405 2598 1437 Consensus

464 1451 654 1481 Respommo
678 1458 838 1479 monimum
854 1448 953 1488 quod,
971 1449 1053 1478 sicut
1069 1447 1190 1478 dictum
1214 1452 1261 1478 est
1276 1448 1302 1484 *‚
1319 1447 1353 1477 in
1368 1448 1475 1477 matri-
1530 1454 1636 1480 autem
1663 1449 1802 1480 duorum
1825 1454 1900 1479 sunt
1923 1448 2056 1485 diversi,
2082 1449 2157 1489 quia
2181 1448 2380 1480 diversorum
2402 1455 2486 1486 sunt,
2511 1455 2542 1480 et
2563 1451 2598 1481 in

410 1495 522 1525 monio
546 1495 604 1524 tria
628 1493 883 1524 considerantur:
915 1493 1035 1523 scilicet
1058 1502 1152 1522 causa
1174 1492 1290 1532 ipsius,
1316 1497 1346 1522 et
1370 1501 1475 1522 essen·
1530 1493 1667 1524 diversa:
1693 1494 1731 1524 ab
1748 1503 1813 1524 una
1829 1494 1915 1524 enim
1931 1499 2019 1534 parte
2044 1499 2090 1524 est
2106 1503 2281 1524 consensus
2297 1495 2330 1525 in
2353 1495 2467 1530 virum,
2485 1504 2523 1524 ex
2539 1494 2599 1525 alia

410 1540 453 1569 tia
477 1540 562 1575 eius,
595 1544 625 1569 et
650 1537 789 1568 effectus.
825 1537 866 1567 Et
889 1537 1067 1567 secundum
1094 1537 1158 1567 hoc
1181 1542 1242 1566 tres
1274 1535 1476 1566 definitiones
1530 1539 1563 1569 in
1586 1548 1730 1569 uxorem.
1755 1538 1841 1578 Ergo
1864 1543 1997 1568 mutuus
2022 1547 2198 1568 consensus
2221 1548 2289 1569 non
2313 1544 2359 1569 est
2375 1548 2470 1569 causa
2492 1540 2599 1570 matri-

411 1583 617 1613 inveniuntur
633 1582 672 1613 de
688 1582 893 1612 matrimonio
911 1581 1010 1612 datae.
1034 1581 1118 1611 Nam
1135 1580 1278 1611 definitio
1295 1581 1444 1620 Hugonis
1459 1582 1476 1597 ὅ*
1492 1590 1517 1610 ³0
1530 1583 1642 1613 monii.

412 1629 511 1667 tangit
535 1637 672 1663 causam,
690 1626 810 1656 scilicet
833 1636 1044 1656 consensum:
1070 1631 1100 1656 et
1123 1635 1180 1665 per
1203 1635 1236 1655 se
1259 1630 1336 1655 nota
1360 1631 1415 1655 est.
1597 1627 1659 1658 SED
1684 1637 1807 1657 CONTRA
1831 1637 1885 1657 ns‘r
1905 1626 1995 1667 quod
2011 1626 2262 1667 Chrysostomus
2278 1627 2354 1658 dicit
2369 1629 2402 1658 *2
2427 1629 2600 1660 Matrimo-

467 1671 620 1702 Definitio
645 1676 752 1701 autem
774 1671 808 1700 in
831 1671 932 1700 littera
948 1671 1052 1710 posita
1066 1671 1083 1686 ‘²‘
1106 1670 1206 1709 tangit
1222 1670 1390 1700 essentiam
1409 1679 1477 1699 ma·
1532 1672 1620 1702 nium
1645 1681 1710 1701 non
1725 1672 1816 1713 facit
1838 1671 1950 1707 coitus,
1967 1671 2024 1702 sed
2047 1671 2207 1702 voluntas.

413 1716 554 1746 trimonii
568 1739 575 1750 ,
602 1715 721 1745 scilicet
745 1715 1012 1745 coniunctionem.
1046 1714 1087 1744 Et
1115 1714 1200 1744 addit
1231 1713 1477 1744 determinatum
1589 1725 1617 1746 2.
1642 1716 1838 1752 Pnanrmuza,
1855 1725 1939 1746 unus
1962 1725 2029 1746 non
2053 1715 2168 1756 accipit
2185 1721 2378 1756 potestatem
2401 1718 2434 1747 in
2451 1728 2490 1748 eo
2510 1717 2600 1759 quod

414 1761 604 1794 subiectum,
628 1761 661 1789 in
687 1760 751 1789 hoc
783 1759 872 1799 quod
905 1759 980 1789 dicit
1004 1759 1088 1789 inter
1118 1758 1279 1799 legitimas
1306 1768 1476 1798 personas.
1532 1766 1579 1791 est
1601 1760 1699 1790 libere
1723 1760 1860 1796 alterius,
1876 1761 1937 1790 nisi
1959 1769 2018 1800 per
2042 1761 2109 1790 eius
2134 1770 2338 1791 consensum.
2368 1761 2430 1792 Sed
2453 1772 2510 1803 per
2532 1772 2600 1793 ma·-

414 1805 509 1834 Ponit
533 1804 627 1834 etiam
651 1803 860 1833 differentiam
876 1804 1118 1833 contrahentem
1141 1802 1181 1833 ad
1199 1803 1349 1843 speciem,
1366 1804 1399 1833 in
1414 1803 1477 1833 hoc
1493 1811 1516 1832 ³5
1532 1805 1720 1835 trimonium
1737 1805 1852 1845 accipit
1867 1810 2003 1844 uterque
2019 1805 2196 1844 coniugum
2219 1810 2411 1845 potestatem
2429 1807 2463 1837 in
2483 1816 2601 1847 corpus

416 1848 505 1889 quod
528 1848 604 1879 dicit
626 1848 808 1878 maritalis:
831 1849 916 1887 quia,
934 1857 1007 1878 cum
1025 1848 1265 1878 matrimonium
1282 1848 1320 1877 sit
1344 1848 1479 1878 coniun-
1533 1849 1670 1885 alterius,
1687 1854 1724 1879 ut
1746 1854 1833 1889 patet
1856 1849 1868 1878 I
1888 1849 1964 1879 Cor.
1981 1859 2024 1878 vn
2040 1849 2073 1884 Ἣ
2099 1858 2174 1879 cum
2197 1850 2285 1889 prius
2308 1855 2444 1890 uterque
2467 1851 2601 1882 liberam

416 1894 479 1923 ctio
503 1894 537 1923 in
561 1892 672 1922 ordine
697 1892 735 1922 ad
759 1891 878 1932 aliquid
901 1901 1021 1928 unum,
1047 1892 1116 1922 talis
1141 1892 1327 1922 coniunctio
1351 1892 1383 1922 in
1408 1901 1479 1932 spe·
1532 1899 1724 1934 potestatem
1744 1894 1794 1924 sui
1817 1893 1961 1933 corporis
1977 1893 2116 1923 haberet.
2141 1893 2227 1933 Ergo
2251 1903 2427 1925 consensus
2444 1895 2518 1926 facit
2533 1905 2601 1926 ma-

417 1938 498 1967 ciem
521 1937 653 1967 trahitur
675 1946 732 1976 per
754 1936 833 1966 illud
857 1936 896 1966 ad
920 1936 1009 1976 quod
1033 1936 1214 1972 ordinatum
1241 1942 1271 1966 et
1293 1936 1357 1966 hoc
1379 1941 1425 1966 est
1447 1936 1480 1967 id
1533 1938 1732 1968 trimonium.

417 1981 505 2021 quod
529 1981 568 2011 ad
592 1981 740 2010 maritum
773 1981 919 2021 pertinet.
954 1981 1050 2010 Ponit
1083 1980 1179 2011 etiam
1202 1981 1351 2010 vinutem
1384 1981 1479 2011 huius
1589 1983 1778 2012 Rnspommo
1802 1992 1962 2012 mcaunmw
1987 1981 2075 2022 quod
2098 1982 2132 2012 in
2156 1982 2306 2012 omnibus
2330 1985 2533 2014 sacramentis
2556 1989 2603 2014 est

417 2025 664 2060 coniunctionis,
682 2025 756 2064 quia
780 2024 1008 2054 indissolubilis
1033 2030 1097 2060 est,
1125 2025 1158 2054 in
1181 2025 1244 2055 hoc
1269 2024 1358 2064 quod
1385 2024 1478 2061 dicit,
1494 2032 1521 2052 ⁴0
1535 2027 1640 2066 aliqua
1664 2026 1834 2066 spiritualis
1858 2027 2002 2066 operatio
2017 2050 2024 2062 ‚
2052 2025 2213 2056 mediante
2237 2027 2391 2057 materiali
2414 2029 2603 2068 operatione

417 2069 614 2100 individuam
639 2075 698 2098 etc.
1535 2080 1618 2110 quae
1643 2080 1711 2100 earn
1737 2069 1908 2110 significat:
1934 2071 2015 2100 sicut
2038 2080 2095 2110 per
2119 2070 2317 2101 ablutionem
2346 2072 2547 2112 corporalem
2569 2073 2604 2103 in

471 2113 534 2144 Sed
558 2114 617 2143 alia
640 2112 783 2143 definitio
801 2113 817 2129 ἢ*
840 2113 940 2152 tangit
963 2112 1113 2142 effectum
1132 2112 1172 2142 ad
1196 2122 1294 2152 quem
1318 2112 1482 2142 ordinatur
1535 2115 1694 2154 baptismo
1711 2113 1746 2144 fit
1767 2114 1887 2144 ablutio
1911 2115 2043 2145 interior
2059 2114 2238 2154 spiritualis.
2263 2115 2367 2152 Unde,
2385 2125 2460 2147 cum
2482 2117 2516 2147 in
2536 2126 2603 2147 ma-

415 2158 666 2193 matrimonium,
684 2157 802 2187 scilicet
825 2157 889 2187 vita
913 2157 1091 2187 communis
1114 2157 1147 2186 in
1170 2157 1264 2187 rebus
1287 2156 1480 2187 domesticis.
1535 2159 1688 2189 trimonio
1704 2159 1743 2188 sit
1759 2158 1917 2198 quaedam
1933 2159 2102 2199 spiritualis
2119 2159 2316 2196 coniunctio,
2328 2160 2522 2200 inquantum
2536 2170 2604 2192 ma·-

416 2202 457 2232 Et
480 2203 555 2242 quia
579 2202 683 2232 omnis
708 2201 958 2231 communicatio
983 2201 1089 2241 aliqua
1111 2201 1182 2240 lege
1206 2200 1383 2237 ordinatur,
1408 2201 1481 2232 ideo
1536 2203 1725 2233 trimonium
1749 2208 1795 2233 est
1818 2208 2071 2240 sacramentum;
2097 2209 2127 2233 et
2151 2203 2257 2243 aliqua
2280 2205 2465 2242 materialis,
2490 2215 2604 2242 secun—

416 2247 547 2286 ponitur
571 2245 784 2276 ordinativum
807 2246 896 2275 istius
916 2246 1166 2281 communioniS,
1186 2245 1306 2276 scilicet
1330 2246 1379 2276 ius
1402 2245 1482 2276 divi·
1496 2253 1520 2273 45
1537 2247 1615 2278 dum
1640 2247 1729 2287 quod
1753 2253 1799 2277 est
1821 2248 1855 2277 in
1879 2246 2023 2278 officium
2049 2253 2180 2278 naturae
2204 2252 2236 2278 et
2259 2249 2358 2279 civilis
2381 2250 2482 2280 vitae:
2508 2259 2605 2290 opor-

418 2301 494 2321 num
517 2296 548 2320 et
568 2291 753 2320 humanum.
778 2289 868 2320 Aliae
892 2295 999 2319 autem
1024 2290 1344 2327 communicationes,
1369 2295 1405 2320 ut
1426 2300 1483 2320 ne·
1536 2297 1581 2322 tet
1605 2291 1694 2332 quod
1718 2291 1878 2322 mediante
1900 2292 2054 2322 materiali
2077 2291 2133 2322 fiat
2155 2292 2324 2332 spiritualis
2346 2294 2462 2325 virtute
2487 2294 2604 2325 divina.

417 2335 612 2375 gotiatorum
629 2340 659 2364 et
674 2334 889 2370 militantium,
902 2334 972 2364 solo
989 2335 1057 2364 iure
1069 2335 1212 2364 humano
1225 2335 1386 2365 institutae
1398 2340 1482 2365 sunt.
1537 2336 1641 2373 Unde,
1659 2346 1734 2367 cum
1759 2336 2004 2366 coniunctiones
2037 2337 2249 2367 materialium
2278 2343 2501 2369 contractuum
2528 2338 2607 2370 fiant

473 2380 523 2409 An
547 2389 663 2409 prunum
686 2388 769 2408 ERGO
794 2388 953 2408 DICENDUM
977 2378 1066 2418 quod
1099 2378 1271 2418 aliquando
1295 2380 1420 2419 priora,
1446 2389 1483 2410 ex
1537 2391 1595 2422 per
1617 2386 1768 2411 mutuum
1792 2390 2001 2417 consensum,
2027 2386 2156 2421 oportet
2186 2380 2276 2421 quod
2298 2382 2362 2412 hoc
2385 2382 2486 2413 modo
2510 2383 2605 2415 etiam

420 2424 535 2464 quibus
559 2423 653 2453 debet
676 2423 741 2453 dari
765 2422 926 2459 definitio,
953 2433 1020 2453 non
1044 2428 1118 2453 sunt
1141 2423 1322 2460 nominata;
1355 2429 1386 2454 et
1408 2423 1482 2454 ideo
1537 2425 1593 2456 fiat
1615 2425 1856 2456 matrimonialis
1880 2426 2078 2456 coniunctio.

418 2470 452 2498 in
476 2467 661 2498 definitione
686 2468 868 2507 aliquorum
891 2473 1058 2507 ponuntur
1081 2467 1187 2508 aliqua
1209 2468 1386 2508 posteriora
1409 2469 1484 2498 sim-
1499 2474 1525 2494 ⁵0
1593 2470 1644 2500 An
1667 2479 1784 2500 ramum
1808 2479 1892 2500 aneo
1915 2479 2075 2500 mmmmm
2091 2470 2181 2510 quod
2204 2476 2476 2502 sacramentorum
2503 2472 2607 2512 prima

419 2513 542 2553 pliciter
572 2521 654 2552 quae
677 2517 751 2541 sunt
773 2512 878 2551 priora
902 2511 1010 2551 quoad
1033 2521 1111 2548 nos;
1136 2513 1218 2542 sicut
1241 2513 1274 2542 in
1298 2512 1484 2543 definitione
1539 2524 1634 2545 causa
1657 2519 1703 2544 est
1726 2514 1836 2544 divina
1860 2514 1978 2549 virtus,
2004 2524 2087 2555 quae
2111 2515 2143 2545 in
2168 2516 2214 2547 eis
2237 2520 2392 2557 operatur
2420 2516 2556 2547 salutem
2571 2517 2605 2547 ⁵:

421 2557 578 2597 qualitatis
601 2557 732 2596 ponitur
755 2556 849 2596 quale
872 2566 889 2586 a
911 2556 1120 2596 Philosoph0‚
1145 2567 1220 2587 cum
1244 2556 1320 2587 dicit
1335 2558 1368 2587 *z
1396 2557 1484 2594 Qua-
1539 2558 1594 2589 sed
1618 2568 1731 2589 causae
1755 2558 1914 2588 secundae
1942 2559 2197 2590 instrumentales
2221 2565 2295 2591 sunt
2326 2560 2504 2591 materiales
2528 2570 2607 2602 ope-

421 2602 495 2631 litas
519 2606 565 2631 est
586 2600 758 2630 secundum
775 2610 870 2640 quam
894 2601 1005 2641 quales
1024 2601 1171 2631 dicimur.
1196 2602 1237 2631 Et
1259 2602 1302 2632 ita
1319 2602 1414 2632 etiam
1433 2603 1484 2632 hic
1539 2603 1677 2633 rationes
1701 2613 1739 2633 ex
1763 2602 1868 2633 divina
1891 2603 2091 2634 institutione
2114 2604 2266 2635 habentes
2291 2603 2474 2635 efficaciam.
2498 2605 2540 2636 Et
2562 2605 2607 2636 sic

420 2646 453 2675 in
477 2644 663 2675 definitione
686 2645 880 2675 matrimonii
904 2645 1034 2685 ponitur
1057 2646 1238 2676 maritalis:
1260 2651 1296 2676 ut
1320 2646 1358 2676 sit
1374 2656 1485 2677 sensus
1540 2657 1715 2678 consensus
1738 2648 1771 2677 in
1795 2648 2001 2678 matrimonio
2026 2653 2072 2678 est
2095 2658 2199 2679 causa.

422 2688 510 2729 quod
533 2690 772 2719 matrimonium
796 2694 842 2719 est
865 2689 1047 2720 coniunctio
1072 2690 1115 2720 ad
1138 2700 1176 2720 ea
1199 2700 1282 2731 quae
1300 2691 1410 2721 mariti
1434 2691 1484 2733 of·
1501 2695 1523 2716 ⁵5
1594 2692 1645 2722 An
1662 2702 1824 2722 sacunnun
1840 2702 1999 2722 monimum
2019 2692 2109 2732 quod
2124 2694 2367 2724 matrimonium
2386 2703 2453 2724 non
2477 2699 2524 2724 est
2539 2694 2608 2734 ipse

411 2734 528 2775 ficium
553 2733 696 2774 requirit,
714 2743 797 2773 quae
815 2743 882 2763 non
905 2739 1052 2773 poterant
1067 2744 1134 2765 uno
1158 2735 1318 2765 nominari
1341 2736 1484 2766 nomine.
1540 2746 1725 2772 consensus,
1743 2736 1799 2766 sed
1822 2736 1979 2776 quaedam
2011 2737 2089 2767 unio
2121 2737 2342 2768 ordinatorum
2365 2738 2405 2768 ad
2428 2748 2548 2775 unum,
2572 2743 2608 2769 ut

476 2778 526 2808 An
551 2788 712 2808 SECUNDUM
728 2788 886 2808 memnon
903 2778 992 2818 quod
1014 2788 1071 2818 per
1094 2779 1175 2809 hanc
1192 2779 1401 2810 differentiam
1417 2785 1486 2810 tan-
1540 2780 1662 2812 dictum
1686 2786 1732 2811 est
1748 2782 1774 2817 ὓ,
1792 2790 1890 2821 quam
1914 2790 2090 2812 consensus
2113 2781 2197 2813 facit.
2221 2782 2290 2813 Nec
2314 2792 2489 2813 consensus
2502 2807 2509 2820 ‚
2532 2792 2608 2823 pro—

422 2823 505 2862 gitur
527 2821 599 2852 finis
623 2822 868 2858 coniunctionis,
886 2828 921 2852 ut
938 2822 1058 2853 dictum
1076 2829 1122 2853 est
1137 2824 1163 2854 ἦ
1188 2824 1229 2854 Et
1249 2825 1334 2864 quia,
1351 2829 1387 2855 ut
1410 2824 1486 2855 dicit
1539 2826 1607 2866 prie
1629 2825 1807 2865 loquendo,
1825 2826 2090 2856 coniunctionem
2113 2825 2230 2857 Christi
2255 2826 2294 2857 ad
2316 2826 2493 2858 Ecclesiam
2511 2827 2607 2867 signi—

421 2867 597 2906 Apostolus
613 2868 639 2902 *,
657 2867 708 2897 vir
723 2876 787 2896 non
809 2871 855 2897 est
864 2873 1001 2907 propter
1015 2868 1191 2903 mulierem,
1208 2868 1264 2899 sed
1279 2869 1397 2899 mulier
1405 2879 1486 2909 pro·
1539 2869 1630 2900 ficat:
1655 2869 1710 2900 sed
1733 2870 1933 2900 voluntatem
1957 2870 2024 2900 eius
2037 2894 2044 2907 ,
2070 2880 2134 2911 qua
2157 2870 2278 2902 factum
2302 2877 2349 2902 est
2379 2877 2415 2902 ut
2446 2870 2608 2902 Ecclesiae

416 2916 492 2951 pter
514 2911 628 2946 virum,
645 2910 718 2941 ideo
742 2911 820 2941 haec
844 2911 1018 2942 differentia
1037 2913 1145 2952 potius
1170 2912 1264 2943 debet
1280 2914 1364 2943 sumi
1383 2923 1401 2943 a
1416 2914 1485 2944 viro
1499 2917 1527 2937 ⁶⁰
1541 2915 1799 2954 coniungeretur.

424 2964 520 2995 quarn
543 2965 561 2985 a
583 2955 725 2985 muliere.
1593 2959 1644 2989 An
1661 2969 1795 2989 ranrnm
1811 2968 1970 2988 mmmmm
1983 2958 2082 2999 quod,
2096 2960 2177 2990 sicut
2192 2960 2433 2990 matrimonium
2446 2964 2493 2990 est
2503 2969 2607 2990 unum

478 2999 528 3029 An
544 3009 677 3029 Taurum
692 3009 851 3030 monimum
870 3000 969 3040 quod,
986 3002 1067 3031 sicut
1082 3002 1145 3031 vita
1165 3001 1263 3032 civilis
1279 3011 1346 3032 non
1365 3002 1486 3042 impor-
1541 3013 1579 3034 ex
1594 3008 1684 3043 parte
1707 3004 1775 3034 eius
1790 3004 1824 3033 in
1848 3002 1938 3043 quod
1953 3002 1989 3035 fit
2008 3004 2205 3042 coniunctio,
2223 3004 2368 3044 quamvis
2386 3004 2426 3034 sit
2440 3004 2608 3044 multiplex

424 3048 468 3073 tat
490 3049 596 3073 actum
613 3043 803 3084 singularem
819 3044 914 3074 huius
929 3045 980 3075 vel
1003 3045 1097 3082 illius,
1114 3045 1170 3076 sed
1186 3055 1222 3076 ea
1239 3055 1321 3086 quae
1341 3046 1381 3076 ad
1397 3056 1486 3077 com·
1541 3057 1579 3078 ex
1602 3053 1691 3088 parte
1714 3048 1983 3084 coniunctorum3
2008 3049 2051 3078 ita
2074 3049 2169 3079 etiam
2193 3058 2368 3079 consensus
2392 3053 2439 3078 est
2461 3058 2546 3079 unus
2569 3058 2607 3079 ex

424 3088 674 3118 municationem
699 3088 823 3118 civilem
847 3089 1021 3128 pertinent;
1050 3090 1093 3120 ita
1115 3091 1178 3120 vita
1209 3091 1384 3130 coniugalis
1407 3091 1487 3121 nihil
1540 3097 1629 3133 parte
1653 3093 1720 3122 eius
1743 3092 1777 3122 in
1802 3091 1891 3132 quod
1910 3093 2117 3129 consentitur,
2134 3093 2253 3123 scilicet
2270 3091 2450 3133 praedictae
2472 3093 2607 3123 coniun-

426 3131 510 3161 aliud
534 3137 579 3162 est
603 3141 699 3172 quam
731 3133 928 3163 conversatio
960 3133 999 3163 ad
1030 3135 1359 3165 communicationem
1390 3135 1487 3166 talem
1499 3138 1524 3164 ⁶5
1541 3136 1666 3173 ctionis,
1684 3136 1829 3177 quamvis
1851 3136 2019 3177 multiplex
2042 3146 2081 3167 ex
2103 3142 2192 3177 parte
2224 3137 2504 3167 consentientium.
2538 3137 2608 3168 Nec

425 3176 595 3214 pertinens.
619 3176 660 3206 Et
682 3175 756 3206 ideo
781 3182 936 3217 quantum
960 3177 999 3208 ad
1022 3178 1103 3208 hanc
1131 3179 1229 3209 vitam
1259 3189 1385 3220 semper
1408 3189 1486 3211 con·
1541 3186 1588 3211 est
1613 3180 1730 3211 directe
1753 3190 1928 3211 consensus
1952 3182 1985 3211 in
2008 3182 2123 3217 virum,
2144 3180 2200 3211 sed
2222 3181 2256 3211 in
2280 3181 2544 3212 coniunctionem
2568 3181 2608 3212 ad

426 3219 561 3249 suetudo
586 3225 632 3250 est
654 3220 834 3251 individua:
866 3222 1011 3261 quamvis
1039 3223 1078 3252 sit
1109 3222 1230 3253 diversa
1260 3229 1417 3264 quantum
1447 3224 1487 3255 ad
1540 3226 1655 3261 virum,
1672 3235 1710 3255 ex
1733 3230 1821 3265 parte
1844 3225 1968 3255 uxoris:
1994 3230 2026 3256 et
2047 3225 2199 3262 similiter,
2217 3235 2254 3256 ex
2277 3230 2366 3266 parte
2386 3226 2455 3262 viri,
2472 3235 2608 3257 consen-

427 3268 514 3293 actus
537 3264 708 3303 singulares
732 3265 907 3305 utriusque.
1541 3279 1594 3300 sus
1617 3270 1651 3300 in
1675 3270 1939 3300 coniunctionem
1963 3268 2002 3300 ad
2024 3279 2169 3300 uxorem.

481 3307 531 3336 An
557 3318 703 3338 auam-tm
725 3314 812 3348 patet
834 3309 952 3340 solutio
976 3319 1013 3340 ex
1037 3310 1127 3341 dictis
1144 3312 1170 3342 *ἦ

527 3369 776 3412 QUAEsrlo
801 3372 1389 3420 QUADRAGEsniAQUmrA
1503 3364 1529 3386 ⁷⁰

722 3429 766 3453 DE
786 3430 963 3456 CONSENSU
986 3432 1192 3458 MATRiMoNll
1609 3454 1629 3474 n
1654 3453 1816 3475 sncuunuir
1839 3453 1884 3474 src
1907 3453 2112 3474 paocamwn.
2142 3443 2278 3475 Videtur
2302 3444 2391 3485 quod
2413 3453 2481 3475 non
2511 3453 2609 3485 opor·

435 3486 718 3550 consaouanran
749 3480 1014 3512 considerandum
1046 3489 1092 3513 est
1122 3483 1160 3514 de
1193 3495 1353 3516 consensu
1368 3487 1394 3517 *ἢ
1426 3488 1490 3519 Ubi
1547 3456 1654 3519 Atet
1669 3497 1863 3518 consensum
1886 3497 1943 3528 per
1965 3488 2061 3518 verba
2084 3489 2227 3528 exprimi.
2253 3488 2338 3527 Quia
2358 3489 2440 3519 sicut
2461 3498 2520 3529 per
2541 3497 2609 3519 ma-

498 3529 601 3560 primo
632 3521 790 3561 agendum
814 3529 860 3554 est
883 3524 922 3555 de
946 3535 1104 3557 consensu
1127 3529 1304 3560 secundum
1328 3540 1361 3560 se
1385 3533 1490 3562 consi·
1543 3533 1731 3563 trimonium
1754 3531 1905 3572 redigitur
1927 3532 2028 3563 homo
2051 3533 2085 3562 in
2108 3538 2300 3573 potestatem
2323 3533 2463 3570 alterius,
2487 3533 2530 3563 ita
2552 3541 2610 3572 per

432 3563 558 3600 derato;
578 3565 730 3602 secundO,
748 3566 787 3597 de
803 3576 961 3599 consensu
977 3570 1155 3601 iuramento
1171 3573 1222 3602 vel
1238 3574 1353 3604 carnali
1373 3576 1491 3616 copula
1504 3586 1528 3608 75
1543 3581 1667 3607 votum.
1693 3575 1755 3607 Sed
1778 3581 1891 3607 votum
1915 3576 2034 3617 obligat
2051 3576 2159 3617 quoad
2182 3577 2289 3608 Deum
2305 3578 2400 3608 etiam
2424 3577 2450 3608 si
2473 3585 2541 3607 non
2557 3585 2610 3607 ex—

1564 3342 1663 3373 ART.
1682 3342 1718 3373 II.
1743 3352 1848 3373 urium
1870 3352 2033 3373 oronam·
2056 3352 2235 3373 consensum
2257 3352 2315 3373 raa
2338 3353 2437 3374 vanna
2462 3353 2587 3374 mann

1895 3393 1931 3414 De
1945 3392 2033 3414 Forma
2046 3393 2158 3420 Absolut„
2174 3399 2225 3421 cap.
2241 3399 2256 3415 ι.

2625 1408 2635 1420 ·
2646 1407 2693 1435 Qu.
2702 1410 2839 1435 mv‚art.¹.

2627 1637 2638 1647 ·
2654 1634 2698 1663 09-
2708 1633 2804 1663 1nnperf.
2815 1634 2841 1665 3³³

2626 1661 2730 1710 ffl'fi:
2747 1660 2844 1710 ,¹¹33ss

2627 1714 2830 1770 astrea-...2-
2804 1714 2841 1756 0¹:

2627 1769 2662 1790 sie
2668 1773 2719 1797 νᾳ.
2726 1767 2798 1795 Me,
2804 1773 2843 1797 3⁰-

2628 1856 2639 1866 ·
2653 1854 2720 1876 Ven.
2734 1860 2758 1881 4.

2637 2516 2647 2525 ·
2666 2512 2722 2535 hid.
2744 2511 2847 2541 Etymot.

2634 2540 2675 2562 lib.
2684 2539 2725 2568 Vl,
2735 2545 2788 2568 cap.
2797 2545 2848 2561 xix.

2635 2785 2647 2798 ²
2655 2784 2819 2813 Qu.n.1v,m.
2827 2792 2847 2807 ι.
