2918 4088
51 436 63 446 ·
79 434 145 457 Ver·-
159 441 198 463 47,
211 436 250 462 423·

51 543 263 598 332¹}stss

50 628 204 697 geor-secr„
208 649 262 671 dist.

50 861 235 890 ‘Amanum

46 1150 259 1205 'Qu-umnam.

141 1452 175 1464 115¹
187 1452 197 1464 (1

106 1478 185 1493 ..emm
203 1487 221 1492 ⁴.
236 1480 243 1485 Ἀ

50 1503 78 1520 ;t
106 1505 126 1519 ,ni
155 1506 233 1521 uirus...

60 1506 179 1547 uf*:)1.-
195 1528 225 1551 ’.μ

0 2209 5 2230 =
32 2186 260 2239 flam

42 2236 77 2257 ⁴³
103 2240 257 2271 umam-¹.

40 2279 57 2298 ν·
163 2279 259 2331 ..mms-

4 2322 256 2388 ³m’427'9'

53 3094 57 3095 7
66 3058 134 3085 Vct.
150 3068 170 3085 ι.

51 602 84 618 vi.
93 606 105 612 -
117 586 153 619 Cf.
168 602 219 619 ean.
229 596 266 618 111·

111 623 264 650 necessitate,

44 1540 133 1573 :aare
156 1540 230 1581 :iti-r
270 1578 272 1580 Ι
291 1568 298 1572 .

951 199 1214 247 QUAEs‘rlo
1242 204 1413 252 vam,
1442 205 1733 244 ARTmULUS
1761 209 1812 245 1v

291 277 341 315 ad
368 277 602 326 baptismum
631 277 780 315 idonei:
811 277 907 314 sicut
925 277 1125 327 Philippus
1145 280 1269 317 statim
1289 281 1352 318 ba-

2413 215 2461 262 95

1406 282 1566 330 poribus
1593 283 1633 319 in
1653 284 1854 333 baptismo,
1875 286 2161 335 intelligendum
2180 298 2235 326 est
2255 296 2285 336 η,
2310 297 2462 340 excepto

52 335 63 346 ‘
78 333 185 363 Vas-³⁶
199 340 249 363 sqq·
290 329 444 379 ptizavit
462 330 713 378 Eunuchum,
733 338 776 367 ut
794 331 957 368 habetur
973 331 1054 368 Act.
1075 331 1188 377 vl11*;
1219 340 1254 369 et
1281 334 1351 370 Pe·
1406 340 1529 371 tamen
1561 337 1730 384 periculo
1764 340 1891 375 mortis
1927 340 2056 387 (quod
2089 353 2241 390 semper
2267 342 2307 379 in
2334 355 2463 392 pueris

290 390 373 421 trus
399 382 625 421 Cornelium
658 391 694 420 et
722 395 789 420 eos
822 382 890 432 qui
924 395 1016 420 curn
1043 383 1127 433 ipso
1157 393 1279 431 erant,
1309 393 1351 422 ut
1407 394 1462 423 est
1489 387 1732 436 timendum),
1762 397 1804 426 ut
1831 391 1976 428 dictum
2005 400 2060 429 est
2077 393 2107 429 ²¹⁵.

291 435 454 472 habetur
479 436 560 472 Act.
581 448 606 472 x
623 435 654 472 *.
683 457 710 462 -
738 436 936 483 Secundo,
968 444 1126 485 propter
1151 436 1351 474 infirmita-

290 488 386 535 tem,
419 496 486 526 aut
512 488 670 538 aliquod
696 489 912 538 periculum
940 489 1084 528 mortis.
1127 490 1239 526 Unde
1266 491 1350 528 Leo

290 541 396 590 Papa
423 540 513 578 dicit
529 541 567 578 *ε
602 543 662 579 Hi
687 543 751 591 qui
777 543 986 579 necessitate
1011 543 1157 588 mortis,
1187 545 1349 592 aegritu-

290 593 395 640 dinis,
424 594 622 631 obsidionis
649 600 682 631 et
703 596 968 644 persecutionis
995 600 1028 631 et
1055 596 1262 645 naufragii,
1290 609 1350 633 ur-

288 652 437 697 gentur,
465 649 571 684 omni
595 653 760 697 tempore
786 647 916 684 debent
943 649 1131 696 baptizari.

343 699 384 737 Si
411 707 541 737 tamen
569 699 704 749 aliquis
730 699 1000 750 praeveniatur
1025 708 1161 747 morte,
1190 700 1349 738 articulo

289 752 518 790 necessitatis
547 760 831 791 sacramentum
853 752 1088 800 excludente,
1111 754 1209 791 dum
1237 766 1351 803 expe-

289 812 369 843 ctat,
389 812 542 854 tempus
563 805 613 842 ab
631 805 800 843 Ecclesia
819 805 1046 853 institutum,
1066 807 1245 854 salvatur,
1265 807 1350 844 licet

283 870 357 907 per
383 860 522 908 ignem,
551 865 594 895 ut
621 870 738 907 supra
754 857 776 880 *
802 857 948 895 dictum
967 866 1033 895 est.
1064 859 1200 897 Peccat
1218 867 1349 897 autem

289 910 320 947 si
352 912 450 949 ultra
483 918 638 960 tempus
673 911 722 948 ab
757 910 927 949 Ecclesia
963 919 1148 949 statutum
1181 912 1350 950 differret

288 963 461 1013 accipere
486 963 734 1013 baptismum,
764 963 836 1001 nisi
864 976 911 1001 ex
939 976 1054 1002 causa
1082 965 1295 1003 necessaria
1313 974 1350 1003 et

286 1015 442 1054 licentia*
461 1017 721 1066 praelatorum
739 1017 942 1055 Ecclesiae.
973 1018 1050 1055 Sed
1068 1025 1198 1055 tamen
1218 1026 1255 1056 et
1272 1019 1348 1056 hoc

285 1077 488 1118 peccatum
506 1081 596 1107 cum
612 1069 693 1107 aliis
711 1070 828 1107 deleri
847 1078 972 1119 potest
990 1083 1059 1120 per
1078 1072 1349 1109 succedentem

286 1122 556 1161 contritionem
569 1152 578 1169 ,
606 1135 708 1172 quae
739 1124 892 1173 supplet
917 1123 1044 1162 vicem
1071 1124 1270 1174 baptismi,
1306 1133 1350 1162 ut

286 1184 403 1224 supra
420 1175 441 1199 ³⁸
468 1175 614 1213 dictum
642 1184 708 1213 est.

294 1258 298 1261 .
333 1229 396 1266 -An
425 1240 560 1266 prunum
588 1241 687 1266 eaeo
714 1241 898 1268 mmmmm
925 1230 1034 1278 quod
1066 1229 1159 1267 illud
1187 1231 1347 1268 manda-

284 1287 369 1320 tum
396 1281 540 1319 Leonis
559 1282 687 1332 Papae
715 1283 764 1320 de
792 1282 1042 1320 observandis
1069 1283 1225 1320 duobus
1252 1291 1346 1321 tem.-

292 1398 311 1427 ἦ.
326 1392 376 1456 Ἃ
385 1394 586 1428 intelligendum
605 1398 654 1421 est.
666 1409 687 1414 -
699 1395 786 1427 Gabc;
805 1398 845 1421 est
862 1396 1064 1430 intelligendum
1077 1398 1096 1422 F
1099 1398 1131 1428 H,
1144 1398 1344 1431 intelligendum

285 1432 334 1455 mv
393 1430 494 1455 adultis
512 1430 563 1462 PE,
581 1438 635 1455 om.
653 1431 740 1456 ceteri.

312 1462 314 1464 ’
336 1462 363 1499 θ)
379 1465 614 1491 considerandum.
631 1480 651 1485 -
668 1466 814 1498 praecipue
838 1466 1043 1492 desiderandum
1063 1468 1084 1492 E
1103 1473 1129 1492 et
1153 1468 1235 1499 tertia,
1253 1475 1348 1493 consu-

282 1500 391 1527 lendum
409 1501 440 1526 F·-
458 1501 510 1526 Pro
527 1502 714 1527 secundarium
732 1505 780 1532 est,
799 1503 988 1528 secundarium
1008 1503 1040 1534 H,
1053 1503 1240 1528 secundarium
1257 1507 1349 1529 autem

252 1664 257 1667 ”
312 1669 336 1693 a
357 1660 492 1691 articulo
523 1661 636 1696 tertio,
667 1661 751 1699 eirca
782 1659 969 1692 dilationem
997 1661 1146 1701 baptismi
1174 1670 1278 1700 usque
1308 1660 1348 1690 ad

292 1703 447 1745 *aliquod
476 1709 599 1735 certum
627 1709 773 1745 tempus,
797 1704 1029 1735 advertendum
1052 1710 1099 1735 est
1125 1704 1348 1736 certitudinem

283 1744 437 1789 temporis
451 1757 547 1789 posse
563 1746 733 1788 dupliciter
747 1749 896 1789 intelligi:
916 1750 1022 1789 primo
1040 1748 1257 1785 determinate,
1269 1754 1348 1789 puta

283 1797 359 1824 octo
382 1801 526 1830 menses;
550 1791 613 1822 alio
628 1791 740 1829 modo,
757 1802 846 1833 vage,
862 1798 950 1833 puta,
967 1792 1116 1834 expedito
1134 1793 1189 1823 tali
1203 1793 1346 1832 negotio,

282 1832 458 1868 nesciendo
481 1841 639 1877 quantum
667 1837 821 1877 temporis
850 1837 1034 1868 intercedet.
1066 1836 1348 1868 Considerandum

283 1879 392 1913 naeus
408 1884 603 1921 est'tempus
618 1881 768 1921 baptismi
783 1880 986 1912 determinari
1000 1881 1052 1912 vel
1075 1891 1114 1912 ex
1134 1881 1243 1912 divino
1267 1881 1346 1918 iure,

252 1962 259 1970 ‚
282 1925 397 1958 vetat>
419 1924 574 1958 Ecclesia.

339 1969 507 2007 Quantum
529 1970 624 2010 igitur
641 1979 679 2000 ex
695 1969 803 2002 divino
827 1971 897 2001 iure
915 1976 1056 2011 apparet,
1073 1969 1181 2001 dilatio
1198 1970 1347 2010 baptismi

284 2012 468 2045 adultorum
490 2023 558 2044 non
573 2014 669 2044 habet
690 2019 818 2054 tempus
843 2013 1088 2045 determinatum
1110 2015 1215 2055 pn'mo
1234 2013 1346 2044 modo-

283 2057 381 2089 Nulla
396 2058 483 2089 enim
497 2058 577 2088 ratio
594 2059 680 2098 cogit
702 2058 847 2089 adultum
871 2058 911 2089 ad
929 2058 1168 2099 suscipiendum
1190 2059 1347 2098 baptisma

283 2102 333 2135 ita⁴
348 2102 447 2134 hodie
476 2101 581 2143 quod,
604 2103 631 2134 si
653 2103 705 2133 hic
729 2102 796 2134 dies
818 2108 994 2143 praetereat
1024 2104 1145 2143 absque
1175 2103 1345 2143 baptismo,

282 2151 453 2187 peccatum
486 2148 674 2186 incurratur.
707 2165 732 2169 —
765 2147 1049 2188 Confirmaturque
1082 2148 1146 2178 hoc
1180 2156 1218 2177 ex
1251 2147 1347 2186 gestis

283 2195 479 2227 sanctorum.
495 2191 578 2222 Nam
594 2190 749 2222 Martinus
765 2197 841 2222 octo
860 2193 950 2222 annis
967 2192 1216 2222 catechumenus
1235 2190 1296 2221 fuit
1311 2191 1344 2226 *;

283 2233 473 2267 Ambrosius
488 2235 602 2277 'longo
633 2245 767 2276 quoque
798 2241 944 2277 ternpore
977 2235 1214 2267 catechumenis
1244 2244 1346 2265 annu-

283 2285 423 2310 meratus
445 2279 571 2311 videtur
588 2281 619 2317 ⁴*;
650 2279 880 2311 Constantinus
907 2281 1044 2320 Magnus
1066 2281 1101 2310 in
1123 2279 1239 2310 ultimo
1263 2279 1345 2309 vitae

283 2332 360 2356 suae
381 2324 558 2365 baptizatus
587 2329 650 2361 eet,
673 2330 711 2355 ut
731 2325 922 2355 Ambrosius
951 2324 1042 2361 dicit,
1068 2325 1100 2355 in
1127 2323 1285 2354 Oratione
1307 2322 1347 2353 de

286 2366 383 2400 Obitu
409 2368 580 2399 Theodosii
594 2370 622 2400 ³.

337 2411 443 2444 Debet
473 2415 582 2446 alitem
613 2413 816 2444 determinari
847 2418 976 2453 tempus
1009 2412 1095 2443 dilati
1125 2412 1275 2452 baptismi
1297 2420 1346 2441 se-

283 2454 392 2499 eundo
414 2457 526 2488 modo.
557 2457 657 2496 Quod
679 2457 848 2498 dupliciter
863 2462 1068 2488 monstratur.
1092 2457 1211 2492 Primo,
1229 2465 1267 2486 ex
1290 2465 1346 2485 na-

245 2499 249 2503 ’
282 2494 530 2542 ffirapraecepti
552 2501 739 2538 affirmativi,
759 2501 928 2542 obligantis
952 2511 1012 2542 pro
1036 2501 1111 2531 loco
1135 2506 1167 2531 et
1189 2505 1344 2540 tempore.

281 2540 454 2585 Praecepta
482 2545 568 2576 enim
599 2545 800 2582 affirmativa,
825 2546 915 2582 licet,
941 2550 1098 2586 quantum
1128 2550 1175 2575 est
1197 2554 1235 2574 ex
1258 2549 1345 2584 parte

1238 2631 1292 2639 NJ

1459 440 1516 476 An
1549 451 1738 478 SECUNDUM
1771 454 1952 481 DICENDUM
1984 445 2092 493 quod
2120 445 2211 483 illud
2239 447 2286 483 de
2314 448 2462 485 Iudaeis

1406 499 1462 529 est
1488 499 1672 530 statutum
1709 494 1758 531 ad
1786 495 1977 532 Ecclesiae
2006 499 2214 544 cautelam,
2242 510 2291 535 ne
2320 500 2461 549 simpli-

1405 543 1510 582 cium
1545 545 1666 583 fidem
1703 556 1973 597 corrumpant,
2012 549 2042 586 si
2074 562 2155 587 non
2181 551 2320 588 fuerint
2351 554 2462 601 plene

1405 598 1592 635 conversi.
1622 600 1670 636 Et
1696 606 1838 645 tamen,
1867 608 1910 637 ut
1937 601 2080 639 ibidem
2099 603 2284 650 subditur,
2312 606 2346 641 si
2362 606 2462 653 infra

1404 656 1546 700 tempus
1558 654 1830 702 praescriptum
1850 654 2001 702 aliquod
2011 656 2221 703 periculum
2242 658 2464 704 infirmitatis

1405 704 1640 750 incurrerint,
1670 705 1798 742 debent
1826 708 2013 756 baptizari.

1458 757 1516 794 An
1534 768 1692 795 Teanum
1711 770 1892 796 DlCENDUM
1920 760 2027 808 quod
2055 760 2267 809 baptismus
2294 773 2363 811 per
2380 774 2461 810 gra-

1404 807 1497 845 tiam
1526 822 1645 858 quam
1673 812 1818 848 confert
1846 824 1925 848 non
1953 814 2079 849 solum
2109 822 2282 851 removet
2308 823 2463 863 peccata

1404 862 1626 910 praeterita,
1655 864 1723 900 sed
1751 864 1865 901 etiarn
1893 864 2053 914 impedit
2079 874 2235 914 peccata
2261 867 2386 904 futura
2413 880 2462 904 ne

1404 913 1509 951 fiant.
1540 915 1627 953 Hoc
1645 924 1776 953 autem
1803 918 2127 956 considerandum
2141 917 2153 940 Θ
2174 927 2239 966 est,
2268 927 2310 956 ut
2337 920 2462 957 homi-

1405 979 1474 1004 nes
1497 980 1578 1005 non
1597 977 1774 1017 peccent:
1805 971 2077 1009 secundarium
2101 980 2156 1008 est
2174 980 2216 1009 ut
2234 972 2356 1010 levius
2374 985 2462 1022 pec-

1404 1028 1510 1067 cent,
1539 1023 1601 1058 vel
1635 1022 1750 1060 etiam
1778 1031 1820 1060 ut
1847 1036 1984 1061 eorum
2016 1032 2172 1074 peccata
2205 1026 2460 1069 mundentur;

1404 1074 1621 1111 secundum
1640 1074 1733 1112 illud
1751 1077 1766 1112 I
1785 1077 1888 1114 Ioan.
1899 1089 1919 1114 11
1933 1077 1968 1114 *ε
1989 1078 2116 1115 Filioli
2131 1080 2215 1124 mei,
2231 1080 2324 1117 haec
2339 1080 2461 1117 scribo

1401 1128 1504 1164 vobis
1532 1133 1570 1164 ut
1604 1141 1678 1165 non
1701 1131 1869 1177 peccetis.
1906 1131 1979 1167 Sed
2009 1137 2042 1167 et
2067 1133 2101 1167 si
2126 1134 2206 1180 quis
2230 1134 2459 1181 peccaverit,

1401 1180 1622 1217 advocatum
1657 1182 1834 1219 habemus
1876 1184 1978 1232 apud
2010 1185 2161 1221 Patrem
2197 1186 2321 1221 Iesum
2357 1186 2461 1222 Chri-

1399 1238 1494 1270 stum
1530 1235 1680 1280 iustum,
1711 1241 1744 1271 et
1779 1237 1856 1285 ipse
1882 1242 1933 1273 est
1961 1238 2174 1286 propitiatio
2203 1250 2278 1287 pro
2300 1239 2462 1287 peccatis

1401 1287 1544 1323 nostris.

1398 1403 1438 1424 est
1455 1400 1474 1431 1,
1492 1401 1651 1426 secundario
1678 1404 1766 1426 autem
1786 1402 1819 1432 Ρ;
1838 1402 2026 1427 secundarium
2055 1405 2094 1428 est
2119 1406 2150 1427 ut
2173 1403 2255 1428 levius
2279 1407 2390 1436 peccent
2407 1412 2461 1429 om.

1400 1435 1459 1496 ῗῡς,
1479 1436 1666 1496 εεέιιηάανῑιιηι
1691 1440 1779 1462 autem
1798 1436 1850 1471 (est
1867 1445 1946 1470 super
1964 1445 2023 1467 ras..
2043 1441 2072 1463 ut
2090 1438 2208 1464 homines
2228 1442 2339 1471 peccent
2360 1439 2460 1474 margo)

1395 1477 1484 1496 evius
1530 1488 1536 1495 .

959 1581 1295 1614 Commeat-,aria
1317 1580 1567 1613 Cardinalis
1589 1580 1791 1612 Caietani

1400 1660 1564 1699 temporis,
1587 1668 1655 1689 non
1678 1659 1821 1700 obligent
1845 1661 1906 1690 nisi
1928 1665 2056 1700 tempus
2078 1662 2271 1692 necessitatis
2293 1664 2462 1694 articulum

2588 308 2603 331 η

2490 405 2500 415 ·
2513 403 2538 426 lu
2553 409 2659 432 corpore.

2488 1088 2499 1098 ·
2514 1086 2579 1109 Vers-
2596 1094 2615 1115 ι,
2628 1093 2650 1109 2.

1401 1703 1546 1739 adducat,
1563 1708 1599 1734 ut
1621 1704 1754 1739 Auctor,
1774 1704 1808 1734 in
1831 1703 1874 1734 IV
1896 1703 1992 1739 Sent„
2018 1704 2087 1735 dist.
2111 1715 2184 1740 xvn,
2205 1715 2259 1746 qu.
2281 1717 2325 1743 111,
2349 1713 2404 1738 art.
2432 1716 2459 1743 1,
2496 1735 2498 1737 ,

1401 1757 1455 1788 qu.
1472 1757 1504 1786 4,
1521 1747 1614 1784 dixit;
1639 1757 1677 1777 ex
1692 1752 1780 1787 parte
1803 1752 1910 1778 tamen
1933 1749 2045 1778 motivi
2069 1748 2108 1779 ad
2129 1749 2349 1787 differendum,
2366 1751 2461 1782 ratio-

1399 1801 1476 1823 nem
1490 1793 1671 1832 requirunt:
1697 1801 1772 1821 nam
1795 1792 1821 1821 si
1844 1792 1911 1822 sine
1927 1797 2031 1822 rectae
2054 1794 2184 1823 rationis
2201 1794 2327 1824 arbitrio
2351 1794 2460 1826 dilatio

1399 1836 1578 1867 voluntaria
1600 1835 1646 1872 fit,
1663 1840 1832 1875 peccatum
1847 1836 2026 1867 incurritur.
2050 1837 2159 1867 Potest
2182 1847 2257 1878 ergo
2273 1838 2383 1869 tandiu
2401 1839 2461 1869 dif-

1401 1880 1481 1911 ferre
1497 1881 1568 1920 quis
1583 1880 1751 1920 proprium
1775 1880 1986 1920 baptismum,
2009 1881 2151 1920 quandiu
2173 1883 2400 1914 rationabiliter
2422 1883 2462 1914 ad

1400 1924 1612 1956 differendum
1642 1929 1800 1955 movetur.
1834 1923 1933 1962 Quod
1963 1924 2092 1956 diversis
2122 1926 2306 1957 hominibus
2333 1926 2461 1958 diversi-

1399 1969 1497 2000 mode
1520 1968 1663 1999 accidere
1685 1973 1800 2008 potest.
1824 1969 1866 1999 Et
1887 1974 2056 2009 propterea
2086 1969 2207 2001 diversa
2233 1971 2392 2002 invenitur
2414 1970 2461 2002 di-

1399 2023 1565 2044 versorum
1589 2012 1708 2043 dilatio.

1454 2058 1496 2088 Et
1519 2058 1663 2097 quamvis
1693 2062 1758 2087 tam
1781 2057 1934 2087 incertam
1962 2058 2115 2097 temporis
2138 2068 2320 2089 mensuram
2351 2059 2459 2090 dilatio

1399 2102 1548 2142 baptismi
1570 2102 1694 2137 habeat,
1718 2101 1827 2132 dilatio
1850 2106 1958 2131 tamen
1980 2111 2083 2141 usque
2107 2102 2147 2132 ad
2162 2104 2273 2134 mortis
2289 2104 2458 2134 articulum

1398 2146 1484 2176 licita
1506 2155 1574 2176 non
1597 2150 1654 2181 est,
1670 2150 1707 2175 ut
1728 2151 1816 2185 patet
1837 2144 1876 2175 de
1894 2145 2057 2181 Consecr„
2074 2145 2144 2176 dist.
2161 2146 2215 2183 IV,
2231 2156 2300 2187 cap.
2320 2147 2458 2183 Quando

1399 2190 1487 2230 quis:
1502 2195 1677 2230 arguuntur
1689 2190 1775 2219 enirn
1790 2189 2001 2229 negligentiae
2013 2189 2199 2220 huiusmodi
2210 2190 2368 2221 dilatores.
2389 2192 2457 2222 Nec

1400 2233 1649 2264 Constantinum
1679 2232 1836 2263 credimus
1859 2232 2014 2263 distulisse
2039 2243 2076 2264 ex
2098 2235 2266 2274 proposito
2293 2244 2396 2275 usque
2419 2235 2459 2266 ad

1398 2283 1536 2308 mortem
1551 2278 1721 2317 baptisma:
1738 2277 1804 2313 sed,
1821 2287 1896 2308 cum
1912 2276 2050 2308 differret
2064 2277 2144 2309 illud
2158 2288 2261 2318 usque
2277 2279 2316 2310 ad
2331 2285 2458 2321 tempus

1399 2327 1564 2362 optatum,
1593 2322 1720 2352 interim
1742 2322 1778 2351 in
1800 2321 1919 2351 ultimis
1943 2322 2135 2352 constitutus
2157 2322 2368 2354 differendum
2390 2335 2459 2356 non

1399 2367 1532 2396 censuit.

1454 2411 1502 2440 Ex
1524 2411 1594 2440 iure
1614 2415 1722 2440 autem
1737 2410 1876 2449 positivo
1892 2410 2020 2449 scripto,
2037 2411 2063 2441 si
2078 2415 2205 2451 tempus
2221 2411 2353 2451 aliquod
2368 2422 2458 2453 prae-

1399 2454 1499 2485 fixum
1523 2459 1578 2489 est,
1602 2472 1625 2476 -
1647 2453 1737 2494 quod
1759 2453 1860 2484 fateor
1882 2463 1934 2484 me
1953 2463 2021 2484 non
2036 2455 2187 2491 invenire,
2208 2460 2239 2485 et
2253 2461 2341 2495 gesta
2357 2457 2457 2488 dicto-

1399 2508 1471 2529 rum
1501 2502 1685 2528 sanctorum
1716 2502 1885 2534 testantur,
1909 2515 1932 2520 —
1953 2507 2021 2528 non
2051 2504 2133 2529 esset
2162 2498 2353 2530 differendus
2375 2501 2458 2532 ultra

1399 2548 1526 2582 tempus
1550 2541 1736 2582 praefixum.

1062 2698 1381 2742 ARTICULUS
1412 2696 1682 2750 QUARTUS

939 2793 1096 2825 UTRUM
1118 2791 1406 2824 PECCATORES
1429 2791 1525 2822 SINT
1549 2789 1808 2821 BAPTIZANDI

1239 2870 1314 2901 nfra,
1328 2875 1374 2895 art.
1392 2868 1417 2899 8,
1431 2869 1463 2894 ad
1480 2877 1507 2900 4.

310 2982 398 3055 '‘'³5·2'{,:
415 2978 468 3062 :J
491 3010 712 3052 peccatores
731 3003 806 3041 sint
823 3004 1050 3054 baptizandi.
1074 3004 1222 3042 Dicitur
1241 3003 1344 3040 enim

321 3097 323 3102 ἲ
437 3050 742 3096 nZach.x111*:
771 3058 818 3094 In
843 3058 902 3095 die
920 3057 984 3095 illa
1012 3059 1080 3095 erit
1103 3058 1191 3104 fons
1213 3062 1344 3106 patens

288 3151 292 3154 Δ
342 3102 426 3141 *¹⁰3
453 3101 622 3146 &domui
645 3110 774 3147 David
803 3116 837 3148 et
863 3112 1108 3148 habitantibus
1138 3109 1343 3147 Ierusalem

282 3160 321 3196 in
358 3158 582 3199 ablutionem
617 3166 826 3212 peccatoris
862 3170 896 3200 et
927 3169 1197 3201 menstruatae:
1237 3161 1344 3211 quod

283 3211 443 3262 quidem
469 3213 687 3263 intelligitur
713 3215 762 3253 de
788 3216 893 3254 fonte
911 3215 1138 3266 baptismali.
1168 3216 1270 3263 Ergo
1289 3213 1343 3250 vi-

283 3265 396 3312 detur
421 3267 531 3315 quod
548 3276 833 3307 sacramentum
851 3269 1030 3319 baptismi
1059 3269 1104 3305 sit
1123 3267 1237 3306 etiam
1255 3279 1343 3317 pec-

148 3348 154 3365 „
184 3358 199 3366 ..
251 3349 256 3355 .
283 3317 476 3357 catoribus
503 3319 778 3359 exhibendum.

337 3382 372 3408 2.
393 3371 624 3420 PRAETEREA,
644 3373 838 3412 Dominus
857 3373 956 3422 dicit,
977 3375 1111 3412 Matth.
1132 3385 1167 3410 1x
1184 3372 1222 3409 *ε
1251 3372 1341 3409 Νοη

282 3429 334 3460 est
351 3436 443 3474 opus
469 3426 672 3464 valentibus
699 3427 871 3474 medicus,
900 3427 967 3464 sed
991 3428 1090 3464 male
1117 3426 1340 3463 habentibus.

281 3477 384 3514 Male
403 3485 534 3516 autem
553 3479 736 3517 habentes
756 3488 844 3517 sunt
862 3488 1092 3529 peccatores.
1115 3479 1214 3516 Cum
1232 3477 1343 3526 igitur

466 2972 470 2978 ‹
493 2962 516 2986 D
536 2961 709 2992 QUARTUM
729 2962 781 2988 Sic
801 2963 1037 2989 PROCEDITUR.
1058 2950 1220 2988 Videtur
1238 2950 1345 3000 quod
1368 2950 1372 2990 ῐ
1398 2946 1598 2996 spiritualis
1627 2947 1785 2994 medici,
1822 2947 1960 2985 scilicet
1998 2948 2155 2995 Christi,
2189 2949 2379 2987 medicina
2411 2950 2456 2987 sit

1398 3000 1622 3049 baptismus,
1642 2999 1794 3037 videtur
1821 3001 1929 3050 quod
1954 3002 2218 3050 peccatoribus
2239 3014 2454 3040 sacramen-

1397 3061 1481 3090 tum
1509 3050 1687 3102 baptismi
1715 3051 1761 3089 sit
1787 3053 2060 3092 exhibendum.

1453 3105 1486 3141 3.
1517 3106 1748 3153 PRAETEREA,
1775 3106 1927 3145 nullum
1949 3106 2164 3144 subsidium
2190 3107 2454 3156 peccatoribus

1397 3157 1510 3195 debet
1538 3157 1720 3195 subtrahi.
1751 3158 1828 3195 Sed
1855 3166 2073 3208 peccatores
2100 3159 2276 3210 baptizati
2305 3173 2352 3199 ex
2369 3161 2453 3211 ipso

1397 3211 1614 3247 charactere
1628 3209 2093 3261 baptismali'spiritualiter
2105 3212 2350 3252 adiuvantur:
2362 3226 2453 3252 cum

1397 3262 1443 3299 sit
1470 3263 1662 3312 quaedam
1691 3263 1888 3313 dispositio
1916 3265 1965 3302 ad
1983 3264 2152 3313 gratiam.
2182 3266 2284 3315 Ergo
2302 3267 2455 3305 videtur

1397 3315 1504 3365 quod
1532 3323 1815 3354 sacramentum
1833 3316 2013 3367 baptismi
2040 3317 2086 3355 sit
2107 3318 2371 3368 peccatoribus
2390 3332 2453 3358 ex·

1396 3367 1623 3407 hibendum.
1970 3409 1974 3412 ,
2402 3377 2405 3379 ’

1451 3421 1524 3458 SED
1544 3433 1689 3458 CONTRA
1710 3434 1775 3459 EST
1803 3422 1909 3471 quod
1938 3423 2173 3472 Augustinus
2201 3423 2290 3462 dicit
2307 3424 2344 3460 ²⁸:
2380 3427 2455 3468 Qui

1396 3475 1534 3511 creavit
1560 3480 1594 3510 te
1619 3475 1698 3511 sine
1724 3480 1769 3521 te,
1799 3488 1872 3513 non
1902 3478 2107 3530 iustificabit
2132 3483 2167 3514 te
2192 3479 2271 3514 sine
2296 3483 2340 3515 te.
2375 3478 2451 3516 Sed

2479 3429 2489 3438 ·
2503 3427 2576 3449 serm.
2591 3427 2690 3452 CLXIX,

2478 3453 2690 3481 a1.deVerta.Apost.

2480 3479 2529 3506 XV,
2545 3486 2594 3508 cap.
2610 3486 2640 3501 ιι.
