2918 4088
215 340 227 349 ·
242 337 312 359 Num.
327 343 367 359 ιιι.

216 690 229 700 ·
249 689 306 717 Cap.
330 690 430 717 Quidam

218 721 282 738 vero.

285 1099 291 1105 .
306 1089 322 1109 1,
338 1089 368 1105 ιν.

281 1116 302 1131 υ.
318 1115 348 1131 ιν.

218 1084 228 1094 e

218 1083 278 1136 ..Q

219 1568 228 1578 ·
238 1567 297 1588 Dist.
308 1572 339 1594 xi,
350 1572 389 1594 qu.
398 1571 429 1588 ιιι.

218 1748 228 1758 ¹
243 1746 275 1767 1v
289 1746 362 1772 Seni„
376 1745 429 1767 dist.

219 1779 251 1799 xi,
262 1779 300 1801 qu.
311 1778 346 1799 111,
357 1776 399 1794 art.
411 1779 428 1794 ι,

219 2104 230 2113 “’
240 2102 307 2128 1bid.,
317 2105 359 2124 art.
370 2107 390 2127 2,
401 2101 429 2122 ad

218 2135 266 2157 arg.
275 2130 305 2151 2¹¹²
320 2128 430 2150 Durandi.

223 3028 232 3038 ·
239 3026 310 3048 eann.

221 3059 266 3080 ΡΨ
275 3060 284 3078 1·

223 3079 365 3110 rengariun
387 3080 434 3101 Pa-

223 3112 260 3126 nn
270 3108 318 3130 ert,-
327 3105 379 3127 Non
389 3112 433 3127 om·

223 3132 274 3157 nis,-
288 3132 385 3154 Revera.

224 3159 246 3169 '¹‘
256 3158 325 3180 Num.
337 3165 361 3185 ιι,
371 3158 435 3179 Alte-

221 3190 274 3206 rum
289 3187 371 3206 autem.

339 3027 378 3048 uia
387 3033 436 3048 cor-

348 3059 362 3074 o
390 3054 434 3074 Be-

458 167 529 203 158

455 253 568 275 omnes
591 245 805 275 communiter
820 244 957 275 fatemur
972 254 1089 285 corpus
1105 244 1232 281 Christi,
1249 246 1336 284 prius
1352 253 1419 274 non
1435 252 1514 274 con-

454 294 579 319 tentum
602 289 661 319 sub
684 289 744 320 hac
759 289 872 325 hostia,
888 289 988 320 modo
1004 290 1156 320 veraciter
1171 290 1344 320 contineri:
1368 288 1513 328 quamvis

456 334 538 364 circa
561 332 698 364 modum
714 343 780 374 quo
803 334 994 370 continetur,
1010 334 1113 364 variae
1129 334 1200 370 sint,
1217 339 1254 364 ut
1267 339 1379 374 postea
1394 333 1410 349 ⁸*
1430 331 1514 362 dice-

456 383 516 413 tur,
534 377 712 417 opiniones.

510 421 631 452 Verum
654 422 828 452 novitatem
853 422 1079 458 conversionis,
1104 421 1178 452 licet
1202 430 1314 451 omnes
1338 430 1418 451 voce
1434 419 1514 450 affir-

456 471 554 502 ment,
579 465 757 496 secundum
780 475 847 496 rem
870 471 977 496 tamen
1001 466 1093 496 multi
1116 471 1286 505 negarunt,
1311 470 1458 505 putantes
1482 473 1515 494 se

455 519 522 540 non
557 519 671 550 negare
705 510 802 540 illam.
833 510 874 540 Et
896 510 929 540 hi
957 509 1161 540 multifariam
1191 515 1265 540 sunt
1299 509 1405 540 divisi:
1437 507 1514 538 dum

458 553 587 594 quidam
616 553 797 594 intelligunt
824 554 1040 584 conversionis
1063 554 1195 584 nomine
1222 553 1418 584 identitatem
1441 552 1514 588 loci,

456 605 493 628 ut
514 598 574 628 hac
589 599 710 628 ratione
727 597 848 628 dicatur
871 607 989 638 panem
1004 597 1073 628 fieri
1089 607 1205 638 corpus
1222 597 1348 633 Christi,
1366 599 1441 638 quia
1459 597 1515 627 ubi

457 647 504 672 est
519 643 618 681 panis,
636 647 682 672 est
705 647 736 672 et
758 651 875 682 corpus
892 642 1024 678 Christi;
1048 647 1084 672 ut
1104 642 1252 682 Magister
1271 641 1515 677 Sententiarum,

456 686 490 716 in
505 696 537 716 xr
552 687 568 702 ³*
591 685 793 716 distinctione
817 686 938 724 Quarti,
963 685 1057 716 refert
1080 691 1111 716 et
1133 686 1290 726 reprobat.
1327 686 1367 716 Et
1390 686 1429 716 de
1452 686 1516 716 hoc

457 730 515 760 erit
538 729 696 760 secundus
720 730 869 760 articulus
893 731 926 760 in
949 731 1060 760 littera.

512 773 652 811 Quidam
667 783 743 804 vero
767 775 983 805 conversionis
998 775 1131 805 nomine
1149 774 1329 814 intelligunt
1342 774 1516 805 successio-

457 818 508 848 nis
532 818 693 853 ordinem,
724 823 760 848 ut
782 819 932 858 Magister
960 818 1080 849 ibidem
1109 817 1219 848 refert:
1250 824 1286 848 ut
1307 819 1367 848 hac
1393 819 1516 849 ratione

457 861 579 892 dicatur
607 871 724 902 panem
754 863 897 893 converti
926 863 960 892 in
988 872 1105 902 corpus
1129 862 1262 898 Christi,
1294 863 1369 902 quia
1399 872 1516 902 corpus

457 905 575 936 Christi
598 912 645 936 est
666 912 740 946 post
763 907 1037 937 consecrationem
1059 907 1119 936 sub
1135 906 1351 937 accidentibus
1370 907 1429 937 sub
1446 907 1533 947 qui-⁷

456 950 517 980 bus
541 955 605 980 erat
627 951 734 990 panis;
759 960 858 990 quem
879 960 997 990 panem
1016 951 1191 985 annihilari,
1211 956 1266 980 aut
1281 951 1362 980 solvi
1378 951 1410 980 in
1426 960 1517 990 prae-

455 994 613 1024 iacentem
636 994 800 1024 materiam
824 994 980 1024 dicebant.
1004 995 1046 1024 Et
1066 995 1130 1024 hoc
1152 994 1276 1024 Auctor
1291 995 1324 1024 in
1339 995 1432 1024 tertio
1456 1000 1516 1024 tra-

457 1038 552 1067 ctabit
575 1037 718 1067 articulo.
743 1055 765 1059 —
787 1038 828 1068 Et
858 1038 939 1068 hanc
971 1039 1160 1078 opinionem
1190 1038 1298 1078 quoad
1328 1039 1517 1068 sententiam

455 1082 600 1120 sequitur
623 1080 748 1117 Scotus‚
772 1082 805 1111 in
829 1081 964 1119 Quarto,
989 1081 1058 1112 dist.
1075 1092 1095 1111 x
1110 1083 1127 1098 ⁴*
1147 1086 1179 1112 et
1193 1092 1224 1111 x1
1240 1083 1284 1112 ss.
1309 1082 1382 1112 Dixi
1398 1087 1516 1118 autem,

455 1124 629 1155 secundum
651 1125 850 1155 sententiam.
876 1125 961 1162 Quia
983 1126 1016 1155 in
1039 1125 1139 1155 modo
1156 1125 1309 1164 opinandi
1333 1126 1456 1156 cautior
1471 1131 1518 1156 est

456 1168 581 1204 Scotus‚
604 1178 730 1208 ponens
753 1178 871 1208 panem
888 1178 945 1208 per
960 1169 1107 1199 accidens
1122 1168 1222 1208 redigi
1237 1170 1270 1199 in
1286 1169 1374 1204 nihil,
1393 1175 1424 1199 et
1440 1179 1517 1200 con-

455 1213 636 1243 versionem
650 1218 745 1243 vocat
758 1212 961 1243 adduct-ivam
978 1213 1096 1243 Christi
1111 1213 1255 1253 corporis
1278 1212 1318 1243 ad
1341 1213 1404 1244 hoc
1428 1213 1518 1253 quod

455 1258 495 1287 sit
517 1266 665 1297 praesens
688 1256 905 1287 accidentibus
927 1257 1028 1297 panis.
1063 1256 1126 1287 Sed
1149 1256 1259 1296 quoad
1281 1266 1349 1287 rem
1374 1258 1409 1287 in
1432 1257 1517 1288 idem

455 1301 536 1331 redit
559 1310 633 1331 cum
658 1301 812 1340 opinione
842 1301 971 1331 recitata
1001 1311 1019 1331 a
1042 1301 1208 1341 Magistro:
1240 1302 1316 1341 quia
1339 1301 1517 1332 secundum

455 1355 523 1376 rem
546 1345 637 1385 panis
660 1354 728 1375 non
751 1346 946 1376 convertitur
961 1346 994 1375 in
1011 1345 1151 1385 aliquam
1167 1354 1245 1381 rem,
1262 1344 1317 1375 sed
1332 1346 1365 1375 in
1380 1346 1517 1376 nihilum

455 1389 549 1420 cedit.
573 1390 614 1419 Et
636 1394 806 1429 propterea
823 1389 894 1419 solo
910 1390 1043 1420 nomine
1059 1390 1304 1420 conversionem
1320 1390 1412 1430 ponit
1428 1391 1518 1430 panis

447 1435 489 1467 ⁴in
511 1443 629 1473 corpus
653 1433 780 1464 Christi.
1104 1427 1111 1441 s

511 1477 652 1516 Quidam
674 1483 783 1508 autem
806 1478 1023 1508 conversionis
1046 1487 1168 1508 nomen
1192 1483 1223 1509 et
1244 1487 1323 1514 rem,
1348 1478 1518 1518 partialiter

455 1527 573 1558 tamen,
597 1521 777 1552 admittunt.
808 1522 858 1552 De
882 1531 1022 1562 quorum
1045 1532 1182 1553 numero
1206 1527 1253 1553 est
1275 1522 1461 1559 Durandus,
1485 1523 1518 1553 in

456 1565 572 1597 eodem
595 1566 718 1604 Quarto
734 1567 761 1602 θ’,
785 1575 910 1606 ponens
933 1567 1098 1597 materiam
1121 1567 1211 1607 panis
1236 1567 1377 1597 converti
1394 1568 1428 1597 in
1448 1577 1518 1598 cor—

456 1620 517 1651 pus
541 1610 659 1641 Christi
681 1611 757 1650 quia
779 1611 892 1650 incipit
913 1610 1078 1641 informari
1101 1611 1204 1641 forma
1228 1612 1371 1651 corporis
1391 1611 1517 1648 Christi,

456 1656 538 1686 sicut
553 1655 740 1685 alimentum
755 1654 945 1686 informatur
961 1654 1064 1686 forma
1079 1655 1154 1691 aliti,
1177 1656 1268 1695 panis
1283 1665 1359 1686 vero
1382 1655 1519 1686 formam

456 1699 599 1730 desinere
623 1708 700 1729 esse.
716 1717 740 1721 —
754 1699 795 1729 Et
810 1700 889 1730 haec
907 1709 992 1729 nova
1008 1700 1120 1740 opinio
1136 1705 1172 1730 ut
1188 1709 1320 1730 erronea
1336 1710 1354 1730 a
1369 1700 1463 1730 Petro
1479 1700 1519 1731 de

455 1743 576 1774 Palude
591 1744 608 1760 ὓ
630 1743 828 1783 reprobatur.
853 1743 894 1774 Et
917 1753 1050 1774 erronea
1073 1745 1274 1774 convincitur
1290 1754 1328 1774 ex
1343 1745 1406 1774 hoc
1431 1744 1520 1784 quod

457 1797 574 1828 corpus
598 1787 716 1818 Christi
742 1788 806 1817 iam
830 1794 877 1818 est
897 1788 1111 1828 impassibile:
1144 1793 1175 1818 et
1197 1788 1301 1818 multo
1325 1789 1425 1828 magis
1451 1789 1519 1819 eius

457 1833 563 1862 anima
586 1837 632 1862 est
654 1832 861 1862 immutabilis
885 1831 994 1871 quoad
1016 1831 1187 1863 informare
1208 1838 1239 1862 et
1254 1842 1322 1862 non
1337 1832 1518 1863 informare.

512 1875 653 1914 Quidam
676 1875 824 1911 demum,
849 1877 1067 1906 conversionis
1089 1886 1211 1907 nomen
1235 1882 1266 1907 et
1288 1886 1356 1907 rem
1382 1877 1520 1907 totaliter

457 1920 667 1955 admittentes,
693 1919 803 1950 dicunt
825 1929 943 1960 panem
967 1921 1110 1951 converti
1125 1921 1159 1950 in
1175 1930 1292 1960 corpus
1309 1920 1435 1957 Christi,
1451 1931 1519 1951 non

458 1964 636 1995 secundum
658 1964 875 2000 substantiam,
895 1964 951 1994 sed
966 1964 1145 1994 secundum
1161 1974 1229 1994 esse
1245 1964 1453 1995 accidentale:
1477 1966 1519 1995 ita

458 2008 548 2049 quod
570 2009 660 2048 panis
684 2009 888 2044 convertitur,
912 2018 981 2038 non
995 2009 1030 2038 in
1045 2009 1252 2038 substantiam
1269 2009 1412 2048 corporis
1429 2008 1520 2039 Chri-

457 2054 506 2089 sti,
523 2052 579 2083 sed
594 2053 627 2082 in
641 2052 725 2082 illius
749 2061 816 2082 esse
840 2053 1076 2083 sacramentale.
1101 2052 1142 2082 Et
1164 2053 1247 2082 hanc
1270 2053 1459 2092 opinionem
1474 2058 1520 2084 te-

456 2102 521 2133 net,
539 2097 606 2126 sine
622 2096 794 2126 assertione
810 2101 928 2131 tamen,
945 2096 1055 2126 Petrus
1072 2095 1112 2126 de
1127 2095 1257 2132 Palude,
1273 2097 1307 2126 in
1323 2096 1446 2134 Quarto
1459 2098 1486 2127 *.
1497 2115 1521 2119 -

457 2141 565 2179 Quam
595 2141 801 2180 opinionem,
831 2145 944 2181 utpote
967 2150 1105 2177 novam,
1129 2141 1253 2171 Auctor
1275 2150 1343 2171 non
1366 2141 1519 2171 tractavit.

457 2186 571 2216 Aliena
585 2190 693 2215 tamen
709 2194 727 2214 a
742 2185 872 2215 veritate
889 2189 951 2215 est:
974 2185 1050 2224 quia
1065 2185 1433 2215 transubstantiationem
1449 2185 1519 2215 solo

456 2230 590 2260 nomine
613 2229 720 2260 salvat.
751 2228 917 2266 Quoniam
940 2228 1119 2259 secundum
1141 2238 1210 2259 rem
1237 2228 1323 2269 apud
1345 2229 1422 2259 istos
1445 2230 1520 2260 sub-

457 2274 569 2304 stantia
592 2273 682 2313 panis
705 2274 900 2303 convertitur
922 2274 955 2303 in
979 2273 1143 2309 accidens,
1175 2278 1207 2303 et
1229 2282 1296 2303 non
1319 2273 1353 2303 in
1376 2274 1520 2304 substan-

456 2319 535 2348 tiam
550 2318 692 2358 corporis
705 2317 836 2348 Christi:
853 2316 909 2347 sed
925 2317 1103 2348 secundum
1114 2326 1230 2347 vocem
1241 2317 1362 2347 salvant
1376 2318 1520 2348 transub-

457 2362 608 2397 stantiari,
633 2362 709 2401 quia
731 2362 925 2392 convertitur
947 2362 1037 2401 panis
1060 2361 1234 2391 substantia
1257 2361 1290 2391 in
1307 2360 1424 2392 Christi
1446 2362 1520 2392 sub-

458 2407 605 2437 stantiam
621 2405 799 2436 secundum
816 2415 883 2435 esse
900 2405 1104 2436 accidentale.
1139 2405 1230 2435 Patet
1244 2405 1403 2445 siquidem
1418 2407 1520 2436 mani-

458 2450 536 2481 feste
560 2449 845 2480 transubstantiari
868 2451 1038 2489 importare
1061 2450 1306 2480 conversionem
1329 2450 1520 2480 substantiae

458 2495 492 2525 in
515 2494 726 2524 substantiam
745 2494 929 2534 simpliciter
953 2499 983 2524 et
1006 2493 1165 2524 absolute:
1190 2498 1226 2524 ut
1248 2499 1351 2524 textus
1375 2503 1520 2534 expresse

220 2542 433 2591 {uffiuffbtih‘we'
458 2538 608 2569 inductae
623 2539 639 2555 ⁵*
664 2537 826 2568 decretalis
850 2537 941 2568 dicit:
967 2537 1263 2568 transubstantiatis
1280 2546 1369 2578 pane
1392 2538 1424 2568 in
1449 2547 1521 2569 cor-

453 2593 519 2623 pus
542 2587 573 2613 et
594 2582 669 2613 vino
694 2582 726 2612 in
750 2582 953 2623 sanguinem.

514 2627 568 2657 VI.
593 2626 786 2657 Communis
809 2631 917 2656 autem
940 2625 1094 2662 doctrina,
1112 2635 1210 2666 quarn
1225 2626 1349 2656 Auctor
1367 2627 1520 2666 sequitur,

221 2671 433 2726 {JE'aQPassissr‘n
459 2676 534 2711 post
563 2671 749 2710 Magistrum
780 2670 1014 2701 Sententiarum
1029 2671 1062 2706 ἦ,
1090 2675 1178 2700 tenet
1200 2671 1407 2701 substantiam
1430 2671 1520 2711 panis

248 2715 253 2725 ,
307 2715 312 2720 .

221 2731 272 2753 sqq.

459 2715 603 2746 converti
625 2716 658 2745 in
682 2715 889 2745 substantiam
914 2715 1056 2754 corporis
1081 2714 1198 2745 Christi
1221 2715 1342 2754 absque
1358 2714 1520 2745 additione

459 2759 582 2799 aliqua,
613 2759 733 2799 absque
762 2764 934 2799 augmento
962 2768 1095 2799 quoque
1124 2759 1158 2789 in
1181 2759 1354 2789 substantia
1378 2760 1520 2799 corporis

460 2803 595 2839 Christi;
629 2813 665 2833 ac
688 2813 745 2843 per
767 2804 841 2837 hoc,
865 2812 983 2843 panem
1005 2813 1074 2833 non
1097 2812 1165 2833 esse
1188 2803 1351 2834 redactum
1374 2803 1407 2833 in
1431 2803 1519 2839 nihil,

459 2847 515 2878 sed
538 2857 729 2878 conversum
752 2848 784 2877 in
809 2847 1015 2877 substantiam
1040 2847 1157 2877 Chn'sti
1173 2848 1332 2887 corporis;
1358 2853 1389 2877 et
1404 2857 1443 2877 ex
1458 2848 1520 2878 hoc

458 2892 530 2931 ipso
561 2901 629 2922 non
656 2901 723 2922 esse
753 2891 890 2931 amplius
913 2901 1046 2931 panem,
1078 2890 1134 2922 sed
1157 2891 1246 2931 quod
1270 2897 1334 2922 erat
1357 2892 1448 2931 panis
1475 2897 1522 2922 est

459 2945 577 2976 corpus
601 2935 728 2966 Christi.
752 2936 793 2966 Et
808 2936 887 2966 haec
903 2935 1048 2966 doctrina
1071 2945 1108 2966 ex
1125 2937 1219 2966 sacris
1236 2935 1379 2966 conciliis
1396 2936 1521 2976 priscis—

460 2989 524 3019 que
547 2979 732 3010 doctoribus
755 2980 916 3010 Ecclesiae
941 2980 1023 3010 clare
1043 2980 1190 3010 habetur:
1216 2985 1251 3010 ut
1274 2985 1360 3019 patet
1379 2980 1418 3010 de
1436 2980 1521 3010 Con-

459 3033 550 3059 secr„
564 3023 634 3054 dist.
652 3024 678 3054 11
694 3025 720 3060 *ζ
734 3023 857 3060 diffuse,
871 3029 902 3054 et
917 3024 950 3054 in
967 3024 1098 3064 allegata
1110 3024 1144 3041 *⁴*
1161 3023 1308 3054 decretali
1329 3024 1521 3055 Lateranen-

460 3069 502 3098 sis
525 3068 673 3098 Concilii.

515 3111 613 3142 Addit
636 3117 744 3142 autem
766 3112 910 3142 doctrina
933 3113 1011 3142 haec
1034 3111 1124 3152 quod
1146 3112 1225 3142 haec
1241 3113 1365 3142 novitas
1389 3122 1522 3142 conver-

461 3155 559 3185 sionis
576 3161 622 3185 est
637 3157 716 3186 ratio
732 3156 880 3186 novitatis
898 3157 1122 3191 continentiae,
1140 3162 1171 3186 et
1186 3157 1272 3195 prior
1287 3156 1349 3186 illa.
1372 3156 1416 3186 Ita
1433 3155 1522 3195 quod

461 3199 549 3238 prius
564 3204 676 3229 natura
699 3205 746 3229 est
760 3200 884 3230 novitas
901 3200 1118 3230 conversionis
1133 3200 1224 3239 panis
1246 3201 1280 3230 in
1297 3209 1414 3239 corpus
1430 3199 1521 3230 Chri-

462 3243 511 3278 sti,
531 3248 562 3273 et
577 3242 692 3273 deinde
708 3242 885 3273 secundum
900 3249 1030 3274 naturae
1047 3243 1192 3274 ordinem
1209 3249 1255 3274 est
1271 3253 1388 3283 corpus
1405 3242 1520 3274 Christi

462 3287 521 3316 sub
544 3287 664 3316 hostia:
689 3292 863 3326 utrumque
885 3292 993 3317 tamen
1016 3293 1063 3317 est
1079 3288 1114 3317 in
1129 3297 1196 3317 uno
1217 3292 1248 3317 et
1263 3287 1379 3318 eodem
1394 3287 1522 3317 instanti

462 3331 625 3370 temporis.
660 3330 728 3361 Nec
757 3335 804 3360 est
833 3331 914 3360 inter
943 3331 999 3360 has
1026 3331 1104 3361 duas
1132 3331 1288 3361 novitates
1314 3331 1522 3361 solummodo

463 3374 565 3404 dictus
589 3373 668 3404 ordo
692 3375 805 3414 prioris
825 3379 855 3404 et
871 3375 1065 3414 posterioris,
1082 3373 1137 3404 sed
1154 3374 1233 3404 ordo
1251 3374 1455 3405 causalitatis:
1481 3375 1523 3404 ita

463 3418 552 3458 quod
582 3419 660 3449 haec
691 3418 858 3449 conversio
885 3419 975 3458 panis
1007 3419 1041 3448 in
1064 3422 1181 3458 corpus
1205 3418 1322 3448 Christi
1353 3423 1399 3448 est
1429 3427 1523 3448 causa

462 3461 622 3492 sufficiens
651 3463 686 3492 in
708 3472 767 3493 suo
791 3461 902 3492 ordine
931 3462 1112 3492 existentiae
1141 3462 1284 3502 corporis
1315 3461 1431 3492 Christi
1463 3463 1522 3492 sub

462 3507 574 3536 hostia.
600 3507 644 3536 Ita
669 3506 767 3547 quod,
791 3506 865 3536 licet
887 3507 949 3536 sint
971 3506 1023 3536 hic
1047 3505 1128 3536 duae
1151 3506 1316 3542 novitates,
1342 3511 1373 3536 et
1388 3511 1435 3535 tot
1451 3515 1522 3536 mu-

1130 166 1392 213 QUAESTIO
1421 164 1581 211 LXXV,
1610 162 1902 201 ARTlcULUs
1930 162 1944 199 1

1567 243 1702 272 tationes
1727 250 1801 272 cum
1825 242 1889 271 suis
1912 235 2048 280 propriis
2071 236 2229 277 terminis;
2253 246 2345 271 tanta
2354 246 2462 272 tamen
2478 246 2524 272 est
2545 242 2627 272 inter

1569 296 1620 317 eas
1643 287 1818 316 necessaria
1833 285 1993 316 connexio
2016 284 2108 324 quod
2130 284 2170 316 ad
2192 286 2331 325 priorem
2354 285 2495 326 reliquae
2512 295 2627 317 ›neces—

1568 331 1650 361 sario
1673 335 1867 370 sequuntur:
1892 329 1955 359 hoc
1971 334 2027 364 est,
2048 328 2138 368 quod
2153 328 2194 359 ad
2208 329 2451 360 conversionem
2466 330 2548 360 hanc
2564 339 2628 370 qua

1567 374 1863 405 transubstantiatur
1885 373 1976 413 panis
1999 373 2031 403 in
2049 381 2166 413 corpus
2182 371 2309 409 Christi,
2328 374 2506 410 necessario
2522 373 2628 414 sequi-

1568 424 1619 449 tur
1642 428 1759 458 corpus
1784 417 1900 448 Christi
1925 417 2081 447 contineri
2104 417 2162 446 sub
2186 417 2300 447 hostia.
2620 416 2622 418 ’

1624 463 1784 500 Quocirca
1808 467 1946 502 quatuor
1969 466 2138 500 supersunt
2161 459 2357 491 declaranda.
2391 461 2515 498 Primo,
2540 460 2630 501 quod

1568 507 1647 537 haec
1671 507 1838 537 conversio
1863 511 1909 536 est
1932 505 2045 535 factiva
2067 505 2263 545 praesentiae
2279 505 2421 545 corporis
2438 504 2555 537 Christi
2570 505 2628 535 sub

1570 552 1673 581 hostia
1684 552 1715 587 *3
1732 550 1885 586 secundo,
1899 549 1988 589 quod
2004 550 2067 580 hoc
2083 554 2129 579 est
2145 549 2358 580 necessarium
2369 549 2418 585 *³3
2431 550 2535 585 tertio,
2548 558 2630 589 quo—

1569 595 1669 625 modo
1682 604 1715 625 se
1726 595 1840 625 habeat
1855 595 1933 624 haec
1946 594 2112 624 conversio
2129 592 2169 623 ad
2181 598 2370 633 sequentem
2380 593 2591 633 praesentiam
2601 594 2629 630 ’ς

1571 645 1695 679 quarto,
1719 638 1893 669 redibimus
1918 637 1956 668 ad
1980 638 2150 678 opiniones
2173 637 2284 667 relatas
2300 638 2326 667 ’ἢ

1624 683 1692 714 VII.
1717 683 1768 713 Ad
1791 682 1982 713 evidentiam
2005 682 2109 722 primi,
2127 681 2218 717 scito,
2235 686 2267 711 et
2289 685 2391 716 caute,
2408 680 2576 720 dupliciter
2592 680 2632 711 de

1571 728 1781 757 conversione
1803 727 1894 766 panis
1917 727 1949 756 in
1974 735 2091 766 corpus
2107 725 2225 766 Christi
2247 734 2343 765 posse
2365 734 2426 755 nos
2448 724 2556 764 loqui:
2580 724 2632 755 vel

1570 772 1755 812 simpliciter
1778 777 1809 801 et
1825 770 1986 806 absolute;
2010 770 2062 801 vel
2076 776 2112 800 ut
2127 769 2355 800 sacramentali.
2379 769 2463 799 Nam
2478 769 2504 799 si
2519 769 2632 809 loqua-

1570 826 1643 846 mur
1658 815 1843 855 simpliciter
1858 820 1890 845 et
1905 814 2051 845 absolute
2070 814 2110 845 de
2126 814 2336 845 conversione
2358 813 2450 854 panis
2465 813 2499 844 in
2515 812 2633 843 Chriiti

1571 869 1688 900 corpus
1711 860 1924 900 praeexistens
1946 859 2067 898 absque
2089 858 2262 894 additione,
2281 863 2352 893 etc„
2376 857 2455 888 nihil
2478 856 2565 888 aliud
2586 857 2633 887 vi-

1571 904 1633 935 deo
1655 903 1731 934 inde
1754 903 1855 943 sequi.
1879 902 1979 941 Quod
2003 912 2040 934 ex
2063 903 2126 933 hoc
2149 903 2313 942 percipere
2336 911 2519 942 possumus,
2543 900 2633 941 quod

1570 949 1606 984 si,
1631 949 1751 988 absque
1774 948 1962 978 sacramenti
1985 947 2194 982 institutione,
2219 946 2325 977 divina
2340 946 2485 986 potentia
2500 954 2632 976 conver-

1570 998 1649 1022 teret
1672 1001 1789 1032 panem
1812 992 1845 1022 in
1869 990 1987 1021 Christi
2010 1000 2137 1031 corpus,
2161 991 2240 1021 nihil
2256 989 2342 1021 aliud
2364 990 2534 1021 fateremur
2551 988 2632 1021 'effev

1571 1042 1660 1066 ctum
1682 1037 1743 1066 nisi
1767 1035 1856 1075 quod
1879 1035 1969 1075 panis
1993 1044 2165 1066 conversus
2189 1039 2235 1064 est
2257 1035 2291 1065 in
2307 1043 2424 1074 corpus
2440 1033 2568 1065 Christi.
2591 1034 2633 1064 Et

1571 1081 1634 1110 hoc
1658 1085 1704 1110 est
1727 1079 1817 1119 quod
1840 1079 1988 1110 doctores
2012 1078 2104 1115 dicti,
2128 1078 2248 1109 scilicet
2271 1078 2386 1109 Scotus
2405 1083 2464 1109 etc.
2481 1079 2515 1114 *,
2539 1087 2632 1108 sona-

1569 1129 1700 1160 verunt,
1732 1123 1872 1154 dicentes
1901 1123 2077 1154 novitatem
2104 1122 2322 1153 conversionis
2347 1131 2443 1162 posse
2466 1131 2535 1153 esse
2565 1122 2633 1152 sine

1570 1168 1712 1198 novitate
1735 1167 1931 1207 praesentiae
1955 1166 2073 1197 Christi
2095 1166 2135 1196 ad
2157 1167 2305 1197 hostiam.
2329 1166 2404 1196 Hoc
2419 1166 2506 1196 enim
2520 1174 2633 1196 verum

1570 1217 1671 1247 esset,
1696 1212 1721 1241 si
1745 1215 1827 1241 esset
1840 1220 1955 1240 sermo
1979 1209 2019 1240 de
2043 1210 2254 1240 conversione
2280 1209 2464 1249 simpliciter
2487 1214 2519 1239 et
2541 1209 2634 1240 abso-

1570 1255 1647 1285 lute.
1663 1273 1686 1277 -
1701 1254 1764 1285 Sed
1780 1255 1806 1284 si
1821 1263 1926 1284 sermo
1943 1259 1990 1284 est
2006 1253 2046 1284 de
2065 1254 2275 1284 conversione
2291 1253 2519 1289 sacramentali,
2543 1262 2635 1284 secus

1571 1298 1744 1329 dicendum
1767 1304 1824 1328 est.
1848 1297 1951 1328 Et·de
1975 1297 2030 1328 tali
2053 1298 2263 1328 conversione
2285 1297 2464 1337 loquuntur
2486 1296 2635 1328 doctores

1570 1344 1675 1383 prisci,
1699 1343 1779 1373 sacri
1802 1351 1950 1378 canones,
1975 1347 2007 1372 et
2029 1351 2089 1372 nos
2112 1342 2158 1372 sic
2181 1341 2221 1372 de
2237 1350 2275 1371 ea
2296 1350 2384 1372 nunc
2406 1341 2581 1381 loquimur.

1626 1387 1667 1418 Et
1689 1388 1716 1417 si
1739 1396 1871 1427 quaeras
1901 1385 1980 1426 quid
2003 1385 2089 1416 addit
2110 1386 2144 1426 ly
2166 1385 2412 1417 sacramentalis
2438 1394 2534 1426 supra
2557 1395 2635 1417 con-

1571 1432 1769 1462 versionem:
1793 1430 1974 1471 respondeo
1999 1429 2088 1470 quod
2104 1429 2190 1460 addit
2205 1429 2326 1470 aliquid
2340 1429 2434 1460 nobis
2457 1429 2635 1463 secundum

1572 1485 1605 1506 se
1627 1477 1787 1516 ignotum,
1812 1474 1979 1515 cognitum
1997 1480 2106 1506 autem
2127 1479 2306 1514 utcumque
2328 1483 2386 1514 per
2400 1474 2464 1505 hoc
2484 1473 2573 1514 quod
2588 1479 2637 1506 eet

1571 1520 1728 1550 illativum
1750 1520 1846 1550 huius
1868 1519 2016 1555 veritatis,
2040 1518 2117 1549 Hoc
2139 1523 2187 1549 est
2208 1527 2327 1559 corpus
2348 1526 2463 1549 meum.
2494 1518 2537 1549 Et
2559 1526 2635 1549 cave

1572 1574 1614 1595 ne
1637 1564 1750 1595 dixeris
1781 1563 1870 1604 quod
1894 1562 1980 1594 addit
2002 1563 2108 1594 solum
2131 1568 2313 1603 respectum
2336 1562 2376 1593 ad
2398 1562 2534 1595 activam
2557 1571 2636 1595 con-

1573 1609 1783 1639 secrationem
1807 1617 1864 1648 per
1885 1608 1981 1638 verba
2003 1607 2174 1638 sacerdotis
2197 1607 2231 1637 in
2254 1616 2392 1647 persona
2415 1606 2541 1638 Christi.

1627 1653 1709 1683 VIII.
1733 1653 1889 1683 Probatur
1908 1652 2003 1692 igitur
2021 1650 2111 1692 quod
2127 1651 2294 1682 conversio
2311 1650 2555 1687 sacramentalis,
2571 1651 2635 1682 hoc
2660 1672 2662 1674 v

1574 1702 1630 1733 est,
1655 1706 1738 1737 quae
1753 1706 1810 1727 seu
1827 1696 1928 1736 qualis
1949 1697 1983 1726 in
1998 1696 2062 1726 hoc
2077 1701 2275 1726 sacramento
2291 1694 2337 1731 fit,
2354 1700 2401 1726 est
2416 1694 2531 1727 factiva
2544 1702 2636 1735 prae-

1572 1742 1692 1772 sentiae
1716 1741 1859 1781 corporis
1883 1740 2000 1771 Christi
2023 1740 2082 1771 sub
2103 1740 2218 1770 hostia.
2242 1739 2397 1770 Probatur
2412 1744 2520 1770 autem
2535 1739 2636 1779 tripli-

1574 1787 1660 1816 citer.
1687 1785 1810 1821 Primo,
1835 1794 1874 1815 ex
1896 1784 1959 1815 hoc
1982 1783 2072 1824 quod
2093 1784 2182 1814 nulla
2204 1784 2264 1814 alia
2286 1783 2411 1814 ratione
2432 1783 2637 1814 ecclesiastici

1573 1829 1723 1860 doctores
1751 1830 1975 1859 laboraverunt
2006 1829 2251 1859 conversionem
2280 1828 2314 1858 in
2344 1828 2408 1858 hoc
2437 1832 2636 1860 sacramento

1575 1874 1742 1909 declarare,
1774 1874 1835 1903 nisi
1868 1872 1916 1910 ad>
1933 1871 2164 1903 verificandum
2193 1872 2270 1903 Hoc
2299 1876 2347 1903 est
2375 1880 2494 1911 corpus
2519 1881 2635 1903 meunt.

1574 1918 1674 1956 Quod
1697 1923 1784 1958 patet
1806 1923 1876 1948 tum
1900 1926 1938 1947 ex
1958 1926 1998 1947 eo
2023 1916 2113 1956 quod
2136 1916 2304 1947 conversio
2326 1925 2396 1946 non
2411 1915 2559 1955 explicite
2580 1915 2637 1947 hn-

1575 1963 1667 1992 betur
1681 1963 1716 1992 in
1731 1961 1923 2001 Evangelio:
1948 1970 1985 1991 ac
2001 1970 2058 2001 per
2072 1961 2146 1997 hoc,
2165 1960 2227 1991 nisi
2242 1959 2282 1990 ad
2296 1958 2527 1990 verificandum
2542 1959 2638 1993 verba

1575 2006 1708 2036 Domini
1732 2006 1898 2036 conversio
1924 2011 2019 2041 esset,
2042 2014 2109 2035 non
2134 2009 2265 2044 apparet
2287 2004 2343 2034 ubi
2366 2002 2537 2035 fundarent
2559 2012 2638 2035 con·

1574 2051 1756 2080 versionem
1779 2049 1970 2080 credendam
1993 2050 2032 2079 ab
2057 2049 2208 2079 omnibus
2231 2047 2310 2079 fore.
2334 2047 2423 2079 Turn
2439 2057 2477 2078 ex
2491 2057 2532 2078 eo
2546 2047 2638 2088 quod

1574 2095 1764 2125 Ambrosius
1779 2095 1806 2130 *,
1830 2099 1919 2124 tanto
1943 2093 2051 2124 labore
2075 2092 2225 2124 insudans
2249 2091 2289 2123 ad
2310 2091 2540 2124 verificandum
2561 2091 2643 2124 Hoc,

1574 2144 1622 2170 est
1643 2148 1762 2179 corpus
1780 2147 1894 2174 meum,
1919 2137 1998 2168 nihil
2013 2137 2100 2168 aliud
2115 2136 2190 2168 facit
2211 2137 2273 2168 nisi
2289 2135 2378 2176 quod
2394 2141 2529 2169 conatur
2542 2145 2638 2168 mon—

1575 2189 1670 2214 strare
1693 2183 1758 2213 hoc
1781 2181 1871 2223 quod
1894 2189 1960 2213 erat
1981 2182 2082 2222 panis,
2101 2181 2202 2212 modo
2226 2190 2295 2212 esse
2313 2189 2431 2221 corpus
2443 2180 2573 2214 Christi.
2596 2181 2638 2213 Et

1574 2228 1638 2258 hoc
1665 2227 1751 2258 idem
1781 2226 1857 2257 facit
1881 2226 2081 2266 Augustinus
2100 2227 2126 2256 *.
2162 2226 2213 2262 Et,
2229 2225 2375 2262 breviter,
2394 2224 2434 2256 de
2458 2224 2638 2266 Consecrae

1576 2272 1663 2302 tione
1686 2271 1846 2302 distinctio
1870 2270 2011 2301 secunda
2033 2270 2128 2310 plena
2151 2275 2198 2300 est
2220 2269 2287 2300 istis
2309 2269 2481 2300 laboribus.

1631 2315 1782 2355 Secundo
1806 2320 1893 2356 patet
1916 2324 1954 2345 ex
1969 2315 2057 2354 prius
2072 2313 2090 2333 *
2106 2314 2238 2344 inducta
2253 2313 2402 2344 decretali
2417 2313 2638 2345 Lateranensis

1576 2360 1726 2396 Concilii,
1750 2359 1829 2390 dum
1852 2358 1982 2390 dicitur:
2009 2358 2130 2389 Christi
2148 2367 2267 2398 corpus
2281 2362 2313 2388 et
2325 2358 2463 2399 sanguis
2478 2358 2511 2388 in
2526 2366 2638 2389 sacra-
2664 2361 2676 2375 '

1575 2409 1680 2435 mento
1704 2404 1828 2434 Altaris
1857 2403 1915 2434 sub
1935 2402 2098 2443 speciebus
2114 2402 2214 2442 panis
2237 2406 2268 2433 et
2290 2402 2357 2433 vini
2379 2402 2539 2432 veraciter
2561 2411 2638 2434 con-

1575 2449 1727 2484 tinentur,
1753 2447 2048 2478 transubstantiatis
2065 2456 2154 2487 pane
2172 2446 2204 2477 in
2221 2455 2340 2487 corpus
2361 2451 2393 2476 et
2415 2446 2490 2477 vino
2514 2446 2547 2477 in
2563 2455 2639 2478 san-

1574 2493 1728 2534 guinem:
1749 2492 1806 2522 ubi
1829 2501 1867 2522 ex
1889 2492 1961 2531 ipso
1984 2491 2085 2521 modo
2107 2490 2263 2530 loquendi
2287 2495 2418 2530 apparet
2440 2491 2586 2530 prioritas
2606 2496 2640 2524 et

1576 2537 1741 2568 causalitas
1763 2536 2104 2566 transubstantiationis
2127 2540 2274 2575 respectu
2298 2534 2523 2566 continentiae.

1631 2580 1694 2612 Sed
1717 2586 1748 2611 et
1771 2580 1885 2611 clarius
1908 2580 2104 2619 apertissime
2127 2579 2220 2610 tertio
2244 2583 2331 2619 patet
2353 2578 2417 2610 hoc
2433 2588 2472 2609 ex
2488 2578 2639 2615 Concilio

1575 2625 1761 2655 Florentino
1778 2625 1794 2641 ἢ*
1818 2625 1876 2654 sub
1893 2624 2040 2664 Eugenio
2057 2624 2110 2659 lv,
2134 2623 2190 2653 ubi
2206 2623 2251 2653 sic
2266 2623 2418 2663 legimus:
2442 2623 2565 2654 For-ma
2579 2622 2639 2661 hu—

1576 2670 1626 2700 ius
1648 2668 1843 2700 sacramenti
1865 2673 1942 2699 sunt
1963 2668 2060 2699 verba
2083 2667 2266 2698 Salvatoris
2288 2667 2402 2708 quibus
2423 2667 2485 2698 hoc
2499 2668 2641 2714 conficit

1573 2718 1821 2744 sacramentum.
1851 2712 2010 2743 Sacerdos
2033 2713 2117 2743 enim
2141 2712 2173 2742 in
2192 2720 2337 2752 persona
2362 2711 2483 2742 Christi
2505 2712 2538 2743 lo

1574 2758 1635 2788 hoc
1657 2757 1787 2799 conficit
1800 2761 2057 2787 sacramentum:
2081 2766 2156 2787 nam
2177 2756 2320 2796 ipsorum
2335 2755 2506 2787 verborum
2521 2721 2639 2792 virtute

1574 2802 1752 2833 substantia
1780 2801 1877 2842 panis
1907 2801 1939 2831 in
1964 2810 2082 2842 corpus
2107 2800 2227 2831 Christi
2257 2805 2288 2830 et
2314 2799 2491 2830 substantia
2513 2798 2582 2835 uini
2603 2800 2637 2831 in

1574 2846 1768 2888 sanguinem
1791 2850 2034 2876 convertuntur.
2058 2845 2122 2876 Ubi
2145 2844 2312 2875 manifeste
2334 2842 2422 2874 vides
2445 2842 2535 2883 quod
2557 2844 2637 2875 ratio

1575 2896 1607 2922 et
1630 2900 1725 2921 causa
1747 2899 1846 2931 quare
1861 2890 1924 2920 hoc
1941 2889 2111 2920 conficitur
2125 2893 2370 2924 sacramentum,
2387 2893 2434 2918 est
2449 2888 2636 2921 conversio:

1576 2936 1639 2966 hoc
1655 2935 1742 2965 enim
1757 2933 1913 2974 significat
1927 2933 1980 2964 illa
1996 2933 2129 2964 causalis
2141 2932 2328 2964 coniunctio
2344 2941 2429 2962 nam.
2446 2931 2638 2971 Quinimmo

1576 2989 1614 3010 ex
1637 2979 1697 3010 hac
1720 2978 1883 3009 Ecclesiae
1907 2977 2171 3009 determinatione
2201 2977 2299 3008 habes
2321 2976 2567 3009 convenientem
2589 2976 2638 3007 lo-

1576 3023 1696 3064 quendi
1719 3022 1865 3058 modum,
1882 3019 2020 3052 dicendo
2037 3020 2126 3061 quod
2141 3021 2238 3052 verba
2253 3019 2515 3056 consecrationis,
2532 3019 2638 3051 media

1576 3067 1786 3098 conversione
1803 3066 1902 3106 panis
1925 3065 1957 3096 in
1974 3075 2092 3106 corpus
2109 3065 2239 3100 Christi,
2263 3064 2438 3105 conficiunt
2451 3064 2513 3095 hoc
2526 3073 2637 3096 sacra-

1577 3117 1726 3147 mentum,
1750 3110 1837 3151 quod
1860 3114 1987 3141 constat
2008 3119 2050 3140 ex
2063 3109 2167 3150 specie
2185 3108 2282 3149 panis
2305 3113 2337 3139 et
2350 3117 2488 3148 corpore
2506 3108 2636 3140 Christi.

1576 3156 1627 3186 Fit
1651 3156 1737 3186 enim
1761 3164 1799 3185 ex
1821 3155 1870 3185 his
1893 3153 2020 3184 duobus
2043 3152 2195 3184 ineffabili
2209 3151 2309 3183 modo
2333 3161 2436 3185 unum
2460 3161 2637 3184 sacramen-

1576 3205 1656 3234 tum,
1681 3208 1747 3239 quo
1772 3199 1837 3229 ima
1860 3197 1992 3229 summis
2014 3197 2254 3236 coniunguntur
2276 3197 2303 3227 ἢ
2335 3196 2382 3229 Ita
2405 3196 2494 3236 quod
2517 3206 2556 3227 ex
2577 3197 2637 3228 hac
2664 3200 2722 3249 2321
2721 3199 2810 3256 0691»,ῗέ
2821 3199 2865 3248 ὧι

2754 3242 2761 3250 .
2805 3243 2811 3250 .
2856 3242 2866 3254 ,

2664 3259 2716 3282 cap.
2730 3259 2796 3276 ινιιι.

1577 3243 1716 3274 Concilii
1739 3242 1894 3278 doctrina,
1917 3241 2048 3277 scilicet,
2074 3240 2160 3277 Quia
2183 3241 2302 3272 virtute
2315 3240 2487 3276 verborum
2500 3241 2547 3282 fit
2561 3250 2637 3273 con-

1575 3287 1698 3322 versio,
1728 3286 1881 3317 sacerdos
1897 3286 2074 3326 proferens
2097 3285 2194 3316 verba
2218 3285 2280 3315 hoc
2301 3285 2433 3325 conficit
2453 3294 2638 3318 sacramen-

1577 3336 1652 3367 tum,
1676 3330 1844 3361 manifeste
1866 3330 2020 3361 habemus
2044 3329 2288 3362 conversionem
2312 3328 2436 3359 efficere
2457 3329 2520 3360 hoc
2534 3339 2638 3361 sacra-

1576 3380 1738 3405 mentum:
1764 3373 1853 3413 quod
1875 3372 1954 3403 nihil
1977 3372 2064 3403 aliud
2083 3378 2130 3403 est
2153 3382 2250 3413 quam
2274 3372 2378 3404 facere
2393 3382 2496 3404 unum
2513 3382 2551 3404 ex
2566 3383 2637 3407 cor,-

1577 3428 1656 3458 pore
1680 3418 1797 3449 Christi
1820 3422 1852 3447 et
1874 3417 1980 3457 specie
2003 3417 2109 3456 panis;
2133 3426 2172 3448 ex
2190 3417 2238 3450 hie
2255 3417 2340 3448 enim
2357 3416 2484 3448 duobus
2508 3417 2638 3448 cuilibet

1576 3462 1663 3493 fideli
1687 3467 1810 3492 certum
1833 3466 1880 3491 est
1903 3466 2047 3491 constare
2070 3461 2133 3491 hoc
2157 3467 2401 3494 sacramentum.

1632 3506 1672 3536 Et
1695 3510 1801 3545 potest
1824 3503 1952 3535 formari
1976 3505 2020 3535 sic
2044 3506 2123 3535 ratio
2147 3505 2225 3537 talis.
2258 3505 2428 3536 Conficere
2451 3506 2513 3536 hoc
2537 3515 2637 3536 sacra-

2656 557 2667 568 ‘
2688 555 2724 578 Cf.
2744 561 2808 578 num.
2827 561 2870 586 vn,

2657 588 2729 647 {lut-tf.
2744 614 2808 631 num.
2824 614 2856 632 lx.

2658 635 2848 684 {2:331

2659 1083 2670 1093 ·
2680 1081 2716 1104 ef.
2726 1085 2796 1109 ma,
2804 1081 2877 1104 Com-

2661 1112 2732 1131 ment.
2758 1114 2823 1131 num.
2847 1113 2875 1130 m

2660 1141 2712 1164 *qq-

2664 2096 2675 2107 ·
2684 2094 2721 2117 De
2733 2093 2867 2126 Hyan-iis,

2663 2121 2870 2176 aazias

2664 2228 2675 2239 ·
2681 2227 2717 2254 Gi.
2723 2227 2882 2255 acumem,

2775 2269 2782 2282 ,
2810 2259 2882 2276 οιιιιι.

2663 2359 2884 2412 manicante-

2664 2627 2819 2677 irlanDecret.
2829 2633 2883 2656 pro
2913 2635 2918 2654 'i
