2918 4088
0 1240 6 1257 .-

0 1330 7 1403 ζ

0 1415 5 1456 ἐ

0 1469 10 1499 ὲ,

0 1503 6 1511 ,

998 232 1261 281 QUAESTIO
1290 231 1409 278 LXlI,
1438 229 1732 267 ARTICULUS
1761 230 1806 266 III
2437 226 2484 263 23

308 314 352 351 lis
379 313 519 363 gratiae
547 325 587 350 se
615 314 731 350 habet
758 312 808 350 ad
835 312 991 362 gratiam
1030 310 1289 349 communiter
1315 309 1370 346 di·
1425 315 1461 345 et
1487 320 1559 356 pro
1588 308 1747 344 homine
1776 315 1987 357 sumptum,
2008 308 2059 344 ita
2086 320 2166 345 non
2192 307 2403 356 aequivoce
2431 306 2486 342 di-

307 374 408 404 ctam
436 366 532 404 sicut
558 366 653 403 ratio
683 365 822 415 speciei
854 366 903 402 ad
939 377 1071 413 genus.
1107 363 1245 408 Unde,
1274 361 1371 399 sicut
1424 360 1520 398 citur
1547 360 1663 408 gratia
1691 360 1950 397 communiter
1976 368 2130 409 sumpta
2157 368 2193 397 et
2220 361 2337 408 gratia
2365 371 2486 396 sacra-

307 431 387 456 non
406 418 617 468 aequivoce
632 418 769 456 dicitur
786 419 929 456 animal
946 416 1206 455 communiter
1223 415 1369 452 dictum

1424 413 1609 450 mentalis.

981 521 1316 555 Commentario.
1338 519 1591 552 cardinalis
1613 518 1814 551 Caietam

338 624 358 644 N
381 613 474 644 titulo
497 622 555 653 per
575 612 720 654 gratiam
744 612 898 643 virtutum
921 615 953 641 et
974 610 1135 640 donorum
1158 609 1299 648 intellige
1314 608 1369 638 ha-

311 625 422 688 lbitus
444 658 561 698 gratiae
590 662 716 697 gratum
743 655 900 691 facientis,
925 659 956 684 et
977 655 1132 684 virtutum
1154 658 1220 683 tam
1242 652 1368 683 theolo-

304 701 425 742 galium
448 710 546 742 quam
569 701 750 736 moralium,
774 705 806 730 et
828 698 991 729 donorum
1014 697 1148 738 Spiritus
1171 697 1288 727 Sancti.

361 746 397 776 In
421 755 556 786 corpore
578 745 675 775 unica
697 749 744 774 est
765 743 951 774 conclusio:
982 742 1098 772 Gratia
1123 740 1369 772 sacramentalis

305 789 397 820 addit
424 799 523 830 super
549 789 693 831 gratiam
721 787 876 818 virtutum
899 791 931 817 et
951 786 1123 817 donorum.
1154 785 1195 816 Et
1217 785 1370 825 probatur

305 834 472 864 conclusio
495 834 575 864 haec
590 842 629 863 ex
644 832 822 863 diversitate
846 830 1038 861 effectuum:
1063 831 1139 870 quia
1154 829 1275 860 scilicet
1290 829 1369 859 alius

305 883 352 908 est
375 877 506 908 effectus
527 877 646 917 gratiae
668 875 911 911 sacramentalis,
936 880 968 905 et
990 874 1070 904 alius
1090 879 1137 904 est
1153 873 1284 904 effectus
1299 883 1368 913 gra-

304 922 366 952 tiae
381 922 535 952 virtutum
551 925 583 951 et
597 919 769 950 donorum.
794 919 835 949 Et
855 919 930 959 quia
952 919 986 948 in
1002 918 1211 949 conclusione
1228 923 1259 948 et
1274 917 1368 948 titulo

303 975 372 996 non
395 965 434 995 de
458 965 526 995 sola
549 963 761 1000 distinctione,
785 962 841 993 sed
865 962 904 993 de
928 962 1131 993 distinctione
1154 971 1212 1002 per
1232 961 1369 992 modum

304 1008 448 1040 addentis
469 1008 506 1039 fit
526 1008 661 1044 mentio,
677 1007 751 1038 ideo
774 1007 922 1047 probatio
946 1011 1120 1046 utrumque
1143 1005 1287 1042 includit,
1310 1006 1369 1036 sci-

303 1053 378 1084 licet
400 1052 639 1084 distinctionem
668 1057 700 1083 et
726 1051 940 1087 additionem,
971 1060 1136 1081 assumens
1165 1060 1234 1081 non
1262 1050 1370 1080 solum

303 1096 436 1128 effectus
467 1097 585 1137 gratiae
619 1097 774 1126 virtutum
804 1101 836 1126 et
865 1095 1028 1126 donorum
1060 1105 1098 1125 ex
1126 1104 1192 1125 una
1222 1100 1311 1135 parte
1339 1099 1371 1125 et

305 1141 436 1172 effectus
467 1141 586 1181 gratiae
616 1140 851 1171 sacramentalis
874 1149 912 1170 ex
936 1139 1032 1170 altera
1061 1145 1167 1179 parte,
1191 1138 1247 1169 sed
1274 1139 1370 1169 etiam

302 1185 548 1226 proportionem
570 1185 726 1215 virtutum
741 1189 772 1214 et
788 1183 950 1214 donorum
969 1183 1009 1214 ad
1023 1184 1166 1224 gratiam,
1183 1193 1219 1213 ac
1234 1192 1292 1224 per
1306 1184 1370 1214 hoc

303 1229 458 1270 implicite
482 1229 730 1269 proportionem
759 1229 877 1269 gratiae
907 1228 1157 1264 sacramentalis,
1186 1237 1244 1258 seu
1270 1228 1370 1268 ipsius

304 1273 446 1310 effectus,
470 1273 511 1304 ad
532 1274 676 1314 gratiam.

359 1317 416 1348 Est
439 1327 516 1358 ergo
538 1317 687 1358 probatio
709 1318 779 1348 ista.
812 1316 921 1348 Gratia
949 1316 1095 1347 absolute
1117 1315 1243 1356 perficit
1266 1326 1372 1347 essen-

303 1362 384 1393 tiam
405 1362 552 1403 ammae}
570 1366 615 1398 et,
639 1362 722 1392 sicut
744 1361 783 1392 ab
807 1361 943 1392 essentia
965 1360 1071 1391 fluunt
1092 1361 1267 1400 potentiae,
1291 1362 1334 1391 ita
1353 1370 1372 1391 a

303 1402 540 1447 gratia‘fluunt
570 1405 784 1446 perfectiones
814 1405 1049 1445 potentiarum,
1074 1404 1160 1435 dona
1190 1405 1311 1435 scilicet
1340 1410 1372 1436 et

303 1450 446 1481 virtutes.
480 1450 683 1481 Sacramenta
710 1455 819 1481 autem
846 1448 1033 1480 ordinantur
1056 1448 1095 1478 ad
1119 1448 1277 1489 quosdam
1300 1458 1372 1490 spe-

306 1494 400 1525 ciales
424 1493 554 1525 effectus
576 1494 772 1524 necessarios
794 1494 828 1524 in
843 1494 907 1523 vita
923 1493 1111 1528 Christiana,
1135 1498 1260 1533 praeter
1283 1498 1372 1524 actus

304 1539 523 1579 potentiarum
545 1538 679 1568 animae.
707 1538 804 1578 Ergo,
828 1538 910 1568 sicut
932 1537 1064 1567 virtutes
1087 1542 1119 1567 et
1142 1536 1228 1567 dona
1251 1537 1373 1568 addunt

304 1591 402 1623 super
415 1583 548 1622 gratiam
571 1582 787 1612 communiter
809 1581 927 1611 dictam
945 1580 1178 1621 perfectionem
1194 1580 1371 1611 ordinatam

304 1626 345 1657 ad
367 1631 456 1657 actus
477 1626 705 1666 potentiarum,
723 1626 768 1655 ita
789 1625 888 1665 gratia
910 1624 1144 1655 sacramentalis
1167 1623 1254 1654 addit
1276 1634 1372 1664 super

303 1671 436 1710 gratiam
459 1670 675 1700 communiter
698 1669 816 1699 dictam
839 1674 871 1699 et
888 1669 1020 1699 virtutes
1044 1673 1075 1698 et
1098 1667 1183 1698 dona
1207 1668 1372 1708 quoddam

305 1713 450 1745 divinum
477 1713 632 1744 auxilium
648 1712 696 1743 ad
719 1712 987 1752 consequendum
1015 1711 1125 1742 finem.
1158 1712 1244 1752 Ergo
1274 1713 1372 1752 gratia

303 1757 539 1789 sacramentalis
561 1756 649 1788 addit
670 1766 767 1797 super
781 1757 914 1797 gratiam
937 1756 1100 1787 donorum
1116 1762 1147 1786 et
1162 1757 1327 1787 virtutum.

309 1807 314 1810 '
359 1801 563 1832 Antecedens
590 1800 700 1842 quoad
726 1801 863 1842 primam
892 1806 1017 1841 partem
1044 1800 1230 1831 declaratur.
1265 1800 1373 1832 Gratia

304 1851 353 1877 est
374 1845 550 1877 similitudo
573 1844 671 1876 divini
695 1854 781 1876 esse:
804 1863 828 1868 —
850 1854 918 1881 seu,
935 1844 1020 1882 Quia
1043 1845 1159 1881 anima,
1180 1846 1373 1885 inquantum

281 1900 288 1908 ·
304 1890 473 1932 participat
494 1889 657 1930 quandam
679 1889 921 1920 similitudinem
945 1888 1044 1919 divini
1068 1899 1147 1925 esse,
1170 1889 1335 1930 perficitur
1355 1900 1374 1920 a

304 1935 413 1975 gratia.
444 1934 612 1972 Quantum
643 1943 721 1965 vero
752 1933 792 1964 ad
821 1933 996 1964 secundam
1027 1938 1168 1973 partem,
1197 1933 1374 1965 declaratur

305 1977 415 2020 quoad
437 1978 511 2015 hoc,
536 1977 627 2019 quod
648 1978 812 2018 potentiae
836 1977 1046 2018 perficiuntur
1067 1987 1126 2018 per
1149 1977 1235 2008 dona
1258 1984 1289 2009 et
1310 1979 1373 2009 vir-

305 2028 389 2054 tutes
404 2023 439 2053 in
454 2021 567 2053 ordine
590 2021 630 2053 ad
651 2027 739 2053 actus
761 2022 903 2062 ipsarum
926 2022 1154 2062 potentiarum.
1178 2022 1297 2060 Quoad
1312 2029 1373 2053 ter-

303 2067 383 2098 tiam
414 2076 491 2097 vero
522 2071 662 2107 partem,
687 2066 863 2097 declaratur
889 2075 928 2096 ex
954 2066 1070 2097 effectu
1092 2067 1288 2107 baptismali,
1317 2068 1373 2108 qui

306 2116 354 2142 est
375 2111 546 2151 spiritualis
568 2111 765 2151 regeneratio
789 2120 857 2141 non
881 2110 1168 2151 qualitercumque,
1193 2111 1249 2142 sed
1271 2112 1314 2142 ita
1337 2117 1373 2142 ut

305 2156 407 2186 homo
438 2155 594 2186 moriatur
624 2155 725 2191 vitiis,
749 2155 998 2195 membrumque
1029 2155 1147 2186 Christi
1176 2155 1241 2186 fiat.
1265 2174 1287 2178 -—
1310 2157 1374 2187 Ubi

305 2200 386 2230 scito
410 2199 500 2240 quod
524 2198 655 2230 effectus
678 2199 827 2240 baptismi
849 2200 999 2240 proprius
1022 2209 1091 2230 non
1114 2205 1161 2230 est
1182 2201 1282 2240 gratia
1303 2210 1373 2241 gra-

305 2249 376 2275 tum
399 2243 519 2274 faciens
542 2243 706 2274 absolute:
739 2243 795 2274 sed
818 2243 863 2273 sic
886 2244 1008 2274 renasci
1035 2243 1214 2275 secundum
1241 2245 1374 2285 gratiam

305 2289 340 2319 in
362 2288 544 2318 membrum
578 2287 696 2318 Christi
725 2297 762 2318 ac
792 2288 818 2318 si
847 2288 915 2328 ipse
946 2297 1058 2328 passus
1091 2288 1202 2319 fuisset
1233 2290 1373 2330 patiente

306 2331 455 2368 Christ03
489 2337 520 2362 et
542 2332 606 2362 hoc
628 2332 781 2372 importat
812 2332 1035 2362 remissionem
1067 2333 1173 2363 omnis
1205 2333 1319 2373 culpae
1343 2339 1374 2364 et

306 2376 412 2407 omnis
434 2386 571 2416 poenae.
595 2376 730 2407 Constat
753 2376 840 2406 enim
863 2376 927 2406 hoc
950 2376 1100 2407 effectum
1124 2377 1286 2417 quendam
1306 2387 1373 2408 esse

304 2421 520 2461 necessarium
542 2421 576 2451 in
591 2421 656 2450 vita
676 2419 865 2456 Christiana,
881 2420 963 2450 ultra
985 2421 1106 2452 bonam
1129 2421 1373 2462 dispositionem

305 2469 438 2496 actuum
459 2465 678 2505 potentiarum
695 2465 830 2495 animae.
854 2465 896 2494 Et
911 2464 1001 2505 quod
1017 2465 1132 2496 dicitur
1147 2465 1186 2496 de
1202 2466 1372 2506 baptismo,

305 2508 393 2540 idem
414 2509 549 2549 intelligi
567 2509 636 2540 vult
650 2509 775 2539 Auctor
790 2508 830 2539 de
846 2508 1011 2539 effectibus
1034 2510 1172 2540 aliorum
1194 2520 1373 2541 sacramen-

305 2558 424 2583 torum.
448 2552 549 2591 Quod
571 2553 597 2583 si
619 2552 856 2593 praeveniendo
880 2553 1055 2594 intelligere
1080 2555 1180 2594 cupis,
1197 2554 1269 2585 vide
1292 2554 1373 2585 infe-

306 2596 372 2627 rius
387 2596 558 2627 articulum
572 2597 713 2637 primum
729 2597 926 2638 quaestionis
944 2598 1304 2638 sexagesimaequintae:
1329 2599 1374 2629 ibi

306 2641 394 2671 enim
409 2641 552 2671 invenies
567 2641 734 2681 proprium
750 2642 907 2682 cuiusque
923 2643 1111 2672 sacramenti
1131 2642 1290 2679 effectum,
1307 2648 1373 2674 tam

307 2684 417 2725 quoad
443 2685 568 2715 bonum
598 2684 708 2716 datum
735 2694 833 2725 quam
860 2685 969 2726 quoad
999 2685 1161 2717 defectum
1192 2687 1372 2727 expulsum.

363 2728 605 2769 Consequentia
637 2735 746 2760 autem
778 2735 815 2759 ut
846 2739 991 2760 consona
1023 2731 1139 2761 rationi
1173 2731 1372 2771 relinquitur.

306 2772 473 2811 Quoniam
488 2779 653 2812 utraeque,
666 2773 786 2803 scilicet
800 2773 1013 2813 perfectiones
1028 2775 1246 2814 potentiarum
1262 2781 1294 2806 et
1304 2785 1374 2816 gra-

306 2817 369 2847 tiae
392 2817 644 2853 sacramentales,
669 2817 708 2848 de
731 2827 848 2857 genere
871 2818 1084 2857 spiritualium
1106 2824 1190 2855 sunt,
1207 2825 1239 2850 et
1254 2819 1374 2860 depen-

306 2860 453 2892 dentium
477 2871 495 2891 a
517 2862 625 2901 gratia,
643 2866 674 2891 et
696 2862 949 2891 necessariorum
971 2863 1006 2892 in
1028 2863 1092 2893 vita
1108 2862 1296 2899 Christiana,
1314 2869 1373 2894 etc.

362 2905 400 2935 11.
425 2905 518 2936 Circa
533 2906 616 2936 hanc
632 2905 820 2941 docuinam,
837 2905 965 2936 adverte
988 2905 1157 2946 dupliciter
1171 2916 1266 2946 posse
1281 2907 1375 2938 intel-

306 2949 362 2990 ligi
375 2950 508 2990 gratiam
531 2949 792 2980 sacramentalem
815 2949 930 2980 addere
953 2959 1050 2990 super
1064 2951 1196 2990 gratiam
1213 2950 1375 2982 donorum

1423 612 1455 637 et
1477 608 1641 638 virtutum.
1673 608 1795 644 Primo,
1819 613 1855 639 ut
1878 607 1971 639 addat
2002 608 2125 639 donum
2155 609 2287 649 aliquod
2316 609 2485 639 habituale.

1424 652 1464 682 Et
1486 653 1538 682 hic
1566 662 1677 683 sensus
1708 652 1782 683 licet
1814 652 1895 683 forte
1928 653 2036 683 multis
2066 653 2204 693 placeat,
2229 658 2260 683 et
2284 653 2321 683 ab
2345 654 2486 684 Auctore

1423 701 1570 736 sumptus
1594 696 1749 732 credatur,
1766 697 1841 736 quia
1863 697 1955 736 ponit
1978 696 2186 727 differentiam
2210 696 2391 737 specificam
2407 698 2487 727 inter

1422 741 1536 780 gratias
1559 740 1801 771 sacramentales
1817 746 1848 770 et
1863 741 1994 780 gratiam
2018 740 2179 771 donorum
2196 747 2227 771 et
2242 742 2405 776 virtutum,
2421 746 2487 771 tam

1422 785 1474 815 hic
1497 785 1531 815 in
1554 785 1763 825 responsione
1791 783 1831 814 ad
1858 785 2025 820 ultimum,
2050 794 2147 824 quam
2175 785 2209 815 in
2236 785 2487 823 Quaestionibus

1422 829 1462 859 de
1489 829 1637 865 Veritate,
1663 838 1718 869 qu.
1741 838 1836 864 xxvn,
1860 834 1916 859 art.
1935 829 1964 864 5,
1989 829 2029 859 ad
2048 837 2105 859 12:
2129 829 2208 859 mihi
2231 834 2348 863 tamen,
2365 829 2487 859 etiamsi

1423 873 1513 909 alibi,
1537 874 1601 904 hoc
1631 878 1678 903 est
1700 873 1734 903 in
1756 873 1842 903 libris
1866 872 2104 903 Sententiarum
2120 874 2136 890 ³*
2159 879 2214 903 aut
2240 873 2488 909 Quaestionibus

1422 917 1603 958 Disputatis
1617 918 1644 953 ’ζ
1660 917 1784 948 Auctor
1803 917 2004 957 expressisset
2027 917 2224 957 oppositum,
2241 917 2329 947 aliter
2351 917 2487 947 sentien—

1424 961 1502 992 dum
1517 961 1642 992 videtur
1661 971 1699 992 ex
1714 961 1778 991 hoc
1800 961 1885 991 loco.
1910 961 1951 991 Et
1967 966 2013 991 est
2027 960 2187 991 secundus
2203 970 2323 997 sensus,
2340 966 2376 991 ut
2391 962 2488 1001 gratia

1424 1006 1658 1036 sacramentalis
1687 1005 1781 1036 addat
1807 1014 1902 1045 supra
1924 1006 2056 1045 gratiam
2085 1004 2247 1036 donorum
2271 1011 2302 1036 et
2323 1006 2494 1041 virtutum,-

1424 1060 1492 1081 non
1515 1050 1675 1081 habituale
1699 1049 1831 1090 aliquod
1855 1049 1988 1085 donum,
2010 1049 2066 1080 sed
2088 1050 2210 1080 actuale
2233 1049 2377 1080 divinum
2401 1050 2488 1080 auxi-

1424 1095 1505 1126 lium
1528 1095 1727 1125 extensivum
1749 1094 1866 1134 gratiae
1890 1094 2043 1124 virtutum
2059 1099 2091 1124 et
2106 1093 2267 1124 donorum
2283 1093 2323 1125 ad
2338 1093 2487 1125 effectum

1423 1140 1593 1180 proprium
1616 1139 1814 1169 sacramenti.

1481 1184 1618 1214 Moveor
1640 1189 1747 1213 autem
1771 1182 1811 1213 ad
1833 1183 1906 1219 hoc,
1931 1183 2086 1223 quoniam
2108 1182 2142 1212 in
2165 1182 2269 1213 Prima
2292 1182 2456 1213 Secundae
2473 1183 2489 1199 ³*

1425 1228 1562 1263 Auctor,
1587 1226 1758 1258 dividendo
1782 1228 1930 1267 gratiam,
1956 1226 2095 1257 distinxit
2117 1232 2227 1257 contra
2249 1227 2407 1257 habituale
2431 1226 2490 1256 do-

1425 1282 1505 1303 num
1528 1273 1662 1312 gratiae,
1686 1272 1859 1312 gratuitum
1887 1271 2031 1302 divinum
2061 1271 2225 1301 auxilium.
2258 1271 2306 1301 Ac
2328 1280 2386 1311 per
2408 1271 2488 1306 hoc,

1425 1317 1485 1347 sub
1508 1326 1625 1356 genere
1647 1316 1764 1356 gratiae
1788 1316 2002 1346 communiter
2025 1314 2126 1345 dictae
2149 1315 2266 1345 locavit
2288 1314 2354 1345 duo
2374 1324 2490 1355 genera

1426 1370 1484 1392 seu
1506 1361 1629 1401 species
1651 1360 1838 1400 gratiarum,
1861 1360 1980 1390 scilicet
2002 1359 2134 1399 gratiam
2156 1359 2324 1389 habitualis
2347 1359 2435 1395 doni,
2459 1365 2491 1389 et

1426 1406 1558 1446 gratiam
1591 1404 1691 1435 divini
1722 1404 1839 1434 auxilii.
1872 1404 1913 1434 Et
1940 1409 2128 1444 propterea,
2152 1408 2228 1433 cum
2259 1404 2323 1434 hoc
2353 1404 2386 1434 in
2415 1403 2489 1433 loco

1427 1459 1573 1490 expresse
1597 1448 1681 1479 dicat
1703 1449 1835 1488 gratiam
1858 1447 2118 1478 sacramentalem
2141 1447 2255 1477 addere
2274 1446 2419 1478 divinum
2435 1457 2490 1477 au-

1426 1494 1549 1530 xilium,
1564 1502 1633 1523 non
1654 1498 1700 1523 est
1723 1491 1762 1522 ad
1785 1491 1872 1526 aliud
1894 1501 1995 1532 genus
2017 1492 2134 1531 gratiae
2151 1501 2167 1521 e
2183 1492 2313 1531 regione
2336 1493 2488 1532 positum,

1426 1538 1547 1568 scilicet
1569 1536 1693 1567 donum
1716 1536 1886 1571 habstuale,
1911 1535 2150 1566 divertendum:
2175 1535 2239 1571 sed,
2256 1535 2389 1576 planum
2409 1536 2490 1566 litte-

1426 1591 1479 1612 rae
1502 1590 1632 1611 sensum
1659 1579 1825 1616 sectando,
1849 1579 2052 1610 sentiendum
2079 1585 2126 1609 est
2153 1579 2243 1619 quod
2270 1580 2368 1620 gratia
2390 1590 2491 1610 sacra-

1426 1625 1573 1656 mentalis
1597 1624 1798 1663 distinguitur
1821 1624 1927 1663 specie
1943 1633 1961 1653 a
1976 1624 2073 1663 gratia
2095 1623 2248 1653 virtutum
2273 1629 2304 1654 et
2319 1623 2490 1660 donorum,

1426 1679 1495 1700 non
1518 1670 1600 1699 sicut
1622 1668 1747 1698 habitus
1771 1667 1809 1697 ab
1833 1667 1953 1702 habitu,
1970 1666 2025 1697 sed
2048 1667 2130 1697 sicut
2151 1668 2324 1706 gratuitum
2347 1667 2491 1698 divinum

1427 1713 1582 1744 auxilium
1594 1722 1612 1742 a
1623 1712 1760 1752 gratuito
1776 1711 1929 1742 habituali
1945 1710 2032 1741 dono
2045 1721 2052 1746 ;
2070 1716 2101 1740 et
2115 1720 2172 1751 per
2186 1711 2259 1747 hoc,
2273 1721 2340 1741 esse
2352 1712 2491 1752 speciem

1427 1758 1544 1798 gratiae
1568 1756 1783 1787 communiter
1807 1755 1908 1785 dictae
1921 1778 1928 1791 ,
1954 1760 1990 1785 ut
2012 1755 2045 1784 in
2064 1755 2273 1795 responsione
2302 1755 2342 1785 ad
2364 1756 2492 1786 tertium

1428 1801 1561 1837 dicitur;
1586 1806 1617 1831 et
1633 1799 1730 1830 dividi
1753 1800 1786 1829 in
1801 1799 1908 1840 plures
1931 1799 2063 1839 species,
2079 1799 2167 1829 iuxta
2189 1798 2371 1839 specificam
2386 1800 2492 1840 plura-

1427 1846 1549 1876 litatem
1565 1844 1749 1879 effectuum,
1765 1849 1802 1874 ut
1817 1842 1947 1874 inferius
1963 1852 2018 1883 qu.
2035 1853 2127 1879 Lxxn,
2144 1848 2199 1873 art.
2216 1853 2247 1882 7,
2265 1842 2304 1873 ad
2321 1843 2350 1880 3,
2367 1843 2491 1874 dicitur.

1484 1890 1525 1920 Et
1541 1888 1748 1920 confirmatur
1763 1888 1826 1918 hoc
1843 1897 1880 1918 ex
1895 1897 1983 1918 nunc
1998 1897 2085 1917 nunc
2101 1887 2235 1927 allegato
2253 1887 2338 1924 loco,
2354 1888 2410 1918 ubi
2425 1888 2492 1918 Au-

1429 1940 1498 1965 ctor
1517 1934 1650 1974 gratiam
1672 1933 1704 1963 in
1721 1937 1919 1962 sacramento
1941 1930 2193 1962 confirmationis
2209 1931 2368 1968 collatam,
2385 1931 2425 1962 ad
2440 1933 2491 1962 hic

1429 1978 1510 2009 dicta
1527 1988 1560 2008 se
1575 1977 1730 2008 referens:
1747 1995 1770 1998 —
1784 1985 1852 2006 non
1869 1975 1944 2006 dicit
1959 1975 2115 2006 diversam
2131 1985 2198 2006 esse
2213 1976 2345 2015 gratiam
2368 1982 2492 2017 gratum

1428 2022 1598 2053 facientem
1614 2027 1645 2052 et
1660 2020 1920 2052 sacramentalem
1943 2020 2091 2060 baptismi
2108 2025 2138 2050 et
2154 2019 2420 2051 confirmationis:
2438 2020 2493 2051 sed

1428 2067 1504 2098 dicit
1519 2067 1651 2107 gratiam
1675 2065 1846 2105 utrobique
1871 2064 2020 2095 collatam
2039 2064 2155 2094 habere
2171 2064 2291 2104 aliquid
2307 2074 2491 2101 commune,

1428 2117 1459 2142 et
1475 2110 1596 2151 aliquid
1619 2110 1804 2151 proprium;
1830 2114 1861 2139 et
1877 2108 1985 2148 quoad
2009 2118 2192 2144 commune,
2215 2108 2303 2148 quod
2327 2115 2373 2139 est
2395 2110 2492 2149 gratia

1427 2161 1553 2196 gratum
1581 2154 1716 2190 faciens,
1741 2163 1809 2184 esse
1837 2154 1932 2183 unius
1961 2153 2097 2193 speciei;
2122 2153 2147 2182 si
2170 2162 2246 2182 vero
2275 2153 2492 2184 consideretur

1428 2199 1537 2240 quoad
1559 2199 1689 2239 propria
1711 2197 1922 2238 superaddita,
1947 2197 1991 2227 sic
2015 2197 2209 2227 diversarum
2235 2202 2309 2227 sunt
2331 2198 2491 2228 rationum

1427 2245 1542 2275 collata
1564 2244 1598 2273 in
1621 2243 1780 2283 baptismo
1805 2247 1836 2272 et
1860 2240 2113 2271 confirmatione.
2138 2241 2185 2270 Ex
2205 2241 2268 2271 hoc
2292 2242 2378 2271 enim
2402 2241 2491 2282 quod

1427 2288 1467 2319 ad
1482 2288 1642 2319 diversum
1665 2286 1802 2317 modum
1825 2285 2047 2316 considerandi
2064 2285 2196 2325 gratiam
2212 2294 2245 2314 se
2261 2286 2399 2322 resolvit,
2416 2287 2491 2316 insi-

1426 2339 1505 2363 nuat
1527 2342 1595 2362 non
1619 2340 1686 2361 esse
1710 2331 1753 2360 ibi
1777 2330 1917 2361 diversos
1940 2330 2083 2360 habitus:
2109 2328 2174 2365 sed,
2198 2334 2234 2359 ut
2257 2329 2403 2366 diximus,
2423 2340 2490 2361 esse

1427 2387 1531 2408 unum
1563 2376 1709 2406 habitum
1740 2375 1875 2405 relatum
1908 2383 1964 2404 seu
1997 2379 2163 2404 extensum
2193 2383 2230 2403 ex
2260 2383 2347 2404 novo
2382 2374 2490 2405 divino

1427 2422 1545 2452 auxilio
1569 2430 1626 2461 per
1648 2424 1882 2450 sacramentum
1913 2418 2063 2454 exhibito,
2088 2417 2128 2448 ad
2151 2416 2290 2448 diversos
2313 2418 2491 2449 secundum

1426 2466 1568 2506 speciem
1592 2464 1733 2495 effectus.

1481 2510 1523 2540 Et
1546 2508 1754 2539 confirmatur
1776 2507 1828 2537 hic
1851 2516 1973 2537 sensus.
1997 2506 2083 2544 Quia
2105 2506 2168 2536 hoc
2184 2506 2299 2537 sufficit
2315 2506 2355 2537 ad
2370 2507 2491 2537 salvan-

1427 2554 1506 2585 dum
1522 2559 1553 2584 et
1568 2553 1754 2593 dignitatem
1777 2556 2049 2581 sacramentorum
2071 2551 2105 2580 in
2129 2550 2299 2587 causando,
2325 2556 2356 2581 et
2378 2552 2491 2591 gratias

1426 2597 1678 2632 sacramentales,
1711 2601 1742 2626 et
1765 2595 1896 2626 effectus
1929 2604 2055 2625 earum:
2086 2603 2146 2624 nec
2169 2595 2421 2635 multiplicantur
2443 2601 2491 2626 tot

1427 2643 1552 2673 habitus
1575 2642 1609 2671 in
1632 2641 1748 2671 anima.

1482 2686 1534 2717 ΙΙΙ.
1558 2685 1593 2716 In
1616 2684 1879 2725 responsionibus
1903 2683 1943 2714 ad
1965 2684 2107 2723 primum
2130 2688 2161 2713 et
2184 2683 2371 2719 secundum,
2396 2683 2421 2713 si
2445 2685 2491 2714 vis

1427 2732 1461 2761 in
1484 2730 1614 2771 speciali
1641 2729 1748 2759 videre
1776 2727 1986 2759 differentiam
2014 2728 2180 2767 utriusque
2204 2727 2348 2763 effectus,
2373 2727 2492 2758 scilicet

1426 2774 1632 2815 perfectionis
1655 2773 1695 2803 ad
1719 2782 1817 2813 quarn
1845 2771 2008 2802 ordinatur
2035 2777 2286 2807 sacramentum,
2311 2778 2342 2802 et
2365 2771 2404 2802 de
2428 2781 2491 2811 qua

1427 2824 1577 2849 tractatur
1599 2819 1633 2848 in
1656 2817 1866 2857 responsione
1889 2815 1929 2846 ad
1952 2816 2108 2856 primum;
2134 2821 2164 2845 et
2184 2816 2326 2846 similiter
2349 2815 2491 2846 defectus

1429 2869 1540 2893 contra
1563 2871 1661 2902 quem
1688 2861 1853 2892 ordinatur
1879 2865 2126 2895 sacramentum,
2150 2859 2190 2889 de
2214 2869 2280 2899 quo
2304 2861 2337 2890 in
2359 2869 2491 2899 respon-

1428 2908 1519 2937 sione
1543 2906 1583 2936 ad
1606 2904 1784 2936 secundum
1807 2909 1974 2934 tractatur:
1999 2904 2069 2943 lege
2092 2903 2211 2933 dictum
2236 2903 2404 2934 articulum
2427 2905 2491 2944 pri-

1428 2960 1520 2981 mum
1543 2950 1739 2990 quaestionis
1762 2948 2106 2988 sexagesimaequintae
2129 2946 2269 2977 inferius.

1115 3088 1435 3130 ARTICULUS
1464 3086 1694 3129 TERTIUS

733 3183 890 3214 UTRUM
914 3182 1213 3214 SACRAMENTA
1235 3183 1386 3214 NOVAE
1409 3181 1534 3213 LEGIS
1559 3180 1848 3212 CONTINEANT
1872 3179 2073 3210 GRATIAM

564 3261 633 3287 Part.
651 3261 669 3292 1,
689 3268 734 3294 qu.
751 3268 822 3291 xun,
842 3266 888 3286 art.
908 3259 932 3290 6,
952 3261 984 3285 ad
1002 3268 1034 3292 4;
1054 3261 1063 3285 1
1083 3260 1166 3290 Sent„
1187 3260 1245 3285 dist.
1265 3267 1304 3290 xv,
1324 3267 1371 3292 qu.
1388 3267 1412 3288 v.
1432 3264 1479 3284 art.
1498 3265 1522 3288 ι,
1541 3258 1591 3291 qu·
1611 3265 1634 3289 1,
1654 3258 1685 3283 ad
1706 3264 1735 3288 23
1755 3257 1797 3287 lV,
1818 3257 1877 3282 dist.
1895 3263 1914 3285 ι,
1932 3264 1976 3289 qu.
1995 3263 2014 3286 ι,
2033 3261 2081 3282 art.
2100 3264 2126 3287 4,
2146 3256 2195 3288 qu·
2214 3263 2245 3287 4;

1193 3296 1235 3321 De
1259 3295 1347 3325 Verit.‚
1367 3302 1412 3327 qu.
1430 3302 1506 3324 xxvix,
1526 3299 1574 3319 art.
1593 3302 1619 3326 7.

336 3408 358 3436 s
380 3394 406 3431 1³
428 3392 499 3439 ’ff-{t

363 3438 367 3445 ·
446 3436 515 3487 ⁴2·

474 3486 495 3548 ‘z

363 3481 376 3486 ,,
392 3496 439 3513 Ἰν

336 3519 354 3538 '³
372 3508 468 3562 ἐῧὲῗῖ)

496 3398 499 3404 s
522 3390 544 3415 n
562 3389 723 3415 TERTmM
748 3389 801 3414 Sic
820 3389 1056 3414 PROCEDITUR.
1086 3375 1248 3412 Videtur
1267 3374 1375 3423 quod
1429 3381 1646 3411 eramento:
1677 3384 1803 3422 neque
1832 3371 1928 3409 sicut
1955 3371 1994 3408 in
2030 3371 2220 3415 subiecto,
2249 3371 2340 3420 quia
2367 3370 2492 3408 subie-

523 3438 761 3468 sacramenta
786 3442 911 3467 novae
940 3429 1030 3478 legis
1049 3441 1129 3466 non
1157 3427 1376 3465 contineant
1430 3434 1535 3464 ctum
1562 3426 1702 3475 gratiae
1721 3438 1802 3463 non
1830 3433 1885 3462 est
1903 3437 2044 3474 corpus
2072 3425 2138 3462 sed
2165 3424 2335 3473 spiritus;
2365 3436 2491 3473 neque

523 3483 694 3532 gratiam.
725 3483 961 3520 Contentum
990 3482 1094 3519 enim
1115 3481 1266 3518 videtur
1293 3492 1392 3517 esse·
1430 3479 1526 3517 sicut
1554 3479 1593 3516 in
1620 3491 1722 3526 vase,
1743 3478 1835 3528 quia
1860 3490 1927 3515 vas
1953 3484 2004 3515 est
2030 3478 2132 3515 locus
2158 3477 2313 3523 mobilis,
2333 3484 2375 3514 ut
2403 3476 2492 3513 dici·
2520 3523 2529 3531 .

495 3536 563 3573 in
582 3535 812 3574 continente.
843 3535 921 3574 Sed
947 3535 1064 3584 gratia
1083 3547 1163 3572 non
1182 3542 1237 3571 est
1261 3533 1300 3570 in
1319 3546 1375 3570 sa·
1430 3540 1491 3570 tur
1518 3533 1558 3570 in
1577 3533 1627 3569 1V
1646 3533 1793 3581 Physic.
1813 3531 1845 3579 ²¹²,
1866 3543 1947 3568 esse
1967 3538 2097 3568 autem
2122 3530 2161 3567 in
2189 3531 2274 3567 loco
2294 3541 2374 3567 non
2401 3541 2491 3566 con·
2519 3520 2602 3568 59³1&
2619 3547 2668 3567 nect.
2684 3551 2713 3566 n.

2514 873 2524 882 ·
2540 871 2560 892 11
2580 871 2651 897 Sent.,
2672 871 2725 893 dist.

2514 903 2577 919 xxvi.
2597 902 2637 919 art.
2656 897 2678 923 6,
2698 898 2726 919 ad

2514 930 2537 951 5:
2550 924 2589 949 IV,
2601 924 2652 945 dist.
2662 930 2677 949 ι,
2687 930 2725 951 qu.

2515 954 2624 998 31²{‘¹·⁴‘
2642 951 2686 978 ‘³¹¹⁸
2699 956 2725 978 ⁵³

2515 983 2684 1031 ar{.·2Y¹‹¹{un‘³¹31
2700 982 2726 1004 '¹’

2515 1031 2525 1040 ·
2540 1029 2594 1051 Loc.
2609 1029 2647 1051 cit.

2516 1182 2525 1191 ·
2537 1181 2583 1207 Qu.
2592 1186 2637 1207 (ιιι,
2647 1183 2688 1202 art.
2699 1187 2726 1202 ιο

2515 1213 2579 1255 ἓᾳςμ
2591 1213 2630 1235 qu.
2638 1212 2676 1233 cx,
2684 1211 2725 1229 an.

2605 3525 2635 3544 lv,
2647 3525 2668 3540 ss.
2679 3524 2709 3540 12.
2718 3528 2731 3532 ·
