2878 4088
171 413 182 422 '¹
196 411 221 432 ln
237 415 342 436 corpore.

172 455 248 529 ΣΞῬ
253 453 383 508 agaza

174 515 181 529 ¹
186 514 196 529 2
214 524 220 530 0

171 854 213 876 ‘ln
223 854 381 882 cometam.

169 1161 179 1170 ‘¹
200 1159 235 1181 cf.
258 1165 295 1186 qu.
318 1165 355 1180 ικι
368 1175 373 1185 ,

169 1189 210 1207 art.
226 1191 246 1207 2.

168 1337 178 1347 '
193 1335 260 1362 Resp.
276 1334 303 1356 ad
320 1342 338 1356 ι.

168 2532 178 2542 ·
200 2530 257 2557 cap.
278 2530 379 2557 Rursus,

170 2557 216 2584 Qui
241 2557 323 2578 clerici
345 2557 382 2578 vel

169 2589 218 2605 νον.
235 2587 277 2604 etc.

170 3468 181 3475 ·
195 3464 254 3487 nist.
277 3471 381 3491 xxxviu,

171 3497 238 3519 capp.
259 3490 383 3513 Sciendum

169 3521 274 3572 2552‘1'5152‘.
283 3518 319 3539 ⁰²
332 3518 381 3539 ψ’

417 209 486 234 102
894 232 897 234 ,
1080 198 1343 246 QUAESTIO
1372 197 1468 243 LIII,
1496 194 1789 231 ARTICULUS
1818 195 1859 240 II,
1881 195 1926 230 ΙΙΙ

412 276 536 307 Tamen
568 282 725 317 quantum
757 277 795 307 ad
826 277 962 308 modum
992 277 1125 317 ligandi,
1156 276 1397 307 matrimonium
1430 278 1476 304 est
1585 273 1774 302 Respommo
1802 282 1963 302 mcxmnun
1990 272 2080 312 quod
2107 282 2221 304 omnes
2248 273 2360 305 dicunt
2387 274 2490 314 quod,
2515 275 2597 305 sicut

412 320 524 351 fortius
547 321 714 351 vinculum
743 331 840 362 quam
863 327 978 352 votum
1006 322 1158 362 simplex:
1188 322 1263 361 quia
1290 329 1347 359 per
1369 318 1475 348 matri·
1530 321 1643 346 votum
1659 316 1804 346 solemne
1820 316 1955 356 impedit
1971 317 2236 355 contrahendum,
2250 320 2292 349 ita
2308 318 2427 349 dirimit
2437 320 2502 349 iam
2518 326 2597 350 con*

410 366 559 395 monium
582 365 714 396 traditur
737 366 900 396 actualiter
922 367 968 396 vir
991 366 1024 396 in
1047 371 1239 406 potestatem
1266 363 1383 398 uxoris,
1407 371 1474 391 non
1529 365 1676 390 tractum.
1697 360 1838 398 Quidam
1851 366 1959 391 autem
1971 362 2131 401 assignant
2146 371 2206 402 pro
2224 372 2319 394 causa
2334 363 2520 394 scandalum
2532 364 2558 394 *¹-
2575 382 2598 386 —

411 414 518 439 autem
542 419 599 449 per
613 415 727 440 votum
751 410 884 450 simplex
894 434 901 445 ,
925 416 961 440 ut
981 410 1102 440 dictum
1126 415 1172 439 est
1188 410 1218 444 *3
1238 407 1352 448 potior
1367 411 1474 436 autem
1530 404 1593 434 Sed
1609 405 1672 434 hoc
1688 405 1767 434 nihil
1784 410 1840 435 est.
1861 405 1947 442 Quia
1963 410 1994 435 et
2009 406 2143 445 simplex
2159 411 2273 437 votum
2289 407 2486 448 quandoque
2502 408 2598 438 habet

411 458 457 483 est
487 463 613 493 semper
643 454 785 484 conditio
810 454 1005 494 possidentis
1021 455 1046 483 θ.
1083 453 1144 483 Sed
1168 457 1324 492 quantum
1349 449 1387 479 ad
1410 450 1474 478 hoc
1497 458 1506 478 ς
1530 447 1733 478 scandalum:
1766 459 1842 479 cum
1865 450 1905 479 sit
1928 449 2126 490 quandoque
2150 451 2395 491 quodammodo
2418 452 2596 492 publicum.

411 497 505 527 simili
528 497 628 528 modo
653 499 772 538 obligat
794 504 908 529 votum
932 498 1066 538 simplex
1089 498 1170 526 sicut
1194 495 1362 535 sponsalia.
1380 492 1474 523 Unde
1529 492 1570 522 Et
1593 498 1755 532 praeterea
1778 493 1988 524 insolubilitas
2011 495 2208 525 matrimonii
2228 501 2275 526 est
2290 496 2330 526 de
2345 497 2479 526 veritate
2494 497 2598 527 vitae:

410 547 542 581 propter
563 548 677 572 votum
701 543 835 583 simplex
858 548 931 572 sunt
955 541 1113 581 sponsalia
1136 538 1320 569 dirimenda.
1530 546 1613 576 quae
1638 547 1702 567 non
1727 542 1775 568 est
1790 543 1928 578 propter
1950 538 2141 569 scandalum
2165 539 2354 571 dimittenda
2370 541 2397 571 ’ἦ

465 586 516 615 An
549 596 710 616 SECUNDUM
744 596 901 616 monimum
936 584 1025 625 quod
1059 588 1265 624 praeceptum
1300 581 1474 621 prohibens
1585 581 1626 611 Et
1652 581 1726 612 ideo
1758 582 1811 612 alii
1833 583 1850 599 *
1874 582 1985 613 dicunt
2013 583 2103 623 quod
2132 584 2196 614 hoc
2220 590 2267 615 est
2289 590 2421 625 propter
2443 590 2598 615 statutum

410 630 652 661 matrimonium
675 631 757 661 inter
780 630 1034 669 consanguineos
1061 637 1129 658 non
1159 627 1254 656 habet
1281 627 1474 665 inquantum
1529 625 1701 656 Ecclesiae.
1726 644 1747 648 -
1771 626 1834 657 Sed
1856 627 1920 656 hoc
1943 627 2038 657 etiam
2062 637 2130 658 non
2153 628 2278 659 sufficit.
2310 629 2396 667 Quia
2418 629 2598 659 secundum

411 679 458 704 est
479 681 687 715 praeceptum
704 676 764 705 Dei
786 675 837 704 vel
861 674 1031 708 Ecclesiae,
1049 671 1137 711 quod
1161 670 1287 701 dirimat
1309 670 1474 700 matrimo-
1490 678 1515 693 ¹⁰
1528 670 1592 700 hoc
1608 670 1751 700 Ecclesia
1773 677 1883 711 posset
1906 672 2000 701 etiam
2025 673 2221 703 contrarium
2244 679 2391 704 statuere.
2415 673 2516 711 Quod
2530 683 2599 704 non

409 718 501 748 nium
525 719 795 749 contrahendum:
821 718 875 748 sed
899 718 1090 756 inquantum
1118 714 1193 745 facit
1221 714 1310 755 quod
1338 724 1474 744 consan-
1528 714 1653 744 videtur
1675 725 1798 745 verum.

410 763 518 802 guinei
547 773 664 803 corpus
691 773 758 793 non
782 763 882 802 possit
908 761 1038 791 transire
1062 760 1095 789 in
1118 764 1310 799 potestatem
1338 768 1474 789 consan-
1584 759 1626 789 Et
1640 759 1715 790 ideo
1732 759 1905 790 dicendum
1922 766 1978 796 est,
1996 770 2071 791 cum
2088 761 2156 792 aliis
2171 762 2198 798 ⁴²,
2216 761 2307 802 quod
2321 767 2436 792 votum
2454 762 2599 793 solemne

409 807 527 846 guinei.
561 808 634 837 Hoc
658 813 765 837 autem
788 816 855 836 non
878 804 952 835 facit
974 809 1182 843 praeceptum
1210 804 1384 844 prohibens
1407 813 1474 833 ma·
1529 812 1567 832 ex
1595 803 1643 833 sui
1669 809 1782 834 natura
1808 805 1904 835 habet
1931 805 2021 845 quod
2048 805 2173 836 dirimat
2202 807 2446 837 matrimonium
2473 812 2599 837 contra—

409 851 596 881 trimonium
625 856 698 891 post
721 856 834 881 votum
862 849 1009 888 simplex,
1034 853 1069 878 ut
1093 858 1131 878 ex
1161 847 1252 878 dictis
1268 849 1284 864 ³*
1308 853 1404 887 patet.
1434 848 1474 878 Et
1529 852 1634 877 ctum:
1663 849 1857 888 inquantum
1883 849 2004 880 scilicet
2030 859 2088 890 per
2114 851 2220 891 ipsum
2247 851 2349 881 homo
2377 851 2426 881 sui
2454 852 2598 891 corporis

409 894 482 925 ideo
510 895 590 925 ratio
619 905 685 925 non
714 896 874 934 sequitur:
899 893 1031 933 ponitur
1058 893 1145 922 enim
1173 902 1232 932 pro
1262 902 1357 922 causa
1385 892 1474 932 quod
1490 899 1512 920 ις
1529 893 1633 921 amisit
1656 898 1868 932 potestatem,
1893 894 1964 924 Deo
1987 894 2067 925 illud
2091 895 2130 925 ad
2154 901 2343 935 perpetuam
2367 896 2598 926 continentiam

409 948 475 968 non
500 944 546 968 est
570 949 674 968 causa.
1528 936 1665 972 tradem,
1685 942 1722 967 ut
1745 947 1783 967 ex
1806 937 1897 968 dictis
1913 939 1930 955 ὅ*
1953 944 2058 978 patet;
2084 944 2115 969 et
2137 939 2212 980 ideo
2235 949 2303 970 non
2327 946 2434 980 potest
2457 941 2599 980 seipsum

463 983 513 1011 Ar>
537 993 671 1012 TERTIUM
695 991 853 1012 meantum
877 980 965 1021 quod
988 980 1042 1010 ille
1062 981 1118 1020 qui
1135 981 1293 1011 contrahit
1308 981 1474 1011 matrimo-
1528 980 1651 1011 tradere
1674 981 1708 1011 in
1731 987 1924 1022 potestatem
1955 984 2063 1014 uxoris
2093 985 2336 1019 matrimonium
2367 984 2598 1015 contrahendo.

407 1027 498 1055 nium
526 1034 583 1065 per
610 1027 705 1056 verba
733 1026 772 1056 de
800 1026 958 1065 praesenti
987 1029 1061 1064 post
1089 1030 1203 1055 votum
1232 1025 1377 1065 simplex,
1406 1034 1473 1055 non
1529 1025 1570 1055 Et
1593 1025 1669 1064 quia
1691 1027 1935 1057 matrimonium
1958 1027 2048 1067 quod
2071 1029 2216 1068 sequitur
2239 1029 2301 1060 tale
2324 1034 2449 1064 votum,
2470 1029 2598 1060 nullum

407 1075 513 1109 potest
529 1080 723 1110 cognoscere
740 1079 874 1100 uxorem
891 1079 980 1099 suam
998 1070 1065 1099 sine
1082 1074 1215 1109 peccato
1235 1069 1380 1099 mortali:
1399 1069 1474 1109 quia
1530 1074 1586 1104 est,
1603 1068 1676 1099 ideo
1693 1076 1806 1100 votum
1825 1071 2024 1110 praedictum
2048 1071 2196 1103 dirimere
2219 1073 2334 1104 dicitur
2356 1074 2599 1104 matrimonium

407 1113 511 1143 adhuc
527 1119 621 1144 restat
637 1115 695 1144 sibi
712 1114 843 1144 facultas
867 1113 1022 1154 implendi
1038 1118 1152 1144 votum
1168 1114 1385 1143 continentiae
1401 1118 1474 1143 ante
1489 1119 1515 1134 ²⁰
1529 1118 1740 1144 contractum.

406 1159 647 1188 matrimonium
666 1163 927 1189 consummatum
943 1159 969 1188 ⁴¹¹.
998 1157 1060 1188 Sed
1084 1163 1257 1198 postquam
1280 1158 1344 1188 iam
1367 1158 1474 1188 matri-
1584 1158 1635 1187 AD
1651 1168 1769 1188 ramum
1789 1168 1872 1189 ERGO
1896 1169 2056 1190 memnon
2080 1160 2171 1200 quod
2193 1166 2307 1192 votum
2331 1162 2466 1202 simplex
2490 1162 2600 1202 quoad

406 1202 554 1232 monium
579 1208 839 1233 consummatum
863 1208 919 1237 est,
937 1208 984 1233 est
1007 1203 1065 1233 sibi
1090 1201 1212 1233 factum
1235 1202 1383 1232 illicitum
1406 1211 1473 1232 non
1529 1201 1637 1232 Deum
1664 1201 1780 1232 dicitur
1801 1212 1870 1233 non
1898 1204 2004 1234 minus
2031 1205 2173 1245 obligare
2200 1215 2298 1245 quam
2325 1206 2471 1236 solemne
2493 1207 2527 1237 in
2550 1207 2599 1237 his

406 1246 536 1277 reddere
561 1246 704 1278 debitum
728 1248 820 1277 uxori
844 1248 996 1287 exigenti,
1021 1252 1128 1277 tamen
1153 1256 1191 1277 ex
1215 1246 1311 1287 culpa
1334 1256 1400 1277 sua.
1434 1246 1475 1276 Et
1529 1255 1613 1286 quae
1640 1246 1680 1276 ad
1707 1247 1814 1277 Deum
1845 1253 1999 1287 spectant,
2031 1249 2114 1279 sicut
2139 1255 2191 1280 est
2222 1250 2379 1290 separatio
2403 1260 2422 1280 a
2445 1250 2515 1281 Deo
2542 1260 2600 1291 per

405 1290 479 1320 ideo
505 1291 543 1321 ad
566 1291 629 1322 hoc
653 1292 806 1331 obligatio
829 1293 897 1322 voti
924 1301 992 1322 non
1016 1301 1049 1322 se
1073 1291 1230 1327 extendit,
1255 1296 1291 1321 ut
1319 1300 1357 1321 ex
1381 1300 1472 1331 prae·
1528 1296 1700 1331 peccatum
1722 1292 1876 1322 mortale:
1901 1293 1978 1332 quia
1992 1293 2168 1324 mortaliter
2186 1300 2299 1334 peccat
2321 1293 2470 1334 frangens
2485 1299 2600 1325 votum

406 1334 496 1365 dictis
513 1336 529 1352 ⁴*
552 1341 655 1375 patet:
678 1341 786 1366 tamen
807 1335 902 1366 debet
917 1336 1094 1366 lamentum
1117 1336 1334 1376 poenitentiae
1349 1345 1474 1366 recom—
1489 1345 1513 1366 ²5
1529 1335 1664 1375 simplex
1685 1336 1767 1366 sicut
1791 1336 1947 1373 solemne,
1964 1338 2110 1377 quamvis
2130 1339 2256 1378 gravius
2271 1339 2311 1368 sit
2330 1344 2500 1379 peccatum
2515 1339 2600 1370 fran-

405 1389 538 1419 pensare
561 1390 621 1420 pro
645 1381 842 1411 continentia
865 1390 933 1410 non
956 1386 1086 1411 servata.
1529 1389 1603 1420 gere
1626 1386 1741 1410 votum
1772 1380 1933 1418 solemne;
1957 1387 1994 1412 ut
2024 1383 2068 1412 sic
2099 1383 2297 1423 comparatio
2321 1383 2354 1413 in
2378 1392 2495 1423 genere
2517 1385 2600 1415 acci-

461 1424 511 1453 An
537 1435 685 1455 omarum
708 1435 866 1455 niaximum
890 1424 990 1465 quod,
1015 1430 1173 1465 quantum
1190 1424 1228 1455 ad
1252 1434 1289 1455 ea
1307 1425 1341 1454 in
1358 1425 1475 1464 quibus
1529 1425 1644 1464 piatur,
1661 1434 1729 1455 non
1744 1425 1779 1455 in
1795 1424 2003 1456 determinata
2022 1428 2199 1467 quantitate
2222 1433 2337 1458 reatus.
2362 1427 2426 1458 Sed
2441 1433 2600 1468 quantum

406 1477 473 1497 non
490 1474 536 1498 est
552 1468 652 1499 factus
675 1470 838 1510 impotens
853 1475 966 1499 votum
983 1470 1200 1500 continentiae
1219 1479 1352 1505 servare,
1370 1468 1475 1500 adhuc
1530 1468 1570 1499 ad
1593 1470 1846 1506 matrimonium,
1870 1479 1928 1510 per
1950 1470 2039 1511 quod
2062 1471 2164 1502 homo
2190 1472 2316 1502 homini
2340 1472 2508 1512 obligatur,
2530 1482 2600 1504 non

406 1517 480 1552 post
510 1518 711 1544 contractum
742 1514 984 1544 matrimonium
1016 1514 1175 1554 obligatur
1202 1513 1241 1544 ad
1272 1513 1473 1544 servandum.
1530 1519 1658 1553 oportet
1689 1513 1779 1554 quod
1806 1515 1845 1544 sit
1871 1515 2013 1555 aequalis
2044 1515 2249 1556 obligationis
2280 1517 2377 1547 etiam
2403 1517 2438 1548 in
2463 1526 2598 1557 genere:

406 1557 540 1596 Propter
564 1558 668 1598 quod,
692 1564 820 1588 mortua
848 1568 962 1594 uxore,
987 1563 1113 1588 tenetur
1136 1558 1274 1588 totaliter
1298 1558 1473 1588 continere.
1491 1567 1515 1587 ³0
1530 1559 1606 1598 quia
1630 1557 1669 1588 ad
1693 1558 1851 1598 quaedam
1876 1559 1996 1599 obligat
2012 1565 2126 1590 votum
2150 1561 2306 1598 solemne,
2324 1567 2355 1592 et
2369 1571 2438 1592 non
2453 1562 2599 1602 simplex.

406 1601 447 1630 Et
471 1602 547 1641 quia
571 1612 608 1632 ex
632 1603 826 1633 matrimonii
851 1603 981 1633 vinculo
1005 1612 1073 1633 non
1097 1603 1256 1643 obligatur
1271 1602 1311 1632 ad
1330 1602 1475 1633 debitum
1585 1603 1636 1632 AD
1661 1613 1824 1633 SECUNDUM
1847 1613 2007 1634 mmmmm
2030 1605 2120 1645 quod
2143 1606 2360 1636 iuramentum
2383 1606 2457 1646 plus
2481 1605 2601 1647 obligat

406 1645 593 1685 petendum,
613 1646 687 1677 ideo
710 1657 778 1677 non
802 1652 909 1687 potest
930 1652 1039 1687 petere
1063 1646 1207 1677 debitum
1231 1647 1298 1677 sine
1322 1652 1473 1687 peccato:
1531 1656 1568 1677 ex
1592 1652 1680 1687 parte
1705 1648 1773 1677 eius
1796 1657 1835 1678 ex
1859 1657 1925 1688 quo
1949 1648 1985 1679 fit
2008 1649 2172 1689 obligatio,
2190 1654 2289 1690 qu'am
2312 1655 2436 1681 votum.
2461 1650 2524 1682 Sed
2541 1660 2600 1682 vo-

407 1691 553 1729 quamvis
584 1692 686 1731 possit
718 1692 786 1721 sine
817 1696 950 1731 peccato
982 1690 1114 1721 reddere
1147 1691 1291 1722 debitum
1326 1692 1474 1731 exigenti,
1529 1696 1600 1721 tum
1623 1691 1769 1722 solemne
1792 1693 1865 1732 plus
1889 1693 2008 1733 obligat
2031 1699 2190 1733 quantum
2207 1694 2246 1725 ad
2261 1694 2398 1725 modum
2421 1695 2599 1736 obligandi:

406 1740 580 1774 postquam
615 1736 773 1775 obligatus
808 1741 855 1765 est
885 1735 925 1766 ad
954 1736 1017 1766 hoc
1045 1745 1102 1775 per
1130 1736 1288 1766 carnalem
1323 1736 1475 1776 copulam
1529 1736 1722 1775 inquantum
1754 1737 1918 1767 actualiter
1946 1737 2040 1768 tradit
2066 1739 2129 1768 hoc
2156 1738 2247 1778 quod
2277 1740 2484 1779 promittitur,
2509 1739 2600 1780 quod

407 1779 662 1818 praecedentem.
678 1798 701 1802 -
716 1780 790 1810 Hoc
814 1786 921 1810 autem
945 1779 1189 1820 intelligendum
1213 1786 1260 1810 est
1280 1781 1345 1810 sive
1361 1780 1475 1810 mulier
1491 1788 1513 1808 35
1529 1789 1597 1810 non
1621 1779 1657 1810 fit
1680 1790 1737 1820 per
1759 1781 1986 1812 iuramentum.
2010 1782 2052 1812 Et
2074 1782 2148 1813 ideo
2171 1793 2239 1814 non
2263 1784 2408 1823 sequitur
2429 1784 2520 1814 ratio.

408 1832 554 1862 expresse
578 1829 674 1863 petat,
699 1825 764 1854 sive
787 1825 1022 1864 interpretative
1034 1848 1042 1860 ,
1071 1830 1106 1854 ut
1130 1824 1260 1864 quando
1284 1825 1399 1855 mulier
1421 1834 1475 1855 ve-
1585 1824 1636 1854 An
1652 1835 1788 1855 mamm
1808 1835 1967 1856 memnon
1984 1826 2074 1866 quod
2089 1833 2203 1858 votum
2219 1827 2365 1858 solemne
2380 1829 2477 1859 habet
2491 1834 2600 1859 actua-

407 1867 548 1898 recunda
572 1873 634 1904 est,
660 1873 690 1898 et
713 1869 760 1898 vir
783 1869 878 1899 sentit
907 1869 974 1899 eius
1002 1868 1200 1899 voluntatem
1229 1868 1268 1899 de
1296 1869 1474 1899 redditione
1530 1868 1594 1898 lem
1611 1869 1840 1900 exhibitionem
1859 1871 1980 1910 proprii
2005 1872 2159 1911 corporis,
2177 1881 2275 1912 quam
2291 1882 2360 1903 non
2375 1873 2471 1904 habet
2485 1879 2600 1904 votum

409 1910 523 1941 debiti:
549 1918 625 1942 tunc
642 1913 727 1942 enim
743 1913 810 1942 sine
826 1918 960 1952 peccato
976 1912 1107 1943 reddere
1123 1918 1239 1953 potest,
1257 1918 1288 1943 et
1303 1914 1475 1953 praecipue
1530 1913 1675 1953 simplex,
1692 1919 1727 1943 ut
1744 1923 1782 1943 ex
1799 1912 1921 1944 dictis*
1946 1920 2042 1955 patet.
2067 1916 2108 1946 Et
2131 1916 2206 1947 ideo
2228 1917 2309 1947 ratio
2334 1926 2372 1947 ex
2395 1916 2600 1949 insufficienti

407 1956 432 1985 si
457 1956 486 1985 ei
509 1957 600 1986 timet
623 1956 663 1987 de
686 1957 830 1996 periculo
851 1958 1008 1987 castitatis.
1025 1975 1047 1979 —
1070 1957 1138 1987 Nec
1163 1958 1266 1988 obstat
1294 1957 1384 1997 quod
1407 1968 1475 1988 non
1530 1957 1685 1997 procedit.

407 2005 481 2029 sunt
504 2010 594 2040 pares
617 2001 650 2030 in
674 2002 867 2031 matrimonii
893 2007 983 2031 actu:
1015 2002 1091 2041 quia
1121 2002 1255 2041 quilibet
1277 2007 1383 2042 potest
1411 2003 1474 2032 hoc
1489 2009 1516 2028 4ο

408 2043 497 2083 quod
520 2054 615 2074 suum
639 2050 686 2075 est
709 2045 941 2075 abrenuntiare.

462 2087 602 2126 Quidam
621 2094 729 2119 tamen
753 2088 864 2119 dicunt
880 2089 969 2129 quod
985 2094 1091 2129 potest
1107 2095 1138 2120 et
1153 2095 1261 2129 petere
1278 2095 1309 2120 et
1324 2089 1471 2120 reddere:
1531 2099 1614 2162 An
1645 2099 1779 2119 marum
1807 2099 1853 2120 sxc
1881 2100 2086 2121 pxocumrun.
2124 2090 2259 2122 Videtur
2290 2092 2381 2132 quod
2416 2092 2497 2124 ordo
2531 2103 2600 2126 non

406 2141 447 2162 ne
471 2133 566 2163 nimis
590 2143 764 2163 onerosum
787 2133 936 2164 reddatur
958 2134 1199 2164 matrimonium
1228 2135 1320 2164 uxori
1348 2143 1474 2175 semper
1593 2133 1747 2174 impediat
1777 2135 2030 2165 matrimonium.
2062 2135 2148 2173 Quia
2182 2136 2262 2166 nihil
2287 2136 2462 2177 impeditur
2490 2138 2552 2169 nisi
2581 2148 2600 2170 a

406 2177 553 2216 exigenti.
577 2196 600 2199 —
623 2177 695 2214 Sed,
712 2178 838 2208 sirecte
861 2178 1056 2218 inspiciatur,
1077 2179 1140 2208 hoc
1164 2184 1211 2209 est
1235 2179 1359 2219 exigere
1378 2179 1474 2210 inter-
1529 2187 1589 2208 suo
1614 2179 1785 2208 contrario.
1818 2178 1881 2209 Sed
1904 2179 1985 2210 ordo
2009 2189 2076 2210 non
2100 2186 2147 2211 est
2170 2181 2348 2212 contrarius
2373 2183 2598 2214 matrimonio:

1649 2024 1749 2054 ART.
1774 2023 1826 2054 III.
1850 2034 1955 2054 unum
1979 2035 2064 2055 onno
2088 2035 2235 2056 mmmm
2258 2036 2479 2058 munitionum

405 2222 568 2261 pretative.
1488 2229 1512 2249 45
1529 2231 1605 2253 cum
1628 2228 1804 2262 utrumque
1819 2223 1859 2253 sit
1874 2229 2119 2255 sacramentum.
2144 2225 2230 2265 Ergo
2246 2235 2315 2256 non
2330 2226 2466 2266 impedit
2480 2227 2598 2268 ipsum.

1586 2276 1615 2297 2.
1639 2266 1836 2303 Pam-raam,
1853 2267 1939 2298 idern
1963 2269 2045 2299 ordo
2069 2274 2116 2300 est
2138 2269 2224 2309 apud
2247 2279 2309 2300 nos
2332 2276 2364 2301 et
2382 2270 2469 2311 apud
2487 2272 2599 2303 Eccle-

644 2296 743 2326 ΛΒΤ·
768 2296 805 2327 ῙῙ·
829 2307 934 2326 UTRUM
957 2307 1064 2327 VOTUM
1089 2307 1230 2328 sorsum:
1528 2311 1608 2341 siam
1640 2311 1846 2342 Orientalem.
1883 2312 1947 2343 Sed
1981 2313 2068 2353 apud
2102 2314 2279 2345 Ecclesiam
2303 2314 2501 2347 orientalem
2531 2326 2598 2348 non

597 2350 726 2370 mamm*
750 2351 969 2371 mammonam
993 2351 1048 2371 IAM
1072 2351 1280 2372 CONTRACTUM
1528 2355 1663 2396 impedit
1685 2357 1939 2387 matrimonium.
1964 2357 2050 2398 Ergo
2073 2367 2135 2388 nec
2158 2358 2245 2398 apud
2269 2358 2522 2391 Occidentalem.

479 2390 563 2418 Quodl.
579 2390 617 2415 ΙΙΙ,
632 2397 671 2418 qu.
687 2397 727 2417 vu,
742 2394 784 2412 art.
801 2398 823 2417 ις
839 2391 901 2415 VIII,
917 2397 955 2419 qu.
972 2398 993 2417 v,
1009 2395 1051 2413 art.
1069 2398 1091 2418 ης
1108 2391 1135 2417 Χ,
1152 2398 1190 2419 qu.
1206 2399 1228 2419 v,
1243 2396 1285 2414 art.
1299 2399 1320 2421 3,
1335 2393 1364 2414 ad
1381 2401 1400 2415 ι.
1585 2400 1614 2431 3·
1640 2401 1840 2436 PRAETEREA’
1872 2402 2115 2432 matrimonium
2145 2402 2302 2443 significat
2333 2405 2599 2437 coniunctionem

470 2451 490 2470 D
515 2451 677 2472 suctmmm
702 2452 747 2472 sm
776 2451 980 2472 pnocnmrun.
1012 2442 1146 2473 Videtur
1169 2443 1259 2483 quod
1289 2453 1350 2474 nec
1378 2445 1472 2475 etiam
1489 2454 1514 2474 5⁰
1529 2444 1646 2475 Christi
1667 2451 1699 2475 et
1714 2445 1875 2476 Ecclesiae
1894 2446 1920 2476 ἦ
1946 2445 2009 2476 Sed
2032 2447 2096 2477 h'oc
2111 2448 2284 2488 praecipue
2307 2450 2457 2488 congruit
2478 2449 2599 2490 signifi-

409 2453 584 2516 Avotum
622 2486 766 2516 solemne
809 2487 1050 2517 matrimonium
1089 2487 1214 2518 dirimat
1260 2493 1471 2520 contractum.
1529 2490 1592 2520 cari
1608 2490 1639 2519 in
1656 2490 1705 2520 his
1722 2489 1778 2529 qui
1794 2495 1868 2520 sunt
1883 2490 2018 2521 ministri
2041 2490 2168 2527 Christi,
2188 2492 2309 2523 scilicet
2327 2492 2491 2524 ordinatis.
2511 2494 2598 2535 Ergo

407 2529 501 2567 Quia,
518 2531 600 2560 sicut
622 2530 787 2561 decretalis
802 2532 819 2547 ⁴*
843 2530 927 2567 dicit,
945 2531 1031 2571 apud
1046 2532 1151 2562 Deum
1173 2542 1238 2562 non
1263 2533 1370 2563 minus
1393 2534 1472 2565 obli·
1528 2533 1609 2564 ordo
1633 2534 1876 2565 matrimonium
1899 2544 1967 2565 non
1991 2535 2136 2576 impedit.

405 2579 466 2615 gat
499 2579 608 2604 votum
641 2575 778 2615 simplex
811 2585 906 2616 quam
941 2576 1092 2606 solemne.
1132 2576 1195 2607 Sed
1229 2578 1472 2609 matrimonium
1582 2587 1614 2617 4.
1638 2579 1835 2615 Pium-ranna,
1853 2588 1966 2610 omnes
1990 2579 2119 2611 ordines
2134 2579 2174 2610 ad
2189 2580 2311 2621 aliquid
2334 2582 2497 2621 spirituale
2512 2582 2598 2614 ordi-

407 2619 626 2659 acceptatione
650 2619 756 2649 divina
779 2625 839 2650 stat
861 2620 911 2650 vel
935 2619 1101 2651 dirimitur.
1132 2621 1234 2661 Ergo,
1259 2631 1334 2652 cum
1357 2628 1471 2654 votum
1526 2628 1652 2653 nantur.
1681 2622 1744 2654 Sed
1768 2623 1849 2653 ordo
1873 2633 1941 2654 non
1964 2630 2071 2664 potest
2093 2624 2249 2665 impedire
2272 2626 2515 2658 matrimonium
2536 2627 2599 2658 nisi

407 2662 540 2703 simplex
563 2673 631 2693 non
654 2663 779 2694 dirimat
809 2665 1068 2701 matrimonium,
1093 2675 1153 2696 nec
1181 2671 1295 2696 votum
1326 2667 1472 2699 solemne
1487 2675 1510 2696 55
1526 2668 1651 2698 ratione
1674 2668 1911 2708 spiritualitatis.
1936 2668 2033 2709 Ergo,
2050 2669 2076 2699 si
2092 2669 2173 2700 ordo
2189 2669 2324 2710 impedit
2341 2671 2596 2709 matrimonium,

407 2705 553 2737 dirimere
577 2708 703 2748 poterit.
1527 2712 1662 2752 quilibet
1685 2712 1766 2742 ordo
1790 2712 1954 2752 impediet.
1979 2712 2079 2751 Quod
2102 2713 2218 2744 falsum
2242 2720 2298 2744 est.

463 2761 492 2781 2.
509 2752 704 2788 Pnanrnnna,
729 2757 842 2782 votum
872 2753 1016 2784 solemne
1047 2763 1115 2784 non
1146 2754 1233 2785 addit
1259 2756 1302 2785 ita
1329 2756 1472 2787 validum
1584 2757 1613 2787 5.
1638 2757 1834 2793 Prummu,
1859 2766 1973 2788 omnes
1997 2757 2133 2788 ordinati
2156 2764 2292 2798 possunt
2315 2759 2527 2790 ecclesiastica
2541 2760 2598 2792 be-

405 2796 504 2826 robur
527 2806 622 2836 super
645 2802 757 2827 votum
781 2798 916 2837 simplex
935 2798 1017 2828 sicut
1032 2799 1258 2830 iuramentum.
1279 2799 1342 2831 Sed
1357 2806 1471 2832 votum
1525 2799 1641 2831 neficia
1671 2801 1798 2837 habere,
1823 2806 1855 2831 et
1878 2801 2044 2842 privilegio
2076 2802 2213 2833 clericali
2242 2803 2382 2843 gaudere
2412 2804 2596 2844 aequaliter.

406 2840 550 2880 simplex,
575 2841 670 2870 etiam
693 2841 873 2871 iuramento
897 2843 1151 2882 superveniente,
1171 2853 1239 2874 non
1263 2843 1382 2876 dirimit
1403 2855 1471 2876 ma·
1526 2845 1559 2876 Si
1587 2855 1663 2885 ergo
1695 2851 1827 2886 propter
1857 2846 1920 2876 hoc
1951 2846 2032 2877 ordo
2063 2847 2306 2878 matrimonium
2335 2844 2491 2888 impediat
2520 2849 2597 2890 quia

405 2884 593 2915 trimonium
617 2890 827 2916 contractum.
852 2886 937 2926 Ergo
961 2896 1022 2917 nec
1044 2893 1158 2918 votum
1182 2888 1336 2920 solemne.
1485 2895 1512 2916 6ο
1526 2890 1650 2920 uxorati
1666 2900 1734 2920 non
1751 2895 1887 2930 possunt
1909 2891 2026 2922 habere
2050 2891 2244 2922 beneficium
2269 2892 2520 2924 ecclesiasticum
2533 2902 2596 2924 nec

462 2928 490 2958 3.
515 2929 711 2965 PRAETEREA,
740 2935 853 2960 votum
883 2931 1028 2962 solemne
1058 2932 1138 2962 nihil
1164 2933 1260 2963 habet
1287 2933 1376 2973 quod
1402 2944 1471 2965 non
1525 2934 1664 2974 gaudere
1680 2934 1847 2975 privilegio
1871 2935 2018 2972 clericali,
2035 2941 2071 2966 ut
2093 2936 2221 2967 iuristae
2245 2935 2356 2967 dicunt
2371 2937 2405 2973 “;
2429 2942 2507 2968 tunc
2524 2938 2596 2978 qui-
2622 2947 2634 2957 ·

406 2973 506 3012 possit
521 2978 634 3003 votum
654 2974 787 3014 simplex
810 2975 936 3006 habere.
961 2976 1046 3014 Quia
1069 2981 1182 3006 votum
1205 2977 1340 3017 simplex
1362 2985 1471 3018 posset
1525 2979 1602 3009 libet
1625 2978 1706 3009 ordo
1730 2979 1885 3019 impedire
1912 2979 2051 3010 deberet.
2083 2980 2183 3018 Quod
2213 2980 2330 3012 falsum
2353 2986 2418 3012 est:
2449 2986 2486 3012 ut
2507 2987 2597 3022 patet

406 3017 522 3047 habere
548 3017 752 3048 scandalum:
785 3028 859 3049 cum
887 3021 988 3059 possit
1015 3030 1082 3050 esse
1106 3021 1139 3051 in
1163 3022 1309 3061 publico,
1334 3023 1416 3053 sicut
1439 3029 1470 3054 et
1524 3033 1582 3064 per
1605 3022 1797 3054 decretalem
1812 3023 1984 3054 Alexandri
1997 3025 2024 3061 ⁴*,
2040 3025 2080 3055 de
2098 3024 2234 3056 Clericis
2257 3025 2453 3066 coniugatis.
2486 3025 2527 3057 Et
2549 3027 2595 3057 sic
2623 3035 2634 3046 ·

407 3061 560 3092 solemne.
593 3062 742 3093 Similiter
766 3068 797 3093 et
819 3064 962 3094 Ecclesia
985 3070 1093 3104 posset
1124 3071 1155 3095 et
1182 3065 1310 3096 deberet
1333 3072 1470 3098 statuere
1524 3067 1633 3098 nullus
1657 3067 1748 3104 ordo,
1773 3073 1809 3098 ut
1831 3067 1967 3104 videtur,
1991 3069 2233 3100 matrimonium
2256 3069 2420 3110 impediet.

408 3105 496 3145 quod
522 3111 635 3136 votum
664 3107 798 3147 simplex
829 3107 954 3138 dirimat
984 3109 1226 3140 matrimonium
1253 3111 1317 3141 iam
1344 3117 1470 3143 contra-
1483 3117 1508 3143 65
1581 3111 1644 3142 San
1664 3121 1788 3142 comm
1811 3122 1865 3143 κεί·
1888 3112 1978 3153 quod
1994 3112 2157 3144 decretalis
2173 3114 2189 3130 ⁹
2205 3112 2298 3144 dicit:
2323 3113 2359 3143 Si
2374 3113 2407 3144 in
2426 3113 2595 3146 subdiaco-
2622 3125 2633 3137 ·

409 3154 512 3185 ctum,
544 3155 580 3180 ut
609 3151 709 3181 multa
740 3157 870 3191 peccata
899 3153 1082 3183 vitarentur.
1117 3154 1220 3194 Ergo,
1253 3164 1317 3195 qua
1346 3156 1470 3187 ratione
1525 3161 1605 3187 natu
1628 3161 1659 3187 et
1681 3156 1756 3187 aliis
1778 3157 2000 3197 superioribus
2023 3157 2191 3189 ordinibus
2214 3167 2336 3189 uxores
2358 3159 2518 3199 accepisse
2537 3169 2595 3190 no-

407 3198 519 3223 votum
543 3195 676 3234 simplex
695 3205 763 3225 non
782 3195 899 3226 dirimit
921 3198 1173 3234 matrimonium,
1197 3208 1258 3229 nec
1281 3205 1395 3231 votum
1417 3211 1469 3231 so·
1523 3206 1669 3236 scantur,
1686 3210 1742 3231 eos
1758 3210 1879 3232 uxores
1899 3201 2060 3232 dimittere
2081 3202 2290 3242 compellatis.
2314 3202 2414 3240 Quod
2429 3212 2496 3234 non
2513 3209 2596 3235 esset

407 3236 514 3267 lemne
538 3237 683 3269 dirimere
707 3239 810 3270 debet.
1524 3245 1551 3275 si
1574 3250 1655 3276 esset
1678 3255 1791 3276 verum
1814 3246 2066 3276 matrimonium.

463 3281 525 3311 San
549 3292 672 3312 CONTRA
698 3293 751 3313 nsr
779 3284 868 3324 quod
898 3284 950 3315 ille
982 3286 1038 3325 qui
1069 3285 1144 3316 facit
1169 3293 1283 3318 votum
1313 3289 1468 3326 solemne,
1582 3299 1611 3320 2.
1636 3290 1832 3326 Pium-nau,
1856 3289 1964 3320 nullus
1987 3299 2108 3320 vovens
2136 3291 2367 3321 continentiam
2396 3297 2504 3332 potest
2525 3302 2594 3323 ma-

410 3326 566 3355 contrahit
598 3327 837 3358 matrimonium
873 3329 1034 3368 spirituale
1069 3339 1143 3360 cum
1178 3331 1267 3367 Deo,
1299 3332 1389 3372 quod
1423 3339 1470 3364 est
1483 3342 1511 3363 70
1523 3333 1713 3364 trimonium
1729 3334 1916 3364 contrahere
1932 3335 1959 3364 *-
1983 3333 2047 3365 Sed
2070 3333 2201 3374 quidam
2217 3334 2345 3366 ordines
2361 3341 2436 3366 sunt
2459 3337 2516 3377 qui
2537 3337 2594 3367 ha·
2621 3345 2631 3356 ·

409 3369 511 3398 multo
529 3369 653 3409 dignius
669 3380 766 3410 quam
782 3372 943 3402 materiale
961 3374 1212 3406 matn'monium.
1229 3375 1293 3406 Sed
1308 3378 1469 3409 materiale
1524 3378 1602 3408 bent
1623 3383 1738 3408 votum
1767 3378 1984 3409 continentiae
2014 3387 2193 3415 annexum,
2217 3385 2254 3410 ut
2276 3389 2314 3410 ex
2337 3380 2441 3411 littera
2454 3381 2472 3398 ¹*
2494 3386 2592 3422 patet.

409 3413 648 3444 matrimonium
671 3415 758 3454 prius
781 3421 980 3446 contractum
1004 3417 1121 3448 dirimit
1139 3421 1380 3451 matrimonium
1396 3428 1470 3462 post
1525 3423 1610 3462 Ergo
1634 3422 1704 3452 talis
1728 3421 1808 3453 ordo
1831 3422 2074 3453 matrimonium
2096 3422 2241 3463 impedit.

410 3461 618 3487 contractum.
643 3458 728 3497 Ergo
752 3464 864 3489 votum
888 3460 1042 3492 solemne.
1580 3467 1771 3497 Rxsronmzo
1797 3476 1958 3497 memnon
1985 3466 2074 3507 quod
2102 3467 2183 3498 ordo
2210 3477 2298 3499 sacer
2325 3468 2365 3499 de
2391 3468 2441 3499 sui
2468 3469 2592 3500 ratione

466 3508 494 3529 2.
519 3500 723 3537 Pam-ruam,
754 3502 817 3532 hoc
847 3503 943 3534 etiam
973 3506 1099 3544 probari
1129 3512 1236 3546 potest
1265 3517 1323 3548 per
1353 3510 1469 3540 multas
1524 3511 1629 3546 habet,
1647 3520 1684 3541 ex
1708 3509 1847 3550 quadam
1871 3511 2090 3550 congruentia,
2111 3511 2201 3552 quod
2223 3513 2467 3544 manimonium
2489 3513 2592 3554 impe-

410 3544 611 3574 auctoritates
635 3554 718 3584 quae
741 3552 906 3585 ponuntur
929 3548 962 3577 in
985 3548 1085 3579 littera
1101 3550 1128 3580 *.
1483 3565 1508 3586 75
1525 3554 1591 3585 dire
1608 3554 1739 3585 debeat:
1765 3555 1841 3595 quia
1863 3555 1897 3585 in
1920 3555 2015 3586 sacris
2038 3555 2204 3587 ordinibus
2228 3557 2393 3588 constituti
2416 3566 2504 3588 saera
2518 3566 2592 3588 vasa

2625 368 2840 397 'Videcap.Scien-

2625 395 2679 416 dum
2700 401 2766 423 vero,
2780 396 2837 418 ibid.

2627 547 2636 556 ¹
2652 545 2688 567 Ct.
2706 545 2761 566 11⁸¹*
2776 546 2838 574 11¹⁹,

2626 578 2664 599 qu.
2680 578 2743 599 xun,
2758 576 2800 595 art.
2816 579 2838 600 7.

2625 604 2731 646 erglgs's.
2747 625 2770 646 in
2780 631 2838 657 μβ.

2626 651 2725 677 Rursus,
2738 652 2782 680 Qus
2792 652 2838 673 cle-

2626 678 2673 699 rici
2681 678 2719 700 vel
2729 684 2781 700 νον.
2793 682 2837 700 etc.

2627 716 2637 721 -
2656 704 2691 726 Cf.
2712 704 2791 727 Glosn.
2814 705 2839 726 in

2626 737 2678 753 can.
2693 731 2722 753 Si
2732 732 2786 759 quie
2795 737 2837 753 νο-

2626 757 2839 786 ιιιηιμιιιιΧΧνΠ,

2627 790 2700 833 8⁰¹3}
2709 811 2838 834 Bonnam.

2626 837 2658 858 IV
2683 837 2762 864 Sext„
2783 838 2837 860 dist.

2626 870 2732 891 xxxvm,
2752 867 2794 886 ιη.
2810 870 2822 886 2
2832 881 2840 891 ,

2627 896 2666 917 qu.
2683 897 2702 913 ι.

2627 947 2637 957 ·
2647 945 2680 967 lV
2688 945 2769 973 Sena,
2785 946 2838 968 dist.

2627 978 2792 1028 :axvasslausssi
2818 979 2824 995 Ι
2832 989 2839 999 y

2627 1922 2639 1935 ³
2651 1923 2704 1946 An.
2719 1924 2831 1950 praeced.

2626 2453 2781 2483 ’Δαᾷιεευ
2787 2460 2840 2484 enp-

2625 2486 2649 2508 ν,
2663 2486 2716 2510 σῳ.
2728 2486 2765 2512 3²·
