2918 4088
198 685 209 696 ‘
224 684 258 706 Cf.
275 690 338 705 num.
353 690 374 705 ν.

200 1171 209 1181 ·
224 1169 259 1191 CI.
276 1175 338 1190 num.
355 1174 384 1190 vi.

201 1703 212 1712 “
227 1700 262 1722 Cf.
278 1706 340 1722 num.
358 1706 395 1721 vn.

203 2237 213 2246 ·
227 2235 282 2256 Loc.
299 2234 336 2256 cit.

204 2280 214 2290 ·
228 2279 261 2300 1V
272 2279 344 2305 sent„
360 2277 413 2299 dist.

203 2312 241 2332 xv,
256 2311 295 2332 qu.
309 2311 325 2331 ι,
340 2308 382 2326 art.
394 2311 414 2332 3,

204 2333 249 2359 qu*
259 2338 282 2356 2:
294 2331 346 2352 dist.
357 2337 414 2358 xxu,

205 2364 269 2406 5¹³¹&
277 2361 347 2405 εέηέ.
357 2357 415 2405 Ἇῖξὲ·

206 2418 245 2437 xv,
259 2417 297 2438 qu.
313 2417 332 2432 2.
342 2401 350 2410 ’
410 2399 416 2406 ⁵

206 2440 216 2448 ⁹
224 2438 323 2459 Aristot.
330 2436 359 2458 de
365 2436 420 2457 Ani-

207 2470 252 2491 ma,
259 2464 328 2512 gb'J'
334 2469 418 2511 §apti-K,

206 2497 259 2538 ἰέοέ.
352 2505 358 2511 ·
411 2504 417 2511 ·

439 162 512 199 356

1233 156 1542 196 CARDINALIS
1572 154 1816 191 CAIETANI

1184 299 1515 351 QUAESITUM
1553 296 1869 338 SECUNDUM

756 408 815 438 AN
840 407 924 437 PRO
950 404 1176 436 CONTRITO
1202 403 1259 433 ET
1284 399 1507 432 CONFESSO
1532 398 1737 429 PECCATO
1763 398 1969 429 IMPOSITA
1993 398 2289 435 SATISFACT10,

918 451 952 481 SI
977 447 1267 480 EXSOLVATUR
1292 446 1334 475 IN
1358 443 1564 474 PECCATO
1589 442 1799 478 MORTALL
1825 443 1890 473 SIT
1915 443 2140 473 ITERANDA

479 560 602 580 Ecunno
632 550 713 579 circa
747 547 993 578 satisfactionem
1024 542 1286 584 poenitentialem
1317 540 1494 580 quaeritur:

440 562 529 624 SAn
561 604 618 634 pro
644 593 780 623 contrito
806 598 836 621 et
865 590 1010 620 confesso
1042 592 1173 627 peccato
1202 585 1350 624 imposita
1377 583 1496 614 satisfa-

438 640 511 674 ctio,
537 639 561 668 si
586 638 764 668 exsolvatur
786 637 818 665 in
842 640 974 674 peccato
998 632 1132 667 mortali,
1158 631 1196 659 sit
1218 628 1368 659 iteranda.

493 682 626 713 Videtur
650 682 735 711 enim
751 679 839 719 quod
855 688 921 708 non
934 679 959 707 ἅ.
984 677 1104 710 Primo,
1123 685 1159 705 ex
1175 675 1243 713 ipsa
1262 673 1384 703 ratione
1408 673 1496 702 iusti-

437 728 508 757 tiae.
534 727 580 756 Ex
605 735 670 765 quo
695 725 780 755 enim
804 722 981 752 secundum
1005 720 1133 760 plenam
1149 718 1301 748 iustitiam
1317 717 1495 756 punitivam

438 771 535 802 semel
558 770 706 809 imposita
731 773 776 798 est
799 776 903 806 poena
927 764 1109 804 temporalis
1132 772 1191 802 pro
1211 767 1344 801 peccato
1366 761 1404 791 de
1429 770 1494 801 quo

437 825 510 846 vere
526 814 694 854 poenituit,
711 820 877 850 nunquam
894 819 951 849 pro
965 809 1019 838 illo
1037 807 1202 838 debebitur
1217 807 1278 836 nisi
1293 815 1400 846 poena
1415 810 1495 835 tem-

437 859 570 900 poralis;
596 863 636 892 et,
661 857 712 886 illa
735 855 847 889 soluta,
872 853 969 883 nulla.

492 904 532 933 Et
555 901 760 932 confirmatur
783 900 845 928 hoc
869 898 901 927 in
918 897 1038 927 actibus
1055 895 1213 925 humanis.
1239 894 1272 925 Si
1291 895 1377 925 enim
1401 894 1496 924 alicui

438 948 550 986 culpae
578 945 717 985 praecise
741 941 987 982 correspondeat
1010 939 1189 970 secundum
1212 939 1317 978 legem
1345 939 1495 968 abscissio

436 1000 559 1026 manus,
577 999 643 1019 non
661 987 753 1018 debet
769 986 946 1016 secundum
962 985 1123 1019 iustitiam,
1140 992 1239 1013 manu
1255 983 1400 1019 abscissa,
1415 983 1497 1023 exigi

436 1035 538 1065 maior
560 1033 696 1073 punitio.
732 1032 831 1070 Ergo,
860 1040 877 1060 a
905 1029 1015 1065 simili,
1044 1029 1070 1058 si
1100 1028 1171 1068 quis
1199 1033 1342 1057 remanet
1372 1026 1496 1057 debitor

436 1078 575 1119 praecise
604 1075 786 1115 temporalis
813 1083 955 1114 poenae,
987 1079 1064 1113 puta
1092 1077 1230 1112 quatuor
1258 1071 1396 1107 dierum,
1427 1081 1495 1101 non

436 1123 530 1153 debet
553 1119 729 1151 secundum
754 1118 892 1148 divinam
915 1118 1076 1152 iustitiam,
1100 1116 1153 1146 illa
1177 1115 1290 1151 soluta,
1314 1116 1387 1155 plus
1404 1116 1495 1155 exigi.

490 1167 661 1195 Praeterea
678 1164 704 1199 ἦ,
722 1163 747 1192 si
771 1162 956 1192 huiusmodi
979 1160 1149 1191 satisfactio
1167 1165 1253 1190 extra
1271 1161 1433 1190 caritatem
1450 1159 1496 1189 di-

436 1217 524 1242 catur
546 1218 613 1239 non
636 1207 789 1242 sufficere,
815 1207 969 1236 sententia
991 1206 1086 1235 nimis
1110 1204 1197 1240 dura,
1223 1211 1254 1236 et
1273 1205 1400 1234 occasio
1421 1213 1496 1243 pec-

436 1254 527 1286 candi
550 1252 683 1283 videtur.
707 1251 871 1288 Quoniam
894 1251 1073 1290 poenitenS,
1092 1259 1166 1279 cum
1182 1250 1245 1280 hoc
1263 1248 1406 1284 audierit,
1423 1254 1500 1288 post,

435 1300 560 1340 lapsum
582 1298 615 1327 in
638 1301 806 1336 peccatum
836 1295 969 1325 mortale
996 1304 1063 1324 non
1091 1299 1304 1334 prosequetur
1335 1293 1497 1323 executio—

436 1353 510 1373 nem
526 1341 750 1382 poenitentiae,
763 1345 875 1379 utpote
890 1339 1052 1369 inutiliter.
1073 1339 1114 1368 Et
1130 1339 1173 1368 sic
1190 1338 1309 1369 incidet
1324 1338 1356 1367 in
1373 1347 1497 1367 novum

436 1393 604 1428 peccatum
623 1385 766 1420 mortale,
790 1382 1049 1423 transgrediendo
1065 1389 1273 1422 praeceptum
1289 1382 1451 1412 Ecclesiae
1468 1387 1499 1412 et

200 1437 251 1458 '1V
259 1437 330 1463 Sent„
344 1437 396 1458 dist·
435 1432 542 1462 vicarii
558 1430 618 1460 Dei
640 1430 673 1459 in
697 1429 752 1459 illo
769 1434 851 1458 actu.
876 1428 917 1458 Et
939 1428 1013 1458 hinc
1029 1426 1194 1463 formatur,
1211 1428 1316 1468 inquit
1339 1427 1454 1457 Scotus
1470 1427 1497 1462 ὓ,

200 1470 320 1518 Saittai
329 1464 356 1515 {¹⁰
362 1468 398 1510 13}

198 1519 285 1545 quarto
304 1516 396 1537 dicitur.

436 1477 504 1507 talis
527 1476 622 1505 ratio:
649 1473 681 1504 Si
704 1478 777 1513 post
799 1474 924 1512 lapsum
947 1482 1014 1502 non
1033 1477 1208 1512 exequatur
1224 1472 1295 1512 quis
1312 1470 1499 1502 satisfactio-

436 1530 511 1551 nem
541 1519 705 1559 pristinam
735 1518 794 1547 sibi
820 1517 1018 1557 impositam,
1046 1522 1158 1556 peccat
1180 1516 1365 1547 mortaliter.
1401 1516 1497 1556 Ergo,

437 1566 462 1595 si
486 1569 675 1603 exequatur,
707 1563 789 1592 bene
819 1562 908 1592 facit:
942 1562 1018 1601 quia
1047 1566 1154 1591 actum
1183 1561 1383 1592 obedientiae
1414 1559 1497 1590 facit.

438 1609 500 1640 Sed
522 1618 590 1638 non
614 1607 687 1637 facit
711 1611 817 1636 actum
834 1605 1034 1636 obedientiae
1057 1605 1118 1635 nisi
1140 1606 1333 1645 inquantum
1354 1604 1434 1635 illud
1453 1610 1500 1635 est

437 1654 496 1684 sibi
519 1653 706 1692 impositum
729 1656 883 1690 tanquam
906 1660 976 1690 pars
1001 1649 1232 1680 satisfactionis.
1257 1650 1353 1690 Ergo,
1371 1655 1430 1679 etc.

493 1698 665 1727 Praeterea
681 1697 707 1731 ³⁶,
724 1696 867 1735 sequitur
891 1694 976 1724 aliud
999 1695 1242 1724 inconveniens:
1268 1694 1388 1724 scilicet
1411 1693 1501 1734 quod

438 1741 623 1772 huiusmodi
646 1745 805 1780 peccator,
830 1740 855 1769 si
879 1738 1089 1774 damnaretur,
1115 1739 1312 1769 aeternaliter
1334 1739 1501 1779 puniretur

438 1796 497 1826 pro
521 1786 658 1826 peccatis
682 1783 780 1814 semel
804 1783 948 1814 dimissis.
972 1783 1020 1813 Ac
1044 1793 1100 1823 per
1121 1784 1195 1819 hoc,
1220 1783 1347 1813 dimissa
1370 1787 1501 1822 peccata

438 1830 576 1861 redirent
599 1829 797 1868 simpliciter:
831 1828 906 1868 quia
933 1827 1070 1858 redirent
1101 1828 1209 1867 quoad
1236 1837 1376 1868 poenam
1403 1833 1502 1857 aeter-

438 1884 524 1905 nam.
548 1891 568 1896 -
592 1874 633 1904 Et
656 1873 787 1903 ulterius
811 1873 954 1911 sequitur
978 1871 1067 1911 quod
1090 1873 1133 1902 ita
1157 1873 1354 1903 aeternaliter
1369 1872 1502 1912 punitur

441 1919 511 1959 quis
534 1928 593 1958 pro
617 1918 754 1958 peccatis
778 1916 912 1946 dimissis
937 1917 1018 1946 sicut
1041 1926 1100 1956 pro
1123 1926 1191 1947 non
1215 1916 1360 1947 dimissis.

495 1963 533 1992 In
559 1963 737 2002 oppositum
761 1966 807 1991 est
823 1960 912 2001 quod
935 1959 1106 1991 satisfactio
1125 1966 1252 1992 mortua
1267 1971 1334 1992 non
1351 1966 1398 1991 est
1414 1961 1503 1990 satis-

440 2007 555 2037 factio:
580 2007 662 2036 sicut
683 2015 743 2036 nec
766 2006 867 2035 homo
891 2010 1037 2035 mortuus
1061 2011 1108 2035 est
1130 2006 1242 2036 homo.

495 2052 532 2081 ΙΙ.
557 2051 646 2081 Haec
670 2051 813 2090 quaestio
837 2049 894 2080 sub
919 2049 1023 2079 iudice
1050 2050 1089 2079 ab
1113 2051 1264 2080 omnibus
1288 2049 1504 2080 communiter

439 2095 564 2126 videtur
588 2095 753 2125 derelicta:
779 2104 853 2124 curn
877 2094 945 2133 ipse
970 2094 1094 2130 Scotus‚
1113 2095 1169 2134 qui
1184 2099 1308 2134 partem
1323 2094 1505 2134 negativam

440 2145 537 2176 tenet,
561 2140 652 2169 cuius
676 2144 750 2169 sunt
773 2144 958 2178 argumenta
981 2138 1120 2174 inducta,
1145 2149 1213 2169 non
1230 2138 1344 2169 audeat
1367 2148 1438 2168 eam
1458 2148 1506 2168 as-

441 2194 559 2220 serere,
591 2183 647 2214 sed
675 2183 757 2213 dicat
785 2193 818 2213 se
848 2183 966 2223 absque
988 2183 1194 2223 praeiudicio
1225 2183 1333 2223 loqui,
1361 2183 1395 2212 in
1418 2193 1429 2212 1
1449 2191 1503 2222 qu.

441 2228 510 2259 dist.
524 2238 563 2258 xv
580 2228 692 2265 Quarti
708 2227 793 2257 Sent.
810 2228 827 2244 ᾗ
836 2237 843 2263 ;
865 2232 895 2257 et
911 2226 1002 2257 divus
1018 2227 1161 2258 Thomas
1177 2228 1261 2257 varia
1276 2226 1420 2257 videatur
1435 2236 1506 2257 sen-

442 2274 499 2303 tire
514 2274 548 2309 ἢ
572 2271 741 2302 Durandus
765 2271 866 2301 solvat
885 2271 924 2301 ad
939 2277 1108 2311 utramque
1127 2277 1251 2312 partem
1267 2273 1311 2308 Η,
1329 2277 1388 2302 etc.
1414 2271 1506 2309 Quo-

443 2318 534 2353 circa,
547 2322 583 2346 ut
597 2316 747 2346 radicales
763 2316 901 2345 rationes
918 2316 1147 2352 examinentur,
1161 2321 1192 2346 et
1208 2316 1425 2346 rationabilior
1435 2324 1507 2355 pars

444 2362 585 2401 eligatur,
608 2361 691 2390 hanc
714 2360 885 2389 movimus.

498 2405 539 2435 Et
562 2405 716 2444 quoniam
740 2408 861 2434 rectum
885 2408 931 2433 est
954 2403 1051 2434 iudex
1070 2404 1121 2434 sui
1137 2409 1167 2434 et
1183 2404 1303 2444 obliqui
1318 2405 1345 2439 θ’,
1369 2404 1444 2433 hinc
1460 2404 1508 2433 in-

445 2448 630 2489 cipiendum
652 2458 734 2483 reor,
752 2447 850 2487 quod,
869 2447 1046 2477 secundum
1063 2457 1186 2484 omnes,
1202 2448 1290 2478 nulla
1305 2453 1413 2477 nostra
1429 2457 1507 2488 poe-

445 2493 615 2523 nitentialis
631 2491 800 2522 satisfactio
817 2491 903 2531 apud
918 2492 1025 2522 Deum
1041 2497 1088 2522 est
1103 2491 1263 2522 sufficiens
1279 2493 1346 2522 sine
1363 2493 1507 2522 caritate:

447 2538 522 2577 quia
543 2537 631 2566 nulla
655 2542 701 2566 est
724 2535 884 2566 sufficiens
907 2535 1086 2566 secundum
1102 2536 1368 2576 aequivalentiam
1388 2536 1508 2576 simpli-

447 2582 533 2617 citer,
551 2580 606 2611 sed
622 2589 847 2620 quaecumque
864 2585 910 2610 est
925 2579 1095 2616 sufficiens,
1114 2590 1151 2610 ex
1168 2580 1274 2610 divina
1290 2581 1509 2620 acceptatione

447 2631 494 2656 est
517 2624 691 2661 sufficiens;
717 2624 944 2664 acceptabilem
968 2629 1075 2654 autem
1099 2625 1209 2654 caritas
1232 2623 1343 2654 reddit.
1375 2625 1423 2654 Ex
1446 2625 1510 2656 hoc

447 2670 614 2700 communi
641 2669 799 2709 principio
828 2673 955 2708 oportet
982 2668 1159 2698 doctrinam
1186 2668 1360 2709 procedere
1386 2678 1443 2709 per
1466 2679 1509 2706 se,

448 2714 568 2753 absque
591 2712 770 2743 diversione
798 2712 838 2742 ad
861 2722 898 2742 ea
921 2722 1004 2752 quae
1027 2718 1101 2743 sunt
1128 2723 1184 2753 per
1208 2712 1355 2743 accidens
1379 2718 1433 2743 aut
1457 2723 1509 2744 ex-

446 2764 569 2788 tranea:
602 2758 745 2797 alioquin
776 2756 918 2787 doctrina
940 2757 1040 2796 magis
1067 2758 1124 2787 erit
1149 2758 1367 2787 voluntarium
1393 2757 1511 2798 dogma

448 2811 545 2842 quam
568 2811 641 2831 vera
665 2801 818 2832 doctrina.
854 2801 902 2830 Ex
931 2801 994 2831 hoc
1023 2806 1131 2831 autem
1155 2802 1313 2841 principio
1343 2802 1510 2833 manifeste

448 2846 615 2876 deducitur
637 2846 759 2876 nullam
782 2844 1032 2875 satisfactionem
1055 2845 1199 2876 sufficere
1222 2846 1283 2876 nisi
1307 2846 1418 2876 caritas
1441 2846 1511 2877 red-

448 2891 500 2920 dat
524 2900 594 2920 eam
617 2890 854 2930 acceptabilem.
878 2889 946 2919 Nec
971 2895 1098 2929 oportet
1121 2891 1154 2920 in
1170 2891 1229 2920 hac
1249 2890 1442 2921 deductione
1466 2891 1510 2921 la-

447 2936 569 2971 borare,
586 2934 641 2964 sed
663 2933 888 2964 tantummodo
905 2934 1107 2964 subsumere:
1132 2934 1195 2965 Sed
1217 2935 1296 2965 haec
1318 2935 1509 2977 satisfactio,

447 2979 551 3020 Ergo.

504 3022 607 3058 Unde,
632 3032 706 3052 cum
730 3022 851 3062 reliqua
874 3023 933 3052 ista
956 3022 995 3052 de
1015 3032 1078 3062 qua
1095 3023 1257 3063 quaeritur
1273 3023 1454 3060 satisfactio,
1472 3025 1511 3055 sit

449 3077 522 3096 vere
546 3066 715 3096 satisfactio
738 3076 797 3106 pro
821 3067 943 3107 peccati
966 3077 1081 3106 poena,
1107 3073 1137 3098 et
1160 3068 1282 3098 nullam
1303 3069 1417 3098 habeat
1433 3078 1511 3099 con-

452 3110 606 3141 ditionem
629 3110 861 3141 diminuentem
885 3111 1042 3141 rationem
1061 3111 1298 3148 satisfactionis;
1323 3113 1451 3149 mirum,
1475 3118 1512 3144 ut

451 3164 518 3184 non
542 3154 645 3184 dicam
667 3155 893 3191 voluntarium,
917 3155 1041 3186 videtur
1057 3157 1194 3186 eximere
1214 3157 1400 3187 huiusmodi
1423 3158 1510 3188 satis-

452 3198 624 3228 factionem
648 3208 665 3228 a
681 3200 846 3229 communi
862 3200 970 3239 regula
985 3200 1205 3230 satisfaciendi.
1229 3201 1295 3231 Aut
1311 3202 1397 3231 enim
1413 3211 1510 3242 opor-

453 3247 498 3272 tet
520 3251 634 3281 negare
656 3242 735 3272 illud
758 3244 934 3273 universale
958 3253 993 3273 ac
1018 3254 1192 3275 commune
1212 3246 1420 3285 principium:
1445 3252 1510 3282 aut,

453 3286 508 3315 illo
534 3295 696 3321 concesso,
725 3292 852 3325 oportet
874 3288 1089 3318 universaliter
1113 3288 1216 3319 dicere
1246 3289 1367 3319 nullam
1391 3290 1510 3320 satisfa-

456 3329 596 3359 ctionem
618 3330 878 3368 poenitentialem
902 3331 1044 3361 sufficere
1073 3333 1134 3362 nisi
1157 3332 1335 3363 secundum
1366 3340 1511 3374 accepta-

454 3373 587 3408 tionem,
612 3382 693 3412 quae
718 3379 802 3403 extra
825 3375 985 3404 caritatem
1008 3385 1075 3405 non
1098 3377 1266 3406 invenitur.

510 3416 551 3445 Et
574 3416 778 3446 confirmatur
802 3427 839 3447 ex
855 3428 930 3448 casu
946 3419 1049 3454 simili,
1074 3420 1226 3458 ponendo
1250 3421 1415 3451 hominem
1439 3428 1511 3461 post

457 3460 681 3490 contritionem
712 3470 843 3491 suorum
873 3468 1078 3501 peccatorum
1110 3469 1140 3493 et
1164 3464 1285 3503 aliquot
1309 3464 1374 3495 dies
1398 3467 1510 3505 poeni-

1551 540 1678 574 tentiae,
1692 540 1768 570 citra
1783 545 1891 570 tamen
1907 538 2155 575 confessionem,
2172 539 2343 579 relapsum,
2361 543 2392 569 et
2407 539 2618 569 nihilominus

1551 585 1703 624 prosequi
1727 589 1815 614 actus
1838 584 2082 623 poenitentiales
2113 593 2172 623 pro
2196 583 2335 623 peccatis
2358 583 2507 622 pristinis.
2542 583 2617 613 Hoc

1552 629 1638 659 enim
1661 634 1773 664 stante,
1798 633 1967 668 quaeratur
1990 638 2031 658 an
2053 627 2240 658 huiusmodi
2264 633 2352 657 actus
2374 627 2617 667 poenitentiales

1551 678 1624 713 post
1652 673 1812 712 relapsum
1845 673 1907 702 sint
1935 672 2133 703 satisfactorii
2157 681 2297 705 annon.
2334 671 2505 703 Sidicitur
2528 671 2618 711 quod

1551 723 1625 748 sunt
1648 716 1856 753 satisfactorii,
1882 717 2025 757 sequitur
2049 716 2139 757 quod
2161 726 2228 747 non
2253 721 2381 756 oportet
2400 725 2561 746 recurrere
2579 715 2619 746 ad

1552 761 1851 792 determinationem
1874 771 2000 802 poenae
2030 760 2147 792 factam
2174 770 2234 802 ,per
2260 761 2439 801 punitivam
2466 760 2619 790 iustitiam

1552 806 1640 836 clave
1662 815 1731 836 non
1754 811 1893 842 errante,
1911 810 1988 842 etc.,
2013 815 2089 836 cum
2111 806 2146 836 in
2168 806 2232 836 hoc
2256 815 2332 836 casu
2354 804 2541 835 huiusmodi
2564 803 2618 835 de-

1550 851 1732 881 terminatio
1755 860 1813 890 per
1837 850 1940 880 claves
1962 860 2030 880 non
2053 850 2274 887 intervenerit:
2308 855 2339 880 et
2362 850 2442 880 ultra
2466 850 2547 885 hoc,
2572 849 2619 879 vi-

1552 895 1644 926 detur
1667 895 1775 934 negari
1799 895 1982 925 communis
2006 893 2178 925 doctorum
2202 895 2368 924 sententia.
2394 893 2427 925 Si
2449 903 2526 924 vero
2550 903 2619 924 non

1551 945 1625 970 sunt
1649 939 1858 975 satisfactorii,
1884 948 1959 969 cum
1983 939 2050 969 sola
2069 939 2254 979 temporalis
2270 948 2376 979 poena
2399 948 2459 979 pro
2478 938 2619 979 pristinis

1551 984 1689 1024 peccatis
1718 984 1752 1013 in
1775 989 1915 1023 utroque
1945 992 2021 1013 casu
2051 984 2236 1014 remanserit
2259 982 2428 1020 solvenda,
2460 982 2549 1013 nulla
2573 988 2620 1013 est

1550 1029 1630 1058 ratio
1655 1037 1753 1067 quare
1769 1028 1888 1057 solutio
1905 1028 2001 1057 unius
2025 1033 2111 1057 extra
2127 1028 2290 1058 caritatem
2305 1028 2418 1062 valeat,
2443 1033 2478 1058 et
2490 1027 2619 1058 alterius

1551 1082 1629 1103 non.
1662 1072 1695 1103 Si
1722 1072 1809 1102 enim
1835 1071 1991 1101 iniustum
2018 1077 2065 1102 est
2091 1072 2163 1111 plus
2191 1072 2316 1112 exigere
2341 1073 2376 1102 in
2401 1072 2506 1112 primo
2531 1081 2618 1108 casu,

1551 1117 1706 1147 iniustum
1730 1125 1863 1156 quoque
1894 1120 1941 1145 est
1963 1116 2035 1156 plus
2059 1117 2183 1156 exigere
2209 1116 2243 1145 in
2266 1115 2427 1146 secundo:
2464 1116 2620 1155 quoniam

1551 1159 1730 1191 secundum
1754 1159 1894 1190 divinam
1908 1160 2060 1190 iustitiam
2075 1160 2248 1200 utrobique
2266 1160 2410 1190 debitum
2426 1160 2524 1190 solius
2540 1169 2619 1200 poe-

1551 1215 1612 1236 nae
1635 1204 1820 1244 temporalis
1842 1209 1996 1234 remanet.
2020 1204 2061 1234 Et
2076 1205 2102 1234 si
2118 1204 2171 1234 illa
2187 1204 2320 1234 solvitur
2341 1209 2428 1234 extra
2446 1204 2619 1243 caritatem,

1552 1249 1671 1280 nullius
1701 1253 1796 1279 restat
1818 1257 1943 1288 poenae
1968 1247 2131 1279 debitum:
2165 1249 2191 1278 si
2214 1253 2323 1279 autem
2346 1249 2457 1278 caritas
2485 1248 2620 1288 exigitur

1553 1293 1592 1324 ad
1615 1294 1680 1324 hoc
1703 1298 1739 1323 ut
1762 1293 1944 1322 solutio'sit
1967 1292 2145 1329 sufficiens,
2177 1293 2322 1323 neutrius
2348 1292 2468 1323 solutio
2500 1291 2621 1333 aliquid

1553 1338 1645 1368 valet.
1682 1335 1955 1368 Concludendum
1985 1337 2080 1377 igitur
2110 1347 2148 1367 ex
2172 1337 2340 1367 communi
2369 1337 2433 1367 hoc
2460 1337 2620 1378 principio

1553 1382 1678 1413 videtur
1705 1380 1795 1421 quod
1816 1381 1905 1411 nulla
1927 1381 2098 1412 satisfactio
2122 1381 2358 1422 poenitentialis
2391 1386 2438 1411 est
2460 1380 2621 1413 sufficiens

1553 1427 1612 1457 nisi
1638 1426 1817 1457 secundum
1841 1425 1981 1456 divinam
2005 1426 2278 1466 acceptationem,
2303 1435 2402 1466 quam
2425 1430 2560 1462 constat,
2584 1430 2622 1456 ut

1554 1480 1649 1512 saepe
1673 1470 1795 1501 dictum
1819 1475 1875 1506 est,
1901 1476 1986 1501 extra
2010 1471 2173 1501 caritatem
2195 1479 2263 1501 non
2286 1470 2432 1500 inveniri.

1609 1516 1650 1546 Et
1673 1514 1881 1546 confirmatur
1911 1515 1974 1546 hoc
1999 1525 2036 1545 ex
2060 1515 2131 1555 ipso
2159 1514 2260 1545 modo
2287 1515 2483 1545 remissionis
2506 1523 2622 1555 pecca·

1554 1567 1672 1591 torum.
1708 1559 1759 1590 Fit
1784 1560 1871 1589 enim
1901 1560 2045 1590 remissio
2076 1559 2218 1589 mortalis
2245 1559 2370 1600 peccati
2401 1568 2458 1600 per
2485 1557 2622 1590 modum

1555 1604 1728 1636 amicabilis
1751 1604 2036 1634 reconciliationis:
2062 1613 2100 1634 ex
2122 1604 2186 1634 hoc
2211 1604 2297 1634 enim
2312 1602 2413 1634 modo
2437 1602 2474 1634 fit
2495 1608 2532 1634 ut
2546 1612 2622 1645 pec-

1555 1655 1653 1685 cator,
1678 1659 1715 1679 ex
1739 1649 1871 1688 proprio
1896 1647 2051 1679 demerito
2074 1648 2232 1678 hostiliter
2254 1645 2447 1688 puniendus,
2472 1648 2622 1678 amicabi-

1555 1695 1625 1725 liter
1649 1692 1867 1733 corripiendus
1887 1698 2000 1729 restet;
2025 1693 2088 1723 hoc
2105 1697 2151 1723 est
2171 1693 2257 1723 enim
2273 1691 2388 1723 auferri
2403 1697 2528 1723 reatum
2542 1699 2622 1733 poe-

1554 1749 1615 1770 nae
1639 1743 1784 1768 aeternae
1809 1742 1840 1767 et
1862 1737 1993 1768 transire
2016 1738 2050 1767 in
2073 1742 2197 1767 reatum
2213 1746 2338 1777 poenae
2354 1737 2549 1777 temporalis.
2573 1737 2623 1768 Ex

1556 1784 1619 1814 hoc
1643 1788 1751 1813 autern
1783 1781 1872 1822 quod
1895 1786 2046 1822 peccator
2070 1780 2109 1812 de
2131 1781 2289 1812 hostiliter
2318 1780 2485 1821 puniendo
2512 1782 2624 1813 transit

1555 1829 1589 1858 in
1612 1826 1820 1858 amicabiliter
1842 1825 2063 1866 puniendum,
2087 1826 2140 1856 hic
2162 1825 2214 1856 vel
2236 1826 2271 1855 in
2294 1826 2490 1866 purgatorio,
2515 1825 2622 1866 sequi-

1556 1877 1608 1903 tur
1631 1870 1736 1912 quod,
1765 1871 1826 1900 nisi
1853 1870 2059 1904 amicabiliter
2087 1879 2193 1910 poena
2225 1870 2422 1907 exsolvatur,
2454 1876 2624 1911 nunquam

1557 1917 1711 1947 solvetur:
1742 1915 1817 1955 quia
1841 1915 1931 1955 quod
1953 1916 2055 1945 amice
2079 1914 2182 1945 debeo
2212 1923 2382 1954 nunquam
2406 1914 2536 1945 exsolvo
2562 1914 2625 1946 nisi

1559 1961 1660 1992 amice
1683 1961 1831 1990 tribuam.
2611 1972 2615 1975 >

1614 2005 1665 2035 111.
1689 2005 1738 2035 Ex
1757 2004 1873 2035 eodem
1889 2013 2023 2044 quoque
2039 2003 2198 2044 principio
2216 2002 2384 2034 deducitur
2400 2003 2626 2044 exceptionem

1558 2050 1652 2080 aliam
1676 2048 1716 2079 de
1740 2048 2006 2079 satisfactionibus
2029 2048 2284 2088 relinquentibus
2307 2052 2382 2088 post
2405 2057 2438 2078 se
2463 2047 2625 2086 effectum,

1558 2104 1626 2125 non
1651 2103 1718 2124 esse
1741 2102 1977 2134 usquequaque
1999 2102 2124 2123 veram:
2156 2091 2212 2122 sed
2235 2101 2274 2122 ex
2296 2091 2420 2122 famosa
2443 2091 2628 2133 apparentia

1558 2140 1765 2178 humanaque
1781 2138 2006 2178 compassione
2021 2137 2213 2178 processisse
2228 2135 2354 2167 videtur
2369 2135 2528 2167 distinctio
2544 2137 2627 2168 inter

1559 2182 1789 2213 satisfactiones
1812 2182 2028 2222 relinquentes
2051 2186 2126 2222 post
2141 2190 2175 2212 se
2198 2180 2359 2217 effectum,
2384 2185 2416 2212 et
2439 2180 2626 2213 satisfactio-

1559 2237 1616 2258 nes
1639 2236 1707 2257 non
1729 2227 1947 2266 relinquentes
1969 2231 2044 2266 post
2067 2235 2100 2256 se
2125 2224 2285 2261 effectum,
2301 2224 2345 2255 ita
2364 2230 2409 2261 ut,
2425 2225 2500 2256 licet
2522 2230 2627 2256 utrae-

1561 2281 1624 2311 que
1648 2276 1734 2301 extra
1758 2272 1920 2301 caritatem
1949 2269 2050 2300 factae
2077 2270 2139 2300 sint
2161 2274 2326 2306 mortuae,
2358 2268 2489 2300 effectus
2518 2275 2628 2301 tamen

1561 2316 1735 2356 primarum
1766 2324 1934 2345 remanens
1965 2319 2072 2354 potest
2101 2313 2253 2344 vivifican·
2286 2323 2343 2354 per
2377 2314 2628 2354 subsequentem

1562 2361 1738 2395 caritatem
1764 2365 1795 2389 et
1817 2359 1892 2389 ideo
1915 2359 2037 2399 primae
2060 2367 2128 2388 non
2152 2363 2226 2388 sunt
2245 2357 2450 2395 reiterandae,
2467 2358 2628 2390 secundae

1561 2409 1679 2440 autem,
1705 2404 1780 2444 quia
1802 2403 1941 2433 totaliter
1964 2403 2164 2438 transierunt,
2189 2407 2263 2432 sunt
2285 2402 2491 2432 reiterandae.
2523 2402 2628 2434 Favo-

1561 2448 1666 2478 rabilis
1682 2447 1841 2488 siquidem
1853 2448 1953 2487 magis
1966 2457 2063 2487 quarn
2075 2457 2149 2478 vera
2161 2446 2287 2477 videtur
2301 2447 2520 2487 interpretatio
2536 2447 2627 2478 haec.

1562 2493 1645 2523 Nam
1667 2502 1749 2532 opus
1765 2491 2010 2522 satisfactorium
2026 2491 2210 2531 relinquens
2226 2495 2300 2531 post
2315 2500 2348 2521 se
2365 2491 2526 2527 effectum,
2550 2497 2630 2532 puta

1561 2538 1719 2568 ieiunium
1742 2537 1793 2567 vel
1817 2537 2022 2577 eleemosyna
2055 2541 2140 2566 extra
2175 2536 2356 2572 caritatem,
2381 2536 2407 2565 si
2435 2541 2482 2566 est
2505 2536 2550 2567 sic
2572 2544 2630 2577 per

1563 2586 1752 2622 sequentem
1776 2581 1937 2611 caritatem
1961 2579 2161 2616 vivificabile‚
2185 2579 2237 2610 vel
2260 2580 2323 2610 hoc
2346 2580 2443 2610 habet
2465 2589 2504 2610 ex
2527 2590 2630 2612 sacra-

1563 2626 1758 2656 mentalitate
1782 2625 1858 2655 sola.
1890 2625 1931 2655 Et
1953 2625 2017 2655 hoc
2040 2634 2125 2660 non;
2155 2625 2230 2664 quia
2253 2624 2298 2654 sic
2323 2624 2419 2655 etiam
2443 2625 2631 2659 conveniret

1563 2669 1828 2701 satisfactionibus
1844 2679 1913 2699 non
1928 2669 2182 2709 relinquentibus
2196 2667 2356 2705 effectum,
2370 2667 2525 2709 quoniam
2541 2670 2630 2711 ipsae

1564 2715 1659 2746 etiam
1683 2719 1756 2744 sunt
1779 2713 2032 2744 sacramentales.

1619 2758 1679 2789 Vel
1694 2759 1757 2788 hoc
1776 2759 1872 2788 habet
1888 2768 1925 2788 ex
1941 2758 2052 2788 relicto
2070 2757 2186 2788 effectu
2202 2757 2285 2788 solo.
2309 2757 2352 2788 Et
2370 2758 2434 2788 hoc
2449 2767 2533 2789 non:
2554 2758 2631 2799 quia

1563 2804 1626 2833 hoc
1643 2803 1829 2833 conveniret
1852 2802 2007 2832 similibus
2023 2801 2290 2832 satisfactionibus
2313 2801 2402 2832 factis
2423 2807 2496 2833 ante
2512 2802 2630 2833 contri·

1563 2848 1687 2878 tionem
1710 2852 1741 2877 et
1765 2846 2019 2882 confessionem;
2045 2846 2136 2886 quod
2163 2855 2276 2876 omnes
2297 2855 2467 2886 negamuS,
2489 2845 2630 2878 dicentes

1564 2901 1639 2922 cum
1655 2892 1837 2931 Augustino
1855 2890 1945 2931 quod
1960 2896 2111 2931 peccator
2132 2900 2201 2920 non
2224 2895 2271 2921 est
2294 2890 2408 2930 dignus
2432 2891 2527 2921 etiam
2545 2900 2630 2931 pane

1565 2946 1631 2976 quo
1655 2936 1803 2972 vescitur,
1821 2941 1852 2965 et
1875 2945 1950 2966 cum
1973 2935 2134 2975 Apostolo
2150 2935 2180 2971 '‚
2207 2935 2243 2965 Si
2265 2934 2457 2965 distribuero
2486 2935 2519 2966 in
2543 2935 2631 2966 cibos

1560 2990 1742 3021 pauperum
1767 2989 1877 3010 omnes
1891 2980 2073 3021 facultates
2096 2988 2192 3016 meas,
2215 2984 2274 3009 etc.

1619 3025 1679 3055 Vel
1694 3025 1758 3055 hoc
1773 3025 1869 3055 habet
1883 3034 1921 3055 ex
1936 3030 2076 3064 utroque
2091 3023 2197 3060 simul,
2211 3023 2331 3054 scilicet
2346 3023 2630 3055 sacramentalitate

1566 3074 1596 3100 et
1620 3069 1736 3100 effectu
1761 3069 1882 3099 relicto.
1911 3068 1953 3099 Et
1975 3069 2039 3098 hoc
2061 3077 2140 3098 non.
2165 3067 2253 3098 Tum
2276 3068 2351 3108 quia
2380 3067 2420 3098 ad
2445 3068 2510 3098 hoc
2540 3067 2632 3108 quod

1566 3123 1649 3154 opus
1672 3113 1899 3144 sacramentale
1918 3113 2066 3143 sortiatur
2086 3111 2236 3142 effectum
2258 3121 2316 3152 per
2339 3117 2529 3152 sequentem
2551 3112 2630 3143 cari—

1565 3163 1673 3194 tatem,
1689 3167 1758 3188 non
1780 3157 1951 3198 requiritur
1973 3157 2101 3187 relictus
2126 3155 2272 3186 effectus:
2297 3161 2333 3186 ut
2360 3155 2399 3187 de
2426 3155 2631 3187 confessione

1565 3202 1696 3232 informi
1719 3207 1806 3242 patet
1821 3203 1847 3232 θ’.
1876 3217 1896 3223 -
1918 3201 2006 3231 Tum
2033 3201 2110 3241 quia
2131 3200 2317 3231 huiusmodi
2340 3200 2468 3231 relictus
2499 3199 2630 3231 effectus

1565 3256 1631 3276 non
1657 3252 1703 3276 est
1726 3245 1976 3276 sacramentalis:
2005 3245 2160 3285 quoniam
2189 3254 2258 3275 non
2289 3249 2335 3275 est
2368 3244 2499 3275 effectus
2525 3245 2631 3286 operis

1566 3290 1764 3321 satisfactorii
1787 3295 1823 3320 ut
1839 3295 1885 3320 est
1901 3289 2127 3320 sacramentale
2147 3294 2202 3319 aut
2223 3289 2354 3325 morale,
2372 3289 2428 3319 sed
2451 3288 2631 3320 secundum

1565 3340 1710 3365 naturam
1734 3335 1859 3374 operis;
1888 3333 2016 3364 afflictio
2039 3334 2126 3364 enirn
2142 3333 2243 3363 carnis
2269 3343 2336 3363 non
2361 3339 2408 3363 est
2431 3332 2562 3364 effectus
2585 3334 2630 3364 ie-

1565 3379 1645 3409 iunii
1661 3385 1697 3409 ut
1719 3384 1765 3409 est
1784 3383 1872 3409 actus
1888 3378 2017 3408 moralis
2034 3382 2088 3408 aut
2104 3377 2346 3414 sacramentalis,
2364 3377 2420 3408 sed
2443 3383 2479 3408 ut
2495 3382 2542 3408 est
2557 3377 2632 3408 sub-

1565 3423 1676 3453 tractio
1702 3423 1780 3458 cibi;
1805 3427 1836 3452 et
1859 3422 2001 3453 similiter
2025 3421 2195 3452 diminutio
2214 3422 2292 3452 boni
2309 3422 2470 3452 exterioris
2493 3431 2562 3452 non
2585 3426 2633 3452 est

1566 3466 1696 3496 effectus
1724 3467 1947 3508 eleemosynae
1974 3467 2034 3496 nisi
2058 3466 2236 3496 secundum
2252 3471 2398 3496 naturam
2421 3466 2537 3507 operis,
2554 3471 2632 3510 puta

2657 2947 2667 2957 ·
2679 2943 2734 2966 lad
2742 2943 2807 2971 Cor..
2817 2950 2870 2972 cap.

2656 2976 2707 3000 xxn,
2722 2977 2782 2995 vern.
2795 2978 2817 3001 3.

2657 3203 2723 3254 25³⁶·
2733 3209 2821 3259 '¹222
2827 3204 2872 3260 ἓξ·

2657 3265 2680 3286 v,
2695 3263 2760 3281 num.
2774 3263 2805 3280 ιν.
