2878 4088
167 1468 380 1497 *cf.qu.x1x,arx.6.

173 2042 383 2070 ·Part.111,qu.1.xn‚

173 2074 215 2091 art.
226 2076 245 2097 5.

174 2347 184 2356 *
197 2346 255 2368 Dist.
271 2352 324 2372 xxv,
333 2352 358 2367 ca
380 2361 385 2366 .

173 2373 239 2394 Solet
246 2373 340 2394 etiam.-
368 2372 384 2394 f.

175 2400 227 2421 dist.
252 2405 291 2420 xix
301 2415 307 2426 ,
333 2405 384 2427 cap.

174 2426 331 2453 Praemissae.

177 2708 186 2717 ·
201 2705 237 2727 cf.
259 2705 318 2727 Pan.
340 2705 386 2731 111,

177 2738 216 2760 qu.
225 2738 285 2759 inv,
298 2735 339 2753 art.
351 2738 374 2760 9.

179 2967 188 2976 ·
200 2965 255 2986 Dist.
267 2971 320 2993 xxv,
336 2971 386 2993 cap.

178 2992 244 3013 Haec
258 2994 340 3014 autem.

179 3021 188 3029 ·
195 3018 229 3039 ef.
237 3018 387 3046 Gratum-Ap·

179 3045 246 3072 pend.
261 3045 289 3066 ad
307 3051 388 3068 canon.

181 3071 249 3098 Quod
277 3071 388 3099 quidam,

180 3103 241 3119 caus.
257 3097 274 3125 l,
290 3104 329 3125 qu.
347 3104 362 3119 ι.

181 3359 191 3368 ·
197 3358 234 3379 Cf.
240 3356 393 3385 GratiamAp-

181 3383 392 3440 Ρῆῑῖἳῑέἒιῗῖἐζὲῗ

182 3437 221 3461 [Χ.
241 3443 279 3464 qu.
293 3442 306 3458 ι.
314 3446 325 3451 -
334 3436 393 3458 Vide

182 3470 201 3484 s.
212 3463 292 3490 Rnym.
307 3463 392 3484 Summ.

181 3490 217 3511 tit.
223 3489 252 3516 V,
260 3489 287 3510 de
294 3489 393 3511 Haeret.

182 3520 247 3564 ἵὲῒᾰ.
256 3517 393 3564 §.visita

402 199 451 236 72
616 187 879 235 QUAESTIO
909 188 1111 235 XXXVIII,
1132 186 1424 224 ARTICULUS
1454 186 1483 222 II
1503 207 1528 210 —
1549 182 1813 230 QUAESTIO
1843 182 2015 227 XXXIX,
2037 181 2330 218 ARTICULUS
2358 182 2372 218 Ι

457 267 507 296 Ar>
532 276 665 296 rem-mm
688 276 848 296 mmmmm
871 265 960 306 quod
983 267 1078 307 Papa,
1099 267 1155 306 qui
1177 266 1271 296 habet
1294 263 1465 304 plenitudi-
1519 267 1665 292 testatem
1688 261 1766 291 alios
1790 260 1958 290 ordinandi
1982 265 2013 290 et
2035 260 2266 300 promovendi,
2293 259 2350 291 sed
2378 262 2520 302 promoti
2547 262 2586 292 ab

401 320 478 341 nem
493 311 657 350 potestatis
673 309 874 350 pontificalis,
891 316 998 350 potest
1013 311 1212 341 committere
1227 309 1465 347 non-episcopo
1521 307 1565 336 eis
1587 306 1651 335 hoc
1674 314 1742 335 non
1765 305 1892 334 habent.
1917 305 1958 334 Et
1980 304 2059 334 haec
2083 310 2129 334 est
2153 310 2263 344 quarta
2285 305 2408 345 opinio.

404 364 441 385 ea
464 364 546 394 quae
570 355 609 385 ad
632 355 848 395 episcopalem
872 355 1057 395 dignitatem
1084 354 1261 395 pertinent,
1286 350 1464 382 dummodo
1576 349 1639 380 Sed
1662 349 1725 378 hoc
1748 358 1816 378 non
1845 353 1952 388 potest
1975 358 2053 379 esse.
2089 348 2174 386 Quia
2197 349 2223 379 si
2245 349 2290 379 illi
2313 350 2370 389 qui
2401 349 2531 380 fuerunt
2553 350 2587 380 in

402 399 455 428 illa
476 408 544 429 non
567 399 704 430 habeant
730 399 947 430 immediatam
977 399 1163 429 relationem
1193 396 1232 427 ad
1254 405 1366 425 verum
1396 404 1466 424 cor·
1521 393 1664 423 Ecclesia
1688 393 1846 433 promoti,
1871 393 2008 423 retinent
2030 397 2222 432 potestatem
2245 402 2343 433 quam
2375 399 2586 434 acceperunt,

402 452 463 483 pus
480 442 606 474 Christi.
630 444 672 474 Et
693 443 766 474 ideo
784 453 822 474 ex
846 445 913 474 eius
938 443 1164 473 commissione
1183 440 1296 479 aliquis
1320 437 1466 468 sacerdos
1490 445 1499 465 ς
1522 442 1609 477 patet
1632 436 1732 476 quod,
1749 436 1939 476 exequendo
1963 446 2054 467 suam
2077 442 2278 477 potestatem,
2294 446 2402 468 veram
2422 447 2588 469 consecra-

404 487 537 527 simplex
569 493 676 528 potest
710 487 854 518 conferre
884 489 1024 518 minores
1049 486 1175 516 ordines
1199 489 1230 514 et
1257 482 1465 513 confirmare:
1521 482 1644 511 tionem
1667 480 1797 511 faciunt.
1818 481 1859 511 Et
1881 480 1955 512 ideo
1977 491 2052 512 vere
2075 481 2219 511 tribuunt
2242 490 2374 512 omnem
2397 487 2588 521 potestatem

402 541 471 562 non
487 536 596 562 autern
618 532 732 572 aliquis
746 541 814 562 non
830 531 985 562 sacerdos.
1010 530 1076 560 Nec
1096 530 1211 559 iterum
1234 526 1380 557 sacerdos
1400 535 1467 556 ma-
1522 534 1605 565 quae
1630 535 1705 555 cum
1729 525 1970 556 consecratione
1994 525 2094 556 datur.
2119 525 2160 556 Et
2183 526 2228 556 sic
2244 525 2380 556 ordinati
2403 526 2442 556 ab
2467 527 2521 563 eis,
2537 527 2589 558 vel

403 576 487 606 iores
511 575 648 613 ordines,
666 577 722 616 qui
745 577 862 606 habent
884 574 1101 605 immediatam
1123 572 1311 602 relationem
1335 570 1375 601 ad
1398 580 1468 600 cor·
1521 570 1674 610 promoti,
1691 570 1809 599 habent
1832 569 1967 600 eandem
1989 575 2182 610 potestatem
2205 579 2303 610 quam
2327 575 2358 600 et
2380 570 2451 610 ipsi.

404 629 466 660 pus
496 619 629 657 Christi,
656 630 751 660 supra
774 619 863 659 quod
891 616 1143 648 consecrandum
1174 616 1261 655 Papa
1282 624 1351 646 non
1373 615 1469 645 habet
1577 614 1619 644 Et
1641 613 1715 644 ideo
1740 614 1792 644 alii
1815 613 1962 644 dixerunt
1985 613 2075 654 quod
2103 614 2199 644 etiam
2228 614 2362 654 praecisi
2385 614 2423 644 ab
2447 614 2591 645 Ecclesia

405 665 560 695 maiorem
583 670 774 705 potestatem
798 672 894 703 quam
918 662 1051 701 simplex
1074 660 1231 691 sacerdos.
1484 671 1510 686 xo
1522 663 1658 698 possunt
1681 657 1809 688 ordines
1825 658 1970 689 conferre
1987 663 2017 689 et
2033 658 2093 689 alia
2108 663 2312 695 sacramenta,
2329 657 2509 689 dummodo
2525 658 2590 689 for-

460 709 511 738 Ao
529 719 676 739 GUARTUM
699 717 856 738 memnon
873 705 971 745 quod,
989 705 1133 744 quamvis
1154 709 1388 734 sacramentum
1403 703 1469 734 Eu·
1522 711 1610 733 mam
1633 702 1772 733 debitam
1796 708 1827 733 et
1849 703 2062 733 intentionem
2085 707 2219 738 servent,
2237 707 2268 732 et
2292 708 2449 743 quantum
2465 702 2505 733 ad
2527 703 2590 743 pri-

406 753 570 783 charistiae
586 753 625 783 sit
643 753 818 783 maximum
834 755 1066 780 sacramentum
1081 749 1116 779 in
1131 758 1175 784 se,
1191 754 1299 778 tamen
1317 758 1385 779 non
1402 748 1469 778 col-
1522 756 1614 778 mum
1639 746 1799 783 effectum,
1816 748 1873 787 qui
1892 753 1938 778 est
1962 747 2090 778 collatio
2108 747 2305 783 sacramenti,
2323 752 2354 777 et
2378 752 2536 787 quantum
2551 747 2592 778 ad

405 797 491 827 locat
513 798 547 827 in
570 797 678 836 aliquo
695 795 812 831 officio,
830 795 910 824 sicut
934 793 1054 823 ordinis
1070 798 1313 824 sacramentum.
1338 793 1380 823 Et
1394 792 1468 823 ideo
1523 791 1685 828 ultimum,
1699 792 1755 831 qui
1768 797 1814 822 est
1827 791 1955 822 collatio
1968 792 2094 832 gratiae.
2112 791 2153 822 Et
2164 792 2243 822 haec
2256 797 2303 822 est
2314 791 2455 822 secunda
2467 792 2589 831 opinio.

405 850 474 871 non
498 847 544 871 est
567 841 676 871 similis
698 840 788 870 ratio.
1580 835 1643 866 Sed
1657 836 1721 866 hoc
1745 837 1840 866 etiam
1855 846 1923 866 non
1939 841 2045 876 potest
2060 841 2151 866 stare.
2175 835 2261 874 Quia
2277 845 2315 866 ex
2330 836 2394 866 hoc
2413 836 2485 876 ipso
2501 835 2592 876 quod

461 886 511 915 An
537 894 675 915 amNTUM
698 892 856 913 DmENDUM
880 881 969 921 quod
992 881 1032 912 ad
1050 881 1358 912 communicandum
1381 881 1469 912 alteri
1485 896 1508 917 15
1525 880 1638 920 aliquis
1661 881 1820 911 haeretico
1837 881 1980 920 praeciso
2005 881 2043 911 ab
2059 880 2203 911 Ecclesia
2225 881 2260 910 in
2283 881 2486 911 sacramentis
2502 890 2592 911 com-

407 928 496 968 quod
509 929 579 968 quis
595 929 699 964 habet,
712 937 779 957 non
796 927 929 966 exigitur
941 926 1048 956 solum
1059 926 1293 966 propinquitas,
1306 925 1361 956 sed
1380 935 1470 956 com—
1524 925 1677 960 municat,
1693 930 1814 965 peccat.
1838 925 1880 955 Et
1901 925 1945 955 ita
1967 924 2061 956 fictus
2085 924 2216 961 accedit,
2234 930 2265 955 et
2287 925 2420 964 gratiam
2436 925 2593 965 consequi

405 973 505 1013 pletio
528 973 702 1012 potestatis.
734 972 775 1001 Et
798 971 873 1010 quia
895 970 1043 1000 sacerdos
1065 980 1134 1000 non
1156 971 1252 1000 habet
1275 970 1471 1010 completam
1524 978 1592 999 non
1614 973 1735 1008 potest:
1759 969 1820 999 nisi
1844 969 1925 1000 forte
1947 970 1982 1000 in
1997 970 2156 1009 baptismo
2180 970 2214 1000 in
2237 969 2370 1000 articulo
2386 970 2591 1000 necessitatis.

405 1021 596 1056 potestatem
611 1017 645 1046 in
660 1015 861 1045 hierarchicis
877 1013 1000 1051 officiis,
1018 1015 1099 1045 sicut
1116 1015 1298 1055 episcopus,
1311 1014 1385 1044 ideo
1401 1024 1470 1045 non
1569 1013 1610 1043 Et
1633 1012 1707 1044 ideo
1731 1013 1784 1043 alii
1799 1014 1815 1030 ἢ*
1839 1013 1950 1044 dicunt
1973 1013 2063 1054 quod
2085 1023 2159 1044 vera
2182 1019 2378 1044 sacramenta
2401 1013 2591 1050 conferunt,

406 1061 549 1100 sequitur
572 1059 661 1100 quod
683 1060 784 1099 possit
817 1058 970 1089 diaconos
993 1058 1116 1095 facere,
1144 1059 1290 1098 quamvis
1313 1058 1366 1088 ille
1390 1058 1470 1089 ordo
1526 1056 1583 1087 sed
1605 1066 1680 1087 cum
1704 1057 1748 1087 eis
1771 1058 1902 1097 gratiam
1925 1067 1994 1088 non
2017 1057 2108 1088 dant:
2139 1067 2208 1088 non
2230 1063 2362 1098 propter
2384 1057 2592 1089 inefficaciam

406 1105 445 1134 sit
468 1105 527 1134 sibi
548 1105 761 1144 propinquus.
1486 1117 1513 1131 ,ο
1527 1105 1818 1137 sacramentorum,
1845 1101 1901 1132 sed
1924 1107 2056 1142 propter
2077 1108 2209 1142 peccata
2238 1103 2462 1142 recipientium
2485 1102 2524 1133 ab
2548 1103 2593 1133 eis

1527 1150 1722 1175 sacramenta
1745 1150 1857 1176 contra
1887 1146 2139 1185 prohibitionem
2162 1146 2334 1177 Ecclesiae.
2369 1147 2410 1177 Et
2439 1147 2518 1178 haec
2547 1152 2594 1178 est

1526 1189 1617 1219 tertia
1640 1189 1771 1229 opinio,
1796 1199 1879 1229 quae
1901 1199 1976 1220 vera
1998 1195 2054 1221 est.

1582 1233 1633 1264 An
1657 1243 1774 1263 ramum
1800 1243 1883 1264 rmoo
1912 1243 2072 1264 mmmmm
2102 1234 2192 1274 quod
2222 1234 2354 1265 effectus
2383 1235 2595 1266 absolutionis

1526 1287 1595 1308 non
1619 1283 1665 1308 est
1688 1277 1774 1308 aliud
1798 1287 1896 1318 quam
1918 1279 2062 1309 remissio
2092 1283 2314 1318 peccatorum,
2340 1287 2422 1318 quae
2445 1288 2503 1319 per
2525 1289 2594 1319 gra-

471 1336 491 1355 n
515 1335 677 1356 sneunnum
700 1335 746 1355 s1c
769 1334 973 1355 pnocnmruss.
1005 1323 1140 1355 Videtur
1159 1323 1249 1364 quod
1268 1324 1418 1354 haeretici
1442 1328 1473 1354 et
1487 1338 1511 1358 ,ς
1527 1322 1604 1353 tiam
1628 1321 1673 1352 fit.
1704 1322 1746 1353 Et
1768 1322 1842 1353 ideo
1860 1319 2050 1353 'haereticus
2072 1332 2142 1353 non
2163 1328 2271 1363 potest
2301 1323 2484 1354 absolvere:
2513 1324 2596 1355 sicut

409 1338 509 1400 Aah
526 1369 669 1400 Ecclesia
684 1370 817 1409 praecisi
838 1378 907 1399 non
927 1369 1052 1409 possint
1076 1368 1203 1399 ordines
1228 1367 1383 1399 conferre.
1404 1368 1473 1398 Ma-
1526 1376 1588 1397 nec
1611 1367 1743 1406 gratiam
1766 1368 1800 1397 in
1824 1368 2028 1398 sacramentis
2052 1366 2206 1398 conferre.
2238 1367 2279 1398 Et
2300 1367 2418 1398 iterum
2441 1367 2481 1398 ad
2503 1368 2596 1398 abso-

406 1415 456 1445 ius
479 1420 526 1445 est
549 1415 635 1444 enim
651 1413 796 1444 conferre
821 1413 948 1444 ordines
965 1422 1062 1453 quam
1085 1413 1227 1454 aliquem
1243 1413 1407 1444 absolvere
1422 1412 1474 1443 vel
1527 1411 1686 1442 lutionem
1704 1412 1875 1452 requin'tur
1889 1411 2076 1448 iurisdictio,
2093 1421 2191 1452 quam
2205 1421 2274 1442 non
2289 1412 2384 1443 habet
2399 1412 2438 1442 ab
2454 1412 2596 1443 Ecclesia

405 1460 511 1499 ligare.
537 1457 600 1489 Sed
621 1459 798 1488 haereticus
827 1467 896 1488 non
923 1463 1030 1498 potest
1061 1458 1224 1488 absolvere
1247 1463 1302 1488 aut
1333 1457 1430 1497 ligare
1445 1458 1472 1487 θ.
1527 1456 1699 1496 praecisus.

406 1504 491 1544 Ergo
515 1513 575 1533 nec
599 1502 726 1533 ordines
750 1501 905 1533 conferre.
1582 1500 1634 1530 An
1658 1510 1820 1530 SECUNDUM
1850 1510 2010 1531 mmmmm
2038 1500 2127 1541 quod
2153 1501 2186 1531 in
2213 1501 2422 1541 promotione
2452 1501 2597 1542 episcopi

463 1558 492 1578 2.
518 1548 713 1584 PRAETEREA,
730 1546 876 1578 sacerdos
900 1547 939 1578 ab
963 1547 1106 1577 Ecclesia
1128 1552 1291 1587 separatus
1314 1545 1474 1577 conficere
1489 1560 1515 1580 ³0
1529 1543 1620 1575 datur
1643 1545 1703 1575 sibi
1725 1550 1866 1585 potestas
1890 1554 1972 1585 quae
1995 1551 2154 1586 perpetuo
2177 1550 2286 1576 manet
2308 1546 2342 1576 in
2365 1555 2425 1576 eo:
2451 1546 2598 1586 quamvis

407 1598 512 1632 potest
535 1593 610 1632 quia
632 1592 667 1622 in
690 1601 730 1622 eo
754 1592 914 1622 character
935 1591 1146 1622 indelebiliter
1168 1597 1286 1627 manet,
1302 1600 1360 1631 per
1376 1600 1475 1631 quem
1529 1588 1591 1619 dici
1613 1599 1682 1620 non
1708 1590 1809 1629 possit
1837 1589 1997 1620 character
2012 1591 2045 1626 ⁴²,
2071 1590 2147 1630 quia
2168 1599 2226 1630 per
2249 1599 2320 1620 eam
2342 1599 2412 1621 non
2434 1589 2599 1621 ordinatur

407 1637 471 1667 hoc
494 1641 609 1677 potest.
634 1635 698 1667 Sed
721 1636 892 1676 episcopus
914 1645 983 1666 non
1006 1636 1122 1676 accipit
1144 1636 1286 1676 aliquem
1315 1636 1475 1666 characte-
1529 1633 1630 1664 homo
1655 1633 1773 1664 directe
1796 1633 1836 1664 ad
1859 1634 1976 1670 Deum,
1993 1633 2050 1664 sed
2073 1633 2112 1664 ad
2136 1643 2256 1675 corpus>
2272 1633 2391 1665 Chrisn'
2412 1635 2596 1676 mysticum.

408 1691 476 1711 rem
501 1682 535 1711 in
555 1681 605 1711 sui
623 1681 839 1720 promotione.
871 1680 958 1720 Ergo
981 1690 1049 1710 non
1073 1686 1119 1710 est
1141 1689 1271 1710 necesse
1295 1679 1385 1720 quod
1409 1680 1475 1720 epi·
1529 1677 1571 1708 Et
1593 1683 1701 1708 tamen
1723 1677 1934 1709 indelebiliter
1957 1683 2066 1709 manet
2088 1679 2170 1709 sicut
2193 1679 2363 1716 character,
2389 1684 2421 1710 et
2438 1688 2496 1720 pet
2519 1689 2597 1710 con-

410 1725 546 1765 scopalis
569 1730 708 1765 potestas
730 1730 892 1755 remaneat
919 1725 953 1754 in
984 1734 1023 1755 eo
1047 1730 1122 1764 post
1144 1725 1378 1764 separationem
1408 1725 1476 1754 eius
1531 1723 1742 1753 secrationem
1765 1721 1866 1752 datur.

410 1770 448 1800 ab
472 1769 624 1800 Ecclesia.
1492 1781 1515 1801 35
1585 1767 1636 1796 An
1660 1776 1794 1796 mimum
1822 1777 1982 1797 mmmmm
2012 1766 2102 1807 quod
2131 1767 2177 1797 illi
2207 1767 2264 1807 qui
2294 1773 2528 1808 promoventur
2558 1768 2597 1798 ab

468 1814 496 1844 3.
521 1813 716 1850 Parim-anm,
733 1814 767 1843 in
789 1813 877 1843 nulla
901 1813 1131 1843 communitate
1154 1813 1208 1843 ille
1224 1814 1280 1853 qui
1296 1823 1314 1843 a
1330 1822 1477 1843 commu·
1530 1811 1706 1847 haereticis,
1723 1811 1869 1851 quamvis
1885 1812 2042 1851 accipiant
2061 1810 2217 1848 ordinem,
2233 1821 2302 1842 non
2316 1817 2425 1842 tamen
2439 1813 2598 1852 recipiunt

410 1858 509 1888 nitate
525 1858 691 1897 expellitur
713 1863 819 1898 potest
835 1857 940 1887 officia
956 1858 1194 1888 communitatis
1210 1857 1389 1897 disponere.
1415 1856 1478 1887 Sed
1533 1856 1767 1891 executionem,
1783 1860 1819 1885 ut
1834 1855 1919 1886 licite
1942 1856 2066 1896 possint
2083 1856 2116 1886 in
2133 1856 2198 1886 suis
2221 1855 2386 1887 ordinibus
2409 1857 2597 1893 ministrare,

412 1902 539 1933 ordines
555 1907 629 1932 sunt
645 1901 803 1942 quaedam
826 1901 931 1932 officia
946 1902 1118 1932 Ecclesiae.
1143 1902 1227 1942 Ergo
1243 1902 1296 1932 ille
1321 1902 1377 1942 qui
1393 1906 1478 1931 extra
1531 1900 1654 1930 ratione
1678 1900 1731 1930 illa
1755 1909 1852 1939 quam
1876 1900 2015 1930 obiectio
2042 1900 2151 1940 tangit.

411 1947 588 1977 Ecclesiam
610 1947 742 1986 ponitur
764 1956 832 1976 non
854 1951 961 1986 potest
984 1945 1111 1976 ordines
1135 1945 1289 1976 conferre.
1586 1944 1637 1974 An
1662 1954 1810 1974 QUARTUM
1833 1954 1992 1974 monimum
2015 1943 2105 1984 quod
2120 1953 2178 1984 per
2192 1943 2291 1974 fidem
2314 1945 2477 1975 Ecclesiae
2496 1945 2598 1975 conti-

466 2000 497 2029 4.
521 1991 717 2026 PRAETEREA,
734 1996 929 2020 sacramenta
944 1991 1062 2021 habent
1085 1990 1259 2020 efficaciam
1275 1999 1313 2020 ex
1329 1991 1478 2030 passione
1491 2003 1518 2024 4⁰
1531 1994 1648 2019 nuatur
1670 1988 1812 2028 passioni
1836 1987 1963 2018 Christi.
1988 1988 2083 2026 Quia,
2100 1988 2246 2028 quamvis
2268 1989 2303 2018 in
2327 1998 2364 2018 ea
2385 1998 2454 2018 non
2472 1989 2535 2019 sint
2549 1998 2599 2019 se-

412 2034 529 2066 Christi
544 2036 571 2064 *.
596 2034 659 2065 Sed
681 2035 857 2065 haereticus
873 2044 941 2064 non
957 2035 1163 2064 continuatur
1185 2035 1326 2074 passioni
1342 2034 1475 2064 Christi:
1532 2032 1676 2063 cundum
1691 2042 1734 2068 se,
1752 2037 1826 2062 sunt
1848 2037 1956 2062 tamen
1972 2033 2005 2062 in
2022 2042 2059 2062 ea
2074 2031 2252 2062 secundum
2271 2031 2409 2063 formam
2425 2033 2598 2070 Ecclesiae,

410 2088 517 2119 neque
540 2088 597 2118 per
619 2080 783 2118 propriam
806 2078 922 2114 fidem,
949 2088 1024 2109 cum
1047 2079 1086 2108 sit
1108 2078 1262 2115 infidelis;
1290 2087 1398 2118 neque
1421 2087 1478 2118 per
1532 2086 1630 2116 quarn
1654 2081 1788 2106 servant.

410 2123 508 2154 fidem
530 2123 702 2158 Ecclesiae,
720 2132 795 2153 cum
818 2123 857 2152 sit
880 2123 918 2152 ab
943 2123 1086 2152 Ecclesia
1104 2128 1275 2163 separatus.
1300 2122 1386 2162 Ergo
1409 2132 1476 2152 non
1584 2121 1635 2150 An
1661 2130 1801 2150 oum‘rtm
1824 2129 1984 2150 mem-mma
2005 2119 2095 2160 quod
2110 2121 2173 2151 hoc
2190 2125 2236 2151 est
2251 2120 2455 2152 referendum
2471 2121 2512 2152 ad
2525 2121 2599 2152 ulti-

409 2173 516 2208 potest
539 2172 772 2197 sacramentum
796 2166 915 2197 ordinis
939 2166 1093 2197 conferre.
1530 2174 1622 2196 mum
1646 2164 1797 2195 effectum
1820 2170 2103 2201 sacramentorum,
2127 2170 2164 2195 ut
2186 2165 2277 2195 tertia
2300 2166 2412 2206 opinio
2436 2165 2512 2197 dicit
2527 2167 2554 2197 ⁹.

467 2212 496 2242 5.
519 2211 715 2247 PRAETEREA‚
732 2212 765 2241 in
789 2211 908 2241 ordinis
931 2211 1102 2241 collatione
1126 2211 1260 2251 exigitur
1283 2210 1476 2241 benedictio.
1490 2223 1514 2244 45
1720 2228 1977 2272 QUAESTIO
1999 2229 2410 2265 TRIGESIMANONA

411 2255 474 2287 Sed
496 2256 672 2286 haereticus
692 2265 760 2286 non
783 2260 890 2295 potest
911 2255 1117 2286 benedicere:
1143 2256 1325 2295 quinimmo
1346 2255 1476 2286 benedi-

478 1174 577 1205 ART.
594 1174 631 1205 II.
655 1184 760 1205 UTRUM
783 1184 947 1204 HAERETICI
970 1184 1008 1204 nr
1032 1184 1070 1204 AB
1094 1182 1239 1204 nccrnsm
1262 1183 1400 1204 PRAECISI

704 1229 828 1249 rossmr
852 1228 983 1249 ononms
1008 1228 1169 1248 connum

765 1273 824 1295 Part.
839 1273 879 1299 111,
894 1279 933 1301 qu.
948 1279 1013 1300 inv,
1028 1276 1070 1295 art.
1086 1278 1108 1300 9.

411 2301 475 2330 ctio
499 2310 555 2330 sua
578 2301 611 2330 in
626 2300 886 2330 maledictionem
902 2301 1106 2336 convertitur,
1124 2305 1159 2330 ut
1182 2305 1269 2340 patet
1287 2309 1344 2340 per
1367 2305 1477 2330 aucto·
1731 2289 1775 2314 DE
1795 2289 2037 2314 lMPEDIMENTIS
2056 2290 2159 2315 HUlUS
2179 2290 2399 2316 SACRAMENTI

410 2346 515 2375 ritates
538 2345 571 2375 in
594 2344 696 2375 littera
711 2345 727 2361 θ’
750 2344 906 2375 inductas.
930 2344 1016 2384 Ergo
1036 2354 1103 2374 non
1126 2349 1232 2384 potest
1248 2344 1375 2375 ordines
1399 2353 1477 2375 con-
1594 2358 1687 2378 amm:
1718 2348 1987 2379 considerandum
2017 2354 2064 2379 est
2096 2348 2135 2379 de
2159 2348 2396 2389 impedimentis
2426 2350 2522 2381 huius
2551 2360 2599 2381 sa-

411 2388 501 2420 ferre.
1535 2359 1748 2423 Dcramenti
1764 2393 1790 2423 *.
1927 2394 1940 2397 ⁸

467 2433 529 2464 Sat>
561 2443 683 2463 CONTRA
713 2443 766 2463 Esr
798 2432 887 2473 quod
917 2433 1031 2473 aliquis
1062 2433 1234 2473 episcopus
1262 2433 1296 2463 in
1321 2433 1478 2464 haeresim
1493 2445 1519 2466 ςο
1533 2437 1627 2468 Circa
1651 2437 1741 2478 quod
1763 2442 1961 2477 quaeruntur
1984 2447 2048 2468 sex.

412 2477 534 2518 lapsus,
559 2477 688 2518 quando
716 2477 952 2514 reconciliatur,
981 2487 1049 2508 non
1081 2478 1197 2508 iterum
1227 2483 1476 2508 reconsecratur.
1587 2482 1712 2512 Primo:
1743 2487 1852 2512 utrum
1880 2491 1973 2512 sexus
2005 2481 2163 2513 femineus
2192 2482 2346 2523 impediat
2374 2483 2470 2513 huius
2497 2493 2599 2514 sacra-

412 2522 498 2562 Ergo
521 2531 589 2552 non
621 2522 724 2552 amisit
746 2527 938 2562 potestatem
969 2531 1067 2562 quam
1090 2522 1226 2552 habebat
1249 2521 1376 2553 ordines
1400 2531 1478 2553 con·
1620 2527 1722 2557 menti
1745 2526 1993 2566 susceptionem.

413 2565 544 2596 ferendi.
1588 2570 1755 2602 Secundo:
1780 2575 1889 2601 utrum
1913 2571 2051 2601 carentia
2073 2580 2150 2602 usus
2173 2571 2314 2602 rationis.

470 2620 499 2640 2.
524 2611 728 2646 PRAETEREA,
753 2611 855 2640 maior
885 2616 931 2641 est
962 2615 1103 2651 potestas
1133 2610 1320 2642 conferendi
1351 2610 1478 2642 ordines
1588 2615 1715 2646 Tertio:
1740 2620 1849 2645 utrum
1873 2615 2015 2646 servitus.

414 2664 511 2694 quam
534 2660 673 2694 potestas
696 2654 855 2685 ordinum.
881 2654 943 2686 Sed
965 2660 1106 2695 potestas
1123 2655 1274 2686 ordinum
1296 2665 1364 2686 non
1387 2657 1479 2686 amit-
1494 2666 1517 2687 55
1588 2659 1731 2698 Quarto:
1756 2664 1865 2690 utrum
1888 2659 2110 2690 homicidium.

414 2699 489 2729 titur
511 2704 642 2739 propter
664 2699 818 2730 haeresim
834 2699 885 2730 vel
908 2699 1040 2740 aliquod
1062 2699 1249 2730 huiusmodi
1265 2701 1291 2730 ’ἢ
1316 2700 1401 2740 Ergo
1417 2710 1479 2731 nec
1588 2704 1729 2742 Quinto:
1754 2709 1863 2734 utrum
1886 2704 2050 2744 illegitima
2072 2705 2227 2736 nativitas.

412 2748 552 2783 potestas
577 2743 761 2774 conferendi
785 2743 921 2774 ordines.
1589 2748 1702 2780 Sexto:
1727 2753 1836 2779 utrum
1860 2747 2003 2779 defectus
2025 2749 2256 2780 membrorum.

471 2788 501 2818 3.
525 2788 719 2824 Pium-nam,
736 2789 818 2818 sicut
840 2789 1003 2828 baptizans
1032 2789 1158 2819 exhibet
1187 2793 1313 2819 tantum
1336 2789 1479 2820 ministe-

413 2832 496 2862 rium
520 2833 664 2868 exterius,
681 2833 724 2863 ita
747 2838 778 2863 et
801 2832 969 2863 conferens
993 2832 1130 2869 ordines,
1150 2833 1221 2864 Deo
1244 2833 1377 2864 interius
1401 2843 1478 2874 ope·
1699 2818 1799 2849 ΛΒΤ·
1824 2819 1846 2849 I·
1871 2829 1976 2849 UTRUM
1999 2829 2090 2850 πως
2113 2829 2264 2850 Fssfflmws
2286 2829 2433 2850 ”¹¹²⁸an

413 2882 510 2906 rante.
535 2876 598 2907 Sed
613 2877 700 2907 nulla
722 2877 844 2908 ratione
861 2877 974 2917 aliquis
989 2878 1028 2907 ab
1048 2877 1191 2908 Ecclesia
1210 2878 1371 2918 praecisus
1387 2879 1479 2909 amit·
1492 2887 1519 2907 σο
1878 2873 2002 2894 0RD1N¹⁵
2026 2874 2253 2895 suscep-nomm

413 2921 450 2950 tit
472 2921 652 2960 baptizandi
675 2926 875 2961 potestatem.
900 2922 986 2962 Ergo
1009 2931 1070 2952 nec
1086 2921 1213 2953 ordines
1238 2922 1433 2954 conferendi.
1753 2917 1786 2940 ¹V
1798 2917 1872 2946 Sent„
1888 2917 1941 2940 ⁶⁵⁸³·
1955 2924 2010 2946 '‘¹'’
2025 2924 2066 2946 ‘³¹¹-
2081 2925 2107 2946 ¹'’
2121 2922 2163 2941 ⁸¹¹·
2178 2925 2199 2946 ²’
2215 2919 2260 2947 ‘³²¹⁸
2276 2926 2295 2946 ¹‘
2310 2919 2339 2941 ¹⁶
2353 2926 2376 2946 ⁴·

468 2965 656 2995 Respommo
673 2976 831 2996 monimum
844 2965 933 3006 quod
946 2967 1028 2997 circa
1043 2967 1106 2997 hoc
1122 2972 1288 3006 ponuntur
1299 2968 1334 2997 in
1348 2967 1478 2998 littera*
1536 2979 1618 3042 Ab
1649 2979 1766 3000 ramma
1795 2979 1841 3000 s1c
1869 2979 2074 3000 rnocnnrrtm.
2107 2969 2242 3001 Videtur
2272 2969 2362 3010 quod
2390 2979 2484 3000 sexus
2507 2969 2599 3000 femi-

416 3014 553 3048 quatuor
569 3010 748 3049 opiniones.
762 3010 903 3048 Quidam
915 3012 931 3027 θ’
948 3011 1034 3041 enim
1050 3010 1197 3042 dixerunt
1213 3011 1304 3051 quod
1318 3012 1478 3049 haeretici,
1598 3023 1679 3044 neus
1708 3023 1776 3044 non
1798 3013 1952 3054 impediat
1978 3013 2107 3045 rordinis
2136 3014 2384 3055 susceptionem.
2416 3013 2501 3052 Quia
2529 3013 2599 3045 offi-

416 3053 558 3092 quandiu
581 3054 619 3084 ab
643 3054 785 3085 Ecclesia
800 3055 984 3091 tolerantur,
1000 3055 1119 3086 habent
1141 3061 1333 3096 potestatem
1352 3056 1479 3087 ordines
1534 3058 1621 3088 cium
1644 3058 1832 3098 prophetiae
1851 3063 1898 3089 est
1912 3059 2015 3089 maius
2032 3067 2130 3099 quam
2153 3057 2296 3089 officium
2312 3057 2499 3089 sacerdotis:
2525 3059 2600 3099 quia

416 3096 610 3134 conferendi,
627 3108 695 3129 non
718 3104 825 3129 autem
848 3105 1021 3139 postquam
1043 3099 1173 3130 fuerunt
1196 3101 1345 3140 praecisi:
1370 3101 1479 3131 simili-
1493 3108 1517 3135 ες
1533 3102 1690 3142 propheta
1713 3107 1760 3133 est
1782 3102 1927 3133 medium
1950 3103 2031 3133 inter
2054 3103 2161 3133 Deum
2184 3107 2216 3133 et
2238 3102 2427 3139 sacerdotes,
2451 3103 2533 3133 sicut
2551 3113 2600 3134 sa-

415 3146 462 3171 ter
473 3151 533 3172 nec
545 3142 703 3182 degradati
716 3149 746 3173 et
763 3143 814 3173 alii
826 3143 1021 3174 huiusmodi.
1039 3144 1080 3174 Et
1091 3145 1169 3175 haec
1182 3150 1229 3175 est
1239 3145 1343 3185 prima
1354 3145 1478 3185 opinio.
1534 3146 1647 3177 cerdos
1663 3152 1710 3177 est
1732 3148 1814 3177 inter
1830 3147 1937 3178 Deum
1960 3152 1991 3178 et
2006 3147 2167 3188 populum
2182 3148 2209 3178 *.
2241 3146 2303 3178 Sed
2318 3147 2506 3188 prophetiae
2529 3147 2599 3178 offi-

471 3185 533 3216 Sed
555 3187 619 3216 hoc
642 3197 709 3217 non
741 3193 847 3227 potest
879 3198 956 3219 esse.
992 3188 1077 3226 Quia
1101 3189 1206 3219 omnis
1229 3194 1369 3229 potestas
1397 3199 1480 3230 quae
1534 3191 1621 3221 cium
1651 3190 1823 3231 aliquando
1853 3191 2040 3222 mulieribus
2070 3196 2117 3222 est
2147 3200 2356 3222 concessum:
2388 3197 2424 3222 ut
2446 3196 2534 3232 patet
2557 3191 2599 3223 1v

418 3228 507 3260 datur
531 3240 605 3260 cum
629 3231 734 3271 aliqua
764 3233 1020 3269 consecratione,
1045 3233 1135 3264 nullo
1167 3243 1243 3264 casu
1275 3234 1480 3274 contingente
1533 3235 1614 3276 Reg.
1631 3236 1657 3266 *ἦ
1682 3236 1767 3276 Ergo
1792 3241 1823 3266 et
1846 3235 2013 3266 sacerdotii
2040 3235 2183 3266 officium
2207 3236 2252 3266 eis
2275 3241 2459 3276 competere
2482 3241 2598 3276 potest.

417 3273 486 3323 tolli
509 3280 623 3314 potest,
643 3276 724 3306 sicut
746 3286 806 3306 nec
829 3277 896 3316 ipsa
919 3278 1116 3308 consecratio
1140 3278 1312 3308 annullan':
1338 3279 1414 3319 quia
1434 3284 1480 3309 et-
1591 3289 1620 3310 2.
1644 3280 1846 3316 PRAETEREA,
1878 3281 1960 3310 sicut
1992 3279 2072 3310 ordo
2104 3279 2143 3310 ad
2174 3279 2336 3320 quandam
2366 3279 2600 3320 perfectionem

418 3326 481 3347 lam
504 3318 599 3348 altare
621 3319 672 3349 vel
696 3320 831 3350 chrisma
853 3321 952 3351 semel
975 3327 1159 3352 consecrata
1180 3328 1338 3362 perpetuo
1367 3333 1480 3354 conse·
1494 3335 1520 3356 70
1533 3325 1680 3364 pertinet,
1704 3325 1747 3354 ita
1771 3329 1802 3355 et
1823 3324 2026 3365 praelationis
2049 3323 2202 3360 officium,
2227 3329 2258 3355 et
2281 3325 2477 3366 martyrium,
2497 3329 2529 3356 et
2550 3334 2599 3356 re-

420 3366 502 3391 crata
524 3368 663 3393 manent.
688 3363 792 3399 Unde,
818 3374 893 3394 cum
916 3366 1106 3406 episcopalis
1137 3372 1278 3406 potestas
1303 3377 1378 3397 cum
1402 3377 1480 3407 qua·
1534 3368 1660 3408 ligionis
1695 3373 1802 3399 status.
1839 3368 1901 3399 Sed
1931 3368 2085 3408 praelatio
2117 3369 2327 3399 committitur
2356 3369 2543 3400 mulieribus
2565 3370 2600 3400 in

420 3404 492 3434 dam
516 3408 755 3437 consecratione
778 3407 878 3444 detur,
896 3415 1023 3448 oportet
1046 3410 1136 3450 quod
1158 3416 1315 3451 perpetuo
1342 3417 1479 3448 maneat,
1533 3422 1620 3443 novo
1645 3412 1864 3449 Testamento,
1889 3418 1925 3443 ut
1947 3417 2034 3453 patet
2057 3411 2096 3443 de
2119 3413 2300 3444 abbatissis:
2326 3419 2357 3444 et
2379 3414 2413 3444 in
2436 3414 2544 3450 veteri,
2563 3418 2600 3444 ut

421 3455 718 3490 quantumcumque
734 3451 846 3490 aliquis
862 3459 983 3491 peccet,
995 3454 1046 3484 vel
1062 3455 1100 3484 ab
1116 3455 1259 3485 Ecclesia
1270 3455 1479 3496 praecidatur.
1534 3462 1620 3496 patet
1643 3456 1682 3487 de
1705 3457 1863 3493 Debbora,
1881 3466 1964 3497 quae
1985 3456 2136 3487 iudicavit
2152 3457 2254 3494 Israel,
2271 3458 2374 3488 Iudic.
2398 3467 2430 3488 1v
2448 3458 2474 3488 ”.
2500 3457 2600 3488 Com-

422 3536 428 3542 .
475 3493 515 3522 Et
538 3493 610 3523 ideo
635 3494 687 3524 alii
702 3496 718 3511 '⁹
742 3495 888 3526 dixerunt
918 3497 1006 3535 quod
1035 3499 1168 3538 praecisi
1191 3500 1229 3529 ab
1258 3500 1401 3530 Ecclesia
1424 3501 1480 3541 qui
1534 3501 1614 3540 petit
1641 3501 1737 3531 etiam
1766 3502 1810 3531 eis
1838 3501 2034 3542 martyrium,
2060 3506 2091 3532 et
2114 3501 2275 3542 religionis
2305 3507 2412 3533 status.
2453 3502 2538 3542 Ergo
2569 3507 2600 3532 et

420 3545 454 3566 m
476 3536 618 3567 Ecclesia
634 3539 848 3578 episcopalem
863 3546 1053 3579 potestatem
1068 3542 1257 3580 habuerunt,
1269 3545 1406 3575 retinent
1420 3554 1480 3585 po·
1495 3559 1518 3580 75
1536 3544 1615 3576 ordo
1640 3545 1812 3576 Ecclesiae.

2619 1019 2630 1029 '¹
2637 1017 2673 1040 Cf.
2678 1017 2832 1046 GratiamAp-

2620 1044 2688 1072 pend.
2702 1044 2732 1066 ad
2747 1050 2832 1067 canon.

2621 1071 2690 1099 Quod
2720 1070 2834 1099 quddam,

2620 1103 2683 1120 caus.
2698 1097 2721 1126 1,
2735 1104 2781 1126 qus
2788 1104 2804 1120 ι.

2623 1595 2839 1624 *Cf.infrn.qu.xx.,

2624 1626 2666 1645 art.
2677 1628 2696 1651 5,
2706 1622 2735 1645 ad
2745 1628 2768 1645 2.

2625 2168 2638 2181 ·
2651 2167 2687 2191 ef.
2702 2173 2768 2196 corp.

2626 2401 2741 2451 inffssdqu'
2755 2407 2825 2424 xxxiv
2832 2418 2840 2429 ,

2626 3161 2637 3171 ·
2643 3159 2683 3181 Aa
2689 3159 2747 3182 Heb-
2755 3165 2806 3188 cap.
2815 3166 2838 3186 v,

2626 3192 2688 3208 veru.
2705 3193 2724 3209 ι.

2626 3244 2638 3255 '¹
2645 3243 2703 3271 Cap.
2711 3249 2768 3271 xxu,
2778 3249 2839 3265 vers.

2628 3277 2655 3298 ¹4
2669 3275 2721 3298 “10-

2629 3463 2638 3474 ·
2653 3462 2719 3485 Vero.
2733 3469 2750 3491 4
2763 3468 2815 3492 nqq.
