2918 4088
436 195 505 243 178

1101 190 1362 238 QUAESTIO
1391 187 1566 230 LXXVI,
1596 181 1888 221 ARTICULUS
1916 182 1930 217 1

829 460 1237 540 QUAESTIO
1276 451 2206 512 SEPTUAGESIMASEXTA

632 585 715 625 DE
748 582 924 624 MODO
960 579 1086 631 QUO
1122 572 1420 617 CHRISTUS
1454 571 1691 613 EXISTIT
1724 571 1784 611 IN
1818 571 1943 611 HOC
1977 570 2395 612 SACRAMENTO

1249 680 1283 704 1N

514 806 618 831 EINDE
638 788 961 829 considerandum
983 792 1038 822 est
1057 785 1104 821 de
1125 783 1246 820 modo
1273 794 1353 832 quo
1379 780 1488 819 Chri·
1512 781 1516 834 Ι

191 853 251 876 ‘Cf-
287 858 402 879 u-tmvr
433 805 591 886 Dstus
620 843 739 881 existit
766 842 804 878 in
833 842 907 876 hoc
935 844 1174 875 sacramento
1193 836 1224 873 ³¹².

431 900 478 936 Et
505 898 603 935 circa
631 899 706 933 hoc
733 899 969 943 quaeruntur
997 897 1095 927 octo.

483 951 633 988 Primo:
663 956 793 985 utrum
821 953 921 982 totus
951 942 1125 980 Christus
1153 942 1199 980 sit
1227 942 1299 980 sub
1328 942 1404 979 hoc
1432 953 1489 978 sa-

536 1008 741 1039 cramento.
1229 996 1237 1001 “

484 1054 682 1092 Secundo:
712 1059 843 1088 utrum
869 1057 971 1086 totus
1008 1048 1181 1086 Christus
1210 1049 1256 1086 sit
1288 1049 1361 1086 sub
1389 1055 1489 1085 utra-

289 1113 306 1130 0‘
535 1118 610 1156 que
638 1104 761 1154 specie
783 1109 798 1124 α
827 1102 1064 1139 sacramenti.

481 1158 632 1196 Tertio:
662 1165 792 1194 utrum
819 1163 921 1192 totus
952 1155 1124 1193 Christus
1153 1155 1198 1192 sit
1222 1156 1294 1192 sub
1323 1154 1491 1204 qualibet

533 1218 638 1261 parte
667 1209 894 1259 specierum.

483 1265 651 1312 Quarto:
685 1270 816 1300 utrum
853 1260 1114 1298 dimensiones
1150 1261 1322 1311 corporis
1352 1260 1492 1298 Christi

533 1324 632 1354 totae
661 1315 734 1353 sint
762 1315 801 1352 in
830 1315 905 1352 1100
933 1322 1185 1352 sacramento.

191 879 278 902 Introd.

1312 679 1411 704 OCTO
1439 678 1641 704 ARTICULOS
1667 678 1781 703 DIVISA

1598 780 1764 828 Quinto:
1795 788 1927 818 utrum
1954 793 2095 830 corpus
2134 780 2273 818 Christi
2306 781 2352 819 sit
2379 781 2419 818 in
2446 782 2523 819 hoc
2550 795 2606 820 sa-

1649 846 1846 877 cramento
1874 840 2052 877 localiter.

1597 900 1733 937 Sexto:
1772 907 1905 936 utrum
1951 911 2092 949 corpus
2130 899 2270 937 Christi
2310 907 2515 938 moveatur
2556 902 2607 939 ad

1649 966 1803 996 motum
1830 959 1977 997 hostiae
2005 961 2067 996 vel
2095 959 2220 997 calicis
2247 968 2335 1010 post
2353 961 2606 999 consecratio-

1650 1031 1754 1056 nem.

1599 1079 1792 1128 Septimo:
1832 1086 1964 1116 utrum
1992 1092 2133 1129 corpus
2172 1080 2311 1117 Christi
2345 1080 2418 1118 sub
2446 1082 2523 1118 hoc
2550 1094 2608 1119 sa-

1651 1146 1849 1176 cramento
1869 1138 1990 1188 possit
2017 1139 2065 1176 ab
2094 1139 2224 1189 aliquo
2244 1141 2358 1178 oculo
2386 1140 2508 1178 videri
2527 1139 2553 1178 β.

1599 1197 1769 1235 Octavo:
1800 1205 1933 1234 utrum
1967 1210 2107 1235 verum
2134 1210 2275 1247 corpus
2314 1199 2452 1236 Christi
2486 1211 2609 1238 rema·
2636 1236 2638 1238 .

1652 1263 1741 1293 neat
1768 1256 1807 1293 in
1833 1257 1909 1294 hoc
1937 1265 2177 1294 sacramento
2196 1258 2355 1307 quando
2381 1258 2610 1297 miraculose

1654 1324 1812 1366 apparet
1841 1312 1913 1353 sub
1942 1316 2068 1366 specie
2095 1316 2206 1366 pueri
2233 1319 2296 1355 vel
2322 1318 2456 1356 carnis.

1238 1434 1558 1477 ARTICULUS
1589 1435 1795 1477 PRIMUS

793 1533 950 1566 UTRUM
974 1535 1121 1566 TOTUS
1146 1535 1360 1567 CHRISTUS
1384 1536 1703 1568 CONTINEATUR
1726 1536 1806 1568 SUB
1830 1536 1925 1568 Hoc
1949 1536 2249 1568 SACRAMENTO

650 1623 684 1647 lV
704 1622 791 1651 Sem„
811 1622 869 1648 dist.
888 1630 911 1653 x,
931 1627 978 1648 art.
999 1630 1022 1652 2,
1042 1622 1092 1655 qu·
1115 1629 1139 1652 1,
1160 1629 1190 1652 2;
1209 1623 1243 1647 IV
1265 1623 1341 1648 Cont.
1363 1624 1450 1652 Gent..
1470 1631 1526 1656 cap.
1545 1630 1618 1654 mv3
1639 1623 1737 1654 Quodl.
1755 1623 1815 1654 vn,
1836 1631 1879 1656 qu.
1899 1631 1933 1655 iv,
1953 1629 2000 1649 m.
2021 1631 2049 1656 1;
2070 1625 2100 1649 In
2119 1624 2231 1654 Matth„
2251 1632 2307 1658 cap.
2325 1631 2399 1657 xxvx;

1098 1658 1129 1682 In
1150 1658 1238 1688 Ioan„
1259 1666 1315 1691 cap.
1335 1666 1369 1688 v1,
1389 1659 1447 1684 lect.
1466 1666 1506 1690 νη
1526 1660 1535 1684 1
1553 1659 1590 1684 ad
1611 1659 1682 1688 Cor„
1702 1666 1760 1691 cap.
1777 1666 1811 1688 xz.
1830 1660 1887 1684 lect.
1906 1667 1942 1685 vx.
2275 1660 2278 1663 ’

502 1776 514 1783 .
553 1788 558 1797 ‚
583 1772 603 1784 s
630 1760 667 1784 D
694 1759 828 1784 PRIMUM
855 1759 906 1784 s1c
936 1759 1172 1785 PROCEDITUR.
1202 1748 1363 1785 Videtur
1389 1750 1497 1798 quod

478 1801 487 1809 ‘
645 1813 725 1837 non
744 1808 845 1837 totus
875 1800 1048 1838 Christus
1070 1801 1311 1839 contineatur
1329 1802 1401 1839 sub
1420 1803 1498 1839 hoc

604 1852 896 1899 (sacramento.
928 1853 1101 1891 Christus
1130 1854 1234 1891 enim
1257 1854 1388 1905 incipit
1415 1867 1496 1892 esse

526 1900 685 1944 ‘-1Kin
714 1908 789 1944 hoc
824 1915 1064 1944 sacramento
1099 1919 1170 1957 per
1202 1908 1498 1946 conversionem

295 1965 310 1990 Υ
434 1960 543 2011 panis
572 1967 607 1996 et
634 1959 713 1997 vini
732 1965 758 1996 Υ.
790 1960 868 1997 Sed
895 1960 1143 1998 manifestum
1171 1969 1226 1998 est
1252 1961 1359 2011 quod
1387 1962 1498 2011 panis

436 2022 472 2051 et
498 2013 634 2050 vinum
653 2025 733 2050 non
760 2021 923 2062 possunt
942 2013 1114 2051 converti
1141 2026 1269 2064 neque
1295 2014 1335 2051 in
1363 2014 1497 2052 divini-

434 2074 551 2104 tatem
571 2066 719 2113 Christi,
740 2079 867 2116 neque
896 2066 936 2103 in
964 2067 1046 2104 eius
1066 2066 1248 2104 animam.
1281 2067 1383 2105 Cum
1408 2080 1498 2117 ergo

437 2119 609 2157 Christus
638 2119 769 2156 existat
797 2132 842 2157 ex
871 2119 991 2157 tribus
1020 2120 1250 2168 substantiis,
1281 2120 1419 2158 scilicet
1447 2121 1498 2158 di-

436 2172 607 2219 vinitate,
638 2172 766 2209 anima
794 2181 830 2209 et
858 2185 1039 2222 corpore,
1069 2181 1112 2210 ut
1140 2187 1256 2223 supra
1274 2174 1294 2195 *
1322 2174 1499 2212 habitum

437 2234 511 2272 est;
540 2226 692 2262 videtur
710 2226 817 2275 quod
846 2226 1020 2264 Christus
1048 2234 1150 2264 totus
1177 2239 1259 2264 non
1283 2226 1329 2264 sit
1356 2227 1395 2264 in
1424 2228 1500 2265 hoc

438 2287 687 2316 sacramento.

493 2344 527 2368 2.
557 2333 787 2378 Pmmmm,
809 2332 982 2370 Christus
1007 2340 1062 2370 est
1089 2333 1129 2370 in
1158 2334 1234 2370 hoc
1259 2341 1499 2371 sacramento

440 2385 654 2422 secundum
669 2386 775 2434 quod
791 2385 973 2435 competit
987 2386 1181 2423 refectioni
1197 2386 1383 2434 fidelium,
1399 2399 1500 2436 quae

203 2437 275 2486 19¹¹·
286 2443 360 2463 “¹⁸¹¹
371 2441 412 2459 Τῖ-
440 2437 479 2474 in
498 2437 583 2474 cibo
603 2445 639 2474 et
657 2446 750 2487 potu
777 2439 955 2486 consistit,
977 2439 1072 2476 sicut
1091 2451 1208 2489 supra
1221 2439 1241 2461 ’¹‘
1262 2439 1408 2477 dictum
1433 2447 1499 2477 est.

204 2492 214 2502 '
228 2494 295 2516 Vers-
310 2493 344 2522 ⁵⁶·
442 2491 518 2528 Sed
546 2491 737 2528 Dominus
756 2491 855 2539 dicit,
875 2493 978 2529 Ioan.
999 2505 1034 2530 VI
1053 2492 1092 2530 *z
1118 2494 1219 2530 Caro
1243 2505 1327 2530 mea
1347 2506 1433 2531 vere
1451 2499 1502 2531 est

441 2545 553 2589 cibus,
574 2550 606 2580 et
623 2547 776 2594 sanguis
794 2557 897 2582 meus
923 2558 1011 2584 vere
1029 2551 1079 2583 est
1098 2552 1220 2596 potus.
1251 2547 1353 2595 Ergo
1373 2548 1502 2584 solum

442 2608 532 2633 caro
553 2604 588 2632 et
607 2597 758 2645 sanguis
779 2598 917 2635 Christi
937 2599 1154 2636 continetur
1171 2597 1184 2621 δ
1213 2599 1252 2636 in
1281 2600 1357 2637 hoc
1380 2612 1502 2637 sacra-

442 2657 585 2686 mento.
617 2650 713 2688 Sunt
732 2658 861 2688 autem
889 2654 1030 2689 multae
1060 2652 1154 2689 aliae
1176 2660 1302 2702 partes
1330 2652 1502 2702 corporis

445 2702 602 2739 Christi:
633 2711 725 2752 puta
762 2704 869 2740 nervi
904 2713 939 2741 et
967 2718 1053 2742 ossa
1091 2713 1127 2742 et
1159 2705 1231 2743 alia
1263 2705 1501 2743 huiusmodi.

443 2756 536 2792 Non
564 2767 652 2803 ergo
681 2764 781 2793 totus
811 2757 982 2795 Christus
1006 2758 1222 2796 continetur
1249 2759 1321 2796 sub
1351 2760 1426 2796 hoc
1445 2772 1502 2797 sa-

444 2816 651 2845 eramento.

500 2860 533 2897 3.
558 2862 790 2909 PRAETEREA,
815 2875 955 2912 corpus
987 2864 1142 2902 maioris
1177 2865 1395 2915 quantitatis
1423 2878 1504 2903 non

444 2921 568 2962 potest
604 2922 728 2951 totum
767 2916 951 2954 contineri
989 2918 1060 2954 sub
1090 2917 1250 2955 minoris
1288 2919 1505 2968 quantitatis

445 2978 637 3004 mensura.
677 2968 753 3005 Sed
782 2981 962 3007 mensura
990 2970 1099 3019 panis
1128 2979 1163 3008 et
1188 2971 1268 3008 vini
1296 2972 1506 3010 consecrati

446 3026 501 3055 est
528 3021 649 3057 multo
678 3021 806 3058 minor
833 3035 952 3071 quam
980 3023 1136 3073 propria
1160 3037 1342 3062 mensura
1369 3037 1506 3075 corpo-

447 3071 496 3108 ris
516 3072 665 3110 Christi.
686 3075 778 3111 Non
798 3083 922 3124 potest
942 3088 1030 3125 ergo
1051 3089 1132 3114 esse
1153 3078 1259 3126 quod
1278 3085 1380 3115 totus
1400 3079 1506 3116 Chri-

449 3131 527 3160 stus
556 3125 601 3161 sit
629 3126 699 3162 sub
729 3128 803 3164 hoc
831 3138 1082 3167 sacramento.

212 3178 296 3226 Ᾰεῗιῗὲὶ
313 3178 423 3226 ὖῗῗέἷζ
503 3177 576 3213 SED
597 3190 739 3215 CONTRA
758 3192 823 3216 EST
847 3182 953 3229 quod
973 3183 1202 3220 Ambrosius
1222 3183 1321 3230 dicit,
1342 3183 1382 3220 in
1410 3184 1507 3222 libro

212 3221 390 3257 ³²⁶r·1<¹³1⁵t·11·
450 3228 495 3265 de
526 3229 632 3277 Offic.
653 3230 691 3266 *z
722 3234 767 3267 In
786 3233 858 3283 *illo
885 3241 1119 3272 sacramento
1150 3237 1313 3273 Christus
1340 3243 1400 3273 est.

200 2177 210 2186 ·
228 2175 274 2203 Qu.
290 2180 315 2200 11,
329 2177 371 2196 art.
385 2180 409 2202 5;

201 2207 239 2229 qu.
255 2208 275 2228 v,
291 2204 332 2223 art.
345 2208 363 2228 ι,
376 2207 396 2230 3.

300 2595 314 2620 δ

504 3360 531 3393 α)
550 3361 642 3392 specie.
661 3376 679 3380 —
698 3362 763 3393 PF1;
778 3367 859 3394 parte
878 3364 1014 3394 CDEHbc;
1034 3366 1077 3390 ΑΒ
1098 3367 1200 3398 legunt:
1220 3368 1255 3392 sit
1273 3368 1320 3392 sub
1339 3368 1455 3400 qualibet
1469 3369 1510 3393 vel

451 3398 564 3428 utraque
578 3399 659 3427 parte
676 3399 837 3422 sacramenti
854 3399 1008 3430 specierum.
1028 3401 1074 3424 sed
1093 3401 1118 3424 in
1138 3402 1161 3425 A
1178 3402 1324 3433 specierum
1344 3403 1508 3435 expungitur:

451 3430 489 3455 G:
508 3431 543 3455 sit
567 3432 613 3456 sub
638 3432 728 3464 aliqua
753 3436 833 3464 parte
858 3434 897 3458 vel
923 3437 1034 3466 utraque
1060 3439 1140 3467 parte
1168 3437 1312 3467 specierum
1340 3439 1509 3467 sacramenti,

452 3465 499 3506 sed
516 3466 607 3498 aliqua
627 3471 708 3499 parte
733 3469 773 3492 vel
798 3469 964 3501 expungitur;
984 3470 1023 3494 ed.
1043 3477 1074 3494 a:
1094 3470 1129 3495 sit
1147 3471 1194 3496 sub
1220 3475 1333 3504 utraque
1354 3475 1434 3503 parte
1452 3480 1510 3504 spe—

452 3507 560 3526 cterum.

1605 1750 1830 1786 RESPONDEO
1858 1761 2041 1787 met-:noum
2060 1749 2167 1799 quod
2196 1749 2357 1787 omnino
2377 1761 2532 1788 necesse
2560 1757 2616 1788 est

1552 1801 1726 1839 confiteri
1745 1802 1962 1839 secundum
1981 1802 2102 1840 fidem
2122 1802 2359 1840 Catholicam
2382 1803 2491 1853 quod
2513 1810 2616 1841 totus

1554 1855 1728 1893 Christus
1763 1855 1810 1892 sit
1837 1855 1877 1892 in
1912 1855 1988 1892 hoc
2022 1864 2273 1893 sacramento.
2318 1856 2529 1894 Sciendum
2562 1864 2616 1894 ta-

1552 1921 1645 1946 men
1663 1909 1772 1958 quod
1799 1907 1944 1958 aliquid
1964 1908 2104 1946 Christi
2123 1916 2179 1946 est
2205 1909 2246 1946 in
2273 1910 2350 1946 hoc
2376 1916 2616 1948 sacramento

1553 1961 1773 2011 dupliciter:
1803 1973 1885 1999 uno
1914 1962 2056 2008 modo,
2085 1962 2196 2011 quasi
2228 1974 2275 1999 ex
2302 1962 2342 1999 vi
2369 1962 2616 2011 sacramenti;

1553 2015 1627 2052 alio
1647 2015 1781 2062 modo,
1802 2027 1848 2052 ex
1876 2014 2038 2053 naturali
2057 2014 2364 2053 concomitantia.
2394 2017 2453 2053 Ex
2476 2015 2516 2053 vi
2534 2014 2618 2066 qui-

1554 2069 1645 2105 dem
1673 2068 1911 2116 sacramenti,
1933 2076 1988 2105 est
2015 2068 2088 2106 sub
2117 2068 2318 2118 speciebus
2345 2069 2461 2106 huius
2495 2081 2618 2107 sacra-

1554 2121 1673 2159 menti
1700 2121 1740 2158 id
1767 2121 1806 2158 in
1834 2121 1942 2171 quod
1971 2121 2110 2159 directe
2143 2122 2377 2159 convertitur
2410 2121 2620 2160 substantia

1553 2174 1664 2224 panis
1692 2182 1728 2212 et
1755 2174 1836 2212 vini
1862 2174 2129 2224 praeexistens,
2149 2183 2265 2225 prout
2291 2175 2525 2224 significatur
2550 2187 2620 2226 per

1553 2228 1673 2265 verba
1699 2228 1858 2275 formae,
1879 2240 1979 2278 quae
2008 2236 2097 2266 sunt
2125 2228 2299 2266 effectiva
2326 2228 2366 2266 in
2393 2229 2470 2266 hoc
2497 2240 2619 2266 sacra-

1554 2289 1687 2318 mento
1707 2281 1804 2318 sicut
1832 2289 1868 2318 et
1896 2281 1936 2318 in
1955 2281 2107 2319 ceteris:
2136 2289 2230 2331 puta
2249 2293 2341 2319 cum
2364 2281 2511 2329 dicitur,
2531 2283 2621 2320 Hoc

1555 2341 1606 2372 est
1633 2347 1768 2384 corpus
1795 2347 1933 2381 meum,
1952 2336 2032 2372 Irlic
2059 2340 2110 2372 est
2135 2335 2290 2385 sanguis
2317 2347 2430 2372 meus.
2469 2335 2528 2372 Ex
2556 2347 2621 2372 na-

1554 2387 1666 2425 turali
1685 2395 1816 2425 autem
1835 2387 2133 2425 concomitantia
2152 2395 2207 2425 est
2226 2387 2266 2424 in
2285 2388 2362 2425 hoc
2380 2395 2621 2426 sacramento

1555 2441 1649 2478 illud
1677 2441 1784 2490 quod
1821 2441 1970 2478 realiter
1997 2449 2052 2478 est
2088 2440 2340 2478 coniunctum
2375 2441 2410 2478 ei
2437 2441 2477 2478 in
2514 2441 2622 2490 quod

1555 2494 1749 2544 praedicta
1776 2493 1978 2531 conversio
2013 2493 2249 2531 terminatur.
2288 2493 2329 2531 Si
2357 2493 2462 2531 enim
2495 2494 2623 2544 aliqua

1543 2548 1636 2585 ,duo
1657 2555 1746 2584 sunt
1765 2546 1913 2584 realiter
1930 2547 2148 2594 coniuncta,
2163 2546 2402 2597 ubicumque
2422 2555 2478 2584 est
2496 2559 2623 2585 unum

1556 2599 1715 2648 realiter,
1741 2607 1891 2650 oportet
1918 2608 1955 2638 et
1982 2599 2085 2638 aliud
2114 2613 2216 2638 esse:
2247 2601 2328 2637 sola
2355 2600 2460 2638 enim
2488 2612 2623 2650 opera-

1520 2695 1521 2698 *
1556 2653 1659 2691 tione
1679 2653 1831 2691 animae
1851 2653 2121 2691 discernuntur
2139 2665 2239 2703 quae
2259 2652 2408 2691 realiter
2426 2661 2514 2691 sunt
2532 2665 2623 2691 con-

1557 2707 1697 2744 iuncta.

1611 2761 1669 2797 An
1698 2772 1832 2798 PmMUM
1861 2771 1959 2797 ERGO
1988 2771 2170 2797 monimum
2198 2759 2318 2809 quod,
2345 2759 2436 2809 quia
2463 2771 2623 2797 conver-

1559 2813 1616 2850 sio
1644 2812 1754 2862 panis
1778 2820 1814 2850 et
1841 2812 1921 2850 vini
1949 2824 2030 2850 non
2057 2812 2284 2850 terminatur
2310 2813 2359 2850 ad
2387 2811 2625 2850 divinitatem

1558 2867 1622 2903 vel
1649 2865 1822 2903 animam
1851 2865 2010 2911 Christi,
2039 2877 2282 2916 consequens
2310 2873 2365 2904 est
2392 2865 2500 2915 quod
2532 2864 2625 2902 clivi-

1560 2919 1657 2956 nitas
1693 2920 1755 2956 vel
1792 2918 1921 2956 anima
1959 2918 2098 2956 Christi
2134 2931 2215 2956 non
2242 2918 2288 2956 sit
2315 2917 2355 2955 in
2389 2919 2466 2956 hoc
2502 2929 2625 2956 sacra-

1561 2980 1693 3010 mento
1723 2985 1769 3009 ex
1796 2972 1835 3010 vi
1864 2972 2112 3020 sacramenti,
2142 2972 2209 3010 sed
2238 2984 2284 3010 ex
2312 2971 2402 3008 reali
2429 2971 2625 3008 concomi-

1561 3025 1689 3063 tantia.
1733 3025 1838 3072 Quia
1865 3025 1970 3063 enim
1990 3023 2177 3063 *divinitas
2204 3037 2346 3075 corpus
2382 3031 2626 3075 assumptum

1562 3090 1767 3128 nunquam
1795 3078 1985 3128 deposuit,
2006 3077 2245 3127 ubicumque
2265 3085 2320 3115 est
2347 3089 2488 3127 corpus
2517 3076 2626 3114 Chri-

1564 3132 1620 3180 sti,
1641 3143 1797 3171 necesse
1826 3139 1881 3168 est
1909 3138 1945 3168 et
1973 3130 2055 3168 eius
2074 3130 2311 3168 divinitatem
2339 3142 2432 3168 esse.
2463 3131 2511 3167 Et
2538 3129 2626 3167 ideo

1563 3185 1603 3222 in
1631 3186 1708 3222 hoc
1736 3192 1975 3222 sacramento
2013 3195 2168 3221 necesse
2196 3191 2252 3221 est
2280 3195 2361 3220 esse
2389 3182 2628 3221 divinitatem

1565 3237 1705 3275 Christi
1745 3237 2070 3275 concomitantem
2110 3234 2193 3274 eius
2234 3249 2386 3287 corpuS.
2433 3236 2546 3274 Unde
2587 3236 2627 3274 in

1616 3368 1642 3402 β)
1660 3370 1735 3395 sub...
1754 3370 1849 3396 videri.
1866 3383 1886 3388 -
1898 3372 1983 3402 prout
2001 3372 2041 3394 est
2065 3369 2091 3394 in
2117 3369 2166 3395 hoc
2189 3371 2357 3395 sacramento
2378 3369 2467 3401 possit
2490 3369 2578 3394 videri
2594 3369 2630 3394 ab

1562 3405 1652 3436 aliquo
1670 3405 1746 3430 oculo
1764 3405 1858 3430 saltem
1876 3405 2028 3438 glorificato
2046 3404 2119 3430 tertia
2138 3410 2239 3438 praeter
2257 3405 2276 3430 l.

1615 3439 1643 3473 γ)
1663 3440 1726 3464 vini.
1744 3454 1763 3458 -
1781 3440 1807 3465 ἰη
1827 3441 1913 3472 ipsum
1931 3440 2001 3466 sicut
2020 3440 2119 3466 dictum
2144 3443 2184 3465 est
2208 3440 2306 3465 addunt
2323 3439 2365 3470 El,
2382 3439 2453 3465 s1'cut
2470 3439 2571 3467 dictum
2589 3442 2631 3466 est

1563 3474 1660 3499 addunt
1678 3475 1812 3500 editiones.

1615 3508 1641 3543 δ)
1660 3510 1819 3535 continetur.
1838 3525 1857 3529 —
1874 3511 2046 3536 continentur
2064 3511 2092 3536 P.
