2918 4088
209 943 219 953 '
231 941 367 969 Quaesitum
382 948 407 964 ιι.

209 990 219 1000 '
234 989 271 1011 Cf.
288 995 352 1011 num.
367 995 407 1012 vn.

206 1562 215 1572 ⁸
230 1561 239 1582 Ι
248 1560 282 1581 ad
292 1560 356 1587 Cor„
365 1566 415 1588 cap.

205 1594 237 1613 ιν,
253 1593 311 1609 vers.
329 1594 347 1608 i.

204 3023 215 3034 ²
226 3022 235 3043 1
246 3022 279 3044 ad
289 3023 352 3050 Cor„
363 3030 412 3051 cap.

204 3054 236 3076 ιι,
253 3055 312 3072 vers.
329 3056 361 3077 ¹7.

453 201 528 249 364

1248 204 1558 242 CARDINALIS
1588 204 1832 241 CAIETANI

640 457 1211 535 QUAESTIONES
1248 459 1357 513 DE
1396 458 1670 514 CAUSA
1705 456 2449 514 INDULGENTIARU'M

1245 605 1579 656 QUAESITUM
1610 605 1832 648 PRIMUM
2383 668 2385 670 Ι

701 709 858 740 UTRUM
881 708 1147 740 NECESSARIO
1171 707 1456 746 REQUIRATUR
1479 706 1622 739 CAUSA
1643 708 1948 740 RATIONABILIS
1972 709 2367 753 INDULGENTIARUM

514 818 585 838 mea
608 817 735 838 causam
759 806 1028 847 indulgentiarum
1051 806 1186 837 dubium
1210 805 1327 846 duplex
1353 805 1507 836 occurrit:

451 818 669 893 Cprimum,
703 861 742 882 an
766 852 943 881 necessario
975 852 1152 891 requiratur
1183 860 1276 881 causa
1299 849 1508 885 rationabilis3

448 896 602 932 secundo,
620 906 659 926 an
683 905 778 926 causa
801 905 946 935 expressa
965 896 998 925 in
1023 895 1118 931 bulla,
1137 905 1174 925 ex
1190 895 1253 924 hoc
1269 894 1340 934 ipso
1358 893 1446 933 quod
1463 899 1509 923 est

448 950 602 981 expressa,
627 941 666 970 sit
688 940 881 969 rationabilis
897 940 923 969 θ’.

503 985 595 1015 Circa
610 985 760 1024 primum,
773 982 895 1013 videtur
910 993 981 1024 pars
997 983 1142 1022 negativa
1157 992 1230 1012 vera
1242 983 1268 1013 *ἦ
1282 982 1445 1020 Quoniam
1461 981 1509 1011 in-

447 1028 627 1068 dulgentiae
649 1027 846 1062 indiscretae,
870 1027 943 1056 licet
962 1032 1074 1066 peccet
1091 1026 1282 1062 concedens,
1307 1031 1380 1056 sunt
1404 1025 1508 1055 effica-

447 1082 508 1103 ces.
526 1071 683 1102 Dicuntur
699 1076 806 1100 autem
822 1070 1038 1110 indulgentiae
1059 1070 1246 1100 indiscretae
1265 1079 1347 1110 quae
1364 1079 1402 1099 ex
1415 1079 1509 1099 causa

445 1126 511 1146 non
535 1115 713 1146 rationabili
736 1113 926 1154 procedunt.

500 1161 678 1194 Praeterea,
712 1158 904 1197 dispensatio
937 1158 1187 1187 ministeriorum
1218 1158 1277 1187 Dei
1308 1158 1342 1187 in
1365 1157 1509 1186 Ecclesia

444 1204 600 1244 praesenti
617 1208 663 1232 est
678 1201 781 1231 valida
805 1202 900 1231 etiam
916 1202 983 1231 sine
1001 1211 1095 1231 causa
1111 1201 1290 1231 rationabili
1305 1200 1396 1231 facta.
1421 1201 1507 1240 Ergo

445 1248 636 1288 dispensatio
667 1245 955 1285 indulgentiarum,
990 1245 1085 1275 etiarn
1113 1245 1180 1275 sine
1208 1255 1303 1275 causa
1329 1244 1507 1274 rationabili

444 1291 534 1327 facta,
560 1291 654 1321 debet
670 1299 736 1320 esse
752 1289 864 1319 valida.
887 1307 910 1311 -
932 1289 1135 1319 Antecedens
1150 1294 1237 1328 patet
1252 1290 1285 1319 in
1300 1289 1506 1328 promotione

443 1336 657 1376 indignorum.
683 1334 715 1364 Si
740 1334 826 1363 enim
850 1332 971 1372 indigni
994 1333 1093 1373 aliqui
1115 1338 1366 1373 promoveantur
1384 1332 1424 1362 ad
1440 1333 1506 1372 epi-

444 1386 630 1420 scopatum,
655 1379 847 1418 prioratum,
877 1378 1044 1419 abbatiam,
1067 1382 1144 1413 etc.‚
1170 1378 1315 1417 quamvis
1339 1382 1508 1416 promotor

443 1425 579 1464 pessime
608 1423 768 1462 dispenset
791 1421 977 1451 huiusmodi
1000 1421 1190 1457 ministeria,
1224 1421 1306 1451 facta
1329 1427 1437 1451 tamen
1461 1426 1507 1451 te-

443 1474 529 1499 nent.
553 1487 575 1490 —
599 1467 839 1506 Consequentia
862 1475 937 1495 vero
962 1466 1125 1505 probatur.
1161 1465 1259 1503 Quia,
1285 1466 1366 1495 sicut
1389 1465 1507 1495 credita

443 1519 489 1543 est
511 1513 615 1552 Papae
647 1510 839 1550 dispensatio
869 1509 1158 1549 indulgentiarum,
1191 1510 1233 1539 ita
1257 1515 1288 1539 et
1311 1509 1505 1549 dispensatio

442 1557 692 1588 ministeriorum
708 1555 784 1584 Dei:
810 1554 895 1584 iuxta
918 1553 998 1583 illud
1016 1555 1043 1590 ',
1068 1553 1122 1583 Sic
1145 1563 1205 1584 nos
1227 1554 1389 1584 existimet
1410 1554 1505 1584 homo

443 1607 477 1632 ut
506 1601 670 1630 ministros
696 1598 816 1628 Christi
839 1603 870 1628 et
891 1597 1128 1638 dispensatores
1155 1598 1409 1628 ministeriorum
1433 1599 1505 1628 Dei.

498 1645 535 1675 In
561 1644 739 1685 oppositum
763 1648 870 1672 autem
894 1648 940 1672 est
959 1641 1049 1682 quod
1068 1642 1260 1673 indiscretae
1284 1642 1506 1684 indulgentiae

441 1694 597 1721 enervant
610 1687 862 1729 satisfactionem
872 1687 1146 1726 poenitentialem,
1164 1692 1200 1717 ut
1216 1686 1330 1717 dicitur
1345 1687 1449 1723 Extra,
1467 1687 1506 1717 de

441 1734 564 1765 Poenit.
582 1738 612 1763 et
626 1732 769 1767 Remiss„
788 1740 856 1771 cap.
876 1731 956 1760 Cum
973 1741 1014 1761 ex
1030 1741 1078 1761 eo.
1095 1731 1171 1761 Non
1188 1737 1373 1762 enervarent
1397 1737 1505 1762 autem

442 1780 468 1809 si
492 1783 595 1808 essent
618 1775 752 1812 validae,
777 1775 832 1806 sed
856 1775 1054 1815 supplerent,
1084 1775 1295 1816 adimplentes
1318 1776 1352 1806 in
1375 1777 1505 1807 veritate

442 1822 531 1863 quod
553 1831 609 1862 per
632 1820 878 1851 satisfactionem
901 1820 1165 1859 poenitentialem
1189 1820 1350 1860 agendum
1373 1826 1448 1851 erat.

496 1867 532 1896 ΙΙ.
558 1867 592 1896 In
622 1866 680 1895 hac
713 1865 899 1904 quaestione
930 1864 1051 1904 aliquid
1082 1865 1294 1905 supponitur,
1322 1870 1353 1895 et
1383 1865 1504 1905 aliquid

442 1911 610 1952 quaeritur.
636 1909 835 1949 Supponitur
854 1909 950 1944 enim,
967 1918 1042 1939 cum
1060 1908 1204 1939 doctrina
1220 1910 1397 1946 communi,
1415 1910 1505 1950 quod

440 1965 542 1986 unum
565 1954 790 1994 requisitorum
820 1954 998 1983 necessario
1023 1952 1062 1983 ad
1086 1953 1259 1984 efficaciam
1287 1953 1505 1994 indulgentiae

441 2006 487 2031 est
515 2008 608 2029 causa
635 1997 838 2027 rationabilis.
862 2016 885 2019 —
907 1997 1007 2035 Quod
1035 1998 1131 2028 etiam
1159 1997 1378 2028 manifestatur
1402 2008 1439 2029 ex
1464 2009 1503 2030 eo

441 2043 539 2085 quod,
557 2044 582 2073 si
598 2042 723 2072 daretur
738 2041 935 2082 indulgentia
951 2043 993 2072 ob
1011 2051 1139 2072 causam
1155 2042 1334 2082 profanam,
1350 2048 1428 2083 puta
1443 2053 1503 2084 pro

441 2087 547 2119 eundo
572 2087 611 2117 ad
633 2087 802 2122 theatrum,
820 2091 944 2116 constat
967 2086 1057 2126 quod
1079 2086 1278 2127 indulgentia
1301 2092 1383 2118 esset
1404 2088 1503 2119 nulla.

494 2132 567 2162 Hoc
580 2136 687 2161 autem
699 2131 880 2171 supposito,
896 2131 929 2161 in
946 2131 1168 2170 quaestionem
1181 2131 1313 2162 vertitur
1325 2141 1375 2169 an,
1389 2141 1504 2172 quem-

439 2175 615 2207 admodum
638 2175 678 2206 ad
701 2176 907 2206 collationem
931 2175 1148 2216 indulgentiae
1171 2176 1342 2216 requiritur
1365 2177 1503 2208 rationa-

438 2222 509 2252 bilis
533 2230 627 2251 causa
658 2221 700 2250 ita
723 2221 902 2251 necessario
927 2219 1017 2260 quod
1040 2220 1108 2250 sine
1131 2220 1184 2250 illa
1206 2219 1405 2261 indulgentia
1434 2231 1504 2252 non

440 2271 486 2296 est
508 2264 619 2300 valida,
643 2265 686 2294 ita
710 2264 750 2295 ad
773 2264 946 2295 efficaciam
962 2269 1068 2295 tantae
1084 2264 1310 2305 indulgentiae,
1334 2271 1412 2306 puta
1427 2275 1503 2296 cen-

439 2316 507 2340 tum
531 2309 581 2339 vel
603 2309 690 2338 mille
714 2319 888 2345 annorum,
910 2314 987 2344 etc.‚
1020 2309 1162 2349 exigatur
1191 2310 1286 2340 simili
1316 2311 1502 2341 necessitate

438 2353 633 2385 rationabilis
657 2362 751 2384 causa
773 2359 878 2384 tantae
902 2353 1084 2393 quantitatis
1102 2353 1330 2394 indulgentiae,
1355 2355 1397 2385 ita
1413 2355 1503 2395 quod

439 2400 505 2429 sine
528 2397 714 2428 huiusmodi
736 2398 914 2428 rationabili
938 2407 1033 2428 causa
1055 2403 1141 2428 tanta
1160 2399 1319 2438 quantitas
1334 2399 1502 2440 indulgen-

439 2444 500 2473 tiae
525 2448 571 2472 est
593 2441 741 2472 invalida.

495 2487 545 2517 ΙΙΙ.
570 2487 618 2517 Ex
641 2487 868 2517 communibus
892 2491 999 2517 autem
1023 2486 1188 2527 applicatis
1211 2486 1251 2517 ad
1274 2487 1347 2524 hoc,
1371 2498 1439 2519 non
1456 2494 1503 2519 est

440 2531 565 2562 difficile
595 2531 788 2562 concludere
818 2536 941 2571 partem
972 2530 1191 2562 affirmativam
1215 2541 1332 2568 veram,
1363 2533 1500 2564 scilicet:

439 2575 490 2606 Ad
507 2575 679 2606 efficaciam
694 2581 799 2606 tantae
815 2574 1031 2615 indulgentiae
1047 2576 1182 2615 exigitur
1197 2576 1391 2607 rationabilis
1407 2587 1502 2608 causa

440 2620 621 2660 quantitatis
643 2620 877 2660 indulgentiae,
907 2620 951 2650 ita
982 2619 1071 2660 quod
1099 2620 1167 2650 sine
1197 2620 1250 2650 illa
1278 2630 1344 2651 non
1372 2627 1419 2651 est
1448 2632 1502 2652 va-

439 2663 511 2694 lida.
546 2664 628 2694 Nam
652 2665 694 2701 si,
723 2670 759 2695 ut
782 2664 975 2705 supponitur
1005 2669 1036 2694 et
1060 2665 1275 2695 communiter
1298 2665 1500 2703 confitemur,

438 2708 632 2738 rationabilis
649 2718 743 2739 causa
759 2714 805 2739 est
826 2710 870 2739 sic
886 2709 1062 2739 necessaria
1077 2708 1117 2739 ad
1132 2708 1374 2749 indulgentiam,
1391 2720 1502 2741 neces-

439 2753 520 2782 sario
544 2753 687 2792 sequitur
710 2753 799 2793 quod
823 2753 862 2783 ad
885 2758 1006 2783 tantam
1027 2752 1259 2793 indulgentiam
1283 2759 1329 2784 est
1345 2755 1441 2785 etiam
1457 2756 1501 2786 sic

438 2797 613 2827 necessaria
635 2798 830 2828 rationabilis
854 2807 948 2828 causa
971 2797 1055 2827 illius
1075 2798 1269 2837 quantitatis.
1293 2798 1335 2828 Et
1349 2800 1502 2839 probatur

440 2841 569 2881 sequela
592 2841 764 2872 inductive.

495 2885 546 2915 IV.
570 2885 700 2922 Verum,
727 2885 765 2916 ad
788 2886 894 2916 minus
919 2886 1104 2917 communia
1128 2885 1371 2924 descendendo,
1397 2888 1502 2918 consi-

440 2929 616 2960 derandum
639 2936 685 2960 est
709 2929 807 2970 quod,
832 2930 906 2961 licet
928 2936 1068 2971 potestas
1084 2931 1188 2971 Papae
1204 2941 1300 2972 super
1316 2933 1502 2963 communia

440 2974 601 3004 Ecclesiae
624 2975 708 3004 bona
731 2980 797 3004 tam
813 2975 985 3014 spiritualia
1009 2984 1107 3015 quam
1124 2976 1301 3015 corporalia
1319 2977 1358 3006 sit
1374 2976 1501 3017 dispen-

439 3019 545 3054 sativa,
566 3019 651 3048 iuxta
674 3018 753 3048 illud
767 3018 917 3058 Apostoli
933 3020 959 3055 ἢ
982 3019 1189 3060 Dispensatio
1206 3020 1284 3050 mihi
1299 3020 1422 3051 credita
1438 3027 1502 3058 est;

440 3071 488 3092 res
511 3067 618 3093 tamen
642 3063 802 3093 subiectae
835 3063 1021 3094 huiusmodi
1044 3065 1194 3103 potestati
1221 3064 1433 3096 diversimode
1456 3066 1502 3096 illi

441 3106 628 3142 subduntur,
649 3112 679 3136 et
695 3106 905 3137 diversimode
922 3108 960 3137 ab
976 3107 1029 3137 illa
1045 3108 1251 3148 attinguntur.
1276 3109 1326 3145 Et,
1343 3115 1500 3150 quantum

441 3149 479 3179 ad
503 3151 705 3190 propositum
729 3156 858 3190 spectat,
884 3150 1106 3191 distinguenda
1129 3158 1203 3183 sunt
1226 3153 1259 3183 in
1282 3152 1348 3184 duo
1364 3163 1499 3194 genera:

441 3194 576 3230 scilicet,
600 3194 779 3224 validorum
807 3204 844 3224 ex
872 3195 941 3225 solo
966 3196 1122 3235 imperio;
1153 3197 1203 3227 vel
1230 3207 1297 3227 non
1321 3197 1501 3228 validorum

443 3247 480 3267 ex
503 3238 573 3267 solo
597 3238 742 3277 imperio.

498 3281 578 3311 Sunt
601 3282 686 3311 enirn
711 3282 865 3321 quaedam
890 3283 921 3312 in
939 3283 999 3313 Dei
1019 3284 1160 3314 Ecclesia
1183 3294 1276 3325 quae,
1294 3286 1438 3325 quamvis
1462 3286 1502 3316 ad

441 3325 504 3354 hoc
529 3325 617 3364 quod
638 3331 722 3355 recte
745 3325 836 3362 fiant,
866 3326 946 3356 ultra
975 3327 1137 3358 Pontificis
1166 3329 1351 3368 imperium,
1376 3330 1502 3370 exigant

442 3373 560 3398 rectam
590 3369 731 3408 regulam
761 3370 932 3400 voluntatis
962 3371 1156 3410 imperantis,
1187 3373 1212 3402 si
1243 3378 1349 3403 tamen
1380 3374 1500 3413 absque

442 3417 527 3442 recta
550 3412 657 3452 regula
681 3413 750 3442 solo
772 3413 934 3443 Pontificis
958 3415 1093 3454 imperio
1118 3415 1204 3451 fiant,
1221 3416 1323 3446 valida
1347 3422 1436 3447 sunt:
1462 3417 1500 3447 de

443 3456 558 3495 quibus
590 3457 658 3486 iura
688 3456 798 3486 dicunt
830 3457 918 3496 quod
951 3458 1050 3488 multa
1080 3458 1148 3488 fieri
1179 3460 1388 3499 prohibentur
1419 3470 1501 3501 quae

443 3505 548 3530 tamen
580 3499 660 3530 facta
691 3506 808 3530 tenent.
840 3501 888 3531 De
915 3511 1054 3541 quorum
1085 3512 1220 3533 numero
1251 3510 1325 3533 sunt
1355 3503 1501 3534 distribu-

1562 806 1665 836 tiones
1689 806 1931 843 beneficiorum‚
1956 807 2206 848 dispensationes
2229 809 2510 839 matrimoniorum
2525 809 2559 839 in
2575 819 2627 840 ca-

1563 850 1649 881 sibus
1672 850 1946 891 dispensabilibus‚
1971 857 2002 882 et
2024 852 2147 883 similia.

1618 894 1804 925 Secundum
1827 901 1934 926 autem
1957 906 2075 936 genu5‚
2106 897 2225 927 scilicet
2248 897 2462 928 invalidorum
2492 907 2530 927 ex
2553 897 2624 927 solo

1562 939 1709 978 imperio,
1733 939 1837 970 adhuc
1860 939 2133 980 subdistinguitur.
2158 941 2241 971 Nam
2261 941 2419 981 quaedam
2434 941 2571 972 invalida
2587 951 2625 972 ex

1563 982 1633 1012 solo
1658 983 1793 1023 imperio
1818 985 1938 1024 attingi,
1959 994 2033 1015 cum
2057 985 2130 1021 hoc,
2148 992 2283 1025 possunt
2306 996 2324 1016 a
2346 985 2502 1016 Pontifice
2526 986 2624 1016 verbo

1564 1031 1595 1056 et
1618 1036 1716 1066 opere
1739 1037 1796 1067 per
1819 1029 1903 1058 viam
1927 1027 2016 1059 facti:
2049 1029 2207 1068 quaedam
2229 1039 2305 1060 vero
2330 1036 2404 1060 sunt
2426 1029 2564 1061 invalida
2587 1039 2626 1061 ex

1562 1071 1632 1100 solo
1657 1071 1793 1111 imperio
1818 1081 1911 1111 quae.
1937 1082 2011 1102 cum
2035 1073 2108 1109 hoc,
2133 1083 2191 1113 per
2214 1075 2299 1104 viam
2323 1074 2397 1104 facti
2423 1075 2534 1114 attingi
2557 1084 2626 1105 non

1561 1120 1698 1153 possunt
1721 1124 1829 1154 opere,
1846 1115 1901 1145 sed
1921 1117 2019 1146 verbo
2035 1122 2169 1147 tantum.
2188 1117 2222 1147 In
2238 1119 2342 1157 primo
2359 1119 2505 1149 membro
2529 1119 2625 1149 huius

1561 1157 1786 1188 subdivisionis
1811 1160 1993 1190 continetur
2017 1159 2200 1200 dilapidatio
2218 1162 2379 1192 bonorum
2395 1163 2566 1193 Ecclesiae.
2592 1163 2625 1193 Si

1562 1202 1648 1231 enim
1671 1201 1819 1232 Pontifex
1842 1212 1901 1242 pro
1926 1213 1985 1233 suo
2010 1204 2100 1233 libito
2125 1204 2285 1235 Ecclesiae
2304 1211 2411 1242 terras,
2429 1211 2500 1242 etc.‚
2525 1206 2626 1236 dona-

1560 1250 1617 1280 ret,
1643 1245 1775 1275 donatio
1799 1251 1881 1276 esset
1898 1246 2049 1283 invalida,
2075 1249 2229 1287 quoniam
2245 1249 2313 1288 ipse
2328 1259 2395 1279 non
2412 1255 2459 1279 est
2474 1249 2625 1280 dominus

1561 1290 1723 1319 bonorum
1740 1290 1915 1320 Ecclesiae:
1941 1296 1972 1321 et
1987 1291 2013 1321 si
2029 1290 2113 1322 facto
2130 1297 2162 1322 et
2177 1292 2270 1322 bullis
2286 1299 2421 1332 poneret
2437 1303 2492 1323 eos
2509 1295 2625 1333 quibus

1561 1332 1692 1363 donavit
1715 1334 1748 1363 in
1771 1334 2020 1373 possessionem,
2043 1345 2111 1366 non
2126 1341 2296 1376 propterea
2319 1337 2499 1368 transferret
2521 1337 2626 1368 domi-

1560 1378 1651 1407 nium
1674 1387 1782 1407 rerum
1805 1378 1930 1408 illarum
1954 1379 1987 1409 in
2011 1379 2093 1410 illos.

1616 1421 1651 1451 In
1675 1421 1818 1452 secundo
1843 1428 1950 1453 autem
1974 1424 2120 1454 membro
2145 1426 2327 1455 continetur
2351 1425 2544 1466 dispensatio
2568 1436 2626 1457 vo·

1559 1471 1678 1496 torum.
1704 1466 1737 1496 Si
1761 1466 1847 1496 enim
1870 1473 1983 1497 votum
2008 1469 2157 1498 castitatis
2180 1469 2251 1499 solo
2268 1470 2404 1510 imperio
2428 1480 2446 1500 a
2461 1470 2548 1511 Papa
2563 1470 2625 1501 dis-

1559 1516 1721 1550 pensetur,
1739 1516 1863 1541 constat
1879 1510 2150 1552 dispensationem
2167 1522 2234 1544 esse
2250 1514 2382 1544 nullam.
2399 1514 2445 1545 Et
2460 1515 2543 1545 circa
2558 1516 2626 1546 voti

1558 1554 1726 1585 vinculum
1749 1560 1919 1595 propterea
1937 1565 1995 1596 per
2010 1557 2094 1587 viam
2109 1556 2183 1587 facti
2206 1558 2332 1588 nullum
2348 1564 2454 1589 actum
2477 1559 2626 1591 Pontifex

1558 1599 1689 1629 haberet
1709 1599 1769 1629 nisi
1785 1600 1976 1631 verborum:
2002 1602 2149 1632 executio
2166 1602 2253 1633 enim
2269 1603 2502 1644 cuiuscumque
2519 1605 2625 1644 operis

1558 1643 1719 1674 Pontificii
1753 1653 1790 1674 ex
1814 1644 1884 1675 solo
1909 1645 2045 1685 imperio
2074 1655 2224 1689 emanans
2254 1657 2322 1677 non
2349 1647 2473 1688 attingit
2504 1647 2626 1689 aliquid

1559 1689 1642 1718 circa
1665 1689 1733 1718 voti
1755 1688 1932 1719 vinculum.
2279 1694 2282 1697 ’

1614 1732 1731 1763 Tribus
1755 1733 1850 1773 igitur
1873 1733 2078 1765 existentibus
2101 1732 2270 1775 genejribus
2286 1745 2393 1766 rerum
2408 1737 2624 1768 subiectarum

1559 1776 1790 1817 dispensativae
1812 1778 1962 1817 potestati
1981 1778 2156 1815 Pondficis,
2180 1779 2273 1810 facile
2288 1785 2396 1820 patere
2411 1786 2519 1821 potest
2534 1781 2624 1822 quod

1558 1822 1699 1861 primum
1722 1831 1823 1862 genus
1847 1821 2015 1862 dupliciter
2038 1833 2056 1853 a
2079 1828 2236 1864 potestate
2258 1824 2427 1855 Pontificia
2450 1826 2622 1866 attingitur,

1558 1865 1678 1896 scilicet
1701 1865 1937 1906 dispensatione
1959 1867 2109 1907 regulata,
2135 1873 2165 1898 et
2189 1867 2425 1909 dispensatione
2447 1879 2515 1900 non
2529 1879 2624 1911 regu-

1557 1910 1628 1940 lata.
1655 1928 1675 1932 -
1703 1910 1888 1941 Secundum
1919 1916 2026 1953 autem
2056 1921 2074 1942 a
2103 1918 2260 1952 potestate
2295 1913 2426 1953 quidem
2455 1913 2624 1945 Pontificia

1557 1955 1656 1985 unico
1679 1954 1780 1985 modo
1804 1955 1977 1995 attingitur,
2002 1956 2121 1987 scilicet
2144 1955 2391 1997 dispensatione,
2414 1957 2478 1988 hoc
2506 1963 2553 1989 est
2574 1968 2623 1989 ra-

1557 1999 1702 2029 tionabili
1725 1999 1931 2040 operatione:
1955 1999 2011 2030 sed
2034 2001 2072 2030 ab
2096 2001 2167 2041 ipso
2190 2000 2347 2032 Pontifice
2370 2001 2459 2032 aliter
2481 2001 2521 2033 de
2538 2001 2622 2034 facto

1557 2044 1730 2083 attingitur,
1753 2049 1832 2084 puta
1855 2043 2071 2084 dissipatione,
2092 2044 2328 2085 dilapidatione,
2346 2051 2408 2076 etc.
2429 2064 2454 2068 —
2476 2046 2623 2078 Tertium

1555 2096 1633 2119 vero
1658 2087 1727 2118 sola
1754 2087 2007 2128 dispensatione,
2032 2088 2112 2119 idest
2141 2089 2319 2120 rationabili
2349 2091 2536 2130 operatione
2561 2091 2623 2132 (se-

1557 2132 1653 2163 clusis
1667 2132 1789 2172 verbiS,
1814 2133 1896 2163 sicut
1915 2138 1945 2163 et
1961 2133 1993 2163 in
2010 2132 2178 2174 secundo),
2203 2134 2313 2175 attingi
2328 2139 2435 2175 potest
2449 2140 2515 2166 tarn
2531 2145 2549 2166 a
2563 2145 2623 2176 po-

1555 2182 1670 2208 testate
1692 2175 1861 2208 Pontificia
1884 2186 1982 2217 quam
2006 2177 2044 2207 ab
2068 2178 2139 2218 ipso
2163 2177 2330 2209 Pontifice.

1611 2221 1650 2252 V.
1676 2220 1712 2252 In
1735 2229 1803 2262 'quo
1828 2226 1936 2252 autem
1958 2222 2077 2252 horum
2099 2232 2255 2262 generum
2277 2222 2496 2264 indulgentiae
2519 2225 2622 2256 conti-

1555 2270 1707 2302 neantur,
1732 2265 1824 2296 facile
1848 2271 1895 2296 est
1918 2265 2105 2297 discernere.
2141 2265 2241 2305 Quod
2264 2267 2350 2297 enim
2379 2277 2448 2298 non
2471 2268 2534 2299 sint
2563 2269 2622 2300 sub

1555 2310 1662 2350 primo
1686 2319 1818 2350 genere,
1847 2320 1930 2350 quae
1954 2310 2074 2341 scilicet
2096 2316 2171 2341 sunt
2192 2310 2295 2342 valida
2318 2321 2356 2342 ex
2379 2312 2450 2342 solo
2474 2313 2622 2353 imperio,

1558 2365 1596 2385 ex
1620 2365 1660 2385 eo
1684 2360 1771 2395 patet
1794 2354 1883 2395 quod
1906 2354 1992 2395 Papa
2014 2364 2082 2385 non
2105 2360 2212 2395 potest
2235 2355 2309 2386 dare
2328 2355 2540 2396 indulgentias
2561 2358 2623 2389 hac

1557 2399 1626 2430 sola
1658 2399 1781 2429 ratione
1806 2399 1881 2439 quia
1911 2398 1997 2429 vult:
2033 2404 2064 2429 et
2086 2400 2112 2429 si
2139 2409 2197 2439 pro
2221 2400 2292 2430 solo
2320 2400 2410 2431 libito
2440 2400 2546 2437 daret,
2574 2402 2623 2433 in-

1557 2443 1720 2484 dulgentia
1742 2453 1810 2474 non
1834 2448 1915 2474 esset
1937 2442 2050 2478 valida,
2075 2448 2111 2474 ut
2134 2453 2171 2474 ex
2189 2445 2356 2474 communi
2382 2444 2526 2475 doctrina
2546 2455 2623 2486 sup-

1555 2489 1719 2528 ponimus,
1733 2493 1765 2518 et
1776 2487 1952 2528 aliqualiter
1967 2488 2139 2528 probatum
2156 2493 2203 2518 est
2214 2489 2240 2519 *.
2253 2507 2276 2511 —
2287 2488 2328 2519 Et
2339 2489 2455 2519 iterum
2469 2489 2624 2530 proba'tur

1557 2542 1595 2562 ex
1618 2533 1681 2563 hoc
1712 2531 1802 2572 quod
1825 2532 2011 2562 communia
2040 2532 2201 2563 Ecclesiae
2228 2533 2315 2563 bona
2336 2534 2525 2573 temporalia
2554 2544 2623 2566 non

1555 2581 1662 2616 potest
1685 2575 1832 2606 Pontifex
1849 2575 1979 2612 donare,
1997 2575 2171 2607 donatione
2188 2576 2302 2613 valida,
2319 2587 2358 2608 ex
2372 2578 2436 2608 hoc
2452 2578 2523 2609 solo
2546 2579 2624 2619 quia

1555 2621 1634 2651 vult.
1658 2621 1734 2651 Non
1750 2621 1856 2651 minus
1873 2621 1960 2651 enim
1975 2621 2114 2661 pretiosa
2130 2630 2166 2651 ac
2183 2630 2254 2651 cara
2269 2621 2431 2652 Ecclesiae
2447 2627 2521 2653 sunt
2536 2622 2623 2654 bona

1557 2665 1744 2696 communia
1772 2665 1945 2705 spiritualia
1975 2674 2073 2705 quam
2103 2665 2307 2705 temporalia:
2338 2671 2370 2696 et
2391 2672 2571 2708 propterea,
2595 2668 2622 2698 si

1556 2710 1686 2740 illorum
1710 2709 1842 2740 donatio
1867 2719 1904 2740 ex
1928 2709 1999 2739 solo
2015 2710 2151 2750 imperio
2168 2715 2215 2740 est
2230 2709 2377 2747 invalida,
2401 2711 2505 2741 multo
2521 2711 2622 2752 magis

1556 2754 1694 2784 invalida
1710 2754 1768 2784 erit
1783 2754 1900 2784 horum
1917 2751 2030 2784 effusio
2049 2763 2086 2784 ex
2102 2754 2173 2784 solo
2189 2755 2336 2794 imperio.
2360 2773 2384 2777 -
2405 2755 2474 2786 Nec
2489 2755 2622 2787 solvitur

1556 2799 1635 2829 haec
1658 2799 1738 2828 ratio
1770 2797 1907 2828 dicendo
1938 2797 2028 2838 quod
2057 2798 2188 2828 donatio
2215 2798 2442 2839 temporalium
2473 2805 2520 2830 est
2546 2809 2621 2831 cum

1557 2842 1675 2873 damno
1697 2842 1869 2878 Ecclesiae,
1889 2842 2021 2873 donatio
2037 2852 2114 2873 vero
2130 2843 2247 2873 horum
2263 2843 2475 2883 spiritualium
2491 2849 2538 2874 est
2553 2844 2620 2875 sine

1557 2886 1676 2917 damno
1707 2887 1879 2917 Ecclesiae.
1914 2886 1998 2917 Nam
2031 2887 2147 2917 habere
2178 2886 2332 2918 damnum
2362 2897 2539 2924 annexum,
2569 2888 2621 2919 vel

1557 2941 1663 2962 carere
1686 2941 1811 2961 annexo
1831 2930 1960 2968 damno,
1978 2940 2035 2971 per
2050 2930 2196 2962 accidens
2212 2941 2246 2962 se
2261 2931 2356 2962 habet
2374 2931 2413 2962 ad
2428 2936 2620 2972 potestatem

1557 2975 1821 3016 dispensativam:
1845 2980 1881 3005 ut
1903 2980 1990 3015 patet
2013 2985 2050 3005 ex
2073 2976 2136 3006 hoc
2160 2974 2249 3015 quod
2265 2976 2360 3006 etiam
2378 2976 2412 3006 in
2428 2975 2619 3015 quibusdam

1556 3021 1745 3052 habentibus
1773 3029 1934 3050 annexum
1964 3019 2118 3050 damnum
2141 3019 2303 3050 Ecclesiae
2330 3019 2462 3050 donatio
2487 3029 2524 3050 ex
2547 3021 2618 3051 solo

1555 3066 1692 3106 imperio
1718 3070 1764 3095 est
1786 3063 1903 3100 valida,
1928 3069 1964 3094 ut
1987 3058 2149 3095 attestatur
2171 3063 2350 3094 distributio
2374 3063 2618 3103 praelationum.

1556 3109 1650 3140 Unde
1672 3119 1740 3140 non
1763 3118 1862 3149 penes
1886 3107 2040 3139 damnum
2063 3108 2113 3139 vel
2128 3117 2196 3138 non
2212 3107 2366 3138 damnum
2385 3107 2556 3139 attenditur
2571 3109 2618 3140 vis

1555 3154 1718 3194 potestatis
1743 3153 1982 3193 dispensativae.

1611 3198 1696 3236 Quia
1718 3198 1814 3238 igitur
1837 3197 2023 3227 communia
2046 3195 2207 3226 Ecclesiae
2230 3196 2316 3226 bona
2345 3205 2383 3226 ex
2407 3196 2524 3236 quibus
2551 3196 2618 3228 effi-

1555 3252 1645 3272 caces
1668 3247 1742 3272 sunt
1763 3241 1995 3281 indulgentiae,
2030 3249 2098 3270 non
2125 3240 2330 3270 continentur
2353 3240 2411 3270 sub
2435 3241 2540 3280 primo
2563 3251 2618 3281 ge-

1555 3296 1650 3322 nere;
1675 3291 1706 3316 et
1730 3295 1747 3315 a
1770 3284 1913 3316 secundo
1936 3293 2052 3324 genere
2076 3293 2114 3314 ex
2137 3285 2199 3314 hoc
2224 3283 2340 3314 distant
2356 3284 2445 3324 quod
2460 3294 2518 3324 per
2532 3286 2617 3316 viam

1555 3329 1629 3360 facti
1652 3329 1779 3360 nullum
1803 3329 1923 3369 operis,
1953 3328 2008 3359 sed
2031 3328 2129 3358 solius
2153 3328 2240 3358 verbi
2263 3334 2370 3358 actum
2393 3328 2479 3368 Papa
2501 3329 2617 3360 habere

1555 3379 1660 3413 potest
1684 3374 1766 3404 circa
1788 3373 1850 3409 illa,
1874 3382 1942 3402 non
1966 3372 2051 3402 enim
2074 3377 2180 3411 potest
2202 3371 2368 3403 transferre
2384 3374 2617 3412 possessorium

1556 3417 1594 3447 de
1619 3417 1703 3447 facto
1726 3417 1843 3447 horum
1867 3417 2039 3451 bonorum,
2064 3416 2145 3446 sicut
2168 3422 2274 3456 potest
2293 3422 2439 3456 respectu
2456 3422 2617 3458 tempora-

1555 3461 1653 3491 lium:
1687 3466 1781 3491 restat
1810 3466 1846 3490 ut
1874 3461 1932 3491 sub
1956 3460 2049 3490 tertio
2076 3469 2192 3499 genere
2222 3461 2388 3491 thesaurus
2416 3462 2618 3492 contineatur

1556 3504 1836 3544 indulgentiarum.

2649 2500 2661 2511 ⁹
2667 2490 2745 2522 Num.
2759 2505 2786 2522 n.

2911 3607 2918 3655 ..—.
2912 3574 2918 3601 ..n
2907 3506 2918 3563 ...A
