2918 4088
0 382 23 407 ’Ξ
91 406 208 429 ·‹:f.m.

89 434 112 445 ··
127 432 194 455 Vm.
222 412 273 434 ”q

89 808 302 863 ἰ’νῗιῖἿιῐιὲἓἙ

88 860 158 884 hu.
171 861 240 884 Doni.
249 861 300 889 vu,

82 2564 96 2574 ·
103 2562 141 2584 Ρι.
149 2567 197 2589 αι,
206 2567 266 2585 ven.
274 2569 297 2590 ⁴·

61 2757 64 2762 ⁴
83 2724 237 2776 :ganisa-p.
251 2731 298 2753 '‘¹'’

85 2985 179 3009 ‘vum
193 2991 214 3010 s.

45 3158 48 3163 ι
86 3124 147 3148 “lq-

26 3190 56 3207 ¹.
85 3179 299 3210 *M,cap.xv1.

985 174 1247 221 QUAESTIO
1277 173 1447 221 LXXIII,
1477 173 1769 211 ARTICULUS
1797 175 1846 211 VI

329 251 434 301 apud
453 251 631 289 homines
650 263 731 288 esse
752 252 908 301 aliquod
928 251 1293 301 repraesentativum
1311 251 1388 287 Do-

2428 176 2498 224 143

1440 253 1574 288 trimur
1591 263 1641 288 ex
1659 253 1787 300 quihus
1804 264 1941 298 sumus,
1964 265 2043 289 non
2068 261 2197 291 tamen
2218 255 2358 291 eodem
2378 255 2499 292 modo

329 302 493 341 minicae
521 303 719 353 passionis.
764 304 884 342 Cuius
912 305 952 342 in
979 304 1098 342 veteri
1125 304 1285 354 quidem
1312 304 1388 339 Te·
1441 304 1553 341 nobis
1581 303 1883 341 advenientibus.
1913 306 2016 341 Nam
2046 317 2090 342 ea
2117 318 2162 343 ex
2183 307 2323 355 quibus
2350 319 2498 354 sumus,

329 363 518 394 stamento
553 356 807 406 praecipuum
843 364 1127 394 sacramentum
1161 363 1240 393 erat
1267 366 1387 404 agnus
1442 356 1554 393 nobis
1571 356 1783 393 adveniunt
1801 369 1870 406 per
1883 357 2185 404 generationem:
2207 360 2343 396 eadem
2357 368 2498 407 autem,

328 409 517 458 paschalis
534 409 575 446 *z
611 410 716 447 unde
740 417 776 447 et
802 411 1010 459 Apostolus
1035 409 1134 456 dicit,
1155 410 1170 446 1
1191 410 1278 446 Cor.
1293 407 1385 444 ν**;

327 463 473 499 Pascha
501 468 666 500 nostrum
695 463 904 500 immolatus
923 468 974 499 est
995 463 1169 500 Christus.
1200 459 1389 498 Successit

329 521 458 552 autem
495 514 529 552 ei
556 515 596 552 in
623 527 729 552 novo
757 515 1005 552 Testamento
1043 513 1302 552 Eucharistiae
1330 525 1388 549 sa—

328 574 581 615 cramentum,
605 568 713 617 quod
732 575 788 605 est
805 566 1146 605 rememorativum
1165 565 1387 615 praeteritae

328 619 529 670 passionis,
562 620 659 658 sicut
685 627 722 657 et
749 620 842 657 illud
868 619 938 657 fuit
963 618 1304 668 praefigurativum
1331 618 1387 655 fu-

328 680 447 710 turae.
486 674 535 711 Et
561 673 649 712 ideo
677 672 912 710 conveniens
939 671 1022 719 fuit,
1051 670 1276 708 imminente
1304 683 1387 719 pas-

328 725 458 773 sione,
476 726 666 763 celebrato
690 725 808 776 priori
826 731 1077 771 sacramento,
1097 735 1247 761 novum
1266 735 1388 761 sacra-

328 786 502 816 mentum
532 778 724 816 instituere
742 783 771 827 Υ,
799 785 842 814 ut
868 778 950 814 Leo
979 778 1084 826 Papa
1101 777 1123 799 '¹‘
1149 776 1248 814 dicit.

380 831 524 878 Tertio,
552 831 644 880 quia
661 842 708 868 ea
726 841 826 880 quae
844 830 981 867 ultimo
999 830 1190 874 dicuntur,
1219 829 1387 867 maxime

327 883 376 921 ab
404 883 536 922 amicis
563 883 848 930 recedentibus,
883 882 1004 931 magis
1038 881 1249 920 memoriae
1282 894 1388 920 com-

327 936 578 974 mendantur:
607 935 830 986 praesertim
858 935 949 985 quia
975 943 1067 973 tunc
1094 935 1214 984 magis
1237 934 1388 973 inflam-

327 996 454 1027 matur
472 990 631 1027 affectus
650 988 699 1026 ad
718 988 875 1034 amicos,
896 1000 942 1025 ea
961 1000 1054 1025 vero
1073 988 1122 1025 ad
1142 1000 1241 1037 quae
1268 988 1389 1036 magis

327 1041 528 1089 afficimur,
556 1041 785 1092 profundius
813 1041 944 1078 animo
970 1040 1255 1091 imprimuntur.
1286 1041 1389 1088 Quia

326 1094 457 1144 igitur,
485 1102 528 1132 ut
564 1095 698 1133 beatus
734 1094 951 1132 Alexander
982 1095 1088 1144 Papa
1113 1094 1134 1116 *
1161 1094 1269 1140 dicit,
1299 1095 1390 1132 nihil

326 1149 364 1185 in
397 1150 590 1196 sacrificiis
626 1149 748 1186 maius
783 1161 860 1185 esse
889 1153 1008 1198 potest
1042 1160 1153 1198 quam
1188 1160 1323 1196 corpus
1355 1154 1388 1185 et

325 1203 480 1252 sanguis
511 1202 662 1248 Christi,
698 1213 766 1238 nec
793 1202 868 1238 ulla
897 1201 1031 1238 oblatio
1066 1202 1137 1238 hac
1165 1203 1292 1250 potior
1325 1207 1387 1247 est,

325 1253 426 1302 ideo,
455 1262 497 1292 ut
524 1254 564 1291 in
586 1254 724 1292 maiori
742 1253 988 1291 veneratione
1016 1254 1231 1299 haberetur,
1253 1254 1387 1291 Domi—

326 1319 401 1344 nus
429 1307 468 1344 in
495 1307 632 1350 ultimo
660 1306 829 1345 discessu
857 1319 929 1344 suo
957 1319 980 1343 a
1008 1306 1201 1356 discipulis
1229 1307 1305 1344 hoc
1332 1319 1388 1344 sa-

325 1368 567 1398 cramentum
595 1360 761 1397 instituit.
791 1362 840 1398 Et
858 1361 1007 1398 hoc·est
1026 1361 1132 1409 quod
1151 1360 1387 1409 Augustinus

325 1404 427 1460 dffit,
447 1413 487 1450 in
506 1413 603 1450 libro
621 1415 919 1463 Responsionum
938 1414 989 1450 ad
1004 1414 1227 1450 Ianuarium
1241 1413 1276 1450 *z
1307 1414 1387 1451 Sal·
1401 1449 1409 1454 ,

324 1471 443 1512 vator,
460 1479 531 1516 quo
549 1467 796 1504 vehementius
813 1466 1089 1504 commendaret
1107 1467 1276 1514 mysterii
1292 1467 1396 1503 illius.

324 1519 570 1565 altitudinem,
590 1519 767 1569 *ultimum
794 1521 865 1556 hoc
890 1519 1005 1558 voluit
1031 1520 1189 1568 infigere
1216 1519 1387 1556 cordibus

270 1576 272 1578 '
324 1577 359 1608 et
375 1574 580 1609 memoriae
601 1572 876 1621 discipulorum,
896 1585 920 1609 a
948 1573 1077 1621 quibus
1104 1572 1155 1608 ad
1172 1573 1386 1621 passionem

323 1624 546 1662 discessurus
572 1630 662 1661 erat.
874 1667 877 1669 ,

374 1677 433 1715 AD
461 1689 596 1715 ramum
624 1689 722 1714 ERGO
750 1689 932 1714 DICENDUM
960 1676 1067 1726 quod
1091 1689 1140 1713 ex
1157 1677 1292 1713 eisdem
1321 1690 1384 1714 nu-

374 1807 402 1842 γ)
422 1807 600 1834 imminente...
619 1808 769 1834 instituere.
780 1822 800 1827 -
818 1812 848 1833 ut
866 1808 1046 1834 imminente...
1065 1809 1216 1834 institueret
1235 1808 1284 1833 GsI
1297 1813 1322 1833 et
1335 1809 1388 1834 edi-

321 1845 414 1870 tiones.
434 1843 485 1868 Pro
504 1847 535 1868 ut
551 1844 606 1869 Leo
626 1851 702 1877 papa
726 1844 799 1873 dicit,
819 1844 890 1869 unde
908 1844 962 1869 Leo
984 1851 1059 1876 papa
1085 1844 1150 1869 dicit
1174 1851 1266 1868 omnes
1285 1849 1388 1876 praeter

322 1879 387 1910 <3⁸13
406 1883 466 1912 post
484 1879 550 1905 dicit
566 1880 593 1904 in
611 1880 654 1904 BC
673 1880 790 1912 sequitur
808 1884 873 1912 spat.
892 1887 948 1904 vac.
966 1880 1076 1905 duarum
1099 1880 1240 1910 linearum;
1260 1879 1342 1909 PFac,
1363 1885 1389 1905 et

322 1915 359 1941 sC
377 1922 455 1940 manu
479 1922 532 1940 non
558 1915 670 1948 antiqua,
696 1915 807 1940 addunt:
831 1915 858 1940 in
880 1922 1002 1940 sermone
1026 1915 1058 1940 de
1078 1915 1167 1940 Coena
1191 1915 1303 1940 Domini
1321 1914 1387 1948 (in...

324 1950 435 1976 Domini
457 1958 510 1975 om.
534 1951 579 1984 Pc)
608 1951 680 1983 quod
707 1955 737 1976 ut
763 1951 847 1983 (quod
870 1951 957 1982 ubic)
983 1951 1092 1976 umbrae
1119 1950 1243 1976 cederent
1269 1951 1386 1982 corpori,

322 1986 435 2020 antiqua
452 1986 622 2012 observantia
641 1993 709 2011 nouo
728 1986 885 2011 excluditur
908 1989 1077 2012 sacramento
1084 1993 1093 2015 ,·
1117 1986 1204 2011 hostia
1224 1986 1250 2010 in
1273 1986 1387 2011 hostiam

1441 409 1671 458 inquantum
1699 421 1746 446 ex
1765 409 1818 447 eis
1837 410 2039 454 nutrimur,
2067 410 2178 447 nobis
2196 411 2406 448 adveniunt
2432 425 2501 461 per

1441 461 1793 499 manducationem.
1829 462 1941 499 Unde
1969 469 2017 508 et,
2047 462 2142 499 sicut
2169 475 2238 511 per
2265 463 2500 512 baptismum

1442 526 1712 562 regeneramur
1748 514 1788 551 in
1826 515 1998 561 Christo,
2037 514 2086 551 ita
2122 527 2191 564 per
2223 515 2500 554 Eucharistiam

1442 567 1726 604 manducamus
1755 567 1964 604 Christum.

1494 621 1552 656 An
1593 631 1781 657 secunaum
1817 632 1999 657 memnon
2034 621 2142 669 quod
2179 620 2415 657 Eucharistia
2447 628 2502 658 est

1442 679 1725 710 sacramentum
1743 673 1955 722 perfectum
1969 672 2193 710 Dominicae
2208 673 2406 722 passionis,
2421 681 2501 710 tan-

1442 736 1562 774 quam
1580 725 1780 762 continens
1799 725 1928 775 ipsum
1949 725 2145 762 Christum
2161 737 2330 775 passum.
2352 726 2400 762 Et
2414 726 2500 764 ideo

1442 790 1522 815 non
1549 778 1674 827 potuit
1701 778 1842 816 institui
1861 786 1948 815 ante
1968 777 2290 815 incarnationem:
2320 779 2387 815 sed
2410 786 2502 816 tunc

1442 831 1635 868 habebant
1662 833 1793 868 locum
1820 838 2057 868 sacramenta
2091 843 2192 880 quae
2219 839 2326 868 erant
2352 839 2502 869 tantum

1442 883 1736 934 praefigurativa
1763 884 1990 921 Dominicae
2018 884 2217 933 passionis.

1495 938 1552 974 An
1579 949 1737 975 TERTmM
1769 949 1949 975 DICENDUM
1969 937 2076 986 quod
2104 944 2386 974 sacramentum
2409 936 2501 974 illud

1441 989 1510 1027 fuit
1538 989 1752 1027 institutum
1780 990 1820 1027 in
1849 990 1956 1027 Cena
1982 997 2025 1027 ut
2048 989 2087 1027 in
2105 990 2278 1027 futurum
2306 997 2403 1027 esset
2421 1002 2501 1027 me-

1442 1042 1601 1080 moriale
1621 1041 1635 1065 ⁶
1657 1043 1884 1080 Dominicae
1903 1042 2102 1092 passionis,
2123 1055 2168 1080 ea
2186 1043 2360 1092 perfecta.
2390 1039 2509 1080 Unde

1442 1096 1632 1144 signanter
1659 1095 1765 1133 dicit:
1786 1097 1896 1134 Haec
1915 1098 2209 1146 quotiescumque
2219 1096 2388 1144 feceritis
2400 1095 2432 1143 *,
2452 1096 2500 1134 de

1441 1149 1569 1186 futuro
1598 1150 1772 1198 loquens.

1493 1203 1552 1239 An
1574 1214 1745 1244 QUARTUM
1766 1214 1946 1239 mcssNDuM
1970 1202 2076 1251 quod
2095 1201 2276 1238 institutio
2296 1202 2502 1251 respondet

1442 1255 1567 1292 ordini
1594 1254 1824 1292 intentionis.
1855 1256 2148 1292 Sacramentum
2167 1262 2296 1291 autem
2316 1254 2500 1292 Euchari-

1441 1308 1552 1355 stiae,
1582 1308 1759 1357 quamvis
1794 1305 1840 1344 sit
1866 1307 2054 1357 posterius
2081 1307 2272 1356 baptismo
2304 1307 2343 1343 in
2371 1319 2500 1357 perce-

1440 1361 1591 1410 ptione,
1628 1368 1683 1397 est
1709 1368 1839 1398 tamen
1873 1360 1979 1410 prius
2006 1360 2046 1397 in
2074 1359 2293 1397 intentione.
2338 1361 2385 1397 Et
2412 1360 2499 1398 ideo

1441 1413 1573 1451 debuit
1599 1413 1706 1462 prius
1733 1413 1887 1450 institui.

1493 1468 1564 1504 Vel
1589 1474 1715 1515 potest
1742 1466 1816 1503 dici
1844 1467 1951 1515 quod
1979 1466 2191 1515 baptismus
2210 1466 2288 1502 iam
2307 1473 2386 1502 erat
2404 1471 2416 1487 ⁸
2444 1466 2500 1503 in-

1440 1519 1589 1556 stitutus
1626 1519 1665 1555 in
1693 1519 1777 1568 ipso
1807 1519 1946 1556 Christi
1973 1519 2176 1568 baptismo.
2218 1518 2330 1556 Unde
2359 1526 2395 1555 et
2422 1518 2500 1556 iam

1440 1571 1557 1621 aliqui
1591 1571 1675 1620 ipso
1705 1571 1844 1608 Christi
1871 1571 2062 1621 baptismo
2097 1579 2204 1608 erant
2230 1571 2424 1620 baptizati,
2458 1579 2500 1609 ut

1440 1624 1574 1672 legitur
1601 1626 1704 1661 Ioan.
1726 1637 1758 1661 111
1776 1624 1807 1661 ³³.

1441 1808 1542 1833 transit
1553 1806 1664 1841 (transit
1677 1808 1703 1833 in
1717 1808 1831 1833 hostiam
1845 1807 1891 1841 sC)
1904 1808 2015 1841 sanguis
2034 1808 2164 1841 sanguine
2177 1806 2318 1841 (sanguine
2331 1808 2442 1841 sanguis
2455 1807 2500 1839 Pc)

1440 1845 1566 1878 aufertur
1588 1847 1615 1869 et
1639 1844 1734 1877 legalis
1751 1843 1888 1877 festivitas
1907 1844 1970 1868 dum
1998 1846 2118 1868 mutatur
2142 1844 2276 1875 impletur.
2297 1843 2363 1869 Vide
2382 1844 2441 1869 Vol.
2466 1844 2499 1868 Xl

1440 1879 1523 1904 Praef.
1543 1887 1568 1904 n.
1589 1879 1621 1904 25
1641 1886 1730 1904 nomm
1749 1879 1867 1904 codicum
1885 1879 2023 1903 Brixiensis
2042 1884 2067 1904 et
2085 1879 2259 1904 Ambrosiani.

1493 1913 1518 1948 δ)
1538 1915 1699 1940 memoriale.
1718 1929 1738 1933 -
1755 1915 1835 1939 EFsD
1855 1920 1880 1939 et
1897 1914 1985 1944 tertia;
2005 1915 2133 1939 memoria
2152 1915 2192 1940 ed.
2208 1922 2233 1944 a,
2253 1915 2396 1939 memoriae
2414 1914 2500 1940 ceteri.

1494 1950 1517 1984 ε)
1536 1954 1603 1976 erat.
1622 1965 1642 1969 -
1659 1950 1812 1983 aliqualiter
1831 1953 1890 1975 erat
1902 1950 1919 1980 1,
1932 1953 1992 1975 erat
2010 1950 2165 1982 aliqualiter
2178 1950 2246 1975 PsG.
2258 1964 2277 1969 -
2289 1951 2311 1974 A
2323 1958 2376 1974 om.
2399 1950 2500 1975 Unde...

1442 1986 1580 2018 baptismo.

1133 2138 1453 2182 ARTICULUS
1483 2139 1693 2181 SEXTUS

573 2233 730 2265 UTRUM
752 2232 898 2264 AGNUS
920 2231 1157 2263 PASCHALIS
1179 2218 1340 2263 FUERIT
1362 2231 1607 2263 PRAECIPUA
1628 2230 1791 2263 FIGURA
1814 2231 1945 2263 HUIUS
1968 2231 2249 2263 SACRAMENTI

694 2312 786 2345 Supra,
806 2319 851 2344 qu.
870 2318 920 2342 m,
939 2315 987 2336 art.
1008 2310 1030 2341 3,
1050 2311 1082 2335 ad
1102 2310 1130 2342 3;
1150 2309 1222 2339 infra,
1241 2318 1290 2343 qu.
1305 2318 1376 2342 ιω,
1395 2314 1442 2336 art.
1463 2316 1506 2341 m,
1523 2310 1556 2334 ad
1577 2316 1607 2340 ²3
1626 2309 1660 2334 lV
1680 2309 1762 2339 Sent.‚
1782 2309 1842 2334 dist.
1859 2316 1917 2340 vm,
1937 2317 1982 2341 qu.
2000 2317 2017 2340 1,
2037 2314 2084 2334 art.
2105 2317 2129 2335 2.

497 2411 511 2416 “
534 2415 557 2440 n
585 2415 727 2440 snx’rum
755 2414 808 2440 Sic
831 2413 1068 2440 PROCEDITUR.
1098 2401 1260 2439 Videtur
1278 2401 1386 2450 quod

487 2502 495 2514 l
535 2468 656 2505 agnus
691 2455 880 2505 paschalis
921 2467 1002 2492 non
1034 2454 1145 2492 fuerit
1179 2454 1386 2504 praecipua

324 2666 437 2716 gessit
463 2667 628 2715 figuram
660 2666 832 2704 sacrificii
861 2667 1016 2712 Christi,
1055 2667 1216 2716 offerens
1244 2679 1384 2716 panem

325 2726 360 2757 et
386 2722 512 2758 vinum
530 2720 561 2757 ²¹².
592 2720 669 2758 Sed
688 2720 880 2769 expressio
901 2720 1155 2757 similitudinis
1173 2719 1259 2756 facit
1278 2719 1385 2768 quod

324 2785 451 2810 unum
479 2774 527 2810 ab
556 2773 629 2810 alio
658 2774 940 2811 denominetur.
970 2774 1072 2821 Ergo
1100 2773 1252 2809 videtur
1279 2772 1385 2821 quod

325 2826 467 2864 oblatio
495 2826 780 2864 Melchisedech
807 2827 918 2864 fuerit
944 2825 1142 2876 potissima
1164 2825 1288 2873 figura
1315 2825 1386 2861 hu-

325 2891 385 2917 ius
413 2887 650 2917 sacramenn.

380 2944 415 2970 2.
445 2933 677 2977 PRAETEREA,
706 2932 883 2969 transitus
911 2931 1026 2968 maris
1046 2930 1151 2968 rubri
1177 2930 1246 2967 fuit
1264 2929 1387 2978 figura

324 2985 522 3036 baptismi:
552 2985 768 3023 secundum
796 2985 889 3022 illud
910 2986 923 3021 I
947 2985 1034 3021 Cor.
1055 2997 1078 3021 x
1096 2984 1134 3020 *z
1170 2983 1305 3020 Omnes
1323 2985 1386 3020 ba-

320 3040 448 3089 ptizati
471 3045 556 3076 sunt
590 3040 627 3075 in
657 3040 754 3075 nube
787 3044 820 3075 et
847 3041 884 3075 in
913 3039 1021 3075 mari.
1066 3036 1142 3074 Sed
1175 3035 1387 3073 immolatio

199 3098 251 3122 0⁸¹²·
265 3099 300 3116 ¹¹¹
326 3091 413 3140 agni
440 3091 629 3141 paschalis
651 3091 855 3141 praecessit
873 3090 1075 3127 transitum
1094 3089 1210 3126 maris
1229 3088 1335 3125 rubri
1349 3089 1385 3126 *z

326 3156 446 3194 quem
464 3145 715 3182 subsecutum
731 3150 748 3166 α
762 3151 818 3181 est
836 3156 980 3181 manna
993 3143 1024 3190 ²¹²,
1041 3142 1137 3179 sicut
1151 3141 1388 3179 Eucharistia

326 3197 499 3247 sequitur
516 3197 764 3246 baptismum.
795 3198 896 3245 Ergo
923 3208 1067 3233 manna
1095 3203 1150 3232 est
1174 3195 1388 3244 expressior

326 3249 450 3298 figura
473 3250 589 3287 huius
608 3250 835 3287 sacramenti
854 3262 973 3299 quarn
994 3261 1115 3298 agnus
1133 3247 1332 3298 paschalis.

382 3303 415 3340 3.
432 3304 662 3351 PRAETEREA,
677 3303 875 3353 potissima
888 3302 1008 3340 virtus
1023 3301 1138 3339 huius
1161 3300 1387 3338 sacramenti

327 3363 382 3392 est
418 3356 526 3405 quod
562 3355 766 3394 introducit
801 3368 873 3393 nos
909 3356 949 3393 in
983 3367 1145 3403 regnum
1177 3355 1385 3400 caelorum,

381 3487 410 3522 α)
428 3488 602 3514 subsecutum.
620 3503 639 3507 -
656 3488 742 3514 Tertia
761 3493 786 3513 et
804 3496 836 3519 a,·
855 3488 1016 3513 subsecutus.

1439 2401 1535 2438 sicut
1563 2401 1762 2450 quoddam
1780 2400 1974 2438 viaticum.
2006 2400 2082 2438 Sed
2109 2401 2185 2438 hoc
2212 2400 2378 2438 maxime
2406 2401 2500 2450 figu-

1440 2462 1567 2491 ratum
1603 2454 1672 2491 fuit
1707 2453 1747 2490 in
1782 2461 2021 2490 sacramento
2055 2453 2297 2503 expiationis,
2341 2455 2499 2503 quando

1433 2508 1607 2557 pontifex
1634 2509 1794 2544 intrabat
1820 2507 1934 2543 semel
1951 2508 1988 2544 in
2008 2519 2109 2544 anno
2138 2519 2223 2543 cum
2250 2509 2435 2556 sanguine
2462 2509 2498 2544 in

1438 2567 1567 2598 sancta
1585 2566 1817 2597 sanctorum:
1839 2559 1935 2596 sicut
1949 2561 2157 2609 Apostolus
2175 2560 2323 2609 probat,
2343 2561 2497 2598 Heh.1x.

1440 2614 1542 2662 Ergo
1576 2612 1728 2650 videtur
1761 2613 1868 2662 quod
1902 2612 1995 2649 illud
2031 2612 2261 2649 sacrificium
2294 2612 2406 2650 fuerit
2437 2625 2499 2650 ex-

1439 2666 1606 2716 pressior
1627 2666 1751 2714 figura
1769 2665 1884 2702 huius
1903 2666 2129 2703 sacramenti
2157 2677 2276 2714 quam
2295 2677 2415 2714 agnus
2433 2678 2499 2715 pa-

1441 2719 1588 2756 schalis.

1495 2773 1569 2809 SED
1589 2784 1733 2809 CONTRA
1753 2784 1819 2808 EST
1837 2771 1945 2820 quod
1959 2772 2167 2820 Apostolus
2187 2771 2286 2816 dicit,
2302 2772 2316 2807 I
2331 2771 2497 2808 Cor.v*:

1439 2826 1584 2861 Pascha
1619 2831 1784 2862 nostrum
1819 2825 2029 2861 immolatus
2063 2830 2114 2860 est
2151 2825 2324 2860 Christus.
2370 2825 2500 2872 Itaque

1440 2878 1633 2926 epulemur
1660 2879 1696 2914 in
1725 2879 1872 2926 azymis
1897 2878 2113 2913 sinceritatis
2140 2882 2174 2912 et
2199 2877 2370 2914 veritatis.

1494 2931 1718 2967 Rsssponnsso
1746 2941 1927 2967 monimum
1955 2929 2062 2978 quod
2090 2928 2130 2965 in
2158 2929 2234 2965 hoc
2260 2936 2498 2966 sacramento

1441 2982 1511 3019 tria
1538 2982 1779 3019 considerare
1806 2994 2035 3031 possumus:
2074 2981 2213 3018 scilicet
2243 2980 2282 3017 id
2310 2981 2417 3030 quod
2445 2989 2501 3018 est

1442 3043 1725 3072 sacramentum
1752 3042 1912 3082 tantum,
1933 3034 2071 3071 scilicet
2097 3034 2206 3083 panis
2226 3041 2262 3070 et
2280 3033 2434 3080 vinum;
2465 3042 2501 3070 et

1442 3088 1481 3125 id
1509 3089 1617 3137 quod
1645 3096 1700 3125 est
1727 3100 1787 3125 res
1815 3095 1851 3124 et
1869 3095 2165 3132 sacramentum,
2195 3086 2333 3123 scilicet
2359 3098 2500 3136 corpus

1444 3140 1583 3178 Christi
1611 3153 1769 3187 verum;
1807 3148 1842 3177 et
1870 3140 1909 3177 id
1937 3141 2043 3189 quod
2071 3147 2127 3177 est
2154 3151 2213 3176 res
2240 3147 2402 3185 tantum,
2431 3139 2500 3176 sci-

1442 3194 1527 3231 licet
1546 3194 1704 3231 effectus
1723 3193 1839 3230 huius
1858 3192 2086 3230 sacramenti
2099 3192 2130 3229 *.
2160 3193 2362 3239 Quantum
2391 3192 2501 3240 igitur
2528 3195 2725 3224 ‘Mas-NSentu

2529 3222 2582 3244 dist.
2603 3228 2652 3248 vni,
2674 3229 2725 3250 cap.

1441 3247 1490 3284 ad
1518 3247 1558 3284 id
1586 3247 1693 3296 quod
1721 3254 1776 3283 est
1803 3254 2087 3283 sacramentum
2114 3253 2275 3290 tantum,
2304 3245 2502 3294 potissima
2528 3249 2659 3302 ggncggfd
2669 3249 2725 3297 ¹323

1440 3299 1563 3348 figura
1582 3299 1650 3336 suit
1669 3299 1784 3336 huius
1804 3299 2029 3336 sacramenti
2049 3298 2190 3336 oblatio
2205 3297 2499 3345 Melchisedech,
2528 3301 2726 3350 ss'ffl'ffiggec‘*

1441 3353 1508 3402 qui
1535 3353 1660 3390 obtulit
1682 3365 1821 3403 panem
1842 3359 1874 3389 et
1892 3354 2019 3390 vinum
2038 3352 2068 3389 ³¹⁶.
2099 3374 2123 3378 -
2152 3352 2353 3399 Quantum
2372 3358 2500 3388 autem
2529 3356 2538 3365 ·
2553 3354 2588 3376 Cf·
2603 3360 2650 3382 ars·
2667 3362 2684 3376 ¹·

2528 1096 2539 1106 ·
2546 1095 2571 1116 In
2579 1095 2674 1118 Quone
2681 1095 2740 1118 Mis·

2527 1629 2538 1640 ’
2552 1627 2618 1650 Vers.
2633 1633 2668 1650 22.

2527 2775 2537 2785 ·
2552 2774 2618 2796 vers.
2632 2780 2653 2801 7,
2668 2774 2689 2796 8.
