2918 4088
211 1087 222 1098 ·
236 1085 306 1108 Νιιιιι.
320 1091 359 1107 xx.

211 1217 221 1227 '
236 1215 304 1237 Num.
319 1220 354 1236 ιιι.

212 2410 223 2420 “
242 2407 301 2430 ibid.
308 2423 320 2434 ,.
335 2407 424 2430 Secum-

212 2434 267 2456 dam
281 2440 344 2456 vero.

451 216 499 252 88

452 294 576 330 cundo,
608 293 681 324 dato
706 293 796 334 quod
817 294 970 330 irritetur,
995 293 1099 334 quod,
1125 293 1251 323 duobus
1274 291 1451 321 commissis
1475 290 1507 319 in

451 338 503 368 illa
527 338 728 368 ordinatione
751 339 908 369 erroribus
939 338 982 368 ibi
1005 338 1156 372 recitatis,
1185 336 1303 366 scilicet
1330 333 1418 374 quod
1442 333 1508 372 epi-

451 391 570 422 scopus
593 382 779 422 imponebat
794 391 907 412 manus
929 387 959 412 et
975 382 1053 412 alius
1070 380 1324 410 benedictionem
1344 377 1436 407 dabat
1452 385 1508 406 seu

451 427 585 466 legebat,
610 432 642 457 et
664 426 753 466 quod
775 427 909 456 istorum
934 426 1072 456 duorum
1095 432 1178 454 unus
1202 428 1266 452 erat
1285 422 1454 470 episcopus
1478 424 1509 470 et

452 471 529 501 alter
551 471 725 511 presbyter,
750 470 851 500 littera
873 479 940 500 non
957 469 1091 508 explicat
1113 476 1171 506 pro
1189 474 1282 496 causa
1298 465 1509 514 damnanonis

451 515 551 555 magis
582 515 722 555 primum
750 523 888 544 errorem
919 521 1016 553 quam
1039 510 1226 541 secundum.
1262 509 1399 538 Deberet
1423 516 1508 537 enim

451 559 593 589 minister
616 558 735 589 ordinis
757 558 846 593 sacri,
866 558 891 587 si
920 566 956 587 ex
980 556 1102 585 duabus
1125 555 1331 592 integraretur
1353 552 1508 592 personis,

452 612 644 642 consurgere
674 611 711 632 ex
740 601 866 632 duobus
895 600 1069 640 episcopis,
1094 603 1125 628 et
1148 605 1214 626 non
1238 605 1276 626 ex
1300 596 1454 635 episcopo
1479 600 1510 626 et

451 647 653 687 presbytero:
679 646 832 686 quoniam
855 644 914 674 soli
934 643 1087 683 episcopo
1112 640 1261 671 convenit
1285 647 1408 669 sacrum
1426 639 1510 670 ordi-

451 700 526 721 nem
551 690 704 720 conferre.

506 734 557 764 Ad
588 734 806 764 auctoritatem
836 740 912 761 vero
944 739 980 759 ex
1008 728 1182 767 Evangelio
1213 727 1327 758 dicitur
1360 727 1449 767 quod
1471 737 1509 758 ex

451 779 583 809 Domini
606 778 709 808 verbis
736 785 803 806 non
826 776 958 805 habetur
986 773 1222 803 invocationem
1246 771 1409 802 Trinitatis
1434 778 1511 812 pro-

451 822 524 852 ferri
548 821 663 852 debere
685 821 724 850 ab
748 820 909 850 abluente:
935 816 990 847 sed
1013 815 1102 856 quod
1124 815 1258 846 abluens
1279 815 1386 846 abluat
1401 816 1434 846 in
1450 824 1510 847 no-

450 867 537 896 mine
560 866 658 895 Patris
682 870 712 894 et
735 864 806 894 Filii
829 868 859 892 et
883 862 1015 901 Spiritus
1039 860 1155 896 Sancti,
1174 860 1317 900 prolatis
1331 868 1352 890 a
1367 869 1402 891 se
1424 861 1474 891 vel
1488 870 1509 891 a

449 910 550 940 socio.
576 909 709 949 Propter
731 907 820 947 quod
843 907 1000 945 signanter
1023 904 1099 934 dixit
1118 905 1152 934 in
1167 904 1291 944 plurali,
1314 904 1511 945 baptizantes

451 954 483 984 in
509 953 637 983 nomine
658 952 764 982 Patris
787 955 818 980 et
839 949 916 979 Filii
939 954 970 979 et
991 948 1131 988 Spiritus
1154 948 1285 979 Sancti:
1308 957 1346 979 ex
1367 958 1406 979 eo
1424 950 1509 980 enim

451 997 540 1037 quod
562 1006 629 1027 non
653 995 836 1035 exprimitur
853 993 995 1034 prolatis
1010 1002 1030 1022 a
1046 1002 1091 1028 se,
1110 990 1225 1023 sufficit
1241 992 1331 1033 quod
1345 993 1509 1033 proferan-

450 1047 501 1071 tur
523 1049 619 1080 super
641 1039 814 1073 ablutione,
837 1037 937 1068 modo
962 1036 1098 1067 salvetur
1120 1037 1234 1067 veritas
1257 1036 1394 1074 formae,
1418 1043 1454 1068 ut
1476 1039 1509 1068 in

450 1085 658 1124 responsione
681 1083 720 1112 ad
743 1082 892 1112 ultimum
916 1081 1123 1120 explicabitur
1138 1082 1166 1111 “.

505 1128 590 1158 Scito
615 1133 721 1157 tamen
745 1125 834 1165 quod
852 1125 891 1156 ad
907 1134 1002 1165 supra
1017 1125 1125 1155 allatas
1143 1124 1357 1156 dubitationes
1376 1133 1509 1166 respon-

449 1172 573 1202 debitur
595 1170 735 1201 tenendo
759 1177 967 1200 communem
990 1170 1075 1200 viam
1099 1169 1138 1200 de
1161 1170 1283 1200 unitate
1305 1170 1450 1200 ministri.

503 1216 572 1246 XII.
594 1214 645 1245 Ad
668 1215 808 1254 primum
838 1222 914 1253 ergo
945 1213 1081 1244 dubium
1105 1222 1143 1244 ex
1162 1213 1316 1244 Durando
1338 1215 1364 1250 θ,
1395 1214 1509 1245 dicitur

449 1259 536 1300 quod
559 1259 637 1289 ratio
661 1259 810 1288 Auctoris
832 1259 950 1298 prima,
979 1259 1078 1288 Actus
1100 1258 1334 1298 multiplicatur
1357 1267 1378 1288 a
1401 1259 1508 1289 multi·

442 1304 620 1344 plicatione
650 1303 778 1344 agentis
798 1302 952 1344 perfecti,
981 1307 1028 1332 est
1050 1310 1124 1332 vera
1147 1307 1178 1332 et
1201 1302 1302 1332 solida
1325 1311 1382 1342 per
1405 1312 1438 1333 se
1461 1303 1508 1333 lo-

449 1347 589 1388 quendo.
607 1346 804 1387 Impossibile
821 1352 868 1376 est
883 1347 969 1376 enim
985 1355 1003 1376 a
1018 1346 1164 1386 pluribus
1179 1345 1328 1385 perfectis
1342 1347 1508 1386 agentibus

449 1392 591 1423 eiusdem
621 1391 750 1421 rationis
779 1399 847 1420 non
878 1391 1047 1430 provenire
1070 1390 1212 1420 diversos
1238 1395 1343 1420 actus:
1375 1391 1408 1421 in
1440 1396 1508 1421 tan-

447 1442 516 1467 tum
540 1435 638 1476 quod,
662 1435 743 1465 infra
763 1435 879 1465 limites
894 1435 1044 1465 naturalis
1060 1434 1190 1465 rationis
1206 1434 1382 1474 loquendo,
1400 1436 1426 1465 si
1441 1435 1509 1466 duo

447 1481 520 1511 talia
535 1481 659 1520 agentia
674 1488 776 1519 aeque
789 1480 1086 1519 approximat-entur
1097 1479 1202 1510 eidem
1214 1479 1350 1509 omnino
1365 1480 1507 1519 patienti,

447 1525 535 1555 nulla
547 1525 681 1554 omnino
693 1523 861 1554 inferretur
876 1532 933 1563 per
948 1532 983 1553 se
998 1524 1114 1563 passio,
1132 1523 1208 1564 quia
1223 1523 1509 1564 multiplicarentur

448 1569 514 1599 duo
537 1569 631 1599 simul
656 1567 908 1598 contradictoria.

503 1613 651 1643 instantia
678 1617 787 1642 autem
809 1611 951 1642 Durandi
980 1611 1019 1642 de
1043 1613 1208 1652 agentibus
1230 1612 1432 1647 voluntariis,
1460 1620 1508 1643 se·—

447 1658 549 1697 ipsam
572 1657 740 1692 interimit,
764 1656 917 1696 ponendo
945 1661 1096 1686 neutrum
1120 1665 1233 1688 eorum
1261 1663 1450 1687 concurrere
1473 1662 1509 1687 ut

448 1711 544 1741 agens
566 1701 752 1741 perfectum.
777 1701 866 1731 Paria
885 1701 971 1730 enirn
993 1706 1068 1730 sunt
1092 1701 1200 1741 quoad
1221 1701 1424 1742 propositum
1441 1708 1510 1731 esse·

448 1747 572 1786 agentia
594 1745 778 1785 imperfecta
801 1753 858 1775 seu
881 1744 1033 1785 partiakia,
1057 1750 1089 1775 et
1112 1754 1302 1776 concurrere
1326 1750 1362 1776 ut
1385 1746 1509 1786 agentia

448 1790 599 1830 partialia.

492 1833 543 1864 Ad
566 1834 781 1864 obiectionem
804 1842 880 1863 vero
905 1838 1014 1863 contra
1037 1832 1123 1864 idem
1147 1843 1184 1864 ex
1201 1843 1241 1864 eo
1265 1833 1355 1874 quod
1378 1833 1447 1864 duo
1459 1843 1507 1864 sa-

449 1878 592 1909 cerdotes
611 1878 744 1908 eandem
763 1883 898 1917 possunt
913 1878 1051 1908 hostiam
1069 1885 1264 1915 consecrare,
1289 1878 1403 1909 dicitur
1419 1876 1508 1918 quod

447 1923 480 1953 in
502 1922 556 1952 tali
576 1932 651 1952 casu
674 1928 779 1952 essent
801 1922 883 1952 duae
899 1922 1156 1952 consecrationes
1178 1928 1336 1962 quantum
1351 1923 1385 1952 in
1401 1931 1435 1952 se
1450 1927 1507 1958 est,

448 1968 529 1997 sicut
545 1967 650 2003 etiam,
663 1966 792 2006 quando
806 1966 873 1996 duo
883 1965 1024 2006 perfecte
1035 1974 1138 1996 unum
1154 1967 1360 2007 baptizarent,
1372 1972 1511 2008 uterque

448 2016 603 2051 quantum
626 2012 659 2040 in
683 2020 716 2040 se
739 2016 786 2041 est
809 2010 967 2041 conferret
990 2010 1151 2040 diversum·
1174 2011 1347 2051 baptisma:
1372 2010 1428 2041 sed
1451 2016 1510 2052 per

448 2055 603 2091 accidens,
628 2055 747 2085 scilicet
769 2055 923 2085 unitatem
939 2055 1061 2085 hostiae
1085 2062 1142 2085 seu
1165 2055 1304 2085 hominis
1328 2055 1384 2095 qui
1407 2056 1508 2095 bapti-

446 2105 545 2135 zatur,
569 2108 671 2129 unum
694 2098 731 2129 fit
753 2104 1000 2135 sacramentum,
1024 2104 1157 2139 propter
1179 2100 1398 2130 excellentiam
1421 2100 1508 2139 prin—

449 2144 563 2184 cipalis.
580 2144 718 2184 agentis,
743 2143 862 2173 scilicet
886 2143 1023 2179 Christi,
1053 2144 1110 2183 qui
1136 2143 1222 2174 solus
1245 2149 1352 2183 potest
1381 2143 1509 2174 duobus

446 2188 599 2218 totalibus
619 2188 835 2218 instrumentis
858 2187 1002 2218 eiusdem
1025 2188 1160 2218 rationis
1182 2188 1277 2218 simul
1301 2189 1347 2218 uti
1370 2193 1407 2218 ut
1428 2194 1507 2218 uno.

500 2232 608 2262 Habes
631 2241 706 2272 ergo
723 2240 761 2262 ex
776 2232 881 2272 prima
893 2231 1046 2262 Auctoris
1066 2232 1192 2262 ratione
1211 2232 1328 2272 plures,
1345 2237 1381 2262 ut
1396 2232 1512 2263 totales

448 2277 626 2312 ministros,
658 2285 726 2306 non
758 2285 856 2316 posse
887 2276 981 2306 simul
1012 2284 1115 2306 unum
1148 2277 1282 2307 omnino
1315 2277 1509 2317 baptismum

450 2319 605 2351 conferre.

503 2364 585 2394 XIII.
609 2363 660 2394 Ad
683 2364 807 2394 obiecta
831 2370 941 2394 contra
964 2364 1138 2395 secundam
1160 2365 1326 2401 rationem,
1344 2364 1386 2395 de
1406 2370 1511 2395 urma-

450 2409 540 2438 tione
554 2407 677 2438 formae
691 2409 718 2444 *‚
742 2408 953 2448 respondetur
970 2408 1060 2448 quod
1076 2414 1158 2439 esset
1172 2409 1218 2439 ibi
1235 2409 1371 2439 mutatio
1387 2408 1510 2440 formae

402 2479 404 2481 .
451 2457 560 2483 contra
583 2452 807 2483 substantialia,
842 2452 883 2482 Et
906 2452 945 2482 ad
967 2453 1246 2492 impugnationem
1268 2453 1370 2484 huius
1396 2452 1511 2484 dicitur

452 2496 555 2536 quod,
579 2496 653 2526 licet
676 2497 835 2536 expressio
859 2497 993 2527 ministri
1022 2504 1090 2527 non
1113 2498 1152 2527 sit
1175 2497 1214 2527 de
1237 2498 1424 2527 necessitate
1446 2497 1510 2528 for-

450 2550 532 2576 mae,
557 2545 605 2571 est
626 2545 733 2570 tamen
756 2539 801 2571 de·
818 2541 1006 2571 necessitate
1028 2539 1150 2571 formae
1169 2540 1267 2581 quod,
1284 2542 1310 2571 si
1326 2542 1511 2582 exprimitur

451 2585 603 2621 minister,
627 2585 819 2624 exprimatur
842 2585 911 2615 sine
933 2585 1157 2615 contrarietate
1171 2585 1210 2615 ad
1230 2586 1394 2616 veritatem
1410 2594 1510 2616 sacra-

450 2629 569 2659 menti:
595 2634 626 2659 et
648 2629 711 2658 hoc
734 2638 791 2669 per
813 2629 899 2659 illam
922 2629 1133 2660 universalem
1155 2630 1308 2670 regulam,
1331 2630 1371 2660 In
1385 2629 1511 2671 fomis

450 2678 727 2704 sacramentorum
763 2673 845 2703 nihil
876 2672 966 2703 debet
989 2674 1074 2713 poni
1101 2674 1312 2704 comi-arium.
1347 2674 1511 2705 Pluralitas

451 2722 558 2748 autem
581 2717 715 2747 ministri
738 2717 945 2748 contrariatur
967 2718 1079 2748 unitati
1102 2719 1271 2758 'requisitae
1294 2717 1334 2748 ad
1356 2719 1510 2749 unitatem

450 2762 594 2792 ministri.
625 2762 667 2791 Et
688 2767 872 2802 propterea,
905 2762 931 2791 si
961 2762 1154 2802 exprimatur
1182 2763 1253 2792 talis
1274 2763 1437 2803 pluralitas
1459 2772 1511 2793 ex-

449 2815 563 2846 presse¹
579 2806 613 2836 in
628 2804 740 2842 sonna,
764 2806 849 2836 tollit
861 2807 1025 2836 veritatem
1040 2807 1237 2837 sacramenti.
1262 2806 1352 2837 Falsa
1369 2812 1416 2837 est
1435 2815 1510 2847 ergo

449 2850 504 2880 illa
526 2849 759 2886 conditionalis,
783 2850 818 2880 Si
841 2851 1005 2890 expressio
1029 2851 1171 2881 ministri
1192 2860 1258 2881 non
1274 2856 1322 2882 est-
1342 2851 1381 2882 de
1405 2859 1511 2882 necee-

449 2894 558 2930 sitate,
571 2894 749 2934 pluralitas
771 2894 910 2925 ministri
933 2895 1095 2935 explicata
1111 2903 1177 2935 per
1189 2894 1337 2926 accidens
1351 2905 1386 2926 se
1400 2896 1512 2926 habet:

449 2939 547 2969 habet
568 2939 656 2968 enim·
677 2948 710 2969 se
734 2939 904 2969 contrarie,

505 2983 546 3012 Et
569 2992 643 3013 cum
666 2983 867 3023 subiungitur
887 2983 975 3024 quod
999 2984 1066 3020 ista,
1091 2984 1162 3014 Nos
1186 2988 1215 3014 te
1230 2984 1437 3025 baptizamur,
1461 2992 1510 3015 re-

450 3027 582 3057 solvimr
604 3027 638 3057 in
660 3028 744 3063 istas,
767 3027 841 3069 Ego
866 3032 896 3058 te
917 3028 1043 3069 baptizo
1067 3033 1099 3059 et
1121 3028 1180 3059 iste
1199 3028 1360 3069 baptizat,⁴
1378 3036 1510 3069 respon—

451 3071 543 3101 detur
561 3070 650 3111 quod
665 3072 728 3102 hoc
743 3077 850 3111 potest
865 3071 1035 3112 dupliciter
1048 3073 1159 3113 accipi.
1183 3073 1301 3109 Primo,
1319 3078 1355 3103 ut
1370 3073 1516 3104 secunda·

452 3124 617 3154 exponens
638 3115 870 3146 accidentaliter
894 3116 1087 3147 intendatur:
1113 3126 1149 3147 ac
1164 3117 1190 3147 si
1214 3117 1340 3153 diceret,
1364 3117 1439 3158 Ego
1455 3117 1509 3148 lm-

445 3159 534 3199 ptizo
560 3163 590 3189 et
612 3159 670 3189 iste
692 3160 804 3189 currit.
829 3160 902 3190 Alio
921 3160 1030 3196 modo,
1055 3166 1094 3191 ut
1113 3169 1170 3200 per
1185 3169 1218 3191 se
1234 3161 1425 3197 intendatur,
1441 3166 1510 3191 tan-

452 3211 551 3242 quam
572 3202 679 3233 dicens
703 3203 792 3243 quod
815 3204 908 3234 ambo
923 3204 1020 3234 simul
1037 3205 1258 3235 ministramus
1273 3210 1514 3236 sacramemum

451 3246 613 3287 baptismi..
631 3247 675 3277 Et
694 3247 719 3277 si
742 3248 778 3277 in
798 3248 903 3287 primo
926 3257 1021 3278 sensu
1045 3250 1254 3288 acciperetur,
1277 3249 1364 3279 idem
1386 3248 1511 3279 videtur

451 3290 607 3321 iudicium
630 3290 669 3320 de
693 3291 753 3321 hac
770 3290 873 3321 forma
897 3297 928 3322 et
943 3291 982 3322 de
998 3291 1149 3322 formain
1166 3302 1229 3332 qua
1244 3293 1382 3333 ponitur
1391 3292 1511 3333 aliquid

451 3335 674 3374 impertinens:
698 3340 776 3374 puta
792 3335 817 3365 si
833 3336 907 3375 quis·
921 3335 1047 3372 diceret,
1064 3334 1138 3377 Ego
1156 3341 1186 3366 te
1200 3337 1335 3377 baptiso,
1356 3341 1391 3367 εἴ
1401 3344 1511 3367 omnes

452 3378 614 3409 adstantes
636 3378 679 3409 ad
700 3379 761 3409 hoc
776 3379 992 3415 consentiunt,
1006 3380 1043 3410 in·
1062 3380 1192 3410 nomine
1213 3380 1320 3410 Patris
1343 3385 1374 3410 et
1389 3380 1513 3411 Filiiet

452 3422 594 3462 Spiritus*
614 3422 737 3453 sanai.
769 3422 810 3453 Et
832 3431 945 3453 sensus
965 3424 1041 3459 iste,
1069 3424 1143 3454 licet
1164 3423 1309 3454 videatur
1334 3429 1509 3460 extraneus,

451 3467 485 3496 in
507 3467 682 3507 proposito
700 3472 810 3497 tamen·
838 3473 947 3507 posset
969 3467 1124 3503 accidere,
1149 3467 1286 3498 duobus>
1300 3475 1340 3498 ex
1360 3467 1510 3498 condicto

451 3510 633 3541 volentibus.
656 3511 751 3541 simul
773 3520 876 3541 unum
900 3512 1069 3552 baptizare,
1094 3517 1125 3542 et
1147 3516 1289 3552 utroque*
1305 3512 1438 3542 alterum
1453 3519 1510 3542 vo·—

451 3555 540 3585 lente
559 3556 693 3586 revereri
716 3564 775 3595 per
796 3556 864 3586 hoc·
883 3555 972 3596 quod
992 3562 1127 3596 uterque
1143 3556 1447 3587 alteriusmeminit:
1471 3555 1510 3586 ad

1113 214 1374 261 QUAESTIO
1404 212 1557 257 LXVII,
1587 207 1879 246 ARTICULUS
1907 209 1957 245 VI

1562 287 1749 318 huiusmodi
1773 288 1859 318 enim
1882 287 2091 318 reverentiam
2115 287 2369 328 exprimendam,
2397 288 2556 320 videretur
2579 290 2624 320 eis

1564 332 1653 372 quod
1676 331 1805 362 deberet
1827 337 1963 371 uterque
1986 331 2032 362 uti
2055 339 2192 362 numero
2215 332 2339 372 plurali.
2367 332 2431 364 Sed
2452 333 2533 364 infra
2547 343 2623 374 pro*

1562 377 1669 416 prium
1693 383 1822 407 sensum
1841 375 1964 412 stando,
1982 375 2167 416 exprimitur
2189 383 2247 416 per
2261 377 2317 407 has
2333 376 2411 407 duas
2427 382 2624 418 exponentes

1562 420 1724 460 pluralitas
1747 421 1902 451 contraria
1933 420 2045 450 unitati
2067 420 2212 450 ministri.
2247 420 2288 451 Et
2317 426 2486 461 propterea
2511 422 2624 452 ambae

1563 464 1658 494 simul
1682 463 1848 495 destruunt
1870 465 2034 494 veritatem
2057 464 2188 504 primae.
2217 463 2402 504 Significant
2425 466 2511 496 enirn
2534 465 2624 506 quod

1563 507 1629 538 duo
1653 509 1758 544 simul,
1783 514 1814 539 et
1837 516 1904 539 non
1921 507 2010 548 quod
2029 516 2113 538 unus
2129 508 2283 548 baptizet:
2309 508 2390 539 duos
2406 513 2513 540 autern
2529 510 2624 540 sitnul

1563 560 1631 583 esse
1654 561 1757 583 unum
1781 553 1967 583 sacramenti
1990 553 2170 582 ministrum
2193 553 2385 593 supponitur
2407 553 2623 594 impossibile,

1564 601 1595 627 et
1619 597 1801 627 contrariari
1822 597 1945 627 veritati
1968 597 2112 629 ministri.

1617 640 1701 671 XIV.
1725 640 1776 671 Ad
1799 646 1985 681 argumenta
2007 640 2151 671 Durandi
2176 645 2287 671 contra
2309 641 2434 672 tertiam
2456 641 2624 678 rationem,

1563 685 1692 721 scilicet,
1711 685 1788 726 quia
1811 685 1957 716 minister
1978 685 2171 726 exprimitur
2187 685 2346 725 utplures
2356 685 2383 721 *‚
2399 685 2625 726 respondendo

1563 728 1678 760 dicitur
1693 728 1732 759 ad
1750 734 1920 770 utramque
1936 734 2058 770 partem
2075 728 2282 760 disiunctivae
2294 729 2384 769 quod
2399 733 2534 770 utraque
2549 739 2625 760 sane

1563 773 1723 804 intellecta
1746 778 1793 804 est
1814 782 1898 804 vera.
1933 770 1984 804 Ad
2011 774 2205 814 baptismum
2236 774 2322 804 enim
2345 780 2449 804 unum
2478 774 2626 810 omnino,-

1563 826 1620 848 seu
1644 824 1747 848 unum
1770 817 1948 849 secundum
1971 817 2118 854 formam,
2143 818 2277 858 exigitur
2297 818 2400 848 unitas
2419 818 2554 848 ministri
2577 824 2626 848 sea

1565 861 1707 892 cundum
1723 870 1800 892 rem.
1817 862 1885 892 Nec
1901 863 2088 902 oppositum
2105 861 2182 892 dixit
2197 862 2329 892 Aucton
2354 861 2528 900 Quoniam,
2544 861 2626 892 duo-

1563 906 1742 937 bussimul
1757 906 1990 946 baptizantibus
2012 911 2152 947 utroque
2167 911 2272 936 totum
2289 906 2414 937 dicente
2431 911 2463 936 et
2478 905 2625 942 faciente,

1562 960 1630 981 non
1650 956 1696 981 est
1718 951 1895 990 baptismus
1908 959 1996 981 unus
2016 950 2195 981 secundum
2211 950 2359 987 formam,
2375 949 2431 981 sed
2446 950 2626 981 secundum

1564 991 1724 1025 effectum.
1759 995 1867 1033 Quem
1890 995 1986 1025 etiam
2007 1001 2075 1025 non
2098 995 2238 1031 haberet,
2261 995 2321 1025 nisi
2343 1000 2484 1035 potestas
2507 994 2626 1025 Christi

1563 1039 1741 1080 suppleret,
1772 1044 1866 1069 utens
1898 1038 2026 1069 duobus
2055 1039 2207 1069 totalibus
2236 1039 2454 1069 instrumentis
2482 1044 2519 1069 ut
2545 1044 2627 1075 uno,-

1563 1082 1840 1123 quemadmodum
1862 1083 1951 1123 prius
1965 1084 1982 1100 ⁴*
2005 1083 2127 1113 dictum
2151 1088 2209 1113 est,
2230 1101 2254 1105 -
2275 1083 2384 1113 Altera
2404 1090 2538 1123 quoque
2553 1088 2628 1124 pars
2652 1089 2663 1100 ·

1563 1127 1771 1158 disiunctivae
1793 1135 1867 1157 vera
1891 1132 1937 1158 est
1959 1128 2115 1167 negative.
2140 1126 2279 1167 Oportet
2299 1127 2385 1157 enirn
2409 1128 2543 1167 exprimi
2565 1127 2626 1158 ffii-

1562 1172 1697 1202 nistrum
1722 1176 1757 1201 ut
1779 1181 1883 1202 unum
1906 1171 1946 1202 ad
1967 1172 2055 1201 hunc
2078 1176 2217 1207 sensum,
2241 1171 2306 1201 hoc
2328 1176 2376 1201 est
2398 1177 2464 1201 non
2488 1171 2627 1212 exprimi

1563 1220 1599 1246 ut
1622 1216 1750 1256 plures,
1778 1216 1855 1255 quia
1883 1215 2046 1255 pluralitas
2075 1215 2210 1245 ministri
2241 1220 2387 1255 expressa
2417 1216 2627 1246 contrariatur

1562 1260 1685 1289 veritati
1708 1258 1852 1289 ministri.

1618 1303 1715 1334 Unde
1734 1302 1774 1333 ad
1796 1303 1933 1343 prunam
1963 1303 2197 1338 obviationem,
2221 1302 2262 1332 de
2283 1311 2351 1333 non
2374 1303 2550 1333 necessaria
2573 1307 2627 1333 ex·-

1562 1348 1726 1388 pressione
1749 1345 1894 1383 ministri,
1917 1347 1981 1377 iam
2004 1351 2092 1387 patet
2114 1347 2290 1387 responsio.

1617 1391 1669 1421 Ad
1681 1390 1855 1421 secundam
1871 1396 1989 1427 autem,
2002 1390 2042 1421 de
2053 1391 2262 1430 congruentia
2274 1390 2313 1421 ad
2328 1390 2504 1431 principale
2519 1394 2626 1431 agens,

1562 1435 1773 1476 respondetur
1803 1434 1892 1475 quod
1915 1435 1995 1465 ratio
2026 1434 2069 1465 de
2089 1435 2210 1465 unitate
2236 1435 2372 1465 ministri
2401 1439 2533 1475 propter
2554 1435 2630 1466 uni-

1563 1486 1660 1510 tatem
1685 1479 1802 1510 Christi
1828 1480 1862 1510 in
1884 1479 1987 1509 littera
2008 1479 2117 1515 allata,
2149 1485 2217 1510 non
2240 1483 2277 1509 ut
2298 1479 2489 1515 necessaria,
2513 1478 2571 1509 sed
2591 1483 2630 1510 ut

1562 1524 1739 1564 probabilis
1758 1523 1889 1554 inducta
1912 1529 1973 1559 est,
1997 1528 2033 1554 tit
2054 1524 2151 1554 verba
2173 1523 2294 1554 litterae
2316 1528 2440 1553 sonant.
2476 1523 2628 1554 Rationa-

1563 1569 1635 1599 bilis
1657 1573 1764 1598 autem
1795 1573 1842 1598 est
1871 1567 2081 1608 congruentia
2109 1568 2249 1610 ministri
2268 1567 2309 1598 ad
2332 1563 2500 1598 Christum
2525 1567 2632 1608 magis

1564 1621 1662 1653 quarn
1685 1611 1725 1642 ad
1746 1612 1919 1643 trinitatem
1941 1612 2170 1642 Personarum:
2195 1611 2271 1652 quia
2290 1612 2323 1642 in
2339 1611 2516 1652 Evangelio
2537 1612 2628 1642 inve·-

1562 1658 1671 1687 nimus
1693 1657 1880 1687 attributum
1901 1657 2067 1696 baptisma,
2091 1661 2247 1696 tanquam
2269 1656 2452 1696 baptizanti,
2467 1663 2535 1687 non
2555 1655 2628 1687 Tri—

1562 1702 1662 1737 m'tati
1686 1700 1742 1731 sed
1765 1700 1904 1736 Christo,
1928 1700 1968 1731 de
1984 1709 2051 1740 quo
2067 1701 2221 1741 scriptum
2237 1705 2293 1736 est,
2310 1700 2398 1730 loan.
2414 1709 2426 1730 1
2441 1701 2478 1730 *ε
2497 1695 2566 1731 Hic
2579 1703 2631 1731 m

1562 1745 1618 1786 qui
1639 1745 1780 1786 baptizat
1798 1745 1830 1775 in
1847 1744 1970 1785 Spiritu
1985 1744 2115 1775 Sancto.
2141 1745 2285 1775 Minister
2307 1750 2415 1775 autem
2438 1745 2632 1784 baptizantis

1562 1797 1734 1830 personam
1755 1788 1888 1820 induere
1911 1795 1946 1819 se
1968 1788 2092 1825 fatetur,
2117 1788 2264 1824 dicendo,
2287 1788 2363 1830 Ego
2387 1793 2419 1819 te
2439 1788 2577 1830 baptizor

1617 1833 1669 1864 Ad
1691 1834 1815 1864 tertiam
1839 1838 1963 1869 autem,
1994 1833 2034 1863 de
2056 1833 2292 1873 impertinentia
2314 1831 2405 1864 modi
2428 1831 2628 1873 caprimon&

1561 1878 1706 1914 rrrinistii,
1730 1877 1920 1913 conceditur
1939 1883 2053 1907 verum
2075 1883 2146 1907 esse
2167 1877 2193 1907 si
2211 1875 2328 1907 modus
2344 1876 2544 1917 expiariendi
2558 1880 2628 1908 non

1562 1922 1705 1962 implicat
1732 1921 1853 1962 aliquid
1882 1921 2077 1952 contrarium
2099 1921 2222 1951 veritati
2253 1921 2389 1951 alieuius
2414 1920 2558 1961 requisiti
2587 1919 2632 1952 ad

1563 1971 1806 1997 sacramentum.
1830 1962 1926 1996 'runc
1949 1966 2036 1996 enim
2059 1965 2175 1996 suffieit
2198 1965 2377 2005 exprimere
2393 1970 2526 1996 oausam
2541 1965 2628 2007 prin*

1564 2010 1701 2051 cipalem
1723 2015 1755 2041 et
1777 2015 1884 2040 actum
1907 2010 2055 2046 ministri,
2077 2008 2210 2050 quando
2231 2009 2311 2040 nihil
2334 2009 2530 2040 contrarium
2545 2009 2627 2040 veri-

1563 2055 1618 2085 tati
1642 2055 1830 2085 sacramenti
1853 2054 2048 2094 exprimitur.

1618 2097 1686 2129 XV.
1710 2098 1762 2129 Ad
1785 2098 1923 2129 dubium
1944 2103 2055 2128 contra
2081 2098 2329 2129 conclusionem
2347 2103 2480 2138 propter
2502 2098 2634 2129 omem

1564 2153 1584 2173 a*
1604 2143 1698 2174 Petro
1723 2143 1765 2173 de
1786 2142 1906 2173 Paiude
1921 2143 1939 2159 ⁹
1961 2141 2197 2183 respondendo,
2210 2142 2337 2177 'dieitur
2354 2141 2394 2172 ad
2416 2142 2557 2183 primam)
2569 2141 2633 2173 obv

1563 2188 1738 2218 iec‘tionem
1761 2186 1850 2228 quod
1873 2188 1940 2217 non
1964 2192 2011 2217 est
2033 2187 2140 2217 simile<
2159 2186 2204 2217 do
2219 2190 2419 2218 “eramento
2433 2186 2633 2217 maumonii}

1565 2237 1597 2262 et
1625 2237 1826 2262 sacramento
1856 2231 2018 2271 baptismi«
2051 2230 2140 2269 Quia
2168 2235 2406 2262 saci-'amentum
2433 2230 2631 2262 mammona

1565 2275 1721 2307 fundatur
1731 2282 1828 2316 super
1842 2275 2048 2306 matrimonio
2064 2280 2102 2306 ut
2116 2279 2165 2306 est
2181 2275 2327 2306 officiunt
2337 2278 2485 2305 naturae:
2505 2279 2538 2305 et
2551 2277 2627 2316 1596—

1564 2325 1673 2361 pterea
1697 2326 1929 2361 quaecumque>
1948 2319 2112 2350 sufficiunt
2128 2319 2182 2350 'aa
2208 2318 2412 2350 efficiendum
2439 2319 2632 2359 coniugium

1564 2371 1677 2395 verum
1709 2369 1746 2395 ut
1767 2370 1817 2394 est*
1844 2364 1878 2394 in
1906 2363 2049 2394 officium
2078 2368 2220 2400 naturae,
2249 2362 2442 2394 sufficienter
2469 2363 2568 2393 etiam*
2594 2366 2634 2394 se*

1564 2409 1687 2439 habent·
1715 2408 1758 2439 ad-
1786 2407 2025 2448 suscipiendamss
2049 2407 2366 2438 sacramentalitatern
2397 2407 2562 2450 coniugii·⁴
2587 2406 2629 2438 Et

1566 2454 1720 2493 quoniam
1742 2459 1810 2483 non
1833 2452 1928 2483 refert
1950 2451 1990 2482 ad
2005 2452 2194 2492 coniugium
2210 2457 2246 2482 u't
2264 2456 2312 2482 est
2325 2455 2457 2482 naturae·
2473 2451 2627 2491 officium,

1565 2497 1728 2538 pluraliter
1742 2497 1793 2527 vel
1808 2496 2007 2537 singulariter
2022 2495 2136 2532 dicere,
2154 2496 2255 2526 immo
2271 2497 2336 2526 sive
2351 2496 2456 2526 verbis
2470 2495 2537 2526 sive
2551 2494 2635 2526 solis³

1565 2542 1702 2572 nutibus*
1726 2547 1924 2571 consensum
1949 2541 2141 2580 exprimere,
2165 2540 2240 2571 ideo
2264 2545 2498 2571 sacramentum
2519 2540 2629 2570 matrit-

1565 2586 1667 2616 monii
1689 2594 1763 2616 vere
1786 2585 1998 2625 susciperetur
2025 2585 2050 2615 si
2077 2585 2238 2625 pluraliter
2266 2584 2422 2620 dicerent,
2446 2583 2634 2624 Accipit*

1566 2635 1600 2661 te*
1619 2630 1658 2660 in
1676 2630 1783 2661 virum
1805 2634 1969 2665 nostrum,
1986 2630 2152 2669 supposita
2167 2629 2346 2669 pluralitate
2364 2632 2522 2667 uxorum:
2545 2628 2629 2659 sieut

1566 2675 1661 2705 etiam
1683 2682 1757 2704 vere
1781 2674 1977 2704 contrahitur
2002 2674 2070 2703 sine
2092 2674 2206 2703 verbis.
2242 2673 2343 2704 Secus'
2365 2676 2475 2703 autem?
2496 2675 2566 2703 esse*
2587 2671 2636 2704 d&

1565 2719 1726 2759 baptismo
1748 2719 1827 2748 ratio
1852 2718 1954 2758 cogit:
1979 2714 2055 2758 quia
2078 2718 2254 2757 baptismus
2272 2721 2340 2748 no'n'
2355 2721 2462 2757 potest
2477 2716 2628 2757 distingui

1565 2764 1599 2793 in
1622 2762 1765 2793 officium
1788 2767 1918 2792 naturae
1942 2767 1973 2792 et
1995 2763 2029 2792 in
2052 2767 2303 2798 sacramentum,
2335 2761 2390 2792 sed
2413 2766 2460 2792 est
2486 2763 2632 2792 tam<

1565 2807 1666 2838 modo
1689 2811 1932 2837 sacramentum.
1967 2806 2009 2836 Et
2031 2806 2106 2836 hinc
2130 2811 2177 2836 est
2199 2806 2299 2837 etiarn>
2318 2805 2408 2846 quod
2429 2809 2504 2836 non<
2520 2808 2628 2845 potest

1564 2851 1751 2882 nominatio
1775 2850 1938 2881 Trinitatis
1968 2850 2109 2891 suppleri
2136 2856 2199 2891 per'
2219 2855 2323 2880 nutus
2346 2848 2557 2889 baptizandos
2578 2848 2631 2879 Ex-

1566 2905 1606 2926 eo
1630 2896 1716 2926 enim
1740 2894 1830 2935 quod
1852 2900 1976 2935 purum:
1994 2899 2228 2925 sacramentum
2251 2899 2317 2930 w,
2348 2898 2478 2933 opomt
2503 2896 2633 2923 servm?

1565 2949 1602 2971 ea
1625 2946 1708 2980 quae
1735 2948 1795 2980 pro
1818 2944 2017 2970 sacramento
2047 2944 2124 2969 sunt
2146 2938 2291 2969 instituta
2319 2938 2359 2968 ab
2381 2937 2454 2977 ipso
2477 2932 2626 2973 Christo,

1564 2984 1684 3015 scilicet
1706 2990 1823 3024 aquam
1838 2984 1856 3000 ⁴³
1879 2988 1912 3014 et
1932 2989 2029 3025 voces
2051 2981 2282 3023 nmflcafivoez
2296 2981 2459 3012 Trinitatis
2473 2981 2522 3012 't

1618 3027 1670 3059 Ad
1686 3026 1860 3059 secundam
1874 3033 1952 3058 vero
1969 3027 2200 3062 obiectionem,
2213 3024 2406 3056 meodian·
2418 3024 2509 3066 quod
2526 3025 2626 3066 magis

1564 3073 1772 3113 explicaretur
1794 3072 1900 3103 unitas
1922 3071 2074 3111 baptismi⁴
2093 3069 2248 3106 dicendo,
2271 3068 2343 3100 Nos
2366 3074 2402 3100 toi
2417 3069 2633 3111 baptizantes,-

1564 3117 1628 3147 nisi‘
1654 3116 1871 3157 implicaretur
1896 3115 2057 3156 plufflita's
2087 3115 2244 3145 contraria
2274 3114 2397 3144 veritati
2427 3114 2572 3144 ministri.
2603 3131 2628 3137 —-

1564 3161 1608 3191 Et·
1628 3160 1668 3191 ad
1690 3159 1969 3191 continuationem
1992 3158 2110 3190 dicitur
2129 3158 2219 3199 quod
2242 3164 2267 3188 ειΙ
2284 3157 2419 3189 duobus3
2435 3157 2624 3195 dicentibus,

1563 3203 1639 3246 Ego
1663 3210 1693 3235 te
1714 3202 1854 3245 baptiso,
1870 3203 2062 3244 exprimitur·
2069 3203 2176 3234 unitas
2190 3202 2558 3242 aenis-uniuscuiusque·
2570 3205 2626 3233 eo·-

1564 3256 1653 3285 rum,
1679 3254 1717 3279 ex
1740 3249 1803 3278 hoe
1826 3249 1905 3288 ipso
1921 3246 2015 3288 quud
2038 3247 2175 3287 quilibet
2195 3246 2318 3277 diceret
2336 3246 2547 3286 singulariter,
2570 3243 2626 3277 ba—

1559 3292 1669 3333 ptizo:
1691 3293 1756 3323 hoc
1779 3292 1865 3322 enim
1887 3291 2043 3322 unitatem
2065 3295 2163 3322 aetus:
2177 3291 2338 3332 importat.

1619 3336 1671 3367 Ad
1693 3337 1820 3367 tertiani
1841 3333 1956 3366 dieitur
1984 3334 2081 3375 quoir—
2097 3334 2163 3365 duo
2191 3333 2343 3365 officiales
2369 3335 2406 3365 iri
2427 3334 2571 3366 solidum·
2592 3335 2630 3366 in·

1564 3385 1721 3420 potestate
1744 3385 1801 3411 sna
1823 3380 1941 3410 habent
1968 3378 2058 3419 quod
2080 3379 2204 3419 possint
2227 3377 2267 3409 ad
2289 3383 2394 3410 unum·
2416 3383 2524 3410 actum
2547 3382 2633 3410 co'nae

1565 3431 1706 3455 curreres
1738 3429 1769 3454 et
1790 3422 1871 3454 ideo«
1887 3427 2029 3463 possunt*
2046 3422 2166 3459 dicere,
2191 3423 2267 3454 Nos·
2275 3423 2424 3464 facimus
2432 3442 2447 3460 ,-
2474 3427 2544 3454 urso
2565 3425 2631 3463 pro

1563 3474 1703 3508 utroque
1717 3468 1881 3507 loqumre‘.
1906 3466 1969 3498 Sed
1983 3467 2118 3498 ministri
2134 3471 2407 3498 sacramentorum
2420 3471 2489 3498 non
2507 3467 2627 3498 habent

1563 3513 1626 3542 h'oc
1650 3513 1682 3542 in
1705 3516 1862 3552 p'otestnte
1885 3516 1946 3541 sua*
1964 3516 2000 3541 ut
2022 3512 2147 3551 possint
2170 3511 2209 3542 ad
2231 3518 2334 3542 unum
2358 3513 2494 3542 omnino
2518 3514 2634 3542 acturis*

1563 3557 1711 3596 baptismi
1736 3564 1935 3586 concurrere.
1970 3555 2069 3593 Quod
2093 3565 2130 3586 ex
2155 3564 2195 3586 eo
2219 3556 2420 3587 convincitur
2447 3555 2538 3596 quod
2558 3558 2634 3586 non*-

2651 690 2755 740 zer-132⁸:
2775 691 2864 713 Contra

2653 1701 2664 1712 ·
2677 1699 2746 1723 Vm.
2759 1704 2797 1728 33.

2654 2143 2666 2154 '¹
2678 2141 2749 2165 Num.
2764 2147 2799 2164 tv-

2654 2979 2664 2990 ·
2677 2978 2742 3001 lom.
2761 2983 2812 3007 etp.
2830 2983 2871 3006 iu,

2653 3011 2777 3054 {maiae
2801 3036 2852 3060 ap.

2653 3063 2736 3086 xxvm,
2745 3063 2805 3080 vero.
2817 3063 2855 3086 ¹9.
