2918 4088
0 3468 7 3497 υ-

964 186 1226 233 QUAEsrlo
1254 186 1431 234 moon,
1461 185 1751 223 AercULus
1779 187 1828 223 1v
2405 191 2497 238 259<

1087 348 1299 390 ARTICU
1308 347 1405 389 LUS
1428 347 1708 416 'QUARTUS

386 450 553 487 UTRUM,
579 451 614 482 SI
638 450 732 481 HOC
756 450 1090 482 SACRAMENTUM
1114 450 1323 481 TEMPORE
1346 449 1510 480 MORTIS
1534 449 1707 480 CHRISTI
1731 449 1908 480 FUISSET
1932 450 2167 482 SERVATUM
2191 453 2232 483 IN
2256 454 2422 490 PYXIDE,

674 496 760 526 VEL
784 496 840 526 AB
864 494 1030 533 ALIQUO
1054 494 1384 525 APOSTOLORUM
1408 493 1748 530 CONSECRATUM,
1772 494 1826 524 1131
1851 494 2122 526 MORERETUR

435 582 468 607 1v
489 582 571 612 Sem„
591 582 650 608 dist.
668 590 692 611 x.
711 588 757 607 art.
778 589 802 613 2,
821 581 870 614 qu·
891 588 920 612 ις
940 582 998 607 dist.
1017 589 1050 612 xl,
1070 589 1114 613 qu.
1132 588 1170 612 111,
1190 586 1236 605 art.
1255 588 1280 612 4,
1301 581 1351 613 qu*
1371 587 1394 611 1,
1416 588 1445 610 23
1465 581 1498 605 lV
1520 581 1597 605 Cont.
1619 582 1704 614 Germ,
1725 588 1782 613 cap.
1800 589 1871 612 an3
1893 582 1989 612 Quodl.
2007 583 2038 613 V,
2058 591 2101 615 qu.
2120 590 2153 613 νι,
2174 589 2219 608 art.
2240 590 2263 614 1,
2283 585 2314 608 ad
2335 592 2363 615 1;

1033 617 1062 641 In
1084 616 1168 645 Ioan„
1188 617 1246 641 lect.
1264 623 1305 646 ν1;
1325 616 1335 640 1
1353 616 1390 640 ad
1412 616 1481 644 Cor„
1502 623 1558 648 cap.
1577 623 1611 644 x1.
1631 617 1689 641 lect.
1708 623 1742 640 vx.

447 749 458 757 ,
492 744 496 752 ι
521 732 544 757 D
563 731 736 762 QUARTUM
750 731 803 756 510
821 730 1056 756 PROCEDITUR.
1077 717 1238 755 Videtur
1251 718 1370 767 quod,

450 803 477 831 χ’
522 772 552 809 51
589 773 665 809 1100
704 778 988 808 sacramentum
1023 778 1198 820 tempore
1239 771 1372 808 mortis

466 816 490 865 ’ὃ
505 821 662 862 Christi
688 824 818 861 fuisset
845 831 1039 861 servatum
1067 823 1107 861 in
1134 823 1286 873 pyxide,
1310 824 1372 859 vel

479 868 570 914 Xab
607 876 737 925 aliquo
774 877 1052 925 Apostolorum
1085 884 1370 923 consecratum,

310 940 391 966 non
410 927 463 965 ibi
481 937 706 967 moreretur.
735 930 844 966 Mors
863 928 966 966 enirn
990 928 1129 966 Christi
1153 929 1287 966 accidit
1304 941 1374 978 per

311 980 393 1018 eius
420 982 652 1030 passionem.
692 982 770 1019 Sed
798 981 971 1019 Christus
1003 981 1226 1031 impassibili
1253 982 1373 1019 modo

310 1033 426 1072 etiam
462 1042 555 1072 tunc
588 1042 667 1072 erat
694 1034 734 1071 in
762 1035 838 1072 hoc
875 1042 1125 1072 sacramento.
1165 1035 1266 1082 Ergo
1293 1047 1373 1072 non

310 1094 458 1136 poterat
485 1087 585 1126 mori
613 1087 653 1124 in
680 1088 756 1124 hoc
784 1094 1035 1125 sacramento.

366 1151 400 1176 2.
426 1141 666 1186 PRAETEREA,
691 1140 734 1177 'in
762 1148 886 1177 morte
915 1140 1054 1177 Christi
1082 1148 1278 1190 separatus
1305 1140 1374 1177 fuit

311 1193 464 1241 sanguis
492 1193 574 1230 eius
602 1206 624 1230 a
643 1205 817 1242 corpore.
856 1194 933 1231 Sed
960 1193 1000 1230 in
1028 1194 1104 1230 1100
1135 1202 1373 1230 sacramento

311 1245 428 1283 simul
454 1254 510 1284 est
536 1258 677 1295 corpus
706 1245 845 1283 Christi
873 1254 909 1283 et
937 1246 1100 1294 sanguis.
1135 1247 1236 1294 Ergo
1266 1247 1374 1283 Chri-

312 1306 392 1336 stus
420 1299 459 1336 in
487 1300 563 1336 hoc
591 1306 829 1336 sacramento
858 1311 938 1335 non
966 1307 1192 1336 moreretur.

334 1388 341 1389 1
366 1351 406 1388 3v
435 1353 669 1396 Palmam,
698 1364 804 1389 mors
832 1351 966 1388 accidit
993 1364 1063 1400 per
1094 1351 1375 1401 separationem

312 1404 464 1442 animae
492 1418 515 1442 a
542 1417 716 1453 corpore.
747 1405 823 1442 Sed
851 1404 891 1440 in
919 1405 994 1442 hoc
1022 1412 1260 1442 sacramento
1284 1417 1374 1442 0011-

311 1456 453 1494 tinetur
479 1466 559 1494 tam
577 1469 718 1506 corpus
739 1457 878 1494 Christi
906 1469 1025 1506 quam
1045 1457 1184 1494 anima.
1214 1458 1316 1505 Ergo
1336 1458 1375 1494 in
1392 1497 1395 1500 ,

311 1510 389 1547 1100
416 1518 656 1547 sacramento
684 1522 765 1552 non
791 1517 940 1558 poterat
969 1509 1142 1547 Christus
1169 1509 1281 1546 mori.

366 1563 440 1600 SED
469 1574 614 1600 CONTRA
641 1575 706 1599 Esr
730 1562 838 1611 quod
866 1561 970 1599 idem
999 1562 1173 1599 Christus
1201 1562 1268 1611 qui
1296 1570 1376 1599 erat

311 1615 352 1652 in
388 1626 518 1661 cruce,
546 1615 676 1652 fuisset
711 1614 751 1651 in
783 1622 1035 1651 sacramento.
1075 1615 1151 1652 Sed
1187 1614 1227 1651 in
1263 1626 1376 1651 cruce

311 1668 559 1718 moriebatur.
598 1669 700 1716 Ergo
738 1675 774 1704 et
805 1666 845 1703 in
873 1674 1111 1704 sacramento
1149 1675 1375 1704 conservato

197 1758 203 1765 ,
245 1719 280 1760 ,υἱ
311 1714 538 1772 moreretur.

306 1771 338 1803 ‘w
358 1774 590 1811 Rtsrounso
608 1783 790 1810 monimum
809 1772 916 1821 quod
944 1783 1086 1821 corpus
1113 1771 1252 1816 ChriSti
1272 1772 1376 1809 idem

312 1825 352 1864 in
379 1825 590 1874 substantia
616 1832 673 1862 est
690 1825 730 1861 in
749 1825 825 1862 hoc
848 1832 1087 1862 sacramento
1107 1831 1144 1861 et
1163 1824 1202 1861 in
1220 1825 1377 1874 propria

201 1895 206 1899 ·
230 1899 238 1905 -·
258 1883 280 1926 ,j
312 1879 455 1930 &eb-aie,
485 1878 553 1915 sed
579 1889 661 1915 non
689 1878 830 1915 eodem
855 1878 997 1915 modo:
1020 1889 1127 1914 >nam
1155 1876 1195 1914 in
1222 1877 1378 1927 propria

309 1926 439 1983 bpfiffssie
475 1930 657 1980 contingit
684 1927 967 1968 circumstantia
994 1942 1157 1979 corpora
1193 1942 1263 1979 per
1288 1943 1377 1980 pro-

309 1978 423 2036 pm&
441 1983 715 2031 dimensiones,
745 1995 825 2021 non
853 1991 980 2021 autern
1010 1990 1126 2033 prout
1153 1990 1208 2019 est
1235 1983 1274 2020 in
1302 1984 1378 2020 hoc

309 2042 566 2084 mmento,
586 2044 630 2074 ut
648 2049 764 2086 supra
782 2037 803 2059 ²¹⁸
830 2035 976 2073 dictum
995 2043 1062 2072 est.
1091 2037 1139 2073 Et
1160 2036 1248 2073 ideo
1267 2036 1378 2085 quid-

308 2085 408 2141 quid
443 2090 607 2140 pertinet
634 2090 683 2126 ad
712 2089 908 2126 Christum
945 2089 1161 2126 secundum
1189 2089 1296 2138 quod
1323 2096 1380 2125 est

313 2143 355 2182 in
383 2155 435 2190 se,
464 2150 590 2193 potest
625 2142 777 2180 attribui
805 2141 839 2178 ei
867 2149 903 2179 et
931 2141 970 2178 in
997 2140 1154 2191 propria
1190 2140 1315 2190 specie
1344 2149 1380 2178 et

311 2197 358 2235 111
383 2203 623 2234 sacramento
652 2195 841 2232 existenti:
871 2195 967 2231 sicut
993 2194 1140 2238 vivere,
1170 2194 1281 2240 mori,
1311 2194 1379 2231 do-

312 2251 413 2297 lere,
442 2249 656 2287 animatum
683 2250 745 2285 vel
772 2247 1027 2285 inanimatum
1062 2259 1163 2291 esse,
1192 2254 1229 2283 et
1256 2254 1380 2284 cetera

315 2301 553 2340 huiusmodi.
583 2302 867 2350 Quaecumque
885 2312 980 2337 vero
999 2300 1236 2337 conveniunt
1258 2299 1293 2336 ei
1311 2311 1381 2348 per

312 2355 648 2405 :comparationem
683 2355 733 2391 ad
767 2365 930 2403 corpora
962 2352 1191 2400 extrinseca,
1219 2361 1381 2401 possunt

313 2476 318 2479 ⁵
370 2486 399 2520 α)
413 2486 527 2519 poteris.
550 2500 569 2504 —
587 2486 622 2516 P;
643 2485 748 2518 poterit
773 2499 793 2503 —
818 2485 869 2509 Pro
887 2484 1000 2512 sociare,
1018 2484 1129 2518 sfgnare
1146 2484 1217 2513 ABa.
1235 2491 1335 2509 conare
1353 2484 1384 2515 1),

316 2529 417 2549 sonare
435 2522 464 2552 E.
483 2529 537 2547 om.
556 2521 608 2554 pG.

1427 718 1461 755 ei
1497 718 1649 755 attribui
1676 718 1715 755 in
1743 719 1898 768 propria
1934 720 2059 768 specie
2093 720 2282 767 existenti,
2310 734 2390 759 non
2418 735 2483 759 au-

1426 778 1505 807 tern
1533 778 1648 820 prout
1667 779 1722 808 est
1748 771 1787 808 in
1816 780 2075 809 sacramento:
2105 773 2201 810 sicut
2219 774 2374 821 irrideri,
2394 787 2484 812 con-

1427 823 1531 872 spui,
1567 823 1753 872 crucifigi,
1788 824 1983 872 flagellari,
2022 833 2058 862 et
2092 834 2215 863 cetera
2248 826 2483 864 huiusmodi.

1426 876 1539 913 Unde
1567 876 1726 925 quidam
1762 877 1915 914 metrice
1943 878 2138 915 dixerunt:
2168 880 2316 928 I-'yxide
2341 886 2484 918 servato

1425 931 1562 978 poteris
1581 935 1599 950 α
1625 931 1769 966 sociare
1796 930 1961 968 dolorem
1995 933 2188 978 Innatum,
2215 933 2280 969 sed
2306 945 2379 970 non
2407 934 2485 970 illa-

1427 987 1483 1018 tus
1510 984 1679 1019 convenit
1706 983 1768 1019 illi.

1482 1036 1539 1071 AD
1567 1047 1701 1072 PRIMUM
1729 1047 1827 1072 ERGO
1855 1048 2034 1073 DICENDUM
2062 1038 2189 1086 quod,
2219 1038 2314 1075 sicut
2341 1039 2485 1076 dictum

1429 1094 1484 1124 est
1501 1087 1532 1134 ²³,
1560 1088 1687 1137 passio
1716 1089 1895 1125 convenit
1922 1089 2074 1138 corpori
2101 1103 2214 1140 passo
2242 1103 2312 1140 per
2330 1103 2485 1141 compa-

1429 1140 1618 1177 rationem
1636 1141 1686 1177 ad
1704 1153 1818 1189 agens
1838 1142 2104 1179 extrinsecum.
2127 1144 2175 1180 Et
2194 1143 2280 1180 ideo
2301 1145 2485 1191 Christus,

1430 1193 1645 1230 secundum
1679 1194 1787 1242 quod
1818 1202 1873 1230 est
1906 1195 1977 1231 sub
2012 1204 2268 1244 sacramento,
2297 1197 2374 1246 pati
2406 1210 2486 1234 non

1429 1254 1564 1295 potest.
1594 1247 1721 1283 Potest
1748 1254 1878 1283 tamen
1906 1247 2016 1284 mori.

1482 1300 1540 1335 AD
1559 1311 1748 1336 SECUNDUM
1773 1312 1954 1337 DlCENDUM
1981 1302 2100 1349 quod,
2130 1302 2225 1339 sicut
2252 1315 2367 1351 supra
2385 1303 2405 1324 '¹‘
2433 1303 2486 1339 di-

1429 1404 1469 1440 vi
1487 1404 1794 1450 consecrationls,
1815 1405 1967 1452 sanguis
1995 1414 2124 1443 autem
2153 1408 2224 1444 sub
2252 1408 2376 1456 specie
2395 1409 2486 1445 vini.

1432 1457 1508 1494 Sed
1536 1469 1640 1493 nunc
1668 1457 1837 1506 quidem,
1858 1458 2014 1506 quando
2035 1459 2181 1496 realiter
2199 1461 2351 1508 sanguis
2380 1462 2488 1498 Chri-

1431 1509 1475 1546 sti
1503 1521 1584 1546 non
1612 1517 1667 1546 est
1701 1517 1895 1558 separatus
1923 1511 1971 1547 ab
2000 1511 2082 1548 eius
2109 1524 2291 1561 corpore,
2322 1526 2367 1550 ex
2400 1515 2489 1551 reali

1431 1561 1727 1598 concomitantia
1755 1570 1792 1598 et
1819 1563 1971 1610 sanguis
2007 1564 2145 1600 Christi
2174 1573 2228 1601 est
2255 1566 2327 1602 sub
2364 1567 2488 1615 specie

1430 1613 1540 1663 panis
1569 1614 1683 1650 simul
1711 1627 1802 1651 curn
1829 1627 2002 1664 corpore,
2033 1624 2068 1652 et
2096 1628 2236 1666 corpus
2264 1618 2335 1654 sub
2366 1619 2489 1668 specie

1431 1666 1512 1703 vini
1549 1666 1663 1703 simul
1699 1679 1789 1703 curn
1827 1667 2022 1715 sanguine.
2062 1669 2158 1716 Sed,
2189 1670 2219 1706 si
2251 1670 2290 1706 in
2317 1678 2490 1720 tempore

1430 1719 1620 1768 passionis
1649 1719 1798 1762 Christi,
1818 1721 1976 1768 quando
2005 1721 2152 1758 realiter
2170 1723 2321 1770 sanguis
2347 1723 2416 1760 fuit
2434 1737 2490 1761 se-

1431 1779 1586 1821 paratus
1605 1784 1626 1808 a
1646 1784 1820 1821 corpore,
1839 1772 1969 1809 fuisset
1997 1774 2072 1811 hoc
2099 1783 2382 1813 sacramentum
2400 1788 2491 1814 con-

1432 1823 1634 1870 secratum,
1655 1825 1727 1861 sub
1755 1825 1880 1874 specie
1907 1826 2017 1875 panis
2034 1826 2165 1864 fuisset
2192 1829 2319 1865 solum
2337 1841 2490 1879 corpus,

1432 1885 1468 1914 et
1496 1877 1568 1914 sub
1597 1877 1722 1926 specie
1750 1877 1830 1914 vini
1856 1878 1987 1915 fuisset
2014 1881 2118 1916 solus
2146 1881 2309 1929 sanguis.

1485 1932 1542 1967 AD
1569 1941 1728 1968 TERTIUM
1755 1943 1936 1969 DmENDUM
1968 1933 2096 1981 quod,
2126 1933 2221 1970 sicut
2255 1946 2371 1983 supra
2389 1935 2409 1957 '¹‘
2436 1936 2491 1972 di-

1432 1990 1538 2020 ctum
1565 1991 1637 2030 est,
1667 1983 1796 2020 anima
1825 1984 1963 2021 Christi
1995 1993 2050 2022 est
2077 1985 2116 2022 in
2144 1987 2220 2023 hoc
2253 1996 2490 2026 sacramento

1433 2047 1480 2072 ex
1515 2035 1605 2072 reali
1641 2036 1953 2082 concomitantia,
1983 2037 2073 2086 quia
2100 2050 2180 2075 non
2209 2047 2263 2076 est
2290 2040 2371 2077 sine
2408 2053 2490 2078 cor—

1432 2100 1545 2137 pore:
1575 2100 1656 2125 non
1684 2096 1814 2125 autem
1842 2101 1888 2126 ex
1915 2089 1954 2136 Yi
1982 2091 2288 2129 consecrationis
2319 2094 2367 2129 Et
2389 2092 2488 2141 ideo,

1433 2141 1463 2178 si
1491 2149 1584 2177 tunc
1609 2141 1739 2178 fuisset
1765 2141 1842 2178 hoc
1876 2150 2158 2180 sacramentum
2192 2153 2454 2183 consecratum
2476 2146 2491 2176 β

1432 2195 1495 2231 vel
1523 2201 1718 2230 servatum
1741 2194 1898 2242 quando
1927 2194 2055 2232 anima
2083 2204 2162 2233 erat
2180 2209 2202 2233 a
2221 2209 2382 2247 corpore
2410 2211 2490 2236 rea-

1434 2246 1516 2283 liter
1543 2254 1725 2295 separata,
1746 2259 1826 2284 non
1843 2247 1973 2284 fuisset
2000 2248 2129 2286 anima
2152 2250 2290 2287 Christi
2316 2251 2388 2287 sub
2416 2252 2491 2288 hoc

1434 2307 1692 2336 sacramento:
1722 2311 1802 2336 non
1829 2308 1986 2349 propter
2012 2301 2202 2339 defectum
2228 2303 2376 2340 virtutis
2406 2316 2491 2341 ver-

1434 2352 1587 2399 borum,
1617 2353 1684 2389 sed
1711 2360 1868 2402 propter
1895 2353 2007 2390 aliam
2036 2353 2324 2404 dispositionem
2352 2356 2416 2393 rei.

1495 2483 1520 2524 β)
1539 2488 1730 2510 consecratum.
1747 2498 1768 2503 --
1785 2485 1846 2510 Om.
1864 2485 1893 2510 F.
1912 2485 1962 2510 Pro
1980 2489 2124 2515 servatum,
2140 2490 2268 2518 paratum
2287 2487 2338 2519 pG,
2351 2492 2490 2520 peractum

1442 2524 1528 2544 ceteri.

992 2617 1326 2650 Commentario.
1349 2616 1602 2649 cardinalis
1624 2617 1823 2649 Caietam

350 2726 371 2746 u
394 2721 462 2746 tota
485 2715 672 2755 quaestione
696 2714 996 2755 octogesimaprima
1017 2714 1080 2744 hoc
1099 2714 1206 2744 solum
1225 2714 1377 2750 occurrit,

322 2727 435 2791 lcirca
457 2759 561 2800 quarti
576 2759 698 2789 articuli
715 2759 891 2794 materiam,
913 2757 1132 2794 recolendum,
1149 2758 1238 2798 quod
1254 2758 1380 2789 Scotica

286 2822 293 2828 ·
321 2803 479 2835 chimaera
495 2804 640 2844 superius
655 2803 672 2820 ⁴*
695 2802 791 2834 relata
813 2803 888 2833 hinc
908 2807 1038 2843 apparet
1052 2807 1088 2833 ut
1111 2807 1166 2832 est.
1190 2802 1278 2832 Nihil
1294 2803 1379 2832 enim

319 2848 427 2879 minus
443 2857 560 2888 corpus
577 2846 694 2878 Christi
710 2847 768 2877 sub
785 2851 982 2877 sacramento
997 2846 1077 2877 nihil
1089 2845 1208 2883 fuisset,
1225 2847 1251 2876 si
1263 2846 1380 2877 Christi

321 2901 439 2933 corpus
469 2892 503 2922 in
532 2891 662 2932 propria
691 2891 797 2932 specie
827 2891 1035 2921 annihilatum
1065 2889 1191 2927 fuisset,
1223 2900 1320 2930 quam
1347 2890 1380 2920 in

319 2936 427 2967 triduo
458 2945 576 2976 corpus
606 2935 723 2966 Christi
750 2935 808 2966 sub
839 2940 1037 2965 sacramento
1072 2933 1182 2965 fuisset
1215 2939 1380 2965 mortuum

321 2981 397 3021 quia
418 2981 452 3012 in
474 2980 603 3020 propria
626 2980 732 3020 specie
755 2979 816 3010 fuit
829 2984 1012 3010 mortuum:
1038 2988 1112 3009 cum
1135 2984 1242 3009 tamen
1267 2978 1381 3009 Scotus

1433 2715 1496 2744 hoc
1513 2713 1668 2744 concedat
1683 2715 1700 2730 ⁴*
1716 2720 1747 2744 et
1762 2715 1902 2754 primum
1917 2720 2012 2755 neget
2026 2716 2070 2745 ff.
2094 2715 2274 2756 Utrumque
2297 2717 2393 2752 enim,
2409 2716 2490 2747 scili-

1435 2763 1484 2788 eet
1508 2767 1575 2788 esse
1602 2763 1767 2789 mortuum
1792 2764 1823 2789 et
1846 2768 1912 2789 esse
1935 2759 2023 2794 nihil,
2047 2765 2121 2789 sunt
2151 2759 2190 2790 de
2213 2769 2347 2790 numero
2379 2770 2491 2790 eorum

1435 2811 1517 2842 quae
1540 2802 1746 2838 conveniunt,
1763 2811 1819 2833 seu
1840 2812 1923 2842 quae
1938 2804 2144 2834 convenirent
2165 2803 2280 2834 Christi
2296 2804 2423 2843 corpori
2437 2805 2491 2834 ab—

1434 2846 1538 2876 solute
1562 2851 1593 2876 et
1615 2855 1682 2876 non
1705 2847 1738 2876 in
1762 2846 1872 2876 ordine
1896 2846 1934 2876 ad
1959 2847 2146 2883 extrinseca,
2170 2852 2206 2877 ut
2229 2847 2309 2878 clare
2332 2853 2427 2887 patet.
2450 2848 2492 2878 Et

1433 2895 1603 2930 propterea
1626 2889 1857 2930 quodcumque
1880 2900 1992 2920 eorum
2021 2890 2136 2921 Christi
2160 2892 2286 2931 corpori
2309 2892 2341 2921 in
2363 2893 2491 2931 propria

1434 2934 1541 2973 speeie
1564 2934 1775 2973 contingeret,
1792 2934 1995 2964 asserendum
2018 2940 2098 2966 esset
2113 2934 2152 2965 de
2176 2935 2290 2965 eodem
2313 2936 2371 2965 sub
2391 2945 2491 2966 sacra—

1434 2983 1554 3008 mento.

939 3206 1891 3286 *RQ*—

2513 1105 2523 1115 ‘
2537 1104 2561 1125 ln
2577 1110 2682 1132 corpore.

2514 1310 2524 1319 ·
2538 1309 2586 1336 Qu.
2594 1315 2671 1334 Lxxw,
2682 1314 2724 1332 art.

2515 1341 2526 1351 ι»

1402 1382 1404 1400 a
1430 1359 1535 1388 ctum
1564 1359 1628 1397 est,
1650 1352 1721 1388 sub
1750 1352 1875 1410 specie
1903 1353 2012 1401 panis
2040 1362 2095 1390 est
2123 1367 2263 1403 corpus
2284 1355 2422 1392 Christi
2442 1368 2488 1393 ex
2516 1351 2535 1357 '⁴

2518 1945 2528 1954 '¹
2544 1943 2591 1970 Qu.
2600 1949 2676 1970 uxvx,
2687 1948 2728 1966 art.

2520 1977 2538 1996 ¹,
2553 1969 2581 1991 ad
2598 1977 2616 1991 1.

2519 2727 2528 2735 ·
2542 2723 2575 2745 1v
2588 2723 2660 2750 Sent„
2675 2724 2727 2745 dist.

2518 2756 2550 2774 x1,
2565 2756 2603 2778 qu.
2616 2756 2649 2775 111,
2664 2754 2697 2771 art
2716 2756 2727 2771 2

2518 2777 2590 2803 princi
2607 2777 2645 2803 ali,
2656 2780 2696 2798 art.
2708 2782 2727 2798 2.

2518 2804 2539 2814 ·'
2553 2783 2620 2829 Ibis„
2637 2803 2690 2824 dist.
2704 2809 2727 2828 x,

2518 2835 2556 2857 qu.
2572 2835 2602 2851 iv.
