2918 4088
464 185 533 221 106
1143 185 1405 232 QUAESTIO
1434 186 1573 232 LXIX,
1603 184 1895 222 ARTICULUS
1924 186 1938 222 I

941 366 1354 439 QUAESTIO
1394 365 2153 422 SEXAGESIMANONA

1146 478 1228 517 DE
1262 475 1634 517 EFFECTIBUS
1667 476 1949 518 BAPTISMI

1269 583 1303 607 IN
1332 582 1451 607 DECEM
1479 582 1680 608 ARTICULOS
1707 583 1820 608 DIVISA

538 686 643 712 EINDE
681 671 1007 710 considerandum
1044 676 1099 705 est
1135 668 1183 704 de
1217 666 1416 704 effectibus
1451 667 1517 704 ba-

215 738 226 748 ·
246 736 283 758 Cf.
304 741 343 764 qu.
364 742 427 763 uvr,
457 684 666 783 Dptismi
685 732 715 769 *-

455 794 503 830 Et
531 793 630 830 circa
657 793 733 828 hoc
761 796 999 840 quaeruntur
1028 788 1174 824 decem.

507 850 656 888 Primo:
673 857 804 886 utrum
818 859 887 896 per
901 844 1138 894 baptismum
1153 844 1373 881 auferantur
1387 842 1519 880 omnia

588 914 726 943 eccata.

508 920 704 1003 Segundo:
721 970 851 1000 utrum
866 972 935 1010 per
949 959 1187 1008 baptismum
1202 958 1382 996 liberetur
1396 958 1517 995 homo

560 1024 608 1060 ab
637 1021 745 1059 omni
773 1032 911 1070 poena.

506 1079 657 1117 Tertio:
696 1086 828 1116 utrum
869 1076 1083 1126 baptismus
1130 1075 1274 1112 auferat
1309 1074 1517 1124 poenalita-

559 1146 637 1174 tem
658 1142 675 1158 α
703 1135 819 1173 huius
847 1134 958 1171 vitae.

506 1197 670 1243 Quarto:
691 1201 823 1230 utrum
842 1204 912 1242 per
925 1190 1164 1240 baptismum
1184 1189 1429 1226 conferantur
1447 1190 1516 1226 ho-

556 1253 652 1291 mini
679 1252 819 1302 gratiae
847 1259 884 1288 et
910 1250 1080 1287 virtutes.

214 762 302 784 Introd.

1628 667 1794 715 Quinto:
1825 668 1873 704 de
1902 668 2100 706 effectibus
2119 669 2305 707 virtutum
2334 671 2401 720 qui
2427 683 2498 721 per
2515 672 2636 723 bapti-

1680 732 1811 757 smum
1839 721 2099 759 conferuntur.

1628 774 1759 811 Sexto:
1786 781 1917 811 utrum
1946 774 2061 811 etiam
2087 775 2239 824 parvuli
2267 776 2307 813 in
2335 776 2526 827 baptismo
2554 789 2636 826 gra-

1678 826 1747 863 tias
1776 834 1812 863 et
1838 827 1996 864 virtutes
2024 828 2221 878 accipiant.

1628 879 1820 928 Septimo:
1851 887 1983 917 utrum
2010 893 2080 930 per
2100 881 2334 931 baptismum
2361 883 2553 933 aperiatur
2570 883 2636 921 ba-

1678 932 1825 981 ptizatis
1853 932 1969 970 ianua
1997 933 2102 982 regni
2130 935 2310 973 caelestis.

1627 985 1794 1023 Octavo:
1825 993 1956 1023 utrum
1983 986 2197 1036 baptismus
2224 990 2427 1038 aequalem
2455 989 2636 1028 effectum

1678 1038 1817 1076 habeat
1845 1038 1884 1075 in
1913 1040 2095 1077 omnibus
2123 1041 2331 1091 baptizatis.

1624 1091 1761 1128 Nono:
1801 1099 1933 1129 utrum
1974 1092 2078 1130 fictio
2121 1093 2305 1144 impediat
2346 1095 2527 1133 effectum
2569 1096 2634 1133 ba-

1677 1144 1818 1193 ptismi.

1624 1196 1804 1234 Decimo:
1844 1205 1987 1245 utrum,
2016 1199 2216 1237 recedente
2235 1200 2401 1249 fictione,
2422 1201 2635 1251 baptismus

1678 1249 1847 1287 obtineat
1875 1263 1992 1288 suum
2020 1252 2212 1290 effectum.

1263 1347 1585 1390 ARTICULUS
1616 1348 1822 1391 PRIMUS

930 1444 1088 1476 UTRUM
1111 1444 1194 1474 PER
1217 1441 1471 1473 BAPTISMUM
1495 1440 1766 1474 TOLLANTUR
1789 1443 1932 1474 OMNIA
1954 1445 2160 1477 PECCATA

538 1527 612 1558 Infra,
632 1535 675 1560 qu.
694 1533 776 1557 Lxxix,
795 1531 841 1550 art.
862 1524 885 1552 5.
905 1525 936 1549 ad
957 1531 986 1553 1;
1005 1523 1025 1548 Π
1046 1523 1129 1552 Sent„
1149 1522 1207 1547 dist.
1225 1529 1300 1550 xxxii,
1320 1528 1364 1553 qu.
1383 1528 1400 1549 ι,
1420 1524 1466 1544 art.
1487 1526 1510 1550 1,
1530 1527 1583 1552 arg.
1603 1526 1614 1544 1
1637 1520 1693 1545 Sed
1713 1522 1806 1551 Cont.,·
1824 1528 1871 1548 art.
1892 1530 1915 1554 2,
1935 1524 1967 1548 ad
1988 1524 2018 1555 3;
2038 1525 2079 1554 lv.
2099 1525 2157 1551 dist.
2174 1533 2209 1556 w,
2228 1533 2272 1559 qu.
2291 1534 2318 1556 ιι,
2337 1532 2384 1552 art.
2405 1534 2428 1557 ι,
2447 1527 2497 1560 qu⁸
2517 1533 2546 1558 1,

664 1562 723 1587 dist.
741 1569 785 1591 xn,
805 1568 848 1593 qu.
867 1568 894 1590 11,
914 1565 960 1585 art.
981 1566 1004 1589 2,
1024 1559 1073 1592 qu*
1095 1565 1118 1590 1,
1138 1558 1170 1582 ad
1190 1558 1218 1588 3;
1239 1557 1297 1582 dist.
1315 1563 1370 1586 xw,
1390 1563 1434 1588 qu.
1453 1563 1480 1585 ιι,
1500 1560 1547 1580 art.
1568 1562 1591 1584 ι,
1611 1556 1660 1588 qu·
1681 1563 1708 1586 2,
1728 1557 1760 1581 ad
1781 1557 1811 1588 3;
1830 1558 1888 1584 dist.
1907 1566 1972 1591 xvix,
1992 1567 2036 1593 qu.
2055 1568 2083 1591 11,
2102 1566 2149 1586 art.
2169 1568 2197 1592 2,
2217 1562 2267 1594 qu*
2285 1561 2315 1594 6,
2335 1563 2366 1587 ad
2388 1563 2417 1594 33

1302 1591 1335 1616 lV
1357 1591 1433 1616 Cont.
1455 1592 1542 1619 Gent„
1562 1598 1617 1624 cap.
1636 1599 1686 1622 ux,
1705 1599 1780 1618 Lxxu.

581 1698 639 1743 αἱς(
662 1690 684 1714 D
713 1688 848 1714 PmMUM
876 1687 928 1712 sm
957 1685 1193 1711 PROCEDITUR.
1222 1671 1384 1709 Videtur
1408 1670 1517 1719 quod

581 1718 641 1791 {3}
662 1742 732 1780 per
767 1728 1005 1778 baptismum
1046 1739 1127 1764 non
1163 1727 1344 1763 tollantur
1384 1723 1517 1814 orgnia

502 1798 583 1818 „Vs
605 1786 616 1799 ‘
646 1780 653 1785 ’
692 1790 829 1820 eccata.
859 1783 915 1819 Ba
943 1781 1078 1817 tismus
1106 1779 1210 1816 enirn
1238 1786 1294 1815 est
1348 1789 1421 1814 uae
1451 1789 1515 1814 am

468 1787 865 1886 wlgpiritualis
894 1793 1150 1882 rggeneratio,
1185 1843 1284 1881 quae
1313 1790 1515 1880 ccimtrapo-

452 1891 555 1928 nitur
582 1888 816 1938 generationi
845 1886 996 1925 carnali.
1027 1886 1104 1924 Sed
1132 1897 1202 1934 per
1228 1883 1515 1932 generationem

452 1944 644 1981 carnalem
681 1943 802 1979 homo
831 1939 1019 1978 contrahit
1054 1940 1181 1976 solum
1215 1937 1394 1985 originale
1427 1948 1515 1986 pec-

1570 1671 1625 1720 pit
1651 1671 1782 1709 vivere
1811 1673 1971 1710 novitati
1998 1674 2149 1722 gratiae.
2185 1661 2315 1714 Omne
2343 1685 2474 1714 autem
2501 1690 2635 1728 pecca-

1570 1731 1654 1761 tum
1673 1725 1836 1774 pertinet
1854 1726 1903 1763 ad
1922 1726 2122 1775 pristinam
2140 1736 2380 1767 vetustatem.
2410 1731 2523 1768 Unde
2543 1744 2634 1769 con-

1570 1789 1736 1867 sefluens
1756 1786 1811 1815 est
1830 1780 1937 1828 quod
1957 1792 2074 1818 omne
2093 1789 2295 1831 peccatum
2314 1795 2384 1832 per
2397 1783 2634 1834 baptismum

1569 1838 1609 1868 to
1637 1839 1732 1868 atur.

1623 1885 1680 1921 AD
1709 1897 1844 1922 PRIMUM
1873 1898 1970 1923 ERGO
1992 1899 2173 1925 DICENDUM
2197 1889 2315 1937 quod,
2345 1888 2442 1926 sicut
2469 1890 2634 1939 Aposto-

1569 1937 1628 1974 lus
1656 1937 1757 1984 dicit,
1785 1939 1896 1975 Rom.
1917 1951 1941 1975 v
1959 1938 1989 1986 ⁵¹⁶,
2018 1947 2221 1989 peccatum
2240 1941 2348 1978 Adae
2375 1954 2456 1979 non
2484 1949 2636 1980 tantum

451 2004 592 2034 catum.
622 1996 723 2044 Ergo
752 2006 822 2044 per
848 1993 1085 2043 baptismum
1114 1991 1275 2029 solvitur
1293 1991 1420 2027 solum
1441 1989 1514 2026 ori-
1540 1989 1543 2042 Ι
1568 1997 1694 2039 potest
1720 1998 1910 2040 quantum
1939 1992 2090 2030 donum
2119 1993 2281 2040 Christi,
2311 1995 2419 2044 quod
2446 1994 2487 2032 in
2513 1995 2635 2046 bapti-

450 2049 573 2098 ginale
605 2055 819 2098 peccatum.

506 2115 540 2139 2.
571 2103 803 2147 PRAETEREA,
832 2098 1066 2149 poenitentia
1094 2105 1150 2134 est
1177 2095 1371 2133 sufficiens
1398 2107 1515 2132 causa

451 2154 685 2192 remissionis
714 2153 921 2191 actualium
947 2158 1207 2201 peccatorum.
1238 2149 1314 2187 Sed
1343 2156 1430 2186 ante
1449 2148 1514 2185 ba-

450 2208 637 2258 ptismum
657 2208 696 2244 in
716 2206 853 2244 adultis
873 2204 1077 2254 requiritur
1095 2202 1349 2253 poenitentia:
1380 2213 1514 2238 secun-

211 2263 352 2289 ’ΨΜ-38·
451 2262 547 2299 dum
575 2260 668 2297 illud
695 2261 776 2297 Act.
798 2272 819 2296 11
838 2259 874 2295 *2
904 2259 1171 2295 Poenitentiam
1200 2257 1311 2306 agite,
1342 2261 1375 2292 et
1402 2256 1514 2304 bapti-

451 2321 551 2363 zetur
578 2315 823 2363 unusquisque
844 2317 1016 2350 vestrum.
1047 2311 1149 2358 Ergo
1178 2309 1392 2358 baptismus
1421 2308 1515 2345 nihil

452 2375 633 2417 operatur
669 2367 768 2403 circa
801 2364 1068 2403 remissionem
1104 2370 1353 2413 peccatorum
1388 2369 1514 2399 actua-

451 2421 558 2458 lium.

508 2473 541 2510 3.
572 2474 805 2518 PRAETEREA,
829 2471 1072 2508 diversorum
1091 2469 1322 2506 morborum
1341 2468 1515 2505 diversae

212 2533 344 2561 'Exposik
361 2533 424 2555 ⁶1⁵·
453 2534 541 2563 sunt
568 2524 799 2563 medicinae:
830 2524 931 2574 quia,
962 2523 1058 2560 sicut
1086 2522 1350 2572 Hieronymus
1376 2521 1466 2558 dicit
1483 2521 1514 2568 ²¹²,

211 2560 426 2614 ss?C{};.33,{3.¹'2
452 2592 527 2617 non
564 2585 671 2616 sanat
708 2579 856 2616 oculum
894 2577 993 2627 quod
1026 2582 1134 2613 sanat
1166 2576 1394 2612 calcaneum.
1439 2574 1516 2612 Sed

211 2613 274 2661 {gfff
293 2613 355 2641 opp,
370 2613 426 2635 Hie*
452 2640 655 2682 peccatum
683 2631 879 2679 originale,
918 2629 1025 2680 quod
1059 2641 1129 2678 per
1156 2628 1393 2678 baptismum
1420 2626 1516 2664 tolli-

452 2693 524 2733 tur,
559 2693 614 2722 est
651 2684 753 2722 aliud
788 2696 908 2732 genus
941 2681 1085 2733 peccati
1121 2695 1144 2719 a
1175 2689 1332 2731 peccato
1366 2680 1514 2718 actuali.

454 2740 555 2787 Ergo
594 2750 675 2775 non
710 2737 842 2774 omnia
875 2743 1031 2786 peccata
1067 2734 1312 2772 remittuntur
1348 2746 1418 2784 per
1450 2734 1516 2771 ba-

481 2799 651 2829 t1smum.

214 2840 352 2869 'V⁸'⁵·²⁵·
453 2804 479 2842 p
507 2845 581 2882 SED
610 2856 754 2882 CONTRA
782 2855 847 2880 EST
880 2842 988 2892 quod
1022 2841 1159 2879 dicitur
1192 2841 1331 2878 Ezech.
1351 2854 1459 2879 xxxvi
1477 2841 1515 2878 *z

452 2897 658 2947 Effundam
685 2909 797 2947 super
823 2908 887 2934 vos
915 2908 1052 2946 aquam
1080 2895 1273 2940 mundam,
1302 2900 1336 2931 et
1362 2895 1517 2931 munda-

312 2947 326 2980 β
453 2953 585 2988 bimini
610 2952 657 2988 ab
685 2951 855 2988 omnibus
883 2950 1168 2999 inquinamentis
1187 2946 1202 2977 β
1229 2949 1366 2985 vestris.

506 3005 731 3041 Resposm-:o
746 3015 928 3040 DICENDUM
948 3002 1067 3051 quod,
1084 3001 1180 3038 sicut
1194 3002 1403 3050 Apostolus
1417 3000 1516 3048 dicit,

453 3058 564 3094 Rom.
585 3069 619 3093 vi
637 3057 669 3102 ²⁸,
707 3059 926 3106 quicumque
953 3056 1125 3104 baptizati
1149 3067 1276 3092 sumus
1304 3056 1341 3091 in
1374 3055 1517 3091 Christo

455 3108 551 3155 Iesu,
581 3111 618 3146 in
638 3116 757 3146 morte
778 3110 888 3158 ipsius
916 3110 1088 3158 baptizati
1103 3120 1241 3144 sumus.
1272 3108 1320 3144 Et
1347 3115 1481 3156 postea
1499 3107 1519 3129 ’¹‘

455 3161 666 3198 concludit:
706 3164 765 3199 Ita
793 3167 826 3198 et
852 3174 917 3199 vos
945 3163 1149 3198 existimate
1180 3166 1345 3197 mortuos
1373 3161 1518 3209 quidem

456 3227 532 3251 esse
554 3220 720 3263 peccato,
749 3217 908 3252 viventes
935 3220 1057 3250 autem
1086 3215 1167 3250 Deo
1196 3215 1232 3250 in
1262 3214 1406 3250 Christo
1434 3215 1518 3250 Iesu

456 3268 621 3304 Domino
650 3273 785 3304 nostro.
830 3268 888 3303 Ex
916 3279 995 3315 quo
1030 3274 1133 3315 patet
1167 3266 1273 3315 quod
1301 3278 1371 3315 per
1398 3266 1519 3316 bapti-

458 3331 588 3357 smum
621 3320 742 3356 homo
780 3319 943 3357 moritur
970 3319 1146 3355 vetustati
1174 3318 1335 3367 peccati,
1365 3326 1401 3355 et
1428 3318 1519 3356 inci-

215 3054 226 3064 ”
240 3052 306 3075 Vers.
320 3059 340 3082 3.

215 3106 226 3116 ·
241 3105 308 3127 vers.
324 3112 332 3128 ι
338 3113 356 3128 ι.

511 3434 538 3467 α)
554 3433 754 3465 poenalitatem.
772 3446 791 3450 —
806 3432 986 3464 poenalitates
1005 3432 1044 3457 ΡΙ.

511 3468 536 3503 β)
556 3469 770 3501 inquinamentis.
789 3483 808 3487 —
826 3468 1010 3500 iniquitatibus
1029 3467 1092 3500 BpG
1113 3473 1138 3492 et
1157 3475 1197 3493 ac.

510 3504 538 3539 γ)
556 3505 650 3530 solum.
664 3518 683 3523 —-
699 3504 756 3528 FsB
771 3509 796 3529 et
815 3504 900 3534 tertia;
921 3511 974 3528 om.
990 3503 1040 3527 Pro
1059 3503 1210 3536 originalis,
1225 3502 1397 3536 originalium
1417 3511 1518 3529 omnes.

1569 2055 1656 2079 smo
1683 2043 1909 2093 percipitur:
1941 2058 2030 2082 nam
2054 2046 2233 2083 iudicium
2262 2059 2312 2084 ex
2334 2060 2409 2086 uno
2437 2049 2475 2085 in
2503 2049 2634 2086 conde-

1569 2098 1809 2143 mnationem,
1837 2099 1963 2147 gratia
1991 2105 2114 2136 autem
2142 2112 2192 2137 ex
2217 2100 2340 2138 multis
2363 2101 2500 2138 delictis
2522 2103 2560 2139 in
2580 2102 2635 2140 iu-

1568 2150 1835 2197 stificationem.
1870 2150 1982 2188 Unde
2011 2159 2047 2188 et
2074 2152 2311 2201 Augustinus
2340 2153 2440 2202 dicit,
2469 2153 2509 2191 in
2537 2153 2634 2193 libro

1569 2202 1615 2239 de
1632 2204 1824 2252 Baptismo
1842 2204 2094 2242 Parvulorum
2104 2205 2134 2253 *,
2153 2206 2272 2255 quod,
2287 2213 2493 2257 generante
2505 2219 2632 2255 carne,

1568 2257 1822 2294 tantummodo
1850 2258 2008 2295 trahitur
2034 2265 2226 2308 peccatum
2247 2260 2452 2310 originale:
2479 2272 2634 2311 regene-

1570 2314 1677 2346 rante
1703 2315 1826 2346 autem
1855 2311 2003 2360 Spiritu,
2033 2324 2108 2349 non
2145 2312 2264 2349 solum
2284 2317 2300 2341 Υ
2328 2314 2542 2363 originalis,
2570 2313 2637 2352 sed

1570 2363 1680 2399 etiam
1707 2363 2004 2400 voluntariorum
2021 2366 2072 2413 fit
2099 2366 2266 2403 remissio
2288 2372 2542 2415 peccatorum.

1623 2416 1680 2452 Ao
1700 2428 1890 2454 SECUNDUM
1908 2429 2090 2454 DICENDUM
2118 2418 2225 2467 quod
2253 2418 2394 2456 nullius
2412 2418 2558 2469 peccati
2577 2431 2634 2456 re-

1569 2468 1702 2505 missio
1739 2469 1823 2506 fieri
1854 2477 1979 2519 potest
2015 2470 2088 2507 nisi
2123 2483 2194 2520 per
2228 2471 2409 2509 virtutem
2446 2471 2636 2522 passionis

1571 2521 1728 2559 Christi:
1758 2522 1863 2559 unde
1893 2530 1929 2559 et
1947 2524 2155 2572 Apostolus
2174 2523 2275 2570 dicit,
2295 2526 2394 2562 Heb.
2415 2537 2450 2562 ix
2467 2524 2498 2572 ²⁸,
2527 2525 2636 2575 quod
2661 2530 2673 2542 ·

1569 2577 1648 2612 sine
1680 2577 1874 2626 sanguinis
1906 2575 2086 2625 effusione
2122 2587 2203 2614 nonv
2219 2579 2271 2626 fit
2302 2579 2480 2616 remissio.
2522 2578 2635 2627 Unde

1570 2635 1700 2665 motus
1734 2628 1941 2666 voluntatis
1975 2630 2171 2667 humanae
2198 2628 2211 2652 δ
2245 2642 2325 2668 non
2360 2631 2552 2669 sufficeret
2585 2631 2636 2670 ad

1570 2681 1839 2719 remissionem
1867 2683 2018 2732 culpae,
2047 2682 2120 2720 nisi
2147 2683 2296 2720 adesset
2322 2683 2420 2721 fides
2446 2683 2636 2734 passionis

1572 2734 1712 2772 Christi
1740 2743 1776 2772 et
1803 2735 2046 2784 propositum
2065 2735 2316 2786 participandi
2335 2736 2472 2787 ipsam,
2491 2738 2554 2774 vel
2571 2749 2635 2775 su-

1571 2788 1769 2838 scipiendo
1795 2787 2044 2838 baptismum,
2064 2790 2127 2830 vel
2146 2789 2384 2827 subiiciendo
2404 2802 2444 2827 se
2463 2789 2635 2828 clavibus

1571 2841 1775 2878 Ecclesiae.
1806 2842 1854 2878 Et
1881 2841 1982 2888 ideo,
2011 2842 2170 2891 quando
2199 2842 2335 2892 aliquis
2362 2843 2514 2880 adultus
2541 2854 2635 2892 poe-

1571 2895 1695 2932 nitens
1714 2894 1763 2931 ad
1782 2894 2019 2944 baptismum
2038 2895 2193 2943 accedit,
2209 2895 2457 2944 consequitur
2475 2895 2635 2945 quidem

1572 2947 1840 2985 remissionem
1875 2947 2054 2985 omnium
2081 2955 2329 2998 peccatorum
2362 2960 2409 2985 ex
2435 2948 2634 2998 proposito

1571 3000 1773 3050 baptismi,
1807 3001 2009 3050 perfectius
2037 3008 2167 3038 autem
2199 3013 2246 3038 ex
2273 3000 2364 3038 reali
2391 3001 2634 3051 susceptione

1571 3053 1762 3104 baptismi.

1625 3109 1683 3144 AD
1710 3119 1870 3145 TERTIUM
1897 3118 2079 3144 monimum
2111 3106 2219 3155 quod
2247 3106 2341 3144 ratio
2370 3106 2432 3144 illa
2462 3106 2636 3156 procedit

1573 3160 1620 3197 de
1662 3159 1953 3209 particularibus
1989 3158 2199 3196 medicinis.
2247 3159 2467 3209 Baptismus
2504 3167 2634 3198 autem

1573 3220 1755 3262 operatur
1787 3212 1827 3250 in
1854 3212 1993 3249 virtute
2027 3211 2216 3261 passionis
2250 3212 2408 3260 Christi,
2445 3225 2544 3262 quae
2580 3221 2636 3251 est

1572 3265 1798 3303 universalis
1839 3264 2030 3302 medicina
2071 3264 2250 3302 omnium
2283 3274 2555 3315 peccatorum:
2599 3273 2636 3304 et

1573 3331 1643 3368 per
1669 3318 1906 3368 baptismum
1934 3317 2065 3354 omnia
2092 3325 2247 3367 peccata
2275 3320 2478 3357 solvuntur
2496 3324 2519 3356 2.

1626 3432 1651 3467 δ)
1670 3433 1812 3458 humanae.
1829 3446 1849 3450 -
1866 3439 1934 3464 quae
1953 3435 1993 3457 est
2012 3432 2038 3456 in
2053 3432 2208 3464 poenitente
2226 3433 2323 3458 addunt
2341 3434 2362 3458 E
2382 3439 2406 3459 et
2425 3435 2507 3460 tertia.

1626 3468 1649 3502 ε)
1668 3469 1815 3494 solvuntur.
1832 3482 1852 3487 -
1870 3467 2001 3492 tolluntur
2019 3468 2047 3493 P.

2661 1945 2673 1956 ·
2686 1944 2754 1968 ναι.
2769 1950 2792 1974 ¹5
2809 1950 2863 1974 sqq.

2660 2217 2672 2229 '
2684 2216 2724 2239 Al.
2738 2215 2769 2239 de
2781 2215 2874 2239 Peccat-

2659 2242 2741 2266 Merit.
2746 2242 2873 2266 “Rea-iu.

2660 2271 2685 2291 et
2693 2269 2724 2292 de
2731 2269 2802 2298 Bapt.
2811 2269 2873 2292 Par-

2659 2296 2720 2324 ναι,
2733 2294 2775 2319 mv.
2788 2296 2808 2324 1,
2823 2296 2875 2325 σιρζ

2659 2328 2698 2350 xv,
2712 2328 2736 2345 ιι.
2749 2328 2787 2345 ao.

2758 2358 2776 2385 Υ

2688 2529 2802 2553 Ver-,22-
