2918 4088
203 307 214 317 '
228 306 252 327 1n
268 311 327 332 resp.
343 304 371 326 ad
381 310 400 326 2.

202 437 213 447 '¹
234 436 269 457 Cf.
294 442 332 463 qu.
357 442 414 462 Lxx,

201 466 243 484 art.
258 470 280 489 4,
299 462 326 484 ad
341 468 359 490 5.

203 2093 213 2103 ·
229 2091 264 2113 Cf.
279 2091 327 2112 Lib.
343 2090 402 2112 Pon-

203 2119 222 2139 ti
239 2118 284 2139 cal.
303 2117 404 2138 Damasi

222 2150 290 2172 apae.
311 2155 321 2160 -
344 2143 402 2165 Vide

204 2171 335 2193 Comment.

204 2303 215 2313 ‘
229 2301 294 2323 Vers.
309 2307 328 2329 5.

449 191 518 217 112

443 259 503 288 nisi
527 263 601 298 post
626 257 743 288 Christi
766 263 904 288 mortem
927 258 1058 298 ingressi
1082 263 1156 288 sunt
1177 266 1312 297 regnum
1332 256 1503 287 caelorum.

443 302 484 332 Et
507 303 569 332 hoc
593 308 687 332 vocat
713 302 836 332 Auctor
854 303 870 319 ⁹*
900 302 1016 332 habere
1043 307 1162 332 certam
1188 311 1274 342 spem
1305 300 1343 331 de
1370 299 1504 330 introitu

444 346 582 376 caelesti.
619 346 660 376 Et
682 347 716 377 in
738 347 801 377 hoc
832 347 1069 386 praeeminebat
1095 346 1271 386 baptizatus
1298 344 1503 374 circumciso:

444 390 644 420 circumcisio
675 391 760 421 enim
787 400 855 421 non
883 391 1018 421 habebat
1041 391 1189 420 virtutem
1217 388 1350 419 tollendi
1374 396 1505 417 omnem

442 435 680 474 poenalitatem,
694 444 791 475 quam
807 435 902 465 habet
917 435 1091 475 baptismus
1102 435 1127 464 ὓ.
1138 452 1160 456 -
1169 433 1324 471 Quamvis
1337 432 1431 462 etiam
1444 430 1505 460 dici

442 479 543 518 possit
567 479 656 519 quod
679 479 854 519 baptismus
878 485 949 509 ante
966 484 1103 509 mortem
1120 477 1247 512 Christi,
1268 477 1342 516 quia
1358 473 1504 514 imperfe-

1099 178 1363 226 QUAESTIO
1392 179 1532 225 LXIX,
1562 175 1854 213 ARTICULUS
1883 175 1964 212 VIII

1559 260 1608 284 cte
1625 253 1844 293 configurabat
1866 253 1962 283 morti
1985 252 2112 289 Christi,
2132 258 2246 293 utpote
2265 252 2467 293 configurans
2491 253 2619 284 Christo

1559 303 1688 328 mortuo
1712 306 1780 327 non
1803 297 1836 327 in
1859 306 1892 327 re
1916 296 2023 327 sedin
2046 296 2126 333 fide;
2154 297 2198 327 ita
2220 298 2315 328 etiam
2337 297 2522 338 imperfecte
2545 307 2620 338 ape-

1559 342 1658 371 riebat
1681 340 1815 376 caelum,
1833 346 1868 371 ut
1891 341 1992 371 littera
2015 341 2231 381 responsionis
2255 340 2294 372 ad
2317 340 2495 372 secundum
2517 346 2619 372 sonat.

1614 385 1655 415 Et
1681 385 1759 415 haec
1786 385 1848 415 sint
1879 384 1962 415 dicta
1991 394 2051 425 pro
2083 384 2233 424 dignitate
2260 385 2417 425 baptismi.
2453 385 2621 423 Quantum

1560 430 1646 459 enim
1674 434 1795 468 spectat
1827 428 1866 459 ad
1894 434 2064 465 eventurn,
2090 428 2218 459 Christo
2248 434 2378 460 mortuo
2401 430 2504 470 patuit
2525 429 2621 459 ianua

1560 473 1702 503 caelestis
1725 478 1791 503 tam
1814 473 1973 513 baptizato
1998 482 2095 513 quam
2119 473 2318 504 circumciso.

1218 611 1536 654 ARTICULUS
1567 609 1840 652 OCTAVUS

821 709 973 740 UTRUM
998 705 1238 738 BAPTISMUS
1261 704 1440 735 HABEAT
1465 704 1508 734 1N
1532 703 1725 734 OMNlssus
1748 703 1992 742 AEQUALEM
2016 703 2254 734 EFFECTUM

1185 785 1218 809 lV
1238 785 1320 813 Sent„
1340 784 1397 808 dist.
1416 791 1449 813 ιν,
1469 791 1514 816 qu.
1533 790 1560 814 11,
1579 788 1626 808 art.
1646 783 1669 813 3,
1688 782 1738 815 qu·
1759 790 1782 813 1,
1803 790 1830 813 2,
1852 783 1875 809 3.

562 908 629 973 ξ’»
654 922 867 972 baptismus
896 932 975 956 non
1005 919 1144 956 habeat
1171 918 1210 955 in
1232 918 1415 955 omnibus
1443 929 1504 954 ae-

459 954 576 1034 11ῨᾳΨ
591 960 809 1025 ’“ςυ31εῑιπ
838 974 1029 1010 effectum.
1061 972 1230 1009 Effectus
1253 971 1357 1008 enim
1385 969 1505 1019 bapti-

499 1003 596 1063 &2⁶39
610 1020 727 1065 Ksmi
756 1036 810 1064 est
829 1025 992 1063 remotio
1013 1027 1159 1074 culpae.
1192 1025 1268 1062 Sed
1288 1024 1326 1061 in
1347 1023 1504 1073 quibus-

443 1083 533 1120 dam
560 1083 671 1131 plura
698 1088 853 1130 peccata
881 1078 974 1116 tollit
1002 1091 1121 1128 quam
1150 1078 1189 1115 in
1217 1077 1314 1115 aliis:
1345 1089 1437 1114 nam
1466 1076 1505 1113 in

441 1134 570 1185 pueris
598 1134 691 1171 tollit
714 1135 840 1170 solum
859 1140 1062 1181 peccatum
1082 1131 1279 1179 originale3
1309 1130 1348 1167 in
1368 1130 1505 1167 adultis

442 1197 572 1226 autem
607 1187 720 1224 etiam
753 1186 931 1232 actualia,
969 1185 1009 1222 in
1044 1185 1278 1234 quibusdam
1312 1185 1435 1232 plura,
1465 1182 1504 1219 in

442 1241 675 1291 quibusdam
703 1252 796 1276 vero
825 1238 1019 1288 pauciora.
1059 1239 1152 1274 Non
1181 1248 1270 1284 ergo
1303 1237 1506 1285 aequalem

442 1295 622 1331 effectum
650 1293 765 1330 habet
792 1292 1005 1342 baptismus
1032 1291 1072 1327 in
1101 1290 1295 1327 omnibus.

496 1360 530 1384 2.
557 1348 788 1392 PRAETEREA,
819 1357 887 1394 per
905 1344 1142 1394 baptismum
1169 1343 1418 1380 conferuntur
1436 1342 1505 1378 ho-

441 1400 535 1438 mini
562 1399 680 1448 gratia
709 1407 744 1435 et
771 1398 940 1436 virtutes.
978 1397 1055 1435 Sed
1083 1396 1243 1445 quidam
1270 1403 1358 1445 post
1385 1395 1505 1444 bapti-

442 1466 572 1490 smum
599 1452 779 1490 videntur
806 1452 948 1488 habere
977 1450 1166 1487 maiorem
1187 1449 1346 1498 gratiam
1366 1456 1402 1485 et
1420 1461 1505 1498 per-

441 1507 636 1544 fectiorem
664 1505 844 1542 virtutem
865 1516 984 1554 quam
1005 1503 1066 1541 alii
1084 1502 1273 1552 baptizati.
1303 1503 1396 1539 Non
1415 1514 1505 1550 ergo

441 1560 655 1610 baptismus
683 1559 798 1596 habet
826 1558 1029 1607 aequalem
1049 1557 1230 1593 effectum
1249 1556 1289 1592 in
1309 1555 1504 1592 omnibus.

499 1614 532 1650 3.
563 1614 795 1657 PRAETEREA,
816 1619 952 1648 natura
979 1609 1176 1659 perficitur
1194 1621 1264 1658 per
1281 1608 1440 1656 gratiam
1460 1609 1506 1645 si-

443 1674 506 1704 cut
534 1665 692 1703 materia
715 1677 785 1714 per
809 1665 986 1702 formam.
1018 1663 1094 1701 Sed
1122 1663 1246 1700 forma
1271 1661 1450 1711 recipitur
1468 1662 1507 1698 in

443 1719 601 1757 materia
621 1719 837 1756 secundum
857 1717 938 1755 eius
957 1716 1216 1765 capacitatem.
1239 1716 1341 1752 Cum
1361 1727 1450 1763 ergo
1467 1715 1507 1752 in

443 1773 678 1822 quibusdam
705 1770 913 1820 baptizatis,
935 1770 1050 1807 etiam
1069 1769 1210 1819 pueris,
1235 1769 1281 1806 sit
1304 1768 1429 1805 maior
1447 1781 1507 1805 ca-

442 1826 585 1875 pacitas
600 1825 832 1862 naturalium
848 1836 967 1873 quam
982 1822 1021 1859 in
1036 1823 1127 1870 aliis,
1139 1822 1291 1859 videtur
1304 1822 1412 1871 quod
1427 1822 1507 1871 qui-

443 1880 534 1917 dam
554 1879 743 1916 maiorem
762 1877 921 1925 gratiam
940 1883 1227 1925 consequantur
1246 1887 1366 1924 quam
1380 1875 1452 1912 alii.

496 1945 532 1980 4.
561 1933 792 1977 PRAETEREA,
813 1930 973 1979 quidam
992 1929 1032 1966 in
1051 1929 1243 1978 baptismo
1262 1940 1507 1978 consequun-

443 1994 504 2023 tur
539 1998 619 2022 non
656 1986 784 2022 solum
813 1983 1047 2033 spiritualem
1076 1984 1257 2028 salutem,
1296 1982 1363 2018 sed
1392 1982 1506 2019 etiam

443 2040 701 2087 corporalem:
741 2037 837 2074 sicut
868 2035 970 2085 patet
998 2036 1045 2072 de
1076 2034 1339 2081 Constantino,
1374 2034 1440 2084 qui
1468 2034 1507 2071 in

443 2092 635 2140 baptismo
673 2091 883 2127 mundatus
919 2097 974 2126 est
1009 2102 1031 2126 a
1059 2090 1164 2138 lepra
1182 2088 1212 2125 ²¹⁴.
1256 2089 1349 2124 Non
1377 2095 1508 2125 autem

444 2157 580 2182 omnes
609 2143 752 2181 infirmi
776 2144 1017 2192 corporalem
1037 2143 1198 2179 salutem
1217 2148 1509 2190 consequuntur

443 2198 482 2235 in
510 2197 714 2247 baptismo.
745 2197 847 2244 Ergo
869 2208 949 2233 non
969 2195 1085 2232 habet
1105 2196 1304 2244 aequalem
1327 2195 1508 2231 effectum

443 2251 482 2288 in
512 2251 705 2288 omnibus.

498 2305 571 2342 SED
601 2316 745 2341 CONTRA
764 2315 830 2340 EST
849 2302 958 2351 quod
977 2301 1116 2339 dicitur
1142 2303 1275 2351 Ephes:
1297 2313 1331 2338 1v
1349 2301 1388 2338 ³⁸:
1425 2301 1508 2339 Una

433 2358 544 2406 fides,
575 2370 691 2394 unum
719 2358 911 2406 baptisma.
959 2354 1168 2393 Uniformis
1205 2362 1336 2391 autem
1370 2366 1508 2391 causae

445 2418 500 2448 est
518 2410 720 2448 uniformis
740 2410 909 2447 effectus.
940 2410 1042 2456 Ergo
1071 2408 1285 2457 baptismus
1313 2407 1429 2445 habet
1447 2420 1508 2445 ae-

445 2465 599 2514 qualem
627 2464 809 2500 effectum
836 2463 876 2499 in
904 2462 1098 2500 omnibus.

497 2519 722 2554 RESPONm-:o
751 2528 932 2554 DICENDUM
960 2515 1068 2565 quod
1096 2515 1240 2564 duplex
1268 2522 1324 2551 est
1352 2514 1509 2551 effectus

445 2570 643 2620 baptismi:
673 2582 776 2607 unus
795 2582 864 2619 per
883 2581 935 2614 se,
956 2577 993 2606 et
1012 2568 1107 2606 alius
1131 2580 1201 2617 per
1219 2567 1406 2605 accidens.
1437 2568 1511 2605 Per

446 2636 485 2661 se
513 2623 673 2673 quidem
701 2624 859 2661 effectus
879 2622 1058 2672 baptismi
1087 2629 1142 2659 est
1164 2621 1203 2658 id
1232 2621 1281 2658 ad
1309 2621 1417 2671 quod
1444 2621 1510 2658 ba-

445 2677 609 2726 ptismus
637 2685 692 2714 est
720 2676 929 2722 institutus,
966 2675 1105 2718 scilicet
1132 2675 1181 2711 ad
1209 2674 1473 2723 generandum
1493 2680 1511 2696 ‘²

446 2730 624 2767 homines
644 2730 683 2767 in
703 2729 938 2780 spiritualem
957 2729 1087 2766 vitam.
1117 2728 1242 2773 Unde,
1263 2727 1354 2777 quia
1373 2740 1511 2765 omnes

446 2783 556 2832 pueri
584 2783 793 2832 aequaliter
820 2795 860 2819 se
888 2782 1031 2820 habent
1059 2782 1108 2819 ad
1136 2780 1390 2830 baptismum,
1420 2780 1512 2830 quia

446 2849 526 2874 non
554 2836 593 2873 in
621 2836 698 2874 fide
726 2835 893 2886 propria,
923 2836 991 2873 sed
1018 2835 1058 2872 in
1085 2835 1163 2872 fide
1183 2834 1374 2872 Ecclesiae
1393 2834 1511 2884 bapti-

447 2899 591 2938 zantur,
622 2902 759 2927 omnes
787 2890 990 2938 aequalem
1019 2889 1200 2926 effectum
1228 2887 1444 2937 percipiunt
1471 2887 1511 2925 in

447 2943 650 2992 baptismo.
680 2942 810 2980 Adulti
837 2955 943 2989 vero,
973 2942 1040 2992 qui
1068 2954 1138 2991 per
1164 2941 1363 2991 propriam
1391 2940 1511 2979 fidem

448 2996 496 3032 ad
524 2996 762 3045 baptismum
791 2997 998 3041 accedunt,
1031 3007 1112 3032 non
1141 2995 1350 3044 aequaliter
1377 3006 1416 3031 se
1445 2995 1511 3031 ha-

448 3049 539 3085 bent
567 3049 616 3086 ad
643 3049 898 3098 baptismum:
929 3048 1090 3098 quidam
1119 3047 1223 3085 enim
1250 3060 1343 3086 cum
1362 3047 1510 3095 maiori,

449 3101 608 3149 quidam
645 3114 733 3139 cum
772 3101 913 3139 minori
949 3101 1156 3139 devotione
1194 3102 1243 3138 ad
1275 3101 1512 3150 baptismum

450 3155 647 3191 accedunt.
684 3155 732 3191 Et
760 3154 847 3192 ideo
876 3155 1036 3204 quidam
1065 3156 1163 3204 plus,
1194 3154 1354 3203 quidam
1382 3154 1512 3191 minus

505 3285 533 3319 α)
551 3286 743 3319 generandum.
771 3299 789 3305 -
817 3286 1030 3319 regenerandum
1059 3286 1133 3312 PFIc.
1161 3286 1224 3311 Post
1251 3286 1334 3311 vitam
1354 3285 1374 3310 E
1394 3290 1419 3310 et
1442 3286 1516 3310 tertia

451 3323 549 3347 addunt
572 3325 599 3346 et
623 3321 692 3346 hunc
715 3321 835 3355 effectum
857 3321 1004 3354 aequaliter
1023 3322 1095 3355 facit
1114 3322 1140 3346 in
1160 3321 1280 3346 omnibus
1303 3321 1349 3354 qui
1367 3321 1516 3354 aequaliter

451 3364 479 3384 se
497 3357 594 3383 habent
611 3357 648 3382 ad
667 3357 835 3389 bapn'smum.

506 3392 532 3427 β)
551 3393 625 3419 tales.
638 3407 657 3412 —
674 3393 684 3417 1
703 3398 728 3418 et
747 3392 885 3423 editiones;
904 3392 974 3418 talis.
994 3391 1044 3417 Pro
1062 3391 1251 3424 suscipiuntur,
1270 3391 1415 3424 suscipitur
1432 3391 1479 3417 Fa.

591 892 623 907 »υ
653 884 675 908 D
696 881 866 907 OCTAVUM
886 879 938 903 sm
958 877 1193 903 PROCEmTUR.
1218 864 1380 902 Videtur
1399 863 1506 912 quod
1559 863 1607 900 de
1635 862 1752 911 gratia
1780 862 1958 900 novitatis
1987 862 2198 913 accipiunt:
2229 863 2324 902 sicut
2352 865 2467 903 etiam
2491 866 2539 903 ab
2559 878 2623 904 eo-

1560 916 1650 953 dem
1679 916 1764 965 igne
1793 916 1928 965 accipit
1954 918 2042 966 plus
2070 917 2205 954 caloris
2234 917 2301 967 qui
2324 919 2411 967 plus
2430 918 2465 956 ei
2484 931 2623 969 appro-

1559 969 1731 1018 pinquat,
1759 969 1843 1006 licet
1866 969 1973 1018 ignis,
1994 978 2183 1019 quantum
2203 978 2258 1007 est
2277 971 2324 1008 de
2344 984 2396 1020 se,
2417 971 2625 1022 aequaliter

1560 1023 1608 1059 ad
1637 1035 1774 1059 omnes
1803 1035 1919 1059 suum
1948 1024 2116 1060 calorem
2144 1024 2327 1061 effundat.

1613 1076 1783 1112 Effectus
1820 1083 1951 1112 autem
1984 1076 2163 1126 baptismi
2190 1090 2260 1126 per
2288 1077 2463 1115 accidens
2491 1086 2553 1126 est*
2575 1079 2624 1116 ad

1560 1140 1679 1177 quem
1707 1128 1920 1178 baptismus
1955 1141 2035 1166 non
2063 1138 2118 1166 est
2147 1130 2364 1178 ordinatus,
2399 1131 2466 1168 sed
2494 1132 2624 1169 divina

1559 1181 1679 1218 virtus
1699 1183 1775 1218 hoc
1793 1181 1832 1218 in
1847 1181 2038 1230 baptismo
2058 1183 2287 1220 miraculose
2307 1193 2507 1232 operatur:
2529 1184 2625 1222 sicut

1560 1246 1677 1283 super
1710 1234 1803 1271 illud
1830 1236 1941 1271 Rom.
1962 1247 1996 1271 Vl
2015 1235 2053 1281 ²¹⁸,
2095 1238 2142 1273 Ut
2178 1237 2274 1273 ultra
2311 1249 2385 1274 non
2420 1239 2626 1275 serviamus

1554 1293 1727 1336 peccato,
1765 1287 1853 1324 dicit
1881 1287 2018 1325 Glossa
2036 1288 2075 1325 *z
2114 1290 2205 1326 Non
2240 1290 2311 1326 hoc
2339 1296 2553 1339 praestatur
2587 1292 2624 1327 in

1559 1342 1751 1390 baptismo,
1782 1342 1853 1377 nisi
1867 1341 1975 1388 forte
2002 1342 2185 1378 miraculo
2214 1341 2396 1391 ineffabili
2425 1344 2625 1390 Creatoris,

1560 1399 1598 1430 ut
1625 1393 1688 1430 lex
1710 1395 1866 1442 peccati,
1897 1407 1991 1443 quae
2018 1401 2069 1432 est
2095 1396 2132 1431 in
2161 1396 2354 1441 memhris,
2376 1408 2534 1445 prorsus
2562 1409 2626 1434 ex-

1559 1449 1764 1496 tinguatur.
1795 1447 1843 1483 Et
1868 1448 1959 1484 tales
1974 1446 1989 1477 β
2008 1448 2165 1485 effectus
2185 1460 2265 1485 non
2284 1448 2492 1498 aequaliter
2510 1449 2627 1487 susci-

1560 1500 1720 1549 piuntur
1747 1499 1795 1536 ab
1824 1500 2007 1537 omnibus
2035 1501 2241 1550 baptizatis,
2262 1501 2375 1538 etiam
2406 1502 2547 1540 sicum
2565 1515 2627 1541 ae-

1561 1553 1664 1603 quali
1693 1553 1900 1590 devotione
1929 1555 2131 1592 accedant:
2162 1555 2229 1592 sed
2258 1554 2527 1605 dispensantur
2553 1557 2626 1600 hu,-

1561 1606 1731 1643 iusmodi
1751 1607 1909 1644 effectus
1931 1608 2147 1645 secundum
2167 1608 2344 1645 ordinem
2362 1608 2627 1658 providentiae

1561 1659 1726 1697 divinae.
2287 1656 2290 1660 ⁴

1615 1714 1672 1750 AD
1701 1725 1836 1751 Palmum
1865 1726 1963 1751 ERGO
1991 1726 2173 1752 D1CENDUM
2193 1714 2300 1764 quod
2327 1714 2490 1752 minima
2509 1715 2628 1764 gratia

1562 1766 1797 1816 baptismalis
1834 1766 2028 1804 sufficiens
2065 1775 2120 1804 est
2156 1768 2205 1804 ad
2242 1768 2453 1805 delendum
2490 1775 2628 1806 cuncta

1561 1827 1727 1870 peccata.
1758 1820 1870 1858 Unde
1899 1821 1975 1857 hoc
2002 1833 2082 1857 non
2111 1829 2166 1857 est
2192 1828 2351 1870 propter
2367 1820 2557 1859 maiorem
2576 1821 2627 1859 ef-

1561 1873 1737 1910 ficaciam
1764 1873 1944 1922 baptismi
1972 1874 2080 1922 quod
2107 1873 2146 1910 in
2174 1873 2409 1923 quibusdam
2436 1875 2559 1924 plura,
2587 1874 2629 1913 in

1562 1926 1798 1976 quibusdam
1826 1925 2009 1976 pauciora
2036 1934 2192 1975 peccata
2219 1926 2347 1974 solvit,
2377 1927 2444 1964 sed
2471 1934 2630 1977 propter

1562 1979 1826 2016 conditionem
1841 1979 2014 2016 subiecti:
2031 1979 2123 2029 quia
2137 1979 2176 2016 in
2191 1979 2364 2029 quolibet
2377 1979 2490 2017 solvit
2503 1981 2628 2030 quod-

1563 2045 1732 2082 cumque
1751 2038 1766 2081 Τ
1795 2032 1992 2069 invenerit.

1616 2087 1674 2123 AD
1702 2098 1892 2124 SECUNDUM
1918 2098 2101 2123 DICENDUM
2120 2086 2228 2135 quod
2256 2086 2332 2124 hoc
2360 2086 2468 2136 quod
2495 2085 2535 2124 in
2562 2086 2629 2124 ba-

1562 2139 1709 2189 ptizatis
1738 2139 1863 2176 maior
1890 2140 1952 2176 vel
1979 2139 2108 2176 minor
2135 2138 2253 2187 gratia
2290 2147 2468 2190 apparet,
2503 2147 2629 2190 potest

1563 2192 1764 2242 dupliciter
1791 2192 2021 2240 contingere.
2058 2192 2147 2230 Uno
2176 2192 2310 2240 modo,
2339 2192 2431 2243 quia
2458 2205 2561 2230 unus
2588 2192 2630 2231 in

1523 2248 1526 2253 '
1563 2246 1755 2295 baptismo
1788 2245 1947 2295 percipit
1974 2245 2164 2282 maiorem
2190 2245 2350 2294 gratiam
2385 2258 2506 2295 quam
2533 2246 2629 2284 alius

1562 2307 1721 2349 propter
1754 2299 1944 2337 maiorem
1979 2298 2249 2345 devotionem,
2278 2306 2321 2336 ut
2347 2298 2495 2337 dictum
2523 2306 2580 2336 est
2594 2299 2627 2336 ⁸¹.

1563 2353 1649 2390 Alio
1678 2353 1800 2391 modo
1828 2352 1931 2402 quia,
1961 2351 2075 2389 etiam
2095 2351 2125 2388 si
2145 2352 2347 2402 aequalem
2366 2351 2524 2401 gratiam
2543 2364 2629 2402 per-

1563 2406 1714 2455 cipiant,
1744 2418 1824 2443 non
1853 2405 2061 2454 aequaliter
2088 2417 2133 2442 ea
2152 2412 2323 2452 utuntur,
2344 2405 2411 2442 sed
2430 2417 2534 2443 unus
2552 2412 2629 2443 stu-

1563 2459 1709 2497 diosius
1728 2459 1768 2496 in
1787 2471 1833 2496 ea
1859 2458 2022 2508 proficit,
2051 2457 2146 2495 alius
2165 2470 2235 2508 per
2253 2457 2520 2507 negligentiam
2547 2470 2629 2508 gra-

1563 2513 1636 2550 tiae
1665 2512 1738 2550 Dei
1766 2513 1882 2550 deest.

1617 2567 1674 2603 AD
1697 2577 1856 2603 TERTHJM
1884 2577 2066 2602 DICENDUM
2094 2565 2205 2614 quod·
2230 2564 2381 2602 diversa
2408 2563 2596 2615 capacitas
2615 2562 2631 2587 ὅ

1563 2619 1603 2656 in
1631 2619 1856 2656 hominibus
1884 2630 1965 2655 non
1985 2626 2040 2655 est
2058 2630 2105 2655 ex
2124 2617 2339 2655 diversitate
2358 2618 2509 2666 mentis,
2530 2629 2630 2668 quae

1563 2685 1634 2723 per
1660 2672 1898 2722 baptismum
1919 2678 2139 2718 renovatur,
2168 2683 2261 2708 cum
2280 2683 2417 2708 omnes
2436 2670 2630 2719 homines,¹

1565 2726 1740 2764 eiusdem
1767 2725 1907 2775 speciei
1936 2724 2147 2772 existentes,
2177 2723 2216 2761 in
2235 2724 2359 2762 forma
2378 2720 2627 2763 conveniant:

1565 2780 1632 2817 sed
1661 2792 1707 2816 ex
1735 2779 1886 2816 diversa
1905 2777 2154 2828 dispositione
2173 2789 2395 2827 corporum.
2426 2778 2546 2815 Secus
2564 2789 2629 2815 au-

1564 2841 1643 2870 tem
1672 2840 1727 2869 est
1754 2832 1793 2869 in
1822 2831 1974 2880 angelis,
2005 2831 2072 2881 qui
2095 2831 2278 2868 differunt
2296 2829 2434 2880 specie.
2464 2831 2513 2868 Et
2540 2829 2629 2867 ideo

1565 2885 1707 2935 angelis
1744 2886 1885 2923 dantur
1921 2885 2025 2922 dona
2056 2883 2216 2933 gratuita
2250 2884 2468 2921 secundum
2505 2882 2633 2920 diver-·

1566 2953 1649 2978 sam
1677 2938 1925 2989 capacitatem
1958 2937 2191 2975 naturalium
2213 2937 2250 2974 *z
2290 2949 2369 2974 non
2397 2944 2528 2974 autem
2560 2937 2630 2974 ho-

1565 2993 1747 3030 minibus.

1619 3048 1676 3084 An
1705 3058 1877 3089 QUARTUM
1905 3056 2086 3082 mOENDuM
2119 3044 2227 3093 quod
2255 3042 2394 3081 sanitas
2422 3041 2630 3092 corporalis

1565 3112 1646 3137 non
1675 3107 1730 3136 est
1757 3111 1827 3148 per
1854 3111 1894 3136 se
1923 3098 2082 3135 effectus
2109 3096 2301 3147 baptismi,
2330 3096 2398 3133 sed
2426 3103 2481 3133 est
2508 3094 2630 3144 quod-

1566 3153 1658 3190 dam
1685 3151 1963 3190 miraculosum
1992 3163 2092 3200 opus
2119 3149 2383 3199 providentiae
2411 3147 2575 3186 divinae.

1620 3284 1647 3318 γ)
1666 3285 1857 3318 quodcumque.
1875 3298 1894 3303 —
1912 3289 2091 3316 quaecumque
2110 3282 2128 3314 1,
2147 3284 2323 3315 quotcumque
2341 3280 2369 3306 P.

1620 3319 1647 3353 δ)
1665 3320 1809 3352 capacitas.
1825 3333 1845 3338 —
1863 3318 2029 3344 naturalium
2054 3317 2152 3343 addunt
2169 3317 2179 3341 1
2198 3322 2224 3342 et
2241 3316 2375 3341 editiones.
2402 3316 2453 3340 Pro
2472 3315 2631 3345 hominibus,

1568 3356 1690 3381 omnibus
1707 3355 1856 3381 hominibus
1874 3354 1964 3381 Gflbc.

2652 1249 2663 1258 ·
2677 1245 2743 1269 Vero.
2757 1246 2780 1269 6.

2653 1296 2664 1307 ·
2673 1294 2758 1318 Lomb.
2766 1301 2795 1318 ex
2803 1295 2869 1323 Aug.

2656 2303 2667 2314 ·
2681 2302 2707 2324 ln
2721 2307 2830 2331 corpore.

2656 2944 2667 2955 '
2681 2943 2709 2966 D.
2722 2942 2774 2973 31⁶.
