2878 4088
527 169 791 217 QUAESTIO
819 170 968 218 LXVII,
993 169 1286 208 ARTICULUS
1314 168 1381 215 VI,
1402 166 1467 204 VII
1486 188 1513 195 —
1530 166 1796 214 QUAESTIO
1824 168 1988 215 vam,
2008 169 2300 207 ARTICULUS
2328 170 2342 206 Ι
2456 180 2522 216 141

338 248 526 289 accipiendo
550 246 748 289 repudiatam
777 250 806 279 ei
828 250 975 290 peccanti
997 248 1191 290 indulgebat.
1227 249 1313 289 Ergo
1344 249 1407 279 hoc
1518 245 1582 278 Sed
1605 246 1764 287 quaedam
1783 247 1888 287 glossa
1910 255 2006 287 super
2025 247 2103 278 illud
2125 248 2302 279 Deuteron.
2319 257 2383 279 xxn
2399 249 2426 285 ἡ
2445 247 2527 279 Cum
2555 249 2565 259 '
2580 247 2646 271 Vm·
2664 257 2682 271 ¹-

338 292 463 323 licitum
486 297 561 323 erat.
1462 300 1528 321 non
1551 290 1711 322 invenerit
1731 291 1876 332 gratiam
1899 296 1970 327 etc„
1986 291 2110 322 videtur
2133 293 2232 332 magis
2256 298 2383 329 arctare,
2407 293 2528 324 scilicet

100 343 110 353 ·
126 341 192 363 vm.
207 347 231 367 4-
395 336 423 366 3.
449 336 644 373 PRAETEREA‚
661 337 838 368 Deuteron.
855 347 928 368 mv
943 338 960 354 ⁴*
975 338 1107 377 ponitur
1121 346 1181 378 pro
1199 346 1293 367 causa
1308 345 1407 377 quare
1461 333 1502 366 ad
1519 340 1708 375 peccatum:
1733 344 1810 365 cum
1826 334 1902 365 dicit
1916 335 1959 364 ibi
1975 344 2032 374 per
2039 335 2234 376 foeditatem
2250 342 2419 377 peccatum
2434 337 2526 368 intel—

337 388 406 410 non
428 381 530 420 possit
552 381 654 421 accipi
676 382 808 417 iterum,
828 381 904 422 quia
922 382 1053 422 polluta
1075 386 1131 412 est.
1156 381 1220 413 Sed
1241 381 1407 421 repudiata
1460 379 1525 420 ligi.
1542 397 1565 402 —
1587 379 1651 410 Sed
1659 384 1830 419 peccatum
1853 379 1958 419 glossa
1980 380 2127 410 nominat
2149 389 2216 410 non
2242 381 2348 411 solum
2371 382 2405 411 in
2428 382 2525 412 mori—

337 433 405 454 non
427 425 583 464 polluitur
612 426 673 455 nisi
695 426 831 456 alterum
862 426 966 456 virum
990 425 1149 456 ducendo.
1185 426 1271 466 Ergo
1295 425 1406 456 saltem
1428 438 1438 458 5
1460 424 1521 454 bus
1544 424 1679 460 animae,
1695 423 1752 454 sed
1774 424 1870 454 etiam
1892 423 1927 453 in
1949 428 2061 452 natura
2084 425 2236 463 corporis.

337 473 510 508 antequam
534 470 632 500 alium
655 470 760 500 virum
783 469 924 506 duceret,
940 470 1056 500 licebat
1079 479 1151 500 eam
1174 471 1328 509 accipere.
1515 467 1567 499 Sic
1591 476 1667 508 ergo
1690 468 1794 508 prima
1817 467 1883 498 duo
1907 466 2126 497 concedimus.

99 522 110 534 ·
123 520 182 543 ibid.
199 531 210 537 -
223 520 259 543 ef.
274 520 310 542 le·
393 512 455 543 San
480 523 604 544 com-iu
627 523 681 544 as'r
705 513 795 554 quod
822 513 937 544 dicitur
959 514 1138 544 Deuteron.
1162 523 1235 544 xxiv
1258 514 1291 549 *,
1315 513 1406 553 quod
1516 512 1567 542 An
1591 521 1726 542 rita‘rnm
1741 513 1758 528 *
1777 521 1936 542 nicanum«
1952 510 2043 551 quod
2058 511 2202 541 sterilitas
2218 517 2249 542 et
2265 512 2324 542 alia
2340 512 2526 543 huiusmodi
2552 513 2693 561 iraAPS‘d
2706 519 2762 535 ⁶⁰⁹·—

97 553 160 596 ffi
177 552 240 597 ¹5⁸⁹·
269 553 309 573 '¹¹'
337 566 402 587 non
420 562 553 597 poterat
568 558 668 598 prior
690 558 827 588 maritus
850 558 995 598 accipere
1017 567 1098 594 eam,
1116 564 1175 589 etc.
1460 561 1535 587 sunt
1558 565 1653 586 causa
1676 555 1751 587 odii.
1776 556 1817 587 Et
1839 556 1884 586 sic
1907 560 1982 586 sunt
2005 564 2120 585 causae
2142 561 2292 586 remotae.
2621 553 2627 560 '

99 607 182 629 ‘De-⁶8·
191 612 311 635 capam,
391 600 580 632 Rasronnao
594 611 753 632 nrcaumm
764 600 855 642 quod
865 602 900 632 in
911 602 982 642 lege
997 601 1038 633 de
1046 602 1156 632 libello
1168 600 1322 642 repudii*
1338 600 1404 631 duo
1515 600 1566 630 An
1584 610 1732 630 auam-mi
1747 601 1764 617 ⁴*
1787 609 1947 630 mea-rmum
1963 598 2054 639 quod
2076 604 2207 639 propter
2223 601 2372 630 virtutem
2395 610 2463 631 non
2479 606 2526 631 est
2553 602 2632 648 {rssrs-
2647 601 2695 623 Sed
2708 607 2763 624 con-

98 639 158 655 ven.
175 639 221 660 ¹⁸⁴·
337 651 425 676 erant
440 647 603 686 permissa,
620 646 740 677 scilicet
755 645 914 676 dimittere
929 654 1074 682 uxorem,
1091 651 1123 676 et
1146 654 1281 676 uxorem
1297 644 1404 675 dimis—
1421 657 1446 672 ιο
1460 644 1574 684 aliquis
1606 644 1733 675 odibilis
1755 653 1813 684 per
1836 654 1870 675 se
1892 643 2076 683 loquendo:
2107 644 2183 683 quia
2213 645 2339 674 bonitas
2362 650 2409 675 est
2432 654 2526 675 causa
2606 633 2626 649 ²'

97 694 108 705 ·
122 693 158 715 Cf·
174 696 216 715 m-
231 701 255 720 ⁴·
335 698 404 720 sam
420 690 508 721 alteri
523 691 613 731 iungi
623 691 659 727 ἡ
679 695 711 720 et
725 690 792 720 duo
808 695 986 731 praecepta,
1003 690 1123 720 scilicet
1138 690 1292 730 scriptura
1306 689 1405 719 libelli
1461 689 1578 718 amoris
1593 689 1619 718 ⁹.
1645 689 1686 719 Et
1708 687 1782 718 ideo
1805 689 1886 718 ratio
1909 697 1976 718 non
2000 688 2153 727 sequitur.
2553 687 2591 736 ἑξ
2598 688 2763 716 11⁸⁶‚qu-xxvn.

335 733 470 774 repudii,
494 740 526 764 et
548 734 638 775 quod
661 735 777 765 iterum
803 735 935 764 maritus
965 733 1136 774 repudians
1159 742 1230 764 eam
1261 734 1405 773 accipere
1514 732 1566 762 An
1591 741 1730 762 amm-un
1745 733 1762 749 ⁴*
1786 741 1946 762 nicanum«
1974 731 2063 772 quod
2090 731 2223 762 dabatur
2245 733 2278 762 in
2301 741 2441 772 poenam
2468 733 2563 762 viri·
2554 722 2634 768 Mar}
2649 741 2697 762 Sea
2710 747 2763 763 con-

335 786 403 808 non
419 779 529 818 possit.
554 778 655 816 Quod
670 778 812 818 quidem,
829 777 1008 808 secundum
1032 786 1088 808 eos
1107 778 1163 817 qui
1180 778 1318 817 primam
1333 777 1405 817 opi·
1459 776 1550 816 quod
1565 785 1633 807 nou
1648 782 1757 817 posset
1779 778 1813 807 in
1836 782 2030 816 perpetuum
2046 776 2213 816 repudiare
2236 785 2371 807 uxorem
2393 777 2427 807 in
2450 785 2525 807 casu
2553 768 2636 819 '⁷533
2648 804 2698 826 cap
2708 805 2756 820 xxn

96 831 107 841 ·
122 829 157 852 cr.
173 833 215 852 m.
230 836 250 858 3.
335 822 470 853 nionem
481 823 498 840 ⁴*
509 827 630 858 tenent,
642 821 763 852 factum
778 821 840 852 fuit
853 822 888 852 in
903 830 1044 862 poenam
1060 822 1202 852 mulieris
1216 830 1300 861 quae
1316 821 1404 851 alteri
1458 820 1532 851 illo:
1550 821 1632 851 sicut
1649 821 1744 851 etiarn
1760 821 1793 851 in
1805 821 1868 851 alio
1881 830 1967 857 casu,
1980 819 2111 860 quando
2124 821 2265 861 puellam
2281 819 2524 851 defloraverat.
2498 822 2515 837 ⁴*
2553 830 2611 846 vers
2627 825 2662 851 28
2677 831 2713 852 29
2759 815 2764 825 ’

96 873 106 884 ·
121 872 157 895 cr.
173 872 230 895 isid.
334 867 444 906 nupsit
467 871 499 897 et
520 867 554 896 in
569 867 632 897 hoc
648 870 782 906 peccato
797 865 922 905 polluta
938 871 994 896 est.
1012 864 1075 896 Sed
1090 865 1270 896 secundum
1285 865 1365 896 alios
1376 866 1403 901 ἦ
1420 878 1442 898 ις

1593 891 1692 922 ART.
1714 891 1782 922 VII.
1806 901 1911 922 urium
1935 901 2051 922 cAusaa
2074 901 2197 921 mtrunn
2220 901 2393 922 Danuamr

1848 946 1880 966 m
1897 945 2026 966 amano
2042 945 2140 966 semi

1870 990 1896 1012 In
1911 990 2008 1018 Manli„
2024 996 2074 1018 cap.
2090 997 2111 1013 v.

335 915 371 940 ut
386 911 434 940 vir
455 919 524 940 non
547 910 586 940 de
602 909 687 940 facili
710 918 845 940 uxorem
860 909 1050 949 repudiaret,
1068 919 1166 950 quam
1184 915 1297 950 postea
1312 909 1403 940 nullo

333 953 435 984 modo
458 963 646 994 recuperare
668 959 786 994 posset.

389 997 441 1028 An
456 1007 574 1028 parumn
585 1007 669 1028 aizoo
681 1007 842 1028 memmi
854 998 943 1038 quod
955 997 995 1028 ad
1005 998 1091 1029 illius
1102 999 1178 1029 mali
1189 998 1403 1038 impedimen—

333 1047 404 1072 tum
420 1041 510 1082 quod
525 1042 746 1072 committebat
759 1042 874 1082 aliquis
893 1042 1094 1083 repudiando
1116 1052 1261 1078 uxorem,
1278 1042 1403 1073 ordina·
1459 1051 1544 1114 ΑΒ
1568 1051 1719 1072 sari-mm(
1748 1051 1794 1072 sic
1824 1051 2028 1071 Paocamrtm.
2057 1041 2190 1072 Videtur
2221 1042 2310 1082 quod
2340 1051 2454 1072 causae
2477 1051 2525 1072 re-

130 1098 132 1103 *
176 1101 181 1106 ·
300 1119 301 1122 Ἰ
334 1086 427 1116 batur
453 1086 544 1126 quod
565 1087 613 1116 vir
633 1095 770 1117 uxorem
792 1086 991 1127 repudiatam
1018 1096 1178 1117 assumere
1200 1088 1313 1117 iterato
1335 1095 1404 1117 non
1419 1100 1445 1115 ιο
1523 1085 1614 1126 pudii
1630 1086 1788 1116 debebant
1802 1086 1835 1116 in
1852 1086 1960 1116 libello
1978 1086 2082 1116 scribi.
2103 1086 2187 1124 Quia
2203 1095 2260 1126 per
2271 1086 2416 1116 libellum
2431 1095 2525 1127 repu-

93 1119 157 1159 1ἦιι
158 1125 265 1165 corpore.
297 1167 302 1171 .
333 1134 452 1170 posset,
465 1136 502 1161 ut
516 1136 604 1171 patet
619 1140 657 1161 ex
673 1130 764 1162 dictis
775 1132 801 1161 ἦ
823 1131 865 1161 Et
879 1131 953 1162 ideo
969 1131 1120 1162 divinitus
1135 1131 1318 1162 ordinatum
1334 1130 1402 1161 fuit.
1457 1129 1502 1161 dii
1525 1131 1679 1171 scriptum
1694 1131 1711 1148 *
1727 1140 1744 1160 a
1759 1139 1866 1170 poena
1881 1130 1958 1170 legis
1977 1130 2208 1161 absolvebatur.
2232 1130 2295 1162 Sed
2310 1131 2374 1161 hoc
2389 1131 2524 1162 omnino
2553 1133 2635 1155 ''Deut-
2645 1139 2763 1161 etp-xvv,

91 1164 186 1211 “fvj
202 1180 247 1210 „5
335 1196 338 1198 -
387 1175 439 1205 AD
463 1183 626 1206 saeuitum!
654 1184 814 1206 mmmmm
841 1174 932 1215 quod
964 1185 1090 1216 semper
1121 1176 1210 1206 licuit
1238 1175 1403 1216 indulgere
1457 1174 1583 1205 videtur
1605 1176 1761 1206 iniustum
1783 1175 1844 1204 nisi
1866 1175 1968 1204 causis
1991 1174 2220 1205 sufficientibus
2240 1174 2366 1215 repudii
2388 1175 2525 1216 assigna·
2552 1166 2611 1182 ’ω’
2628 1167 2648 1188 ¹'
2662 1166 2682 1189 3‘

91 1224 166 1266 ἑξῆς-ζ
299 1222 301 1225 “
332 1219 479 1259 peccanti
502 1225 661 1259 quantum
684 1219 724 1250 ad
746 1228 912 1251 rancorem
937 1219 1059 1251 cordis:
1085 1220 1140 1251 sed
1163 1230 1230 1250 non
1246 1225 1404 1260 quantum
1458 1219 1506 1249 tis.
1531 1219 1617 1259 Ergo
1641 1219 1810 1259 oportebat
1832 1219 1900 1249 illas
1923 1219 2060 1249 scribere
2082 1219 2115 1249 in
2138 1219 2257 1249 libello.

102 1257 149 1292 ¹¹„
174 1300 177 1304 q
258 1285 261 1288 ψ
333 1262 712 1304 adpossnam‘divinitus
733 1269 880 1294 taxatam.
1515 1273 1544 1293 2.
1569 1264 1765 1299 Paaaraaaa,
1785 1262 1825 1293 ad
1847 1263 1926 1293 nihil
1949 1262 2034 1293 aliud
2058 1263 2111 1293 illa
2133 1264 2287 1303 scriptura
2310 1263 2414 1294 valere
2436 1263 2524 1294 vide-

95 1304 180 1318 *
202 1315 205 1319 ’
224 1305 306 1344 fig*
333 1306 337 1307 ⁷
388 1307 440 1338 An
463 1316 598 1338 mamm
625 1315 785 1339 nicanum:
815 1308 906 1348 quod
928 1309 961 1338 in
985 1309 1048 1338 hoc
1071 1314 1119 1339 est
1137 1308 1255 1349 duplex
1278 1309 1402 1348 opinio.
1417 1322 1441 1342 ις
1458 1308 1550 1338 batur
1571 1308 1632 1338 nisi
1655 1313 1691 1338 ut
1713 1317 1827 1338 causae
1850 1307 1974 1347 repudii
1998 1307 2249 1338 ostenderentur.
2279 1307 2364 1347 Ergo
2377 1331 2384 1343 ,
2408 1308 2434 1338 si
2456 1317 2524 1339 non

92 1347 306 1407 ἰνὲεέἕνξὸξ-
333 1351 475 1390 Quidam
491 1353 508 1369 ²
532 1353 619 1383 enim
637 1350 749 1383 dicunt
764 1352 854 1392 quod
877 1353 967 1383 licuit
981 1352 1181 1393 repudiatam
1204 1354 1273 1383 viro
1288 1361 1402 1383 recon-
1457 1352 1718 1389 inscribebantur,
1732 1351 1845 1382 frustra
1868 1351 1992 1382 libellus
2015 1351 2068 1382 ille
2091 1351 2271 1382 tradebatur
2293 1352 2363 1382 sibi.

94 1410 178 1432 amn,
186 1394 258 1435 ιιτῖς,
264 1406 305 1434 «μ’.
333 1394 432 1426 cinari
455 1397 516 1427 nisi
538 1397 744 1427 matrimonio
761 1397 848 1427 alteri
864 1398 932 1427 viro
953 1402 1035 1427 esset
1049 1397 1166 1427 iuncta.
1191 1397 1287 1428 Tunc
1305 1397 1403 1438 enim,
1513 1396 1543 1427 3.
1567 1396 1763 1432 pamniam,
1780 1396 1843 1426 hoc
1868 1395 2017 1435 Magister
2040 1395 2115 1426 dicit
2137 1396 2171 1426 in
2194 1396 2296 1426 littera
2311 1397 2338 1426 *ἃ
2551 1398 2698 1420 mistum·
2701 1404 2761 1426 cap,

91 1437 135 1455 ¹¹¹·
332 1445 465 1481 propter
486 1439 696 1477 adulterium,
720 1442 772 1471 cui
795 1450 829 1471 se
852 1441 968 1471 mulier
990 1442 1169 1472 voluntarie
1191 1440 1347 1477 subdidit,
1369 1442 1403 1472 in
1512 1440 1575 1471 San
1600 1450 1737 1477 conum,
1763 1449 1876 1470 causae
1899 1439 2024 1480 repudii
2047 1445 2102 1471 aut
2125 1445 2214 1470 erant
2236 1439 2445 1477 sufficientes,
2470 1446 2525 1471 aut
2550 1424 2640 1453 &qm
2650 1428 2761 1453 ⁰⁹⁴¹'⁰'¹“t'

87 1490 143 1529 :3³²
332 1494 474 1525 poenam
497 1484 630 1515 dabatur
645 1486 675 1516 ei
691 1485 780 1526 quod
804 1485 844 1516 ad
859 1486 1000 1525 priorem
1021 1486 1126 1516 virum
1149 1495 1217 1516 non
1233 1485 1357 1516 rediret.
1456 1493 1533 1515 non.
1558 1485 1591 1516 Si
1615 1484 1817 1520 sufficientes,
1834 1484 2098 1524 praecludebatur
2124 1484 2251 1514 mulieri
2273 1485 2324 1514 via
2347 1484 2387 1514 ad
2410 1493 2524 1515 secun-

387 1528 452 1560 Sed
475 1530 551 1570 quia
573 1530 624 1560 lex
653 1529 872 1560 universaliter
894 1530 1060 1569 prohibet,
1084 1530 1158 1560 ideo
1184 1530 1295 1560 dicunt
1318 1530 1371 1560 alii
1386 1531 1402 1546 ⁴*
1419 1541 1443 1562 ³0
1457 1528 1511 1559 das
1526 1530 1664 1570 nuptias,
1681 1538 1765 1569 quae
1789 1530 1818 1559 ei
1841 1528 2020 1559 secundum
2035 1529 2140 1569 legem
2163 1527 2422 1559 concedebantur
2438 1530 2465 1559 ⁸⁹.
2490 1528 2523 1560 Si
2552 1529 2643 1568 '⁰0¹4
2654 1530 2700 1577 ¹3²0·
2715 1529 2763 1555 01¹--

87 1558 304 1636 3:23⁸*
262 1558 305 1587 m’
333 1572 424 1613 quod
445 1574 542 1604 etiam
557 1579 731 1614 antequam
754 1574 843 1604 alteri
857 1574 1002 1610 nuberet,
1018 1583 1087 1604 non
1101 1579 1227 1614 poterat
1250 1575 1401 1610 revocari,
1457 1578 1564 1604 autem
1587 1572 1831 1609 insufficientes,
1857 1572 2083 1603 ostendebatur
2105 1573 2260 1603 iniustum
2282 1572 2468 1613 repudium:
2493 1578 2524 1603 et
2551 1561 2643 1584 vers.3,
2677 1560 2761 1583 ἐπ’*

332 1625 372 1648 ex
386 1625 456 1658 quo
470 1617 636 1658 repudiata
659 1623 743 1648 erat:
768 1618 844 1658 quia
859 1618 998 1658 pollutio
1013 1627 1081 1648 non
1099 1618 1285 1658 intelligitur
1301 1627 1402 1658 quan—
1456 1618 1501 1648 sic
1525 1617 1697 1658 repudium
1720 1617 1789 1648 fieri
1813 1627 1881 1647 non
1906 1622 2040 1657 poterat.
2070 1617 2156 1657 Ergo
2177 1617 2267 1647 nullo
2284 1616 2384 1647 modo
2409 1626 2522 1648 causae

89 1640 168 1695 :05-
283 1655 303 1667 ”
331 1667 402 1692 tum
425 1661 466 1692 ad
488 1662 628 1702 culpam,
645 1661 701 1692 sed
724 1667 760 1692 ut
782 1661 904 1692 dictum
928 1667 976 1692 est
990 1663 1017 1692 *.
1455 1661 1581 1702 repudii
1603 1662 1648 1692 ibi
1671 1662 1934 1692 inscribebantur.

51 1711 53 1714 '
1511 1706 1701 1736 Rasaonnao
1735 1716 1895 1735 monimum
1927 1705 2017 1745 quod
2047 1715 2160 1736 causae
2191 1705 2316 1745 repudii
2339 1706 2372 1735 in
2395 1705 2523 1745 speciali

1417 1761 1439 1780 ις
1454 1759 1523 1780 non
1545 1750 1764 1780 scribebantur
1785 1751 1819 1780 in
1842 1750 1961 1785 libello,
1978 1749 2034 1779 sed
2057 1750 2090 1779 in
2113 1749 2263 1789 generali,
2279 1754 2316 1780 ut
2339 1749 2522 1780 ostendere-

332 1803 416 1868 Aa>
440 1801 561 1824 sax-ru-
579 1802 625 1824 sic
647 1802 852 1824 enectum-ua.
882 1792 1017 1824 Videtur
1039 1793 1130 1834 quod
1158 1802 1253 1824 causa
1275 1794 1400 1834 repudii
1455 1800 1507 1824 tur
1522 1795 1643 1825 iustum
1655 1793 1836 1834 repudium.
1854 1794 1917 1824 Sed
1928 1793 2108 1824 secundum
2121 1793 2294 1833 losephurn
2306 1794 2333 1830 *‚
2346 1799 2382 1824 ut
2397 1793 2522 1829 mulier,
2551 1793 2691 1821 ·Antiqu1·t.
2711 1793 2760 1815 lud·

374 1727 485 1762 ‘ART.
507 1731 560 1762 VI.
584 1741 689 1762 u'rauu
713 1742 809 1762 causa
832 1741 955 1762 aurumi
979 1742 1089 1762 riman·
1113 1742 1213 1762 onum
1236 1742 1346 1763 uxoms

395 1836 490 1869 fuerit
514 1837 628 1871 odium
649 1838 774 1868 uxoris:
798 1837 979 1868 secundum
1001 1838 1065 1868 hoc
1089 1837 1179 1878 quod
1202 1838 1317 1869 dicitur
1333 1839 1400 1870 Ma·
1455 1839 1575 1869 habens
1594 1839 1738 1869 libellum
1753 1839 1972 1878 conscriptum
1988 1837 2029 1868 de
2043 1838 2190 1878 repudio,
2207 1838 2296 1868 alteri
2311 1838 2433 1868 nubere
2447 1847 2523 1878 pos·
2550 1819 2591 1868 '2:³3'
2597 1820 2696 1868 Ιῖιίἓιῗῖ
2699 1826 2762 1869 Sunii..

90 1885 183 1909 ·v·n.
199 1886 235 1909 ιε.
329 1883 415 1915 lach
426 1893 451 1913 11
465 1883 499 1912 'z
521 1882 565 1912 Si.
582 1882 657 1913 odio
681 1882 832 1913 habueris
855 1891 935 1917 eam,
955 1882 1078 1913 dimitte
1100 1883 1201 1913 illam.
1454 1889 1518 1913 set:
1543 1883 1619 1913 alias
1643 1884 1730 1914 enim
1753 1883 1782 1913 ei
1806 1882 1956 1913 traditum
1979 1892 2048 1912 non
2071 1882 2191 1912 fuisset.
2226 1881 2321 1913 Unde
2343 1881 2523 1913 secundum
2551 1873 2761 1926 ζζεῑζζινξὸηωῃζ

90 1936 101 1948 ·
114 1934 183 1958 Vm.
198 1942 218 1959 ι.
387 1937 416 1957 2.
440 1927 638 1963 Priamum,
655 1927 834 1957 Deuteron.
850 1935 923 1956 xxxv
939 1927 956 1943 ¹*
972 1926 1102 1957 dicitur:
1130 1927 1211 1957 Cum
1229 1936 1293 1957 non
1314 1928 1399 1957 inve·
1455 1937 1530 1958 eum
1547 1932 1613 1958 erat
1628 1928 1782 1968 scriptura
1794 1927 1881 1958 talis:
1898 1927 2056 1957 Promitto
2069 1927 2125 1957 tibi
2140 1927 2227 1967 quod
2243 1936 2408 1967 nunquam
2419 1932 2522 1957 tecum
2549 1930 2591 1948 m·
2607 1932 2625 1954 5-
2759 1918 2764 1925 ’

331 1971 416 2002 nerit
425 1971 570 2013 gratiam
580 1971 615 2002 in
629 1971 732 2002 oculis
742 1971 813 2002 eius
819 1975 957 2012 propter
973 1971 1116 2012 aliquam
1118 1971 1324 2013 foeditatem,
1339 1977 1398 2002 etc.
1414 1987 1440 2007 40
1454 1972 1654 2003 conveniam.

330 2015 416 2056 Ergo
439 2015 525 2046 idem
549 2014 639 2056 quod
661 2017 759 2056 prius.
1507 2015 1570 2047 Sed
1593 2016 1772 2047 secundum
1800 2016 2018 2056 Augustinum
2034 2016 2067 2050 *‚
2091 2014 2165 2045 ideo
2189 2015 2314 2046 libellus
2328 2015 2523 2046 scribebatur
2549 2015 2759 2064 {fi}'¹‘·g““⁸{·¹¹³‚¹’,·

385 2060 448 2091 Sim
475 2069 609 2096 coma,
626 2060 770 2091 sterilitas
794 2065 825 2090 et
848 2059 1017 2090 fornicatio
1041 2060 1141 2100 magis
1169 2061 1400 2091 contrariantur
1454 2065 1498 2096 ut,
1524 2069 1618 2091 mora
1642 2061 1880 2096 interveniente,
1897 2065 1928 2090 et
1949 2059 2086 2090 consilio
2110 2059 2290 2090 scribarum
2307 2058 2520 2095 dissuadente,
2605 2059 2610 2069 ’
2658 2049 2681 2070 β’
2754 2058 2760 2065 ’

329 2105 536 2135 matrimonio
560 2114 658 2144 quam
678 2104 799 2135 odium.
825 2103 910 2143 Ergo
926 2103 979 2133 illa
1002 2104 1110 2143 potius
1129 2103 1308 2134 debuerunt
1331 2114 1399 2135 esse
1454 2105 1506 2135 vir
1527 2114 1548 2135 a
1566 2105 1738 2145 proposito
1763 2104 1955 2145 repudiandi
1977 2103 2151 2134 desisteret.

330 2156 426 2179 causa
448 2147 575 2189 repudii
598 2157 696 2188 quarn
719 2148 842 2179 odium.
1509 2149 1550 2179 Et
1573 2159 1629 2189 per
1653 2150 1716 2179 hoc
1740 2154 1827 2189 patet
1850 2149 1969 2179 solutio
1994 2148 2034 2179 ad
2056 2148 2191 2178 obiecta.

95 2200 137 2216 αἱ
170 2201 219 2217 ὑπ
275 2206 277 2210 ⁴
297 2199 302 2205 ·
387 2202 416 2224 2.
440 2193 628 2223 Patrai-nana
655 2192 768 2223 odium
807 2197 890 2222 otest
906 2193 1027 2222 causari
1051 2201 1088 2222 ex
1112 2193 1227 2223 virtute
1251 2194 1319 2223 eius
1366 2193 1399 2223 ui

223 2231 225 2234 ⁴
261 2230 279 2238 ‘⁸
331 2237 409 2267 odio
433 2237 577 2267 habetur.
612 2216 645 2267 S'i
669 2246 746 2276 ergo
777 2202 890 2267 clidium
920 2241 967 2266 est
998 2235 1158 2267 sufficiens
1182 2246 1295 2272 causa,
1321 2203 1399 2268 ticilnc
1413 2208 1437 2228 ῶς
1580 2212 1833 2257 QUAESTIO
1860 2211 2397 2247 SEXAGESIMAOCTAVA

330 2281 446 2312 mulier
468 2286 578 2321 posset
599 2280 758 2320 repudiari
781 2286 912 2320 propter
935 2280 1086 2311 virtutem
1104 2290 1205 2319 suam.
1230 2281 1330 2319 Quod
1353 2287 1400 2311 est
1731 2272 1776 2296 DE
1795 2271 1889 2296 F1L11S
1908 2271 2104 2296 ILLEOETIME
2123 2270 2224 2295 NATls

331 2324 519 2368 absurdumg
1516 2335 1609 2356 amna
1632 2325 1901 2356 considerandum
1925 2330 1972 2355 est
1995 2324 2034 2355 de
2058 2324 2130 2355 filiis
2146 2324 2309 2364 illegitime
2333 2325 2413 2354 natis
2429 2325 2456 2354 *.
2547 2325 2644 2373 ICf-<1
2611 2352 2633 2374 d
2630 2332 2667 2353 q...
2690 2332 2758 2351 mv

89 2373 100 2384 '
113 2370 180 2394 Vm.
197 2378 222 2401 ¹³
236 2377 287 2400 um·
387 2370 418 2400 3.
442 2369 638 2404 Pana-raam,
660 2369 837 2399 Deuteron.
862 2378 925 2399 xxn
941 2370 959 2392 ⁴*—
981 2368 1111 2400 dicitur:
1136 2369 1172 2399 Si
1195 2369 1327 2400 duxerit
1349 2370 1400 2400 vir
1457 2337 1557 2400 DEt
1580 2371 1663 2400 circa
1685 2370 1749 2400 hoc
1772 2375 1968 2410 quaeruntur
1991 2370 2058 2399 tria.
2558 2356 2610 2374 ”¹¹⁵⁰

331 2421 469 2444 uxorem
491 2421 585 2444 suam
607 2418 639 2444 et
652 2418 768 2454 postea
791 2413 867 2444 odio
883 2413 1040 2449 habuerit,
1057 2419 1089 2444 et
1111 2414 1264 2444 obiecerit
1288 2415 1318 2444 ei
1333 2420 1399 2444 stu-
1415 2428 1439 2448 5⁰
1509 2415 1633 2445 Primo:
1658 2420 1766 2445 utrum
1782 2413 1839 2444 filii
1855 2415 1911 2454 qui
1933 2419 2108 2444 nascuntur
2123 2419 2209 2444 extra
2227 2421 2340 2443 verum
2355 2413 2519 2443 matrimo-

330 2467 426 2498 prum
449 2463 522 2488 ante
546 2458 745 2497 coniugium,
761 2458 787 2488 si
808 2458 843 2488 in
866 2457 1055 2498 probatione
1074 2457 1234 2494 defecerit,
1251 2458 1399 2489 verbera·
1542 2460 1644 2495 nium,
1661 2460 1723 2489 sint
1746 2459 1911 2498 illegitimi.

330 2503 426 2538 bitur,
443 2507 476 2533 et
489 2507 615 2533 centum
630 2502 719 2532 siclis
741 2502 873 2543 argenti
887 2502 1163 2539 condemnabitur,
1180 2508 1212 2533 et
1231 2512 1295 2533 non
1306 2508 1399 2543 pote·
1509 2503 1676 2534 Secundo:
1701 2509 1810 2533 utrum
1824 2503 1981 2542 illegitimi
2000 2501 2057 2533 filii
2080 2501 2216 2533 debeant
2232 2511 2270 2532 ex
2285 2502 2350 2532 hoc
2365 2501 2520 2532 damnum

331 2546 376 2577 rit
396 2555 467 2577 eam
491 2547 650 2577 dimittere
673 2547 762 2577 omni
784 2550 926 2587 tempore
949 2547 1032 2577 vitae
1054 2556 1142 2578 suae.
1176 2547 1262 2587 Ergo
1287 2547 1399 2578 odium
1541 2553 1713 2588 reportare.

330 2601 398 2622 non
422 2596 469 2621 est
491 2590 651 2628 sufficiens
674 2599 768 2621 causa
790 2590 925 2631 repudii.
1509 2593 1636 2628 Tertio:
1661 2598 1770 2622 utrum
1794 2592 1918 2632 possint
1940 2591 2117 2631 legitimari.

385 2636 576 2666 Rasrormao
591 2644 752 2665 nicanntm
763 2634 853 2674 quod
869 2644 964 2665 causa
979 2636 1198 2676 permissionis
1209 2635 1398 2676 repudiandi
1415 2648 1438 2669 ςς

90 2684 151 2708 ‘et-
170 2684 253 2714 cum
274 2685 304 2706 de
330 2688 466 2711 uxorem
477 2679 538 2710 fuit
548 2680 659 2710 vitatio
671 2678 849 2715 uxoricidii,
859 2685 896 2710 ut
907 2679 1014 2710 Sancti
1026 2681 1242 2710 communiter
1253 2680 1398 2711 dicunt’.
1665 2663 1764 2693 ΛΒΤ·
1782 2662 1804 2693 I·
1829 2672 1934 2693 mmm
1956 2672 2028 2692 ΜΠ
2053 2671 2108 2692 ‘³⁰¹
2130 2671 2310 2692 NASCUNTUR

1609 2717 1710 2738 RXTRA
1733 2717 1836 2737 VERUM
1860 2716 2088 2742 MATmMONmM,
2105 2716 2172 2736 sm‘r
2196 2715 2365 2736 ILLEGITIMI

89 2717 304 2766 μώ83ξιζ
330 2724 479 2755 Proxima
502 2729 610 2754 autem
634 2733 729 2754 causa
751 2723 917 2754 homicidii
940 2729 987 2754 est
1009 2723 1132 2754 odium.
1164 2724 1205 2754 Et
1227 2724 1301 2755 ideo
1324 2733 1399 2766 pro-

89 2744 295 2841 ἓωῆἕζξ*
330 2770 415 2799 xima
438 2777 533 2799 causa
548 2767 673 2809 repudii
697 2772 744 2798 est
759 2767 882 2798 odium.
906 2767 969 2798 Sed
992 2768 1105 2798 odium
1121 2777 1158 2798 ex
1175 2768 1281 2808 aliqua
1305 2778 1400 2800 causa
1519 2779 1539 2799 n
1555 2778 1673 2799 panum
1693 2778 1738 2799 sic
1757 2778 1963 2799 PROCEDITUR.
1983 2767 2117 2798 Videtur
2133 2767 2223 2808 quod
2238 2767 2295 2798 filii
2311 2769 2367 2808 qui
2383 2777 2519 2799 nascun-

90 2819 204 2867 mh
331 2818 487 2849 causatur,
505 2813 587 2843 sicut
610 2818 641 2842 et
657 2821 756 2842 amor.
781 2812 822 2842 Et
844 2811 918 2842 ideo
935 2817 1064 2852 oportet
1086 2813 1182 2843 etiam
1199 2813 1274 2843 alias
1289 2823 1399 2844 causas
1455 2780 1571 2844 Atur
1586 2819 1672 2844 extra
1687 2822 1800 2843 verum
1815 2813 2067 2848 matrimonium,
2084 2821 2152 2842 non
2170 2813 2232 2842 sint
2248 2812 2414 2852 illegitimi.
2434 2813 2519 2851 Quia

90 2834 303 2899 ξρῘῗῖᾗΜ·
330 2856 456 2898 repudii
478 2866 600 2897 ponere
624 2861 772 2892 remotas,
790 2865 873 2897 quae
896 2861 985 2887 erant
1006 2865 1102 2887 causa
1125 2856 1201 2887 odii.
1412 2867 1439 2888 6ο
1453 2857 1633 2888 secundum
1656 2857 1760 2898 legem
1782 2862 1876 2888 natus
1899 2857 2059 2898 legitimus
2082 2855 2166 2886 filius
2190 2856 2313 2887 dicitur.
2338 2857 2401 2887 Sed
2425 2857 2519 2897 quili-

90 2905 171 2945 Lon&
195 2908 199 2912 ’
386 2901 472 2932 Dicit
494 2907 602 2932 autem
623 2901 832 2941 Augustinus,
849 2901 882 2930 in
904 2900 1019 2931 Glossa
1034 2902 1050 2918 ⁴*
1073 2901 1251 2931 Deuteron.
1263 2910 1335 2932 xxw
1346 2902 1397 2932 ”2
1453 2902 1507 2933 bet
1517 2901 1602 2933 filius
1617 2902 1758 2932 nascitur
1772 2901 1951 2932 secundum
1967 2901 2081 2941 legem,
2098 2900 2137 2930 ad
2152 2901 2259 2931 minus
2278 2907 2419 2937 naturae,
2437 2910 2519 2941 quae

125 2932 198 2958 νη
208 2939 229 2960 ’¹
331 2946 458 2976 Multae
488 2950 583 2976 erant
605 2945 638 2975 in
663 2945 735 2986 lege
757 2954 876 2975 causae
905 2945 1085 2976 dimittendi
1108 2955 1254 2976 uxorem.
1287 2945 1398 2976 Solam
1452 2946 1624 2977 fortissima
1647 2951 1703 2977 est.
1728 2946 1814 2986 Ergo
1839 2946 1972 2986 quilibet
1994 2945 2079 2976 filius
2102 2951 2148 2975 est
2171 2945 2340 2985 legitimus.

334 2990 481 3021 Christus
488 2990 748 3032 fornicationem
765 2989 903 3030 excipit:
922 2994 1045 3020 ceteras
1059 2990 1223 3020 molestias
1240 2990 1325 3021 iubet
1332 2999 1398 3031 pro
1509 3000 1539 3021 2.
1563 2991 1759 3026 Puni-zaza,
1777 2990 1992 3021 communiter
2007 2989 2122 3020 dicitur
2145 2989 2234 3029 quod
2258 2989 2418 3030 legitimus
2433 2989 2518 3020 filius

320 3034 395 3076 side
408 3039 440 3065 et
453 3035 602 3065 castitate
616 3034 764 3075 coniugii
778 3034 946 3064 sustinere.
967 3034 1038 3064 Hae
1053 3039 1161 3064 autem
1177 3043 1291 3064 causae
1306 3035 1399 3065 intel·
1452 3041 1499 3066 est
1520 3035 1577 3076 qui
1600 3040 1647 3065 est
1668 3035 1707 3065 de
1723 3035 1867 3076 legitimo
1891 3034 2098 3065 matrimonio
2123 3039 2228 3069 natus,
2245 3034 2295 3064 vel
2309 3034 2348 3064 de
2371 3043 2408 3064 eo
2433 3034 2520 3075 quod

331 3079 472 3118 ligantur
495 3078 662 3109 foeditates
686 3079 718 3108 in
743 3088 888 3118 corpore,
913 3084 990 3118 puta
1013 3078 1195 3114 infirmitas,
1218 3078 1270 3109 vel
1293 3078 1399 3119 aliqua
1412 3088 1436 3113 65
1453 3080 1485 3110 in
1500 3079 1596 3121 facie
1617 3079 1783 3110 Ecclesiae
1815 3079 1993 3120 legitimum
2017 3083 2186 3118 reputatur
2208 3079 2234 3108 “.
2269 3077 2332 3108 Sed
2363 3079 2519 3118 confingit
2546 3078 2620 3126 ᾖξ’-ΕΙ
2631 3078 2756 3136 tit—522¹?

331 3123 480 3153 notabilis
495 3123 639 3159 macula;
659 3122 710 3153 vel
726 3123 759 3153 in
775 3123 891 3158 anima,
908 3123 990 3153 sicut
1005 3122 1184 3158 fornicatio,
1200 3123 1251 3153 vel
1267 3123 1399 3163 aliquod
1453 3123 1650 3164 quandoque
1673 3123 1764 3164 quod
1787 3123 1919 3164 aliquod
1947 3123 2188 3153 matrimonium
2215 3122 2394 3162 legitimum
2422 3132 2517 3163 repu-
2546 3131 2575 3152 de
2588 3121 2656 3153 mis
2671 3132 2679 3157 ς
2697 3138 2714 3153 ι.

332 3167 517 3197 huiusmodi
540 3167 631 3207 quod
653 3168 686 3197 in
709 3167 852 3197 moribus
876 3167 1111 3197 inhonestatem
1134 3166 1219 3198 facit.
1452 3173 1535 3198 tatur
1556 3168 1591 3198 in
1613 3166 1695 3198 facie
1718 3167 1879 3198 Ecclesiae
1903 3167 1992 3208 quod
2015 3167 2111 3197 habet
2132 3166 2399 3206 impedimentum
2421 3176 2464 3197 ne
2479 3168 2519 3197 sit

92 3219 103 3229 ·
117 3217 143 3240 Β.
164 3217 253 3248 alben.
272 3217 304 3239 1v
387 3210 451 3241 Sed
466 3210 597 3251 quidam
613 3212 629 3228 *
644 3212 700 3242 has
717 3221 827 3242 causas
847 3212 948 3251 magis
964 3216 1136 3247 coarctant,
1153 3212 1226 3241 satis
1249 3211 1398 3251 probabi'-
1451 3221 1564 3243 verum
1587 3212 1846 3248 matrimonium,
1872 3217 1904 3243 et
1926 3217 2034 3242 tamen
2057 3221 2075 3241 a
2099 3211 2358 3241 contrahentibus
2380 3211 2414 3241 in
2437 3210 2518 3241 facie

91 3243 305 3300 ff‘t'f‘gff'un'n’
332 3254 403 3284 liter
417 3253 559 3286 dicentes
575 3254 665 3296 quod
687 3265 755 3286 non
770 3255 886 3286 licebat
909 3264 1043 3286 uxorem
1058 3255 1226 3296 repudiare
1243 3256 1305 3286 nisi
1323 3265 1398 3296 pro·
1452 3256 1614 3287 Ecclesiae
1644 3257 1751 3286 scitur.
1785 3256 1827 3286 Et
1849 3257 1875 3287 si
1899 3256 2025 3287 occulte
2047 3256 2170 3286 nubant
2197 3260 2228 3285 et
2250 3254 2517 3295 impedimentum

332 3303 403 3338 pter
425 3298 565 3338 aliquam
587 3309 716 3330 causam
738 3305 814 3340 post
835 3300 1078 3330 matrimonium
1101 3300 1396 3340 supervenientem3
1412 3301 1604 3336 „nescianz
1621 3300 1800 3340 legitimum
1822 3300 1949 3331 videtur
1971 3301 2003 3331 in
2027 3299 2107 3330 facie
2130 3299 2301 3335 Ecclesiae,
2319 3309 2358 3330 ex
2377 3308 2444 3339 quo
2459 3308 2517 3339 per

332 3350 393 3373 nec
415 3347 547 3382 propter
570 3344 745 3383 quamlibet
759 3344 865 3379 talem,
883 3344 938 3375 sed
953 3349 1085 3385 propter
1099 3344 1168 3374 illas
1183 3344 1291 3375 solum
1314 3353 1397 3384 quae
1452 3345 1628 3375 Ecclesiam
1650 3354 1718 3375 non
1741 3345 1961 3384 prohibentur.
1986 3344 2071 3384 Ergo
2094 3343 2151 3374 filii
2175 3349 2260 3374 extra
2275 3352 2387 3374 verum
2409 3344 2517 3374 matu·-

332 3391 469 3427 possunt
491 3387 616 3417 bonum
637 3388 736 3428 prolis
758 3388 932 3428 impedire;
956 3389 1007 3419 vel
1030 3389 1063 3419 in
1087 3398 1233 3429 corpore,
1250 3394 1286 3418 ut
1309 3389 1397 3419 steri·
1452 3389 1601 3419 monium
1623 3389 1689 3419 nati
1711 3398 1779 3419 non
1802 3394 1877 3419 sunt
1899 3389 2064 3429 illegitimi.

332 3430 402 3461 litas
425 3435 481 3461 aut
502 3430 590 3470 lepra
610 3436 666 3461 aut
688 3431 807 3472 aliquid
825 3432 1029 3470 huiusmodi3
1053 3433 1104 3463 vel
1125 3434 1159 3463 in
1183 3434 1298 3469 anima,
1314 3438 1351 3463 ut
1371 3434 1396 3463 si
1507 3431 1569 3464 San
1583 3442 1716 3469 coum,
1732 3432 1934 3472 illegitimum
1950 3432 2065 3463 dicitur
2089 3431 2178 3472 quod
2199 3437 2246 3462 est
2269 3437 2378 3462 contra
2401 3431 2514 3472 legem.

334 3479 415 3505 esset
430 3474 590 3505 malorum
605 3485 744 3512 morum,
758 3485 841 3516 quos
855 3476 913 3507 filii
928 3487 966 3508 ex
982 3478 1224 3508 conversatione
1240 3477 1280 3508 ad
1294 3478 1397 3518 ipsam
1452 3477 1515 3508 Sed
1538 3477 1583 3507 illi
1600 3478 1656 3517 qui
1670 3482 1845 3508 nascuntur
1868 3482 1955 3508 extra
1975 3477 2226 3512 matrimonium,
2242 3481 2416 3507 nascuntur
2438 3485 2516 3507 con-

332 3519 540 3550 imitarentur.
1411 3534 1435 3555 75
1451 3526 1498 3552 tra
1520 3521 1634 3561 legem.
1658 3521 1744 3561 Ergo
1767 3526 1843 3552 sunt
1863 3521 2030 3562 illegitimi.
