2878 4088
168 376 177 384 ·
186 373 233 400 Qu.
245 379 298 399 exv,
306 375 347 393 art.
359 377 378 392 2.

167 464 175 473 ·
191 463 226 484 Cf.
243 467 284 485 art.
301 462 323 484 6.

166 595 245 616 'Deut.
252 600 302 621 cap.
310 599 377 618 xxm,

167 627 224 641 vers⁴
243 626 277 648 ¹9,
292 626 328 641 20.

167 650 175 658 '¹
191 647 256 669 Num.
280 652 330 673 cap.
352 653 377 672 v,

166 679 224 695 vers.
242 680 264 695 12
280 679 330 701 sqq.

166 815 175 825 ⁸
195 813 230 835 Cf.
251 813 334 840 Chrys.
354 813 377 833 in

165 840 241 868 Epist.
257 839 290 860 ad
311 839 376 860 Rom.

165 867 229 888 hom.
242 866 270 892 X,
282 866 310 887 ad
325 871 375 892 cap.

165 900 187 919 v,
195 898 253 914 vers.
262 898 303 918 203
318 893 377 913 Am-

167 920 230 940 bros.
246 919 338 940 Comm.
354 919 376 940 in

165 946 233 967 eund.
244 947 288 967 loc.
298 952 303 971 ;
314 946 375 972 Aug.

165 972 284 1000 Proposit.
293 977 323 993 ex
333 971 377 999 Ep.

165 999 198 1020 ad
216 999 289 1025 Rom„
308 1004 374 1025 prop.

166 1032 220 1047 xxx.

168 1054 188 1063 ··
198 1052 223 1073 Β,
241 1051 329 1072 Albert.
345 1050 375 1071 IV

165 1078 374 1103 Sent.,dist.xxxn1‚

166 1109 206 1126 art.
222 1105 257 1125 26.

165 1133 173 1141 ·
189 1131 255 1152 Vers.
273 1138 290 1152 ι.

165 1260 173 1268 ·
181 1258 234 1278 Loc.
248 1257 284 1278 eit.
294 1257 316 1277 in
326 1262 372 1284 arg.

164 1283 212 1304 Sed
225 1285 307 1304 contra
322 1289 343 1304 2.

161 2054 171 2062 ·
186 2053 240 2079 Arg.
254 2051 302 2073 Sed
315 2057 369 2073 con-

161 2081 199 2100 tra
217 2086 234 2101 ι.

162 2276 171 2285 ·
187 2275 242 2301 Arg.
257 2274 306 2296 Sed
318 2280 372 2295 con-

162 2303 199 2322 tra
216 2307 234 2322 2.

162 2495 172 2505 ·
182 2493 238 2515 Gen.
250 2500 299 2522 cap.
311 2500 370 2519 xxx,

162 2526 221 2541 vers.
231 2528 238 2542 ι
247 2526 311 2548 sqq.;
321 2526 371 2547 cap.

163 2553 223 2568 xxxv
232 2564 237 2573 ,
263 2553 320 2568 vers.
348 2552 371 2568 22

163 2579 213 2601 sqq.

163 2719 172 2728 ·
188 2718 222 2739 Cf.
238 2721 278 2739 art.
293 2718 314 2739 6.

163 2760 173 2769 '¹
189 2758 222 2779 Cf.
238 2758 275 2779 fin.
293 2763 355 2785 corp.

165 3067 174 3077 ·
191 3066 225 3088 cf.
237 3071 322 3093 corpus
332 3069 373 3088 art.

166 3494 175 3504 '¹
200 3492 266 3515 Cont.
294 3491 377 3514 Faust-

166 3519 205 3541 lib.
226 3519 302 3546 xxn,
326 3524 376 3546 cap.

166 3552 237 3568 ιιι-νιι.

414 213 484 249 140

407 279 447 309 Et
471 279 514 309 sic
538 279 663 309 libellus
694 278 820 319 repudii
847 279 918 319 lege
945 280 1119 320 permissus
1143 279 1222 310 fuit:
1254 288 1322 310 non
1346 278 1478 318 quidem

406 328 536 363 propter
560 322 692 363 aliquod
718 323 821 353 maius
850 324 975 354 bonum
1004 323 1287 364 consequendum,
1313 324 1394 353 sicut
1417 322 1478 353 fuit

406 367 600 407 dispensatio
624 366 664 397 de
686 367 832 408 pluribus
855 369 1009 398 uxoribus
1032 368 1186 399 habendis
1202 369 1238 404 ἡ
1267 367 1323 398 sed
1345 372 1477 407 propter

405 412 508 442 maius
531 411 653 442 malum
676 411 905 448 cohibendum,
929 413 1050 443 scilicet
1073 412 1298 447 uxoricidium,
1323 410 1363 441 ad
1387 410 1477 451 quod

406 455 513 486 Iudaei
531 456 627 496 proni
643 461 732 486 erant
747 461 879 496 propter
895 457 1138 497 corruptionem
1153 456 1317 486 irascibilis
1333 456 1366 491 ἡ
1395 455 1476 485 sicut

404 501 596 540 permissum
611 499 671 530 fuit
688 501 732 530 eis
747 501 902 531 extraneis
918 499 1071 531 faenerari
1087 506 1218 541 propter
1234 499 1476 539 corruptionem

405 544 545 584 aliquam
567 545 601 574 in
625 545 878 584 concupiscibili,
903 554 944 575 ne
968 545 1087 575 scilicet
1111 544 1257 574 fratribus
1281 544 1345 574 suis
1369 542 1476 573 faene—

404 594 547 619 rarentur
562 590 598 624 *;
624 594 655 619 et
677 589 776 625 sicut,
800 594 933 629 propter
957 590 1199 629 corruptionem
1227 588 1419 628 suspicionis
1443 588 1476 618 in

404 633 559 669 rationali,
584 632 644 663 fuit
668 634 859 673 permissum
882 632 1073 663 sacrificium
1096 633 1276 674 zelotypiae
1292 633 1318 668 θ’,
1343 641 1384 662 ne
1409 632 1476 662 sola

404 677 544 718 suspicio
568 677 655 717 apud
679 686 733 707 eos
757 677 913 707 iudicium
937 683 1166 717 corrumperet.

460 721 523 752 Sed
554 722 629 761 quia
659 721 709 751 lex
739 727 846 757 vetus,
873 722 1018 761 quamvis
1041 722 1174 761 gratiam
1206 730 1274 751 non
1299 719 1474 755 conferret,

404 771 511 796 tamen
535 765 575 796 ad
598 766 661 796 hoc
686 765 757 795 data
780 771 845 796 erat
868 771 903 796 ut
926 771 1096 805 peccatum
1121 765 1311 800 ostenderet,
1329 770 1365 794 ut
1385 774 1475 795 corn-

404 811 542 840 rnuniter
559 810 665 840 Sancti
681 809 791 840 dicunt
807 811 840 846 *;
861 809 934 840 ideo
952 810 1019 840 aliis
1035 811 1069 827 Η
1085 810 1210 840 videtur
1226 809 1325 849 quod,
1339 809 1364 839 si
1380 817 1475 849 repu-

405 854 522 884 diando
547 863 681 884 uxorem
704 859 898 893 peccassent,
923 855 987 884 hoc
1010 855 1122 884 saltem
1147 855 1191 884 eis
1213 863 1271 893 per
1295 853 1399 893 legem
1421 858 1475 883 aut

403 899 575 938 prophetas
590 897 722 927 indicari
738 897 912 928 debuisset:
931 898 1028 928 Isaiae
1043 907 1118 928 Lvm
1130 899 1156 934 ἢ
1170 898 1338 927 Annuntia
1348 898 1474 937 populo

404 952 473 972 meo
497 943 619 972 scelera
644 951 766 971 eorum.
801 942 887 971 Alias
911 941 1093 972 viderentur
1116 942 1210 971 nimis
1235 951 1302 971 esse
1325 941 1473 981 neglecti,

404 987 428 1016 si
453 996 489 1016 ea
513 995 595 1025 quae
619 986 795 1015 necessaria
822 990 895 1015 sunt
920 984 959 1015 ad
981 985 1127 1020 salutem,
1152 994 1235 1025 quae
1258 994 1326 1015 non
1351 994 1473 1025 cogno-

403 1031 541 1065 scebant,
558 1038 726 1068 nunquam
750 1029 794 1058 eis
818 1029 963 1058 nuntiata
986 1028 1129 1058 fuissent.
1155 1028 1254 1066 Quod
1277 1038 1345 1058 non
1368 1034 1475 1068 potest

403 1074 478 1104 dici:
497 1083 572 1103 cum
587 1073 704 1102 iustitia
721 1072 808 1111 legis,
827 1078 973 1111 tempore
989 1082 1048 1102 suo
1066 1073 1241 1108 observata,
1258 1073 1356 1102 vitam
1372 1082 1474 1102 mere-

402 1123 487 1148 retur
503 1113 673 1147 aeternam.
697 1116 737 1146 Et
753 1121 884 1155 propter
896 1116 959 1145 hoc
976 1115 1087 1146 dicunt
1104 1116 1203 1156 quod,
1216 1117 1362 1155 quamvis
1378 1125 1473 1156 repu-

402 1162 487 1192 diare
515 1170 649 1191 uxorem
679 1169 736 1200 per
763 1169 796 1190 se
827 1161 866 1190 sit
896 1160 1035 1195 malum,
1060 1165 1168 1190 tamen
1197 1169 1235 1190 ex
1262 1161 1473 1200 permissione

402 1206 508 1236 divina
530 1206 653 1235 licitum
677 1204 782 1234 fiebat.
807 1204 847 1234 Et
863 1205 926 1234 hoc
948 1203 1141 1234 confirmant
1165 1205 1352 1234 auctoritate
1369 1203 1472 1245 Chry-

401 1251 545 1285 sostomi,
563 1250 620 1289 qui
636 1249 712 1279 dicit
727 1250 743 1264 ⁴*
768 1248 857 1288 quod
881 1257 901 1278 a
918 1253 1054 1288 peccato
1071 1249 1202 1279 abstulit
1220 1249 1348 1288 culpam
1364 1248 1472 1288 Legis—

400 1295 481 1324 lator
505 1293 634 1334 quando
659 1293 801 1333 permisit
825 1292 1006 1332 repudium.

457 1339 498 1368 Et
529 1339 674 1378 quamvis
707 1338 769 1367 hoc
793 1337 1001 1376 probabiliter
1025 1336 1164 1373 dicatur,
1189 1342 1297 1367 tamen
1331 1337 1473 1377 primum

402 1383 607 1413 communius
630 1382 811 1412 sustinetur.
838 1381 912 1411 Ideo
937 1380 976 1411 ad
999 1386 1152 1421 utrasque
1174 1381 1314 1411 rationes
1338 1390 1471 1421 respon-

402 1427 543 1457 dendum
568 1432 622 1456 est.

455 1472 505 1501 An
530 1480 645 1500 pamma
669 1479 751 1500 eaeo
776 1479 936 1500 nxeeNnoM
960 1469 1050 1509 quod
1071 1470 1185 1510 aliquis
1202 1471 1258 1510 qui
1274 1475 1380 1510 potest
1396 1478 1470 1509 pro-

401 1516 518 1550 hibere,
535 1524 603 1545 non
622 1520 734 1554 peccat
757 1514 783 1543 si
807 1523 824 1543 a
847 1513 1064 1553 prohibitione
1088 1515 1243 1544 abstineat
1258 1523 1326 1544 non
1342 1523 1471 1554 sperans

401 1560 643 1594 correctionem,
668 1558 723 1588 sed
746 1558 849 1588 maius
873 1558 995 1588 malum
1019 1559 1188 1589 aestimans
1205 1568 1243 1588 ex
1258 1559 1313 1588 tali
1328 1559 1471 1599 prohibi-

400 1605 487 1633 tione
504 1604 708 1633 occasionem
725 1611 860 1632 sumere.
874 1603 915 1632 Et
927 1603 971 1632 sic
988 1602 1102 1633 accidit
1115 1603 1232 1643 Moysi.
1245 1603 1349 1639 Unde,
1365 1603 1471 1633 divina

400 1649 585 1678 auctoritate
609 1646 717 1682 fretus,
742 1647 887 1677 libellum
911 1647 1035 1687 repudii
1059 1657 1127 1677 non
1150 1648 1324 1688 prohibuit.

455 1693 504 1721 An
529 1701 691 1721 saeoxnom
714 1701 874 1721 DICENDUM
897 1691 987 1731 quod
1003 1692 1190 1731 prophetae,
1207 1691 1330 1732 Spiritu
1351 1692 1470 1722 Sancto

401 1737 557 1776 inspirati,
591 1745 658 1765 non
689 1734 836 1765 dicebant
867 1735 1088 1766 dimittendam
1120 1745 1188 1766 esse
1220 1746 1353 1766 uxorem
1381 1737 1472 1777 quasi

400 1781 533 1820 Spiritus
557 1780 663 1810 Sancti
686 1785 895 1820 praeceptum
919 1780 975 1810 sit:
1007 1780 1063 1810 sed
1087 1781 1177 1820 quasi
1201 1781 1406 1821 permissum,
1430 1790 1472 1811 ne

399 1825 503 1864 aliqua
527 1825 636 1864 peiora
659 1823 781 1854 fierent.

453 1870 503 1898 An
527 1879 661 1898 TERTmM
685 1878 845 1898 memnon
862 1868 952 1908 quod
975 1868 1029 1899 illa
1052 1869 1270 1909 permissionis
1295 1868 1470 1900 similitudo

399 1923 465 1943 non
489 1918 535 1943 est
558 1912 763 1953 intelligenda
786 1918 944 1953 quantum
961 1913 1001 1943 ad
1018 1914 1137 1949 omnia,
1160 1913 1215 1944 sed
1239 1913 1346 1944 solum
1370 1923 1471 1954 quan-

399 1964 468 1987 tum
485 1957 523 1987 ad
540 1967 669 1988 causam
693 1956 846 1987 eandem:
873 1958 948 1997 quia
971 1962 1107 1998 utraque
1131 1958 1298 1998 permissio
1315 1957 1355 1988 ad
1370 1959 1471 1988 vitan-

398 2001 470 2031 dam
494 2001 726 2041 turpitudinem
750 2000 832 2031 facta
856 2007 911 2032 est.

452 2047 502 2076 An
528 2056 676 2076 ooARroM
691 2047 708 2062 ⁴*
731 2055 892 2076 meuNnoM
921 2045 1027 2086 quod,
1053 2047 1200 2087 quamvis
1223 2046 1338 2077 duritia
1366 2046 1471 2077 cordis

397 2100 464 2120 non
489 2096 652 2121 excusaret
668 2100 685 2120 a
702 2095 847 2130 peccato,
864 2095 972 2120 tamen
996 2091 1164 2131 permissio
1189 2101 1227 2121 ex
1251 2091 1366 2122 duritia
1389 2090 1471 2122 facta

398 2141 535 2165 excusat.
560 2134 729 2173 Quaedam
753 2135 839 2165 enim
863 2135 1075 2174 prohibentur
1098 2136 1182 2165 sanis
1206 2145 1289 2176 quae
1312 2145 1380 2166 non
1395 2145 1470 2176 pro-

397 2180 546 2209 hibentur
568 2179 702 2209 infirmis
730 2179 952 2219 corporaliter,
978 2189 1038 2210 nec
1062 2186 1170 2210 tamen
1194 2179 1312 2210 infirmi
1335 2186 1471 2220 peccant

397 2224 606 2263 permissione
630 2224 689 2253 sibi
713 2223 795 2254 facta
819 2229 954 2254 utentes.

452 2268 502 2298 An
531 2278 670 2298 omN‘roM
687 2269 703 2284 ἥ
726 2278 886 2298 memnon
919 2267 1009 2308 quod
1042 2268 1174 2308 aliquod
1207 2269 1331 2299 bonum
1363 2274 1471 2309 potest

397 2313 561 2343 intermitti
589 2312 766 2353 dupliciter.
801 2312 876 2343 Uno
905 2312 1024 2349 modo,
1049 2319 1181 2353 propter
1208 2313 1340 2353 aliquod
1367 2314 1470 2344 maius

398 2357 521 2387 bonurn
546 2356 822 2396 consequendum.
847 2356 888 2386 Et
911 2362 989 2387 tunc
1012 2358 1204 2387 intermissio
1228 2358 1312 2388 illius
1337 2358 1414 2388 boni
1432 2367 1470 2388 ex

399 2401 508 2431 ordine
533 2401 572 2431 ad
595 2402 698 2432 maius
723 2402 847 2431 bonum
871 2402 987 2441 accipit
1015 2402 1236 2432 honestatem:
1268 2403 1350 2432 sicut
1373 2403 1469 2432 inter—

398 2446 580 2476 mittebatur
614 2446 812 2485 singularitas
847 2447 954 2476 uxoris
989 2447 1124 2476 honeste
1159 2457 1176 2476 a
1209 2446 1304 2477 Iacob
1338 2452 1470 2487 propter

399 2490 522 2520 bonum
538 2490 636 2530 prolis
651 2491 678 2519 θ.
703 2508 725 2512 —-
749 2490 822 2520 Alio
840 2490 940 2520 modo
957 2491 1082 2521 bonum
1102 2490 1234 2531 aliquod
1253 2491 1469 2521 intermittitur

398 2533 438 2564 ad
460 2533 625 2564 vitandum
653 2535 756 2564 maius
784 2534 917 2564 malum.
952 2535 993 2565 Et
1015 2540 1110 2571 tunc,
1135 2535 1161 2565 si
1185 2536 1373 2565 auctoritate
1401 2535 1469 2565 eius

399 2579 453 2618 qui
471 2578 651 2618 dispensare
674 2584 781 2618 potest
796 2579 859 2609 hoc
876 2579 940 2615 fiat,
956 2585 1080 2610 reatum
1096 2579 1166 2609 talis
1183 2580 1261 2610 boni
1277 2580 1468 2610 intermissio

398 2632 465 2652 non
480 2623 584 2659 habet,
602 2623 657 2653 sed
673 2623 875 2653 honestatem
899 2624 994 2653 etiam
1013 2633 1082 2654 non
1101 2624 1245 2663 acquirit.
1271 2623 1312 2654 Et
1327 2624 1371 2654 sic
1388 2623 1468 2654 indi-

398 2667 558 2697 visibilitas
582 2668 777 2698 matrimonii
792 2668 826 2697 in
842 2668 912 2708 lege
930 2668 1036 2708 Moysi
1056 2668 1322 2698 intermittebatur
1338 2673 1469 2708 propter

399 2712 500 2741 maius
529 2712 650 2742 malum
678 2711 862 2747 vitandum,
887 2712 1008 2743 scilicet
1038 2712 1254 2742 uxoricidium
1270 2713 1296 2742 *ἃ
1330 2713 1371 2742 Et
1394 2712 1468 2743 ideo

400 2754 648 2795 Chrysostomus
681 2755 757 2786 dicit
780 2757 796 2772 ⁴*
828 2756 917 2796 quod
950 2766 970 2787 a
998 2762 1134 2797 peccato
1167 2757 1298 2787 abstulit
1329 2758 1467 2797 culpam.

400 2799 553 2836 Quamvis
587 2801 672 2830 enirn
704 2800 897 2831 inordinatio
930 2806 1074 2831 maneret
1102 2801 1135 2831 in
1162 2801 1308 2842 repudio,
1332 2811 1370 2832 ex
1401 2811 1467 2842 quo

399 2849 567 2883 peccatum
583 2845 710 2881 dicitur;
724 2850 831 2875 tamen
844 2851 968 2875 reatum
984 2855 1110 2885 poenae
1122 2855 1190 2876 non
1201 2846 1347 2882 habebat,
1360 2855 1468 2886 neque

399 2889 581 2927 temporalis
604 2898 711 2928 neque
735 2895 926 2929 perpetuae,
950 2890 1143 2930 inquantum
1173 2889 1279 2921 divina
1306 2890 1468 2931 dispensa-

400 2932 486 2962 tione
510 2932 614 2963 fiebat.
640 2933 680 2963 Et
697 2934 741 2963 sic
761 2939 825 2963 erat
841 2934 880 2964 ab
898 2943 937 2964 eo
955 2935 1049 2974 culpa
1073 2934 1185 2964 ablata.
1211 2935 1251 2965 Et
1274 2934 1348 2965 ideo
1372 2935 1468 2965 etiam

400 2976 468 3015 ipse
490 2976 609 3007 ibidem
633 2977 708 3007 dicit
732 2977 821 3018 quod
844 2979 1039 3018 permissum
1067 2983 1115 3009 est
1137 2979 1322 3019 repudium,
1347 2979 1468 3009 malum

400 3019 535 3059 quidem,
550 3026 654 3051 tamen
673 3022 804 3052 licitum.
822 3022 921 3060 Quod
938 3022 1069 3062 quidem
1086 3023 1130 3053 illi
1148 3024 1203 3062 qui
1220 3029 1294 3054 sunt
1310 3023 1350 3054 de
1365 3024 1468 3064 prima

402 3064 554 3103 opinione
570 3066 597 3100 ὕ,
621 3065 762 3096 referunt
792 3066 831 3096 ad
861 3067 924 3097 hoc
957 3073 1081 3098 tanturn
1115 3067 1205 3107 quod
1234 3077 1301 3098 non
1332 3068 1468 3098 habebat

401 3113 523 3138 reatum
546 3110 730 3149 temporalis
753 3120 888 3150 poenae.

474 3178 572 3208 ART.
596 3179 648 3209 IV.
673 3190 777 3210 υτιωινι
801 3191 911 3211 ronan*
935 3191 1060 3212 menon
1084 3192 1179 3212 oxom
1202 3191 1396 3214 REPUmA'rAE

755 3235 849 3254 Anum
872 3235 969 3255 vnum
992 3236 1112 3257 HABERE

574 3277 599 3298 In
615 3277 710 3304 Matth.,
726 3283 793 3306 capp.
808 3285 830 3304 v,
845 3284 898 3305 nx;
913 3279 922 3300 1
937 3280 970 3301 ad
985 3280 1055 3307 Con,
1070 3285 1120 3307 cap.
1136 3286 1177 3307 vn,
1193 3276 1245 3303 lect.
1262 3286 1294 3303 ιιι.

406 3336 488 3398 ΑΒ
506 3337 653 3357 ooARroM
677 3338 721 3358 sm
745 3338 948 3360 pnoennxroa.
973 3330 1107 3361 Videtur
1131 3331 1220 3371 quod
1244 3332 1353 3362 liceret
1375 3333 1468 3363 uxori

468 3370 650 3410 repudiatae
673 3372 771 3402 alium
787 3374 891 3403 virum
914 3374 1039 3404 habere.
1065 3375 1150 3413 Quia
1166 3376 1200 3406 in
1215 3376 1350 3416 repudio
1366 3378 1467 3417 magis

1492 684 1517 699 10

1491 906 1513 925 ¹5

1489 1127 1514 1140 20

1487 1347 1510 1367 25

1486 1568 1512 1588 30

1487 1790 1510 1810 35

1485 2011 1512 2031 ⁴⁰

1484 2236 1508 2256 45

1485 2457 1510 2477 ςο

1485 2677 1507 2697 55

1482 2894 1510 2915 6ο

1481 3344 1509 3367 70

1056 199 1326 248 'QUAESTIO
1355 198 1504 246 LXVII,
1532 199 1826 238 ARTICULUS
1860 200 1921 247 IV,
1943 199 1977 236 V

1533 277 1633 317 quod,
1650 278 1780 319 quando
1801 287 1870 309 mos
1888 282 1969 314 erat,
1979 282 2150 318 peccatum
2174 287 2240 309 non
2264 283 2345 309 erat.
2371 278 2435 310 Sed
2456 284 2603 319 tempore.

1532 321 1610 361 legis
1633 323 1747 352 veteris
1772 327 1837 353 erat
1863 322 1934 353 talis
1962 321 2165 352 consuetudo
2195 322 2285 363 quod
2311 322 2477 363 repudiata
2505 323 2604 353 alium

1532 366 1636 396 virum
1660 366 1812 397 ducebat:
1836 371 1872 396 ut
1895 371 1982 406 patet
2004 366 2182 396 Deuteron.
2206 376 2280 397 xxrv
2295 367 2331 403 *‚
2358 367 2440 397 Cum
2471 376 2603 408 egressa

1532 410 1638 440 virum
1661 411 1800 441 alterum
1823 411 1963 446 duceret,
1989 416 2048 440 etc.
2073 409 2160 450 Ergo
2175 420 2243 441 non
2259 411 2412 451 peccabat
2430 410 2519 442 alteri
2533 412 2602 442 viro

1533 463 1566 484 se
1589 454 1764 494 iungendo.

1589 498 1618 529 3.
1642 499 1839 535 Pinarum-A,
1853 498 2024 534 Dominus,
2039 499 2150 529 Matth.
2163 507 2184 529 v
2195 500 2222 535 ἡ
2234 499 2387 529 iustitiam
2402 500 2480 530 novi
2490 499 2602 529 Testa-

1531 543 1632 573 menti
1648 543 1788 573 ostendit
1803 542 2117 583 superabundantem
2129 552 2197 573 esse
2209 548 2357 583 respectu
2368 543 2506 574 iustitiae
2515 548 2602 573 vete-

1531 587 1573 617 ris
1590 587 1798 618 Testamenti.
1823 587 1898 618 Hoc
1921 592 2030 617 autem
2053 587 2130 618 dicit
2153 587 2192 617 ad
2214 588 2367 618 iustitiam
2389 586 2468 618 novi
2491 587 2602 618 Testa·

1530 632 1631 661 menti
1647 640 1704 671 per
1720 630 2044 672 superabundantiam
2059 632 2218 671 pertinere
2235 631 2325 672 quod
2340 640 2422 662 uxor
2437 631 2603 672 repudiata

1530 685 1599 706 non
1623 675 1711 706 ducit
1734 676 1870 707 alterum
1893 676 1998 706 virum
2014 677 2040 706 ’ἢ
2065 675 2207 716 Ergo-in
2222 676 2321 707 veteri
2345 676 2416 716 lege
2431 676 2556 706 licebat.

1587 720 1649 751 San
1674 730 1798 751 CONTRA
1821 729 1876 751 nsr
1900 719 1990 760 quod
2013 719 2128 750 dicitur
2144 720 2256 750 Matth.
2273 721 2336 750 v*:
2357 720 2422 756 Qui
2437 720 2601 751 dimissam

1531 764 1671 801 duxerit,
1694 765 1891 795 moechatur.
1917 764 1980 795 Sed
2002 765 2151 795 moechia
2173 773 2342 805 nunquam
2365 763 2426 795 fuit
2447 765 2481 794 in
2503 765 2602 795 veteri

1530 809 1600 849 lege
1624 809 1718 839 licita.
1743 809 1829 849 Ergo
1853 819 1914 839 nec
1938 809 2030 839 uxori
2053 809 2238 849 repudiatae
2261 809 2352 839 licuit
2375 809 2474 839 alium
2496 809 2601 839 virum

1530 853 1656 884 habere.

1587 907 1616 928 2.
1640 898 1844 934 Proxumum,
1877 898 2054 928 Deuteron.
2079 907 2153 928 xxrv
2175 899 2192 914 ³*
2222 897 2338 927 dicitur
2367 896 2458 937 quod
2487 897 2602 928 mulier

1529 941 1694 981 repudiata
1718 950 1801 982 quae
1825 942 1923 973 alium
1947 942 2051 972 virum
2075 941 2215 977 duceret,
2234 942 2366 982 polluta
2389 947 2462 972 erat
2480 946 2511 972 et
2525 941 2601 972 abo-

1529 986 1797 1027 minabilisfacta
1813 995 1925 1017 coram
1940 986 2093 1016 Domino.
2111 987 2197 1026 Ergo
2213 987 2367 1026 peccabat
2382 986 2481 1017 alium
2496 987 2601 1017 virum

1529 1029 1688 1060 ducendo.

1584 1074 1773 1104 Rnspoxnsso
1798 1083 1958 1103 memnon
1985 1074 2084 1114 quod,
2109 1074 2288 1105 secundum
2311 1075 2448 1114 primam
2472 1075 2600 1115 opinio·

1528 1126 1604 1147 nem
1628 1118 1659 1153 ⁴⁶,
1684 1123 1759 1157 post
1781 1117 1954 1157 repudium
1977 1127 2059 1148 uxor
2082 1119 2235 1158 peccabat
2258 1119 2347 1149 alteri
2370 1119 2439 1149 viro
2464 1120 2601 1150 coniun-

1529 1166 1579 1190 cta
1595 1161 1626 1190 ἢ
1659 1162 1735 1201 quia
1765 1161 1870 1191 adhuc
1894 1162 2137 1192 matrimonium
2165 1163 2308 1203 primum
2331 1171 2399 1193 non
2424 1169 2490 1194 erat
2513 1163 2600 1195 solu-

1529 1209 1609 1234 tum.
1635 1205 1760 1235 Mulier
1781 1205 1876 1240 enim,
1893 1210 2015 1245 quanto
2033 1211 2176 1246 tempore
2197 1206 2283 1242 vivit,
2304 1207 2444 1248 alligata
2467 1212 2516 1237 est
2536 1207 2603 1248 legi

1528 1249 1600 1284 uiri,
1618 1254 1654 1279 ut
1669 1254 1756 1288 patet
1769 1249 1862 1280 Rom.
1879 1259 1923 1279 vn
1938 1250 1972 1278 *2
1999 1259 2067 1280 non
2091 1255 2200 1280 autem
2224 1255 2350 1290 poterat
2373 1251 2470 1281 simul
2493 1251 2601 1291 plura

1527 1293 1613 1323 viros
1637 1294 1763 1324 habere.
1780 1311 1803 1315 —
1826 1290 1889 1324 Sed
1912 1293 2092 1324 secundum
2123 1294 2217 1324 aliam
2248 1295 2439 1334 opinionem
2455 1295 2488 1331 *,
2519 1295 2602 1326 sicut

1527 1337 1643 1367 licebat
1667 1347 1704 1368 ex
1728 1337 1967 1377 dispensatione
1991 1337 2097 1368 divina
2113 1339 2181 1368 viro
2204 1348 2340 1369 uxorem
2364 1338 2543 1379 repudiare,
2558 1339 2603 1370 ita

1527 1382 1620 1411 uxori
1636 1381 1735 1412 alium
1751 1382 1856 1412 virum
1880 1381 2006 1412 ducere.
2032 1382 2118 1420 Quia
2138 1382 2388 1423 inseparabilitas
2404 1384 2601 1414 matrimonii

1527 1435 1565 1456 ex
1587 1436 1682 1456 causa
1706 1426 1831 1456 divinae
1848 1425 2093 1466 dispensationis
2109 1427 2295 1458 tollebatur:
2322 1436 2386 1467 qua
2409 1428 2602 1468 inseparabi-

1526 1470 1613 1500 litate
1636 1476 1787 1501 manente
1805 1471 1992 1510 intelligitur
2006 1472 2141 1502 verbum
2157 1472 2318 1512 Apostoli.

1581 1514 1624 1545 Ut
1648 1524 1724 1555 ergo
1748 1515 1788 1545 ad
1811 1520 1962 1555 utrasque
1984 1516 2123 1546 rationes
2146 1516 2407 1556 respondeamus,
2428 1515 2602 1547 dicendum

1525 1559 1569 1589 ad
1590 1559 1730 1599 primum
1755 1559 1844 1599 quod
1867 1560 1936 1589 viro
1960 1560 2075 1590 licebat
2097 1560 2205 1600 plures
2227 1570 2344 1591 uxores
2367 1561 2462 1591 simul
2485 1560 2602 1591 habere

1526 1603 1705 1634 secundum
1721 1603 1994 1644 dispensationem
2009 1604 2151 1635 divinam
2166 1606 2192 1635 *.
2213 1605 2255 1640 Et
2269 1604 2355 1642 ideo,
2371 1614 2438 1635 una
2461 1604 2599 1641 dimissa,

1527 1648 1623 1678 etiam
1646 1649 1854 1679 matrimonio
1877 1657 1945 1679 non
1968 1649 2087 1684 soluto,
2113 1653 2239 1690 poterat
2262 1650 2356 1680 aliam
2379 1649 2506 1680 ducere.
2536 1648 2602 1680 Sed

1525 1702 1694 1732 nunquam
1725 1693 1818 1723 uxori
1848 1693 1938 1723 licuit
1967 1693 2084 1723 habere
2114 1693 2222 1733 plures
2245 1694 2339 1724 viros.
2371 1694 2412 1724 Et
2434 1693 2509 1724 ideo
2531 1700 2601 1725 non

1527 1742 1574 1767 est
1596 1737 1709 1767 simile.

1582 1782 1633 1811 An
1657 1791 1820 1811 snconnou
1843 1791 2004 1812 memnon
2037 1782 2127 1822 quod
2155 1783 2189 1812 in
2217 1782 2274 1812 illo
2298 1783 2397 1813 verbo
2427 1781 2600 1822 Augustini

1526 1835 1596 1856 mos
1611 1835 1679 1856 non
1694 1826 1828 1866 ponitur
1850 1835 1910 1866 pro
1934 1826 2179 1863 consuetudine,
2195 1826 2251 1857 sed
2266 1835 2327 1867 pro
2342 1831 2417 1857 actu
2439 1827 2597 1857 honesto:

1526 1869 1706 1900 secundum
1729 1869 1819 1910 quod
1842 1880 1860 1900 a
1883 1879 1974 1900 more
1997 1871 2111 1911 aliquis
2135 1870 2250 1901 dicitur
2272 1871 2502 1912 morigeratus,
2522 1871 2598 1911 quia

1526 1919 1574 1945 est
1588 1914 1752 1945 bonorum
1767 1923 1913 1951 morum;
1933 1915 1984 1945 vel
2000 1915 2082 1946 sicut
2098 1925 2116 1946 a
2131 1924 2223 1946 more
2237 1915 2443 1956 philosophia
2463 1915 2599 1948 moratis

1525 1959 1712 1989 nominatur
1727 1960 1753 1989 *.

1580 2003 1632 2033 An
1648 2012 1783 2033 'murum
1800 2012 1958 2033 memnon
1979 2003 2069 2043 quod
2088 2003 2260 2039 Dominus,
2278 2003 2389 2034 Matth.
2408 2013 2438 2039 v,
2460 2003 2599 2034 ostendit

1525 2057 1644 2077 novam
1661 2047 1765 2087 legem
1785 2046 1946 2077 abundare
1961 2057 2018 2087 per
2034 2047 2166 2078 consilia
2183 2048 2223 2078 ad
2239 2052 2389 2084 veterem,
2406 2056 2475 2078 non
2490 2047 2597 2078 solum

1526 2097 1685 2132 quantum
1709 2091 1749 2122 ad
1772 2100 1809 2121 ea
1833 2101 1916 2131 quae
1940 2091 1991 2122 lex
2014 2097 2105 2123 vetus
2131 2092 2216 2123 licita
2246 2091 2398 2128 faciebat,
2422 2091 2478 2123 sed
2501 2092 2597 2123 etiam

1526 2141 1684 2176 quantum
1708 2135 1747 2166 ad
1775 2145 1811 2166 ea
1841 2145 1924 2175 quae
1953 2137 1988 2166 in
2015 2137 2114 2167 veteri
2144 2137 2214 2177 lege
2244 2136 2353 2167 illicita
2383 2142 2471 2167 erant
2500 2134 2557 2167 sed
2579 2145 2598 2167 a

1525 2181 1634 2211 multis
1666 2180 1751 2211 licita
1784 2181 1978 2220 putabantur
2010 2190 2067 2221 per
2098 2190 2167 2212 non
2198 2186 2318 2212 rectam
2350 2186 2597 2222 praeceptorum

1526 2225 1780 2265 expositionem:
1815 2225 1897 2255 sicut
1926 2230 2013 2265 patet
2041 2225 2082 2255 de
2110 2225 2186 2256 odio
2217 2226 2339 2256 inimici
2355 2226 2381 2255 “.
2417 2226 2458 2256 Et
2480 2226 2523 2256 ita
2549 2229 2597 2256 est

1526 2270 1622 2300 etiam
1646 2268 1686 2299 de
1709 2268 1854 2309 repudio.

1579 2314 1630 2344 An
1656 2323 1804 2344 anamma
1820 2314 1836 2330 ⁴*
1860 2323 2020 2343 memnon
2043 2313 2133 2354 quod
2156 2314 2291 2344 verbum
2319 2314 2452 2344 Domini
2479 2313 2595 2345 intelli-

1524 2359 1608 2398 gitur
1632 2363 1789 2398 quantum
1813 2357 1852 2388 ad
1875 2363 2004 2398 tempus
2030 2367 2134 2388 novae
2157 2358 2245 2398 legis,
2269 2359 2302 2389 in
2327 2367 2394 2398 quo
2418 2358 2502 2388 dicta
2524 2365 2595 2398 per-

1524 2403 1633 2432 missio
1659 2408 1705 2433 est
1728 2402 1860 2432 sublata.

1580 2447 1621 2477 Et
1643 2448 1688 2477 sic
1705 2447 1800 2476 etiam
1821 2446 2006 2486 intelligitur
2022 2446 2187 2486 quoddam
2202 2447 2336 2477 verbum
2360 2446 2594 2487 chrysostomi,

1524 2492 1581 2531 qui
1605 2490 1681 2521 dicit
1702 2492 1719 2507 *
1743 2490 1832 2530 quod
1862 2491 1918 2531 qui
1948 2491 2123 2522 secundum
2148 2491 2251 2532 legem
2278 2491 2410 2521 dimittit
2439 2499 2594 2527 uxorem,

1523 2540 1666 2576 quatuor
1679 2535 1770 2577 facit
1793 2535 1998 2576 iniquitates:
2020 2536 2098 2576 quia
2109 2535 2218 2576 quoad
2240 2535 2346 2566 Deum
2369 2535 2480 2565 existit
2493 2535 2595 2565 homi-

1524 2579 1606 2616 cida,
1628 2580 1821 2619 inquantum
1844 2580 1940 2610 habet
1962 2580 2167 2620 propositum
2183 2579 2353 2610 occidendi
2376 2588 2511 2610 uxorem
2533 2580 2595 2610 nisi

1524 2634 1595 2655 eam
1612 2623 1783 2654 dimitteret
1799 2625 1832 2660 *3
1857 2629 1889 2654 et
1902 2624 1979 2664 quia
2003 2623 2134 2654 dimittit
2149 2633 2214 2654 non
2222 2623 2459 2666 fornicantem,
2476 2624 2509 2654 in
2526 2632 2594 2664 quo

1524 2669 1595 2699 solo
1613 2678 1688 2699 casu
1704 2668 1754 2698 lex
1771 2668 1935 2708 Evangelii
1951 2677 2087 2699 uxorem
2103 2668 2261 2699 dimittere
2277 2669 2446 2708 permittit;
2465 2673 2496 2699 et
2506 2668 2594 2699 simi-

1524 2713 1599 2743 liter
1613 2713 1689 2754 quia
1704 2713 1795 2754 facit
1810 2722 1880 2743 eam
1904 2712 2106 2750 adulteram;
2129 2717 2161 2743 et
2176 2713 2266 2743 illum
2291 2713 2344 2743 cui
2366 2713 2548 2753 copulatur.

1578 2758 1628 2788 An
1654 2767 1794 2787 eorm-om
1809 2758 1826 2774 ⁴*
1849 2767 2009 2788 memnon
2033 2757 2123 2797 quod
2140 2757 2298 2798 quaedam
2321 2757 2531 2788 interlinearis
2546 2756 2593 2787 di·
2621 2755 2632 2766 '

1523 2803 1579 2832 cit:
1608 2815 1622 2828 «ι
1637 2802 1768 2832 Polluta
1792 2806 1840 2832 est
1861 2807 1892 2832 et
1914 2801 2139 2832 abominabilis
2158 2815 2171 2828 »
2185 2809 2196 2831 .·
2218 2802 2340 2832 scilicet
2362 2801 2450 2832 illius
2474 2800 2593 2832 iudicio

1523 2847 1578 2887 qui
1601 2847 1694 2887 quasi
1711 2846 1874 2887 pollutam
1894 2855 1965 2876 eam
1975 2846 2073 2886 prius
2096 2846 2224 2876 dimisit.
2249 2846 2290 2877 Et
2314 2846 2358 2876 sic
2374 2855 2441 2876 non
2465 2849 2594 2886 oportet

1524 2890 1613 2932 quod
1637 2891 1676 2921 sit
1699 2890 1823 2930 polluta
1846 2890 2040 2930 simpliciter.

1578 2935 1637 2966 Vel
1661 2934 1776 2965 dicitur
1799 2935 1923 2975 polluta
1947 2944 1987 2965 eo
2011 2934 2111 2966 modo
2136 2944 2203 2975 quo
2224 2934 2407 2965 immundus
2430 2933 2592 2964 dicebatur

1523 2980 1579 3020 qui
1603 2985 1768 3010 mortuum
1792 2979 1941 3019 tangebat
1955 2980 1972 3010 *ἴ
1995 2979 2046 3009 vel
2065 2979 2229 3019 leprosum
2245 2979 2290 3015 *¹2
2306 2987 2374 3009 non
2389 2977 2592 3008 immunditia

1523 3024 1647 3064 culpae,
1665 3023 1720 3054 sed
1737 3023 1903 3054 cuiusdam
1926 3023 2160 3064 irregularitatis
2177 3023 2294 3063 legalis.
2319 3021 2412 3054 Unde
2437 3028 2468 3053 et
2490 3030 2592 3053 sacer-

1523 3068 1591 3099 doti
1606 3077 1674 3099 non
1690 3068 1805 3099 licebat
1816 3067 1947 3098 viduam
1958 3073 2014 3098 aut
2029 3067 2227 3108 repudiatam
2240 3066 2357 3098 ducere
2372 3067 2406 3097 in
2417 3075 2552 3097 uxorem
2563 3067 2590 3097 *.

1611 3138 1710 3169 ART.
1732 3139 1771 3169 V.
1795 3148 1900 3168 UTRou
1923 3148 2033 3169 roam‘r
2057 3147 2182 3168 uer-rma
2204 3147 2278 3168 vmo
2306 3147 2503 3168 REPUDIATAM

1933 3193 1953 3213 Α
1977 3193 2010 3213 su
2034 3192 2183 3212 Accn‘m

1870 3237 1879 3258 1
1894 3237 1928 3258 ad
1942 3236 2006 3265 Cor.‚
2021 3242 2072 3265 cap.
2087 3242 2129 3264 vn,
2142 3237 2194 3259 lect.
2210 3241 2245 3258 ιιι.

1587 3298 1607 3318 n
1633 3298 1773 3319 comi-ou
1795 3298 1841 3319 s1e
1864 3297 2068 3319 paoennrron.
2096 3286 2230 3318 Videtur
2258 3286 2348 3328 quod
2378 3287 2492 3318 licebat
2521 3288 2590 3318 viro

1523 3299 1785 3373 Arepudiatam
1809 3342 1827 3363 a
1850 3342 1883 3363 se
1906 3333 2059 3372 accipere.
2093 3331 2184 3362 Licet
2207 3331 2294 3361 enim
2321 3332 2478 3371 corrigere
2501 3331 2591 3372 quod

1521 3377 1605 3408 male
1628 3377 1748 3408 factum
1773 3381 1828 3407 est.
1854 3376 1916 3407 Sed
1939 3375 2022 3406 male
2046 3375 2166 3406 factum
2190 3380 2255 3406 erat
2278 3375 2368 3416 quod
2386 3377 2433 3406 vir
2456 3385 2590 3407 uxorem

405 3419 469 3463 erat
484 3415 632 3454 iniquitas
648 3416 706 3445 viri
724 3416 918 3456 repudiantis
943 3427 1040 3457 quam
1064 3420 1171 3449 uxoris
1194 3420 1387 3460 repudiatae.
1405 3421 1467 3452 Sed
1520 3421 1716 3462 repudiabat.
1752 3421 1838 3461 Ergo
1872 3420 1987 3450 licebat
2009 3420 2072 3450 hoc
2105 3420 2263 3460 corrigere
2293 3419 2477 3451 reducendo
2510 3429 2590 3451 uxo-

404 3467 451 3487 vu
473 3463 597 3497 poterat
613 3459 680 3488 sine
695 3465 828 3498 peccato
852 3461 946 3490 aliam
969 3461 1086 3492 ducere
1108 3472 1252 3494 uxorem.
1276 3464 1362 3504 Ergo
1386 3475 1467 3496 uxor
1520 3475 1588 3496 rem
1612 3465 1652 3496 ad
1674 3475 1718 3496 se.

404 3501 472 3531 sine
495 3507 627 3541 peccato
652 3502 750 3532 aliurn
772 3504 877 3534 virum
900 3504 1016 3535 ducere
1039 3511 1173 3546 poterat.

1577 3519 1606 3540 2.
1624 3510 1819 3545 Palmum,
1837 3516 1962 3549 semper
1978 3508 2067 3539 licuit
2090 3509 2236 3548 peccanti
2251 3507 2432 3548 indulgere:
2459 3517 2534 3539 cum
2550 3510 2590 3539 sit

2632 372 2642 382 '¹
2657 370 2722 393 Vero.
2738 377 2759 394 2.

2631 506 2642 517 ·
2654 505 2725 528 vm.
2737 511 2767 528 20
2791 512 2843 535 sqq.

2631 677 2641 686 '
2655 675 2723 703 1bid.,
2734 682 2794 699 vere.
2809 682 2842 705 32.

2630 723 2641 733 ‘
2654 721 2728 748 1bid.;
2751 725 2773 743 et
2791 728 2843 750 cap.

2630 754 2678 775 nx,
2694 754 2754 771 vers.
2771 755 2791 777 9.

2629 898 2639 908 ·
2653 896 2722 919 Vera.
2737 904 2759 924 4.

2629 1123 2638 1132 ·
2649 1121 2684 1143 ct.
2702 1125 2744 1143 art.
2765 1127 2840 1149 praec.
2877 1140 2878 1143 ,

2628 1170 2638 1180 ·
2663 1167 2699 1191 Cf.
2728 1169 2825 1191 fldem.
2835 1186 2841 1197 ‚

2628 1195 2675 1243 leg.
2681 1195 2721 1218 eit.
2726 1199 2769 1218 nrt.
2774 1202 2841 1224 pne-

2629 1227 2722 1275 {evei-e.
2741 1258 2762 1275 ι.
2777 1264 2789 1270 -
2803 1253 2841 1276 Cf.

2627 1278 2638 1300 1
2655 1278 2690 1301 ad
2703 1278 2774 1307 Con,
2788 1285 2840 1307 cap.

2628 1311 2841 1355 3¹k.vffi⁸1321³·t⁹.'1v

2627 1357 2840 1387 Sent.,di·t.xmn‚

2628 1387 2671 1407 m.
2686 1390 2720 1413 η.

2629 1609 2640 1621 ·
2651 1609 2697 1637 Qu.
2706 1614 2809 1638 unm.
2818 1617 2839 1632 2.

2626 1964 2635 1974 ’
2647 1962 2683 1984 Cf.
2695 1962 2795 1985 Ari-tot.
2805 1962 2838 1984 Ε-

2627 1989 2768 2016 nuic.,1ib.n
2786 1995 2814 2011 ca
2832 2005 2836 2011 .

2627 2021 2644 2042 1,
2658 2021 2682 2038 n.
2698 2023 2716 2039 ι.
2733 2026 2743 2032 -
2758 2005 2783 2039 S’.
2793 2015 2814 2038 T
2833 2032 2838 2038 .

2625 2042 2678 2066 leet.
2693 2049 2709 2067 Ιι

2625 2229 2635 2239 ·
2649 2227 2716 2250 Ven.
2727 2234 2756 2256 43
2771 2234 2822 2256 sqq.

2623 2318 2632 2328 “
2647 2317 2704 2344 Arg.
2718 2316 2768 2339 Sed
2780 2322 2836 2338 con-

2623 2345 2663 2365 tra
2679 2350 2697 2366 ι.

2622 2491 2835 2550 statim&

2622 2545 2666 2567 xn
2687 2547 2757 2571 (mter
2771 2546 2834 2574 Opp.

2622 2571 2721 2600 Chrys.)-

2622 2625 2633 2636 ·
2647 2624 2684 2646 Cf.
2699 2629 2743 2648 nrt.
2758 2625 2781 2647 ⁶.

2620 2909 2629 2918 ·
2640 2906 2708 2930 Num.
2723 2913 2774 2936 cap.
2784 2913 2833 2936 nx,

2620 2939 2832 2988 affixam...

2619 2993 2659 3014 ²²3
2684 2987 2757 3011 Levit-
2782 2993 2832 3016 unp.

2619 3013 2832 3069 famen,

2619 3072 2678 3090 ven.
2695 3073 2731 3094 ¹⁴·

2617 3528 2628 3539 ·
2633 3526 2670 3549 Cf.
2675 3526 2720 3549 1⁸¹²
2726 3526 2781 3555 11¹⁶,
2787 3533 2827 3556 qn.

462 3554 490 3574 2.
515 3545 716 3582 Pani-nnn,
740 3547 938 3586 Augustinus
966 3548 1041 3580 dicit
1061 3551 1077 3566 ⁴*
1101 3549 1140 3580 de
1164 3550 1286 3581 duabus
1314 3553 1466 3583 uxoribus
1480 3565 1504 3586 75
1520 3554 1641 3584 morale
1664 3558 1882 3594 praeceptum,
1900 3551 1989 3593 quod
2011 3553 2045 3583 in
2069 3553 2158 3583 omni
2181 3553 2252 3593 lege
2276 3557 2386 3583 manet
2400 3553 2427 3583 ⁴*.
2457 3552 2520 3584 Sed
2542 3554 2590 3583 vir
2616 3559 2682 3581 κω,
2697 3557 2739 3576 “¹-
2754 3560 2774 3583 3·
