2918 4088
220 1763 230 1773 ·
246 1761 279 1783 ef.
296 1766 359 1782 num.
377 1766 406 1781 w.

219 1807 231 1817 ”
244 1806 294 1827 Art.
309 1810 330 1832 7,
352 1804 396 1831 qu⁸
412 1810 430 1825 ι.

220 1891 230 1900 ·
244 1888 277 1910 1v
291 1888 362 1914 Sent.,
377 1887 429 1909 dist.

219 1917 430 1963 &ethaam-‘tt

220 1968 286 2015 adRB,
301 1970 343 2014 eta
356 1967 384 2015 113
397 1973 417 1995 3.

221 2022 231 2032 '
245 2000 313 2047 Κὲξιξῖ
329 2020 357 2041 ad
371 2009 393 2041 εἴ
407 2000 430 2019 4¹

220 2061 231 2071 “’
238 2059 294 2080 Loc.
303 2058 351 2085 cit„
360 2058 403 2086 qu*
411 2063 431 2085 2,

220 2085 283 2133 391³?
293 2111 364 2137 Sent„
378 2110 430 2132 dist.

220 2144 267 2186 {iub
280 2144 318 2186 qp.
340 2143 363 2159 vi
373 2154 379 2164 ,
403 2137 432 2158 ad

226 2507 236 2517 ‘
250 2505 282 2527 IV
296 2505 369 2531 sent„
382 2504 435 2526 dist.

225 2538 257 2559 xi,
268 2538 305 2560 qu.
318 2538 348 2558 iv,
363 2535 405 2553 art.
415 2537 435 2552 2.

228 2858 238 2867 ·
246 2857 300 2878 Loc.
310 2856 356 2883 cit.⁷
365 2856 409 2884 qu*
419 2863 437 2883 ι,

227 2883 256 2904 ad
273 2890 290 2905 ι.

229 2989 239 2999 ·
263 2987 297 3009 cf.
322 2993 368 3015 arg.
391 2986 440 3008 Sed

230 3016 290 3035 cont.

230 3075 240 3085 ·
255 3073 311 3096 Loc.
326 3072 364 3095 cit.

235 3488 244 3497 ·
253 3486 300 3514 Qu.
308 3491 393 3514 Lxxxn,
401 3490 443 3508 art.

234 3518 254 3534 2.

459 210 528 257 148

451 297 574 340 potest
593 299 674 325 esse
695 285 852 323 materia
872 284 987 322 huius
1007 282 1244 321 sacramenti.
1266 303 1300 339 -·
1320 278 1438 326 Quod
1457 285 1509 314 ta-

453 355 543 379 men
563 353 643 378 non
662 339 813 377 videtur
831 338 971 375 habere
997 339 1126 374 locum
1146 346 1271 383 neque
1292 344 1330 369 1n
1350 330 1508 388 hordeo,

452 407 579 444 neque
607 394 646 430 in
675 394 803 442 spelta,
824 403 950 440 neque
970 390 1083 426 etiam
1103 388 1142 424 in
1160 388 1269 445 farre,
1291 384 1396 433 quod
1416 389 1512 418 inter

454 447 585 485 omnia
606 454 661 483 est
679 457 798 494 grano
817 443 925 480 tritici
945 442 1114 479 similius
1146 437 1361 496 Similitudo
1382 442 1511 471 autem

453 501 598 548 figurae
627 499 665 536 in
692 498 829 535 talibus
858 496 977 544 magis
1005 494 1156 530 videtur
1184 489 1394 548 sigmricare
1422 497 1511 535 pro-

453 553 704 603 pinquitatem
724 549 735 571 θ
765 561 883 599 quam
912 547 1143 584 identitatem
1163 542 1320 592 speciei:
1351 546 1446 598 Sicut
1465 550 1512 574 ex

455 605 698 643 similitudine
735 603 879 650 figurae
918 599 1178 636 manifestatur
1210 593 1316 643 quod
1345 603 1448 650 canis
1477 597 1513 627 et

455 660 569 708 lupus
597 664 685 694 sunt
711 654 950 704 propinquae
971 649 1119 700 speciei,
1150 659 1230 684 non
1256 654 1383 683 autem
1414 656 1512 681 eius-

454 712 556 748 dem.
577 710 687 747 Unde
707 720 753 744 ex
771 706 907 743 talibus
926 702 1135 748 frumentis,
1152 712 1251 750 quae
1271 699 1376 735 nullo
1391 697 1512 734 modo

454 771 616 813 possunt
648 774 694 798 ex
723 759 866 796 semine
894 756 1026 805 grani‘
1055 752 1244 812 generari,
1281 763 1361 811 non
1389 756 1515 799 potest

456 815 593 853 confici
621 813 730 864 panis
758 811 824 861 qui
853 810 898 847 sit
925 808 1051 845 debita
1070 814 1228 843 materia
1256 805 1372 842 huius
1392 814 1514 840 sacra-

457 868 586 908 menti.

508 923 565 958 AD
597 930 753 956 TERTIUM
786 927 965 953 mcaNDUM
995 912 1102 961 quod
1130 910 1284 948 modica
1311 907 1533 959 permixtio'

456 986 536 1012 non
564 972 674 1009 solvit
701 969 885 1018 speciem:
916 966 1007 1015 quia
1034 965 1073 1002 id
1100 965 1208 1014 quod
1228 972 1283 1001 est
1301 962 1515 1022 modicum,

456 1024 748 1076 quodammodo
784 1020 998 1058 absumitur
1020 1025 1036 1039 κ
1064 1031 1086 1055 a
1114 1017 1294 1067 plurimo.
1338 1017 1386 1053 Et
1414 1015 1515 1061 1deo,

456 1080 486 1116 si
506 1078 550 1115 sit
578 1076 729 1113 modica
748 1072 929 1111 admixtio
954 1071 1106 1109 alterius
1124 1069 1305 1107 frumenti
1324 1069 1372 1106 ad
1392 1069 1515 1105 multo

454 1131 641 1168 maiorem
669 1127 917 1177 quantitatem
944 1123 1063 1171 tritici,
1093 1123 1231 1173 poterit
1259 1122 1396 1159 exinde
1415 1132 1515 1180 ‘cont

453 1183 517 1220 fici
543 1181 652 1231 panis
687 1179 754 1229 qui
782 1187 836 1215 est
864 1177 1022 1215 materia
1054 1176 1170 1214 huius
1198 1181 1436 1213 sacramenn.
1476 1174 1516 1210 S1

505 1294 530 1329 θ)
545 1293 783 1327 propinquitatem.
795 1306 814 1311 -
826 1291 926 1322 Tertia3
941 1291 1123 1323 proprietates
1136 1290 1165 1319 F.
1179 1290 1375 1322 proprietatem
1395 1289 1480 1313 ceteri.

507 1331 526 1365 ι)
545 1330 634 1364 grani.
648 1345 667 1348 —
684 1329 766 1362 gram'
784 1328 867 1353 tritici
886 1328 913 1357 F,
933 1327 1018 1352 tritici
1037 1327 1071 1357 P;
1090 1326 1165 1351 Alias
1183 1326 1266 1359 grani
1284 1333 1375 1357 margo
1391 1325 1419 1349 P.
1439 1323 1476 1349 Cf.
1490 1331 1515 1354 η.

1104 203 1366 252 QUAESTIO
1396 199 1570 245 LXXIV,
1600 195 1892 234 ARTICULUS
1920 195 1965 231 III

1564 287 1657 312 vero
1691 274 1737 310 sit
1769 285 1907 321 magna
1941 272 2165 322 permixtio,
2199 280 2292 322 puta
2329 286 2376 311 ex
2408 286 2534 324 aequo
2566 276 2629 313 vel

1565 326 1686 376 quasi,
1706 325 1788 363 talis
1803 325 2026 362 commixtio
2047 325 2216 374 speciem
2235 333 2367 364 mutat.
2389 327 2501 365 Unde
2519 328 2629 377 panis

1564 380 1652 416 inde
1681 379 1875 416 confectus
1903 389 1984 415 non
2009 378 2078 415 erit
2105 378 2263 415 materia
2282 379 2408 417 debita
2435 380 2551 418 huius
2571 393 2628 418 sa-

1566 431 1762 469 eramenti.

1617 486 1676 521 An
1697 495 1868 527 QUARTUM
1889 495 2070 521 morannum
2090 483 2197 532 quod
2217 483 2424 533 aliquando
2453 493 2509 522 est
2526 493 2630 524 tanta

1564 537 1758 586 corruptio
1778 536 1888 586 panis
1907 536 2015 586 quod
2035 536 2194 573 solvitur
2213 537 2358 586 species
2376 537 2502 587 panis:
2533 538 2631 576 sicut

1565 602 1656 627 cum
1684 588 1913 627 continuitas
1942 589 2112 635 solvitur,
2134 597 2169 626 et
2189 601 2304 638 sapor
2322 597 2358 627 et
2377 591 2484 628 color
2502 599 2539 628 et
2557 591 2630 629 alia

1566 643 1775 680 accidentia
1803 650 2011 680 mutantur.
2055 642 2167 680 Unde
2196 654 2242 679 ex
2269 642 2332 680 tali
2360 643 2519 681 materia
2550 656 2631 682 non

1567 703 1691 745 potest
1718 695 1858 733 confici
1886 707 2027 744 corpus
2056 695 2216 732 Christi.¹
2236 717 2262 722 —
2289 695 2509 745 Aliquando
2537 708 2631 734 vero

1568 761 1647 786 non
1668 756 1723 785 est
1750 756 1853 786 tanta
1872 748 2067 798 corruptio
2087 760 2187 798 quae
2216 747 2386 797 speciem
2410 750 2543 795 solvat,
2564 750 2632 787 sed

1569 809 1624 839 est
1651 802 1780 852 aliqua
1803 801 2000 851 dispositio
2029 801 2078 838 ad
2101 801 2407 851 corruptionem:
2438 802 2544 851 quod
2567 802 2632 840 de-

1569 856 1684 893 clarat
1711 854 1883 904 aliqualis
1903 853 2119 892 immutatio
2139 853 2297 903 saporis.
2318 855 2367 892 Et
2385 867 2432 892 ex
2450 854 2513 892 tali
2531 867 2632 904 pane

1569 915 1693 958 potest
1721 907 1860 945 confici
1888 920 2029 957 corpus
2063 907 2222 944 Christi:
2261 907 2327 944 sed
2355 916 2488 957 peccat
2515 908 2632 946 confi-

1570 961 1685 1007 ciens,
1707 968 1865 1010 propter
1891 960 2178 998 irreverentiam
2206 961 2443 998 sacramenti.

1623 1014 1672 1051 Et
1690 1013 1781 1063 quia
1805 1013 1980 1050 amidum
2006 1021 2062 1050 est
2080 1012 2094 1035 λ
2122 1026 2168 1050 ex
2189 1013 2311 1050 tritico
2337 1021 2531 1063 corrupto,
2551 1026 2632 1051 non

1570 1066 1723 1103 videtur
1750 1067 1858 1116 quod
1885 1066 1995 1116 panis
2023 1079 2070 1103 ex
2097 1079 2144 1103 eo
2174 1066 2368 1104 confectus
2402 1067 2522 1116 possit
2548 1067 2632 1104 fieri

1571 1131 1712 1168 corpus
1733 1119 1887 1157 Christi:
1913 1119 2092 1168 quamvis
2111 1119 2271 1168 quidam
2290 1119 2526 1157 contrarium
2539 1119 2559 1142 *³
2578 1120 2633 1157 di-

1571 1180 1668 1209 cant.

1625 1284 1650 1319 κ)
1669 1285 1828 1310 absumitur.
1855 1299 1875 1304 -
1901 1285 1921 1310 F
1929 1293 1936 1315 ς
1955 1285 2091 1310 asumitur
2112 1286 2148 1316 D,
2167 1285 2314 1311 assumitur
2337 1286 2454 1311 scribunt
2481 1288 2567 1312 ceteri.
2595 1288 2635 1314 Cf.

1571 1328 1616 1354 qq.
1635 1328 1690 1345 viu.
1709 1325 1756 1345 art.
1776 1328 1799 1353 7.
1819 1319 1841 1351 δ,
1860 1328 1926 1345 Lxrx.
1945 1325 1992 1345 art.
2012 1320 2035 1345 3.
2056 1319 2079 1352 β.

1623 1355 1651 1390 λ)
1670 1359 1719 1381 est.
1736 1369 1755 1375 —
1773 1356 1814 1380 Da
1833 1360 1859 1380 et
1877 1355 1951 1380 tertia
1970 1360 2071 1387 praeter
2089 1356 2114 1386 1;
2125 1356 2164 1389 fit
2181 1356 2232 1386 EF,
2250 1364 2304 1381 orn.
2323 1356 2409 1382 ABCI.

1127 1441 1461 1475 commentat-ia
1483 1443 1736 1476 Cardinalis
1758 1443 1959 1476 Caietam

515 1544 620 1564 nurus
643 1539 679 1563 ut
695 1537 795 1563 sonat.
820 1549 841 1554 —
865 1531 900 1561 In
916 1531 979 1561 hoc
995 1530 1128 1561 articulo
1151 1539 1267 1570 magna
1291 1535 1338 1560 est
1360 1531 1516 1570 quaestio,

457 1547 546 1608 Tet
562 1578 633 1608 satis
650 1577 793 1611 obscura,
811 1575 850 1606 de
866 1575 995 1605 materia
1018 1575 1233 1605 Euchan'stiae
1259 1574 1366 1615 quoad
1388 1584 1516 1615 panem.

455 1623 560 1653 Habet
584 1622 669 1652 enim
692 1620 806 1650 multas
830 1618 1045 1655 difficultates,
1070 1624 1101 1649 et
1123 1619 1222 1649 varias
1246 1619 1426 1659 opiniones.
1461 1619 1518 1649 Est

456 1666 614 1707 siquidem
637 1665 803 1696 difficultas
826 1664 938 1704 prima,
955 1673 1052 1703 quam
1074 1668 1185 1693 tractat
1203 1663 1326 1693 Auctor
1348 1664 1382 1693 in
1405 1663 1516 1700 littera,

457 1716 586 1751 propter
609 1709 820 1740 diversitatem
843 1707 1087 1738 frumentorum.
1111 1725 1135 1730 —
1156 1707 1213 1738 Est
1229 1713 1260 1738 et
1275 1707 1336 1738 alia
1351 1707 1517 1738 difficultas

458 1754 673 1794 comparando
696 1762 814 1794 panem
836 1751 876 1782 ad
898 1758 1020 1792 pastam
1036 1753 1062 1782 ὓ.

512 1799 553 1829 Et
575 1798 723 1829 Albertus
751 1796 882 1838 quidem
906 1796 1059 1836 Magnus,
1088 1796 1122 1826 in
1145 1796 1188 1826 IV
1211 1796 1316 1832 Sent.,
1341 1795 1410 1827 dist.
1430 1806 1474 1827 xn
1489 1797 1517 1832 ³²,

457 1848 544 1874 tenet
566 1851 682 1883 panem
706 1851 743 1872 ex
767 1841 866 1881 spelta
890 1850 957 1870 esse
979 1840 1143 1871 materiam
1162 1839 1394 1870 Eucharistiae:
1419 1850 1518 1880 quem

458 1887 601 1927 sequitur
622 1886 732 1916 Petrus
756 1885 795 1916 de
819 1884 938 1915 Palude
953 1885 980 1914 ὗ.
1005 1884 1155 1915 Similiter
1177 1890 1265 1915 tenet
1283 1894 1322 1915 ex
1338 1884 1445 1915 amido
1461 1894 1518 1926 pa-

458 1940 534 1962 nem
556 1930 739 1961 confectum
761 1939 856 1969 posse
876 1930 1052 1959 consecrari
1067 1930 1093 1958 ἢ
1117 1929 1241 1959 Auctor
1255 1938 1332 1959 vero
1347 1934 1412 1959 tam
1437 1929 1519 1959 circa

459 1975 600 2006 amidum
631 1984 728 2014 quam
752 1974 835 2004 circa
857 1973 991 2013 speltam
1014 1974 1164 2013 opinatur
1186 1973 1381 2004 contrarium
1395 1974 1431 2003 ἐ
1463 1973 1519 2003 sed

459 2020 592 2061 apponit
614 2019 794 2059 siligineum
818 2027 935 2058 panem
950 2018 977 2054 *‚
1002 2027 1100 2058 quem
1122 2017 1271 2048 Albertus
1293 2027 1409 2057 negare
1431 2017 1519 2048 vide-

458 2070 509 2094 tur
524 2065 550 2094 ἢ
575 2063 623 2094 De
639 2068 727 2103 pasta
744 2071 876 2103 quoque
893 2061 1006 2092 Scotus
1022 2062 1056 2078 ἣ
1080 2067 1167 2092 tenet
1181 2067 1306 2102 partem
1319 2062 1517 2102 negativam:

458 2107 610 2148 ponendo
641 2112 748 2137 tamen
770 2111 892 2146 pastam
924 2115 990 2136 esse
1015 2105 1158 2136 eiusdem
1181 2105 1300 2146 speciei
1327 2115 1402 2137 cum
1424 2116 1518 2147 pane,

459 2151 546 2190 Quid
569 2157 675 2182 autem
698 2151 779 2181 inter
793 2155 842 2180 tot
857 2150 941 2180 varia
956 2149 1132 2180 tenendum
1147 2150 1195 2186 sit,
1213 2150 1252 2181 ad
1268 2151 1405 2181 rationes
1422 2159 1519 2191 opor-

458 2201 504 2227 tet
526 2195 692 2226 deducere.

514 2240 550 2270 ΙΙ.
575 2240 650 2270 Tria
665 2244 739 2270 sunt
754 2238 962 2269 fundamenta
977 2248 1015 2269 ex
1031 2239 1148 2279 quibus
1164 2238 1356 2278 proceditur.
1376 2239 1520 2269 Primum

460 2289 507 2314 est
528 2284 632 2314 unitas
655 2282 803 2323 specifica
825 2283 984 2313 materiae.
1010 2282 1159 2314 Creditur
1177 2283 1265 2313 enim
1289 2282 1432 2314 eiusdem
1448 2292 1520 2323 spe-

461 2328 520 2358 ciei
543 2327 658 2358 debere
682 2336 749 2357 esse
771 2327 935 2358 materiam
958 2327 992 2357 in
1014 2328 1078 2357 hoc
1102 2332 1316 2357 sacramento:
1340 2327 1422 2357 sicut
1440 2332 1472 2358 et
1486 2327 1520 2356 in

462 2371 572 2402 ceteris
595 2371 763 2401 invenitur.
788 2370 828 2400 Et
850 2371 925 2400 hinc
948 2370 1082 2401 infertur
1105 2370 1194 2411 quod
1218 2381 1256 2401 ex
1274 2371 1349 2401 solis
1372 2371 1432 2401 illis
1455 2370 1522 2401 fru-

461 2415 576 2445 mentis
600 2424 682 2454 quae
704 2419 779 2444 sunt
797 2413 940 2444 eiusdem
955 2415 1073 2454 speciei
1089 2424 1164 2445 cum
1178 2415 1294 2451 tritico,
1319 2419 1425 2454 potest
1444 2424 1521 2445 con-

461 2459 516 2490 fici
537 2460 627 2499 panis
649 2468 708 2498 pro
731 2458 795 2488 hoc
818 2464 1025 2488 sacramento.
1049 2459 1091 2488 Et
1113 2468 1170 2498 per
1187 2459 1270 2489 hanc
1285 2459 1370 2488 viam
1393 2468 1522 2499 proces-

462 2504 538 2534 sisse
560 2502 707 2533 videntur
733 2502 855 2532 Auctor
881 2503 916 2532 in
942 2503 1060 2538 littera,
1090 2502 1221 2538 Scotus‚
1245 2502 1416 2533 Durandus
1435 2504 1467 2538 ⁴⁸,
1492 2508 1523 2533 et

462 2547 573 2578 Petrus
596 2546 636 2576 de
659 2545 787 2576 Palude.
818 2546 988 2586 Habetque
1010 2547 1062 2576 via
1082 2547 1162 2577 haec
1185 2546 1403 2577 difficultatem
1425 2556 1523 2577 anne-

463 2600 536 2621 xam
559 2600 597 2620 ex
619 2590 672 2620 illa
694 2591 932 2631 propositione,
966 2590 1108 2622 Generat
1135 2590 1195 2621 sibi
1217 2591 1321 2621 simile
1349 2591 1523 2622 secundum

463 2634 620 2675 speciem:
649 2635 804 2674 quoniam
833 2635 892 2664 hac
916 2635 1015 2664 utitur
1042 2634 1082 2665 ad
1106 2633 1351 2665 discernendum
1379 2634 1525 2666 distincta

464 2679 570 2719 specie
594 2688 612 2708 a
633 2678 749 2708 tritico.

519 2722 617 2752 Aliud
639 2722 884 2752 fundamentum
914 2727 960 2752 est
987 2723 1180 2752 contrarium
1203 2723 1295 2759 huic,
1320 2732 1378 2763 pro
1403 2729 1524 2763 quanto

463 2767 557 2807 ponit
579 2766 722 2797 sufficere
738 2776 838 2806 genus
854 2767 1038 2806 proximum
1054 2766 1094 2797 ad
1109 2767 1264 2797 triticum:
1284 2768 1327 2798 ita
1343 2767 1433 2807 quod
1443 2768 1524 2810 sru-

465 2815 621 2847 mentum,
647 2810 736 2850 quod
759 2816 805 2841 est
827 2820 938 2850 genus,
963 2810 1078 2841 sufficit
1096 2810 1135 2840 ad
1151 2810 1390 2842 conficiendum
1407 2821 1525 2852 panem

463 2864 523 2895 pro
547 2858 754 2885 sacramento.
779 2854 820 2885 Et
842 2855 901 2884 hac
924 2855 974 2885 via
997 2855 1152 2895 processit
1174 2855 1323 2886 Albenus
1339 2856 1372 2886 *:
1400 2865 1526 2896 ponens

463 2903 571 2929 tamen
594 2898 700 2928 solum
730 2897 808 2929 duas
832 2898 982 2928 frumenti
1009 2899 1149 2939 species,
1180 2899 1299 2929 scilicet
1326 2899 1465 2930 triticum
1496 2906 1527 2930 et

465 2943 608 2982 speltam.
630 2942 800 2983 Habetque
819 2941 1065 2973 fundamentum
1081 2941 1213 2983 aliquod
1227 2943 1261 2973 in
1277 2944 1442 2984 Evangelii
1457 2953 1526 2975 ver-

465 2987 512 3017 bis
536 2987 652 3026 quibus
675 2987 835 3017 Dominus
859 2996 892 3017 se
916 2992 1079 3027 comparat
1101 2996 1210 3028 grano
1224 2987 1390 3029 frumenti
1405 2988 1431 3018 ⁸³.

520 3031 666 3061 Tertium
681 3030 812 3062 demum
828 3030 1084 3067 fundamentum,
1098 3031 1188 3071 quod
1201 3033 1311 3072 magni
1325 3031 1400 3063 facit
1415 3032 1526 3063 Petrus

466 3074 506 3105 de
528 3074 647 3105 Palude
662 3076 695 3111 ⁴⁶,
720 3080 766 3105 est
789 3075 958 3106 auctoritas
986 3075 1185 3115 quarundam
1215 3076 1420 3107 ecclesiarum
1443 3086 1526 3116 quae

467 3124 653 3148 consecrant
675 3128 791 3159 panem
811 3118 995 3150 confectum
1010 3129 1048 3150 ex
1063 3120 1172 3160 spelta.
1198 3120 1298 3158 Quod
1314 3121 1409 3151 etiam
1427 3121 1528 3161 tangit

467 3163 589 3192 Auctor
610 3162 644 3192 in
666 3163 776 3198 littera,
801 3162 888 3199 dum,
912 3163 945 3193 in
969 3163 1111 3194 secundo
1128 3170 1326 3204 argumento,
1345 3163 1525 3195 obiiciendo

468 3205 556 3235 affert
579 3206 667 3245 quod
690 3206 728 3236 de
750 3207 850 3246 spelta
874 3207 906 3237 in
930 3207 1117 3247 quibusdam
1141 3208 1221 3239 locis
1238 3209 1337 3249 panis
1357 3209 1527 3250 conficitur

468 3249 511 3279 ad
534 3259 626 3280 usum
648 3250 743 3280 huius
764 3251 967 3281 sacramenti.

524 3293 574 3323 111.
598 3292 649 3323 Ad
665 3303 747 3333 quae
763 3294 894 3334 quidem
910 3294 1116 3326 fundamenta
1131 3297 1157 3326 si
1172 3296 1269 3327 libere
1285 3298 1526 3337 respexerimus,

468 3337 594 3367 nullum
624 3342 792 3377 cogentem
821 3338 979 3368 invenitur
1008 3340 1123 3370 habere
1153 3341 1326 3377 rationem,
1363 3341 1424 3371 nisi
1454 3341 1526 3372 ulti-

469 3390 578 3416 mum,
612 3386 742 3420 propter
772 3382 991 3412 auctoritatem
1022 3383 1156 3423 Spiritus
1187 3384 1293 3415 Sancti
1323 3385 1526 3425 gubernantis

470 3424 661 3455 Ecclesiam:
685 3435 760 3455 nam
782 3426 824 3455 ob
848 3426 965 3456 similes
988 3428 1191 3467 particulares
1210 3427 1457 3460 consuetudines
1472 3439 1526 3460 ve-

469 3468 648 3498 nerabiliter
669 3469 824 3499 sustinent
846 3470 989 3510 theologi
1011 3471 1117 3510 plures
1141 3472 1318 3503 sacerdotes
1342 3482 1525 3504 consecrare

472 3511 604 3542 eandem
627 3513 773 3549 hostiam,
797 3519 833 3543 ut
855 3513 984 3544 inferius
1000 3515 1016 3531 *
1039 3516 1167 3554 patebit.

1628 1532 1790 1570 Quocirca
1805 1533 1831 1568 *‚
1845 1542 1883 1563 ex
1898 1532 1947 1563 his
1963 1542 2046 1573 quae
2064 1532 2147 1564 fiunt
2162 1533 2344 1573 colligendo
2361 1535 2548 1572 universale,
2561 1545 2636 1567 cum

1573 1577 1766 1616 experientia
1788 1577 1959 1617 probatum
1991 1583 2140 1617 appareat
2167 1586 2206 1607 ex
2235 1578 2357 1615 tritico,
2382 1588 2420 1609 ex
2442 1579 2581 1620 siligine,
2606 1585 2638 1611 et

1573 1629 1611 1650 ex
1634 1621 1733 1661 spelta
1755 1630 1873 1661 panem
1897 1620 2014 1651 confici
2036 1631 2096 1662 pro
2113 1627 2321 1659 sacramento,
2346 1622 2406 1653 alia
2420 1623 2471 1653 via
2485 1623 2637 1655 inceden—

1573 1663 1651 1695 dum
1675 1675 1742 1695 esse
1765 1674 1846 1701 reor,
1872 1665 1991 1696 scilicet
2010 1675 2048 1696 ex
2062 1671 2151 1706 parte
2166 1666 2330 1706 proximae
2345 1668 2495 1698 materiae
2510 1668 2637 1699 Eucha-

1572 1709 1686 1739 ristiae.
1711 1709 1843 1740 Materia
1866 1710 1952 1740 enim
1974 1710 2137 1750 proxima,
2162 1719 2259 1750 quam
2284 1720 2322 1741 ex
2345 1711 2520 1752 Evangelio
2543 1711 2637 1743 indu-

1573 1753 1707 1784 bitanter
1737 1754 1908 1790 habemus,
1939 1759 1986 1784 est
2001 1754 2116 1794 panis,
2139 1763 2207 1785 non
2230 1754 2458 1786 determinatus
2479 1756 2520 1787 ad
2541 1756 2638 1788 talem

1572 1798 1624 1828 vel
1646 1798 1743 1828 talem
1765 1798 1931 1828 materiam
1953 1803 2127 1835 remotam,
2152 1799 2253 1839 qualis
2276 1805 2323 1830 est
2345 1800 2502 1835 triticum,
2526 1801 2637 1841 spelta,

1573 1841 1629 1878 far,
1651 1847 1722 1878 etc.‚
1746 1841 1802 1872 sed
1824 1843 1915 1882 panis
1938 1843 2094 1879 absolute,
2116 1843 2181 1874 hoc
2204 1849 2261 1880 est,
2284 1844 2352 1874 sine
2375 1843 2639 1877 determinatione

1574 1885 1696 1926 aliqua:
1728 1886 1771 1916 ita
1795 1886 1885 1926 quod
1915 1896 1953 1917 ex
1976 1887 2236 1927 quibuscumque
2265 1893 2418 1928 tanquam
2446 1898 2486 1919 ex
2506 1889 2639 1924 materia

1572 1935 1756 1960 transeunte
1778 1931 1869 1970 panis
1893 1930 2091 1966 conficiatur.
2116 1931 2295 1972 dummodo
2311 1931 2351 1962 sit
2365 1941 2439 1962 vere
2454 1933 2546 1972 panis
2568 1933 2639 1964 abs-

1573 1983 1638 2014 que
1660 1974 1926 2005 determinatione
1947 1975 2063 2015 aliqua,
2087 1980 2194 2015 potest
2214 1976 2402 2006 consecrari.
2426 1976 2510 2007 Dico
2531 1982 2639 2008 autem

1573 2019 1691 2059 absque
1713 2018 1980 2050 determinatione
2001 2020 2133 2060 aliqua:
2156 2020 2311 2060 quoniam
2334 2029 2373 2051 ex
2390 2029 2453 2051 usu
2467 2021 2640 2053 verborum

1573 2063 1637 2093 hoc
1661 2062 1796 2093 discerni
1818 2063 1952 2094 videtur.
1979 2063 2119 2094 Alterius
2142 2063 2302 2104 siquidem
2324 2065 2456 2096 rationis
2479 2071 2526 2096 est
2548 2066 2640 2106 panis

1575 2107 1631 2148 qui
1654 2107 1813 2148 frequenti
1836 2117 1898 2139 usu
1922 2108 1989 2138 sine
2013 2107 2175 2139 additione
2194 2108 2300 2149 aliqua
2322 2114 2455 2140 vocatur
2475 2110 2584 2150 panis:
2607 2115 2641 2142 et

1575 2151 1702 2182 alterius
1717 2152 1848 2182 rationis
1864 2157 1938 2182 sunt
1951 2161 2033 2192 quae
2050 2152 2249 2194 appellantur
2259 2162 2358 2193 panes
2374 2163 2450 2184 cum
2466 2153 2638 2191 additione,

1574 2195 1694 2226 scilicet
1716 2196 1808 2236 panis
1831 2195 2038 2233 hordeaceus,
2054 2197 2144 2236 panis
2167 2196 2353 2234 milliaceus,
2369 2197 2461 2238 panis
2480 2203 2640 2229 castanea-

1576 2249 1662 2276 ceus,
1687 2245 1718 2270 et
1740 2239 1940 2277 huiusmodi;
1964 2241 2016 2271 isti
2038 2241 2124 2271 enim
2147 2246 2222 2271 sunt
2243 2250 2342 2281 panes
2366 2250 2441 2272 cum
2465 2241 2638 2274 additione.

1576 2284 1642 2322 Qui
1664 2284 1739 2315 ideo
1763 2294 1838 2314 cum
1862 2284 2024 2315 additione
2047 2284 2263 2325 proferuntur,
2279 2290 2316 2316 ut
2334 2285 2550 2325 intelligantur
2570 2294 2639 2318 non

1575 2337 1684 2368 panes,
1701 2327 1757 2359 sed
1771 2337 1871 2368 panes
1890 2328 1983 2359 tales:
2008 2329 2091 2359 sicut
2105 2329 2201 2360 etiam
2215 2329 2328 2360 vinum
2351 2339 2390 2360 ex
2404 2330 2511 2370 pomis
2529 2339 2640 2370 grana-

1575 2373 1625 2408 tis,
1642 2371 1755 2403 eadem
1770 2373 1902 2408 ratione,
1919 2381 1987 2403 non
2010 2371 2124 2403 dicitur
2138 2373 2261 2410 vinum,
2277 2373 2334 2404 sed
2355 2374 2468 2405 vinum
2483 2373 2523 2405 de
2537 2375 2641 2406 malo-

1576 2416 1722 2456 granatis.
1754 2416 1816 2452 Isti,
1833 2417 1975 2456 inquam,
1991 2425 2090 2457 panes
2110 2417 2188 2447 tales
2203 2427 2271 2448 non
2292 2423 2429 2458 possunt
2445 2419 2639 2450 consecrari:

1577 2460 1653 2500 quia
1674 2469 1742 2490 non
1770 2465 1844 2490 sunt
1866 2470 1940 2491 vere
1962 2469 2078 2500 panes:
2109 2460 2164 2491 sed
2188 2471 2206 2491 a
2228 2461 2435 2492 similitudine
2456 2462 2523 2492 veri
2549 2463 2641 2503 panis

1577 2504 1668 2544 panis
1690 2513 1812 2534 nomen
1836 2510 2038 2544 acceperunt.
2062 2505 2125 2535 Sed
2148 2505 2193 2535 illi
2209 2506 2264 2545 qui
2281 2505 2426 2536 absolute
2442 2511 2516 2536 sunt
2530 2515 2640 2547 panes,

1579 2557 1662 2588 quos
1679 2548 1747 2578 sine
1763 2547 1925 2579 additione
1941 2549 2047 2588 aliqua
2056 2558 2330 2589 vocamuspanes,
2342 2559 2411 2581 non
2422 2550 2541 2581 habent
2554 2550 2642 2583 unde

1580 2601 1694 2623 eorum
1717 2592 1830 2633 aliquis
1853 2598 2051 2623 sacramento
2076 2594 2115 2623 sit
2137 2594 2294 2624 inhabilis.

1633 2635 1674 2666 Et
1689 2636 1715 2666 si
1730 2636 1778 2666 his
1795 2635 1973 2668 adiunxeris
1990 2636 2079 2677 quod
2094 2647 2159 2667 una
2175 2637 2287 2668 eadem
2301 2647 2351 2668 res
2366 2638 2571 2679 homogenea
2581 2648 2642 2681 po-

1579 2685 1639 2711 test
1654 2680 1837 2711 naturaliter
1860 2691 1897 2711 ex
1921 2680 2115 2711 diversarum
2137 2682 2318 2722 specierum
2340 2683 2435 2714 rebus
2457 2689 2494 2714 ut
2511 2683 2642 2716 materia

1579 2729 1762 2755 transeunte
1785 2725 1937 2764 generari,
1959 2730 1996 2755 ut
2018 2730 2150 2756 testatur
2172 2726 2309 2766 sanguis,
2334 2727 2391 2767 qui
2413 2733 2581 2768 generatur
2603 2725 2642 2759 eit

1579 2769 1781 2799 nutrimentis
1797 2774 1846 2799 tot
1860 2770 2050 2809 specierum,
2063 2779 2167 2806 carne,
2180 2770 2267 2807 vino,
2281 2779 2374 2811 pane,
2387 2771 2485 2811 pisce,
2497 2770 2642 2812 reliquis-

1581 2822 1644 2852 que
1661 2813 1754 2843 cibis:
1780 2813 1943 2853 apparebit
1962 2813 2051 2853 quod
2067 2814 2240 2845 substantia
2254 2815 2346 2855 panis
2361 2815 2505 2847 eiusdem
2523 2816 2642 2856 speciei

1580 2862 1687 2897 potest
1701 2858 1843 2897 generari
1860 2867 1898 2887 ex
1913 2858 2021 2888 multis
2037 2857 2231 2889 diversarum
2253 2859 2434 2899 specierum
2452 2859 2557 2900 granis
2572 2864 2641 2891 tan-

1581 2910 1679 2941 quam
1695 2910 1733 2931 ex
1748 2902 1879 2932 materia
1902 2907 2101 2939 transeunte;
2124 2912 2222 2943 grana
2240 2902 2400 2943 siquidem
2415 2909 2491 2935 sunt
2510 2904 2643 2935 materia

1580 2945 1734 2975 transiens
1757 2950 1904 2986 respectu
1927 2946 2028 2986 panis,
2051 2946 2155 2977 multo
2179 2947 2279 2987 magis
2303 2956 2400 2987 quam
2423 2946 2551 2978 farinae.

1634 2989 1676 3019 Et
1691 2989 1870 3020 secundum
1885 2990 1958 3026 hoc,
1975 2990 2115 3021 triticum
2137 2991 2270 3031 ponitur
2290 2992 2420 3032 propria
2441 2992 2572 3022 materia
2586 3001 2642 3033 pa·
2679 2991 2681 2993 ’

1580 3034 1630 3064 nis
1653 3034 1896 3070 sacramentalis,
1920 3043 1989 3065 non
2016 3035 2092 3075 quia
2117 3034 2223 3065 solum
2249 3035 2288 3065 sit
2313 3034 2397 3066 illius
2423 3035 2563 3072 materia,
2587 3036 2644 3067 sed

1581 3078 1656 3117 quia
1679 3083 1726 3108 est
1748 3078 1931 3118 principalis
1947 3084 1979 3109 et
1993 3078 2080 3119 apud
2101 3087 2215 3109 omnes
2238 3083 2323 3110 certa
2337 3084 2370 3109 et
2383 3079 2561 3111 indubitata
2574 3088 2643 3111 ma-

1580 3122 1667 3152 teria.
1691 3122 1732 3152 Et
1747 3122 1792 3152 sic
1807 3122 1967 3153 salvantur
1990 3121 2239 3154 consuetudines
2261 3123 2409 3154 omnium
2425 3124 2641 3156 ecclesiarum.

1635 3166 1703 3196 Nec
1720 3171 1847 3206 oportet
1865 3165 1987 3206 ingredi
2010 3165 2208 3197 difficultates
2231 3167 2462 3198 inextricabiles
2478 3167 2518 3198 de
2533 3169 2643 3199 simili-

1579 3209 1691 3240 tudine
1714 3209 1863 3250 specifica
1884 3211 1966 3240 inter
1987 3219 2143 3250 generans
2166 3215 2197 3241 et
2214 3211 2375 3250 genitum:
2400 3221 2475 3242 cum
2499 3212 2644 3252 quotidie

1579 3253 1744 3284 videamus
1756 3259 1822 3285 tam
1833 3263 1956 3294 equum
1971 3263 2069 3294 quam
2085 3254 2210 3285 asinum
2225 3263 2375 3294 generare
2389 3256 2526 3293 mulum,
2538 3257 2644 3288 neutri

1581 3298 1717 3328 similem
1741 3299 1774 3328 in
1797 3299 1914 3338 specie,
1930 3297 1986 3328 sed
2001 3298 2034 3328 in
2050 3307 2177 3338 genere.
2192 3316 2216 3321 —-
2232 3298 2301 3329 Nec
2316 3305 2450 3340 negatur
2465 3300 2644 3332 secundum

1580 3342 1653 3378 hoc,
1676 3342 1772 3372 unius
1794 3343 1912 3383 speciei
1935 3351 2003 3372 esse
2025 3342 2189 3373 materiam
2212 3343 2392 3383 proximam
2407 3344 2441 3375 in
2455 3344 2520 3376 hoc
2542 3354 2643 3376 sacra-

1580 3390 1709 3416 mento:
1733 3395 1808 3416 nam
1834 3387 1925 3426 panis
1948 3386 2044 3416 unius
2069 3387 2202 3426 ponitur
2228 3387 2355 3427 speciei.
2378 3405 2402 3411 —
2423 3388 2492 3420 Nec
2515 3394 2644 3430 oportet

1580 3431 1676 3461 etiam
1699 3429 1739 3461 ad
1752 3430 1918 3472 frumenti
1939 3439 2041 3470 genus
2063 3439 2242 3461 recurrere:
2268 3432 2423 3471 quoniam
2446 3431 2644 3464 frumentum

1580 3474 1724 3504 continet
1743 3474 1802 3504 sub
1821 3483 1856 3504 se
1874 3474 1969 3504 etiam
1989 3473 2157 3511 hordeum,
2175 3484 2250 3505 cum
2270 3475 2427 3516 significet
2449 3478 2558 3508 omnia
2579 3478 2643 3518 spi-

1580 3523 1648 3548 cata
1663 3518 1810 3548 habentia
1826 3517 1933 3548 aristas
1948 3518 1974 3548 *.
1987 3536 2010 3540 -
2025 3518 2118 3549 Unde
2133 3528 2171 3549 ex
2186 3519 2392 3551 similitudine
2409 3530 2446 3551 ex
2462 3521 2564 3552 verbis
2575 3521 2644 3552 Do·
2674 3517 2694 3539 V

2663 1531 2694 1578 ἦ.

2659 1609 2721 1685 ,ἕῑῑ

2756 1012 2774 1038 λ

2660 1101 2671 1112 ·
2684 1099 2720 1122 ef.
2731 1099 2785 1122 Alb.
2795 1098 2876 1128 Magn.

2659 1125 2767 1153 lvseut„
2773 1125 2874 1152 diat-xa,

2660 1156 2706 1208 22¹³
2716 1158 2739 1208 g,
2758 1151 2787 1174 ad
2805 1151 2832 1180 Β,
2851 1155 2875 1174 et

2698 1555 2863 1585 Ξ

2663 1545 2865 1657 i.

2725 1635 2764 1685 ΡΞ

2784 1636 2862 1662 Ξ

2670 3493 2681 3503 ·
2757 3473 2918 3518 numae?

2731 3515 2883 3546 ments-,⁷⁷-
2914 3537 2918 3549 .

2914 3561 2918 3574 Ι
