2918 4088
486 201 561 236 240

538 269 595 305 AD
624 280 765 305 sexrum
784 278 964 304 DICENDUM
984 266 1091 314 quod
1110 264 1279 302 maxima
1307 261 1462 299 devotio
1491 273 1547 298 re·
1573 262 1577 301 Ι

486 321 647 370 quiritur
665 321 704 357 in
723 320 806 369 ipsa
834 319 1052 368 sumptione
1073 316 1317 354 sacramenti:
1348 314 1439 363 quia
1457 322 1548 351 tunc

485 374 693 423 percipitur
720 372 946 410 sacramenti
975 372 1142 408 effectus
1174 370 1285 415 Quae
1306 368 1464 416 quidem
1484 367 1548 403 de-

485 426 591 464 votio
628 426 749 474 magis
785 425 993 474 impeditur
1029 436 1098 473 per
1129 420 1395 471 praecedentia
1429 432 1549 469 quam

485 492 555 529 per
574 479 782 528 sequentia.
813 479 861 515 Et
879 478 966 515 ideo
986 476 1106 524 magis
1126 483 1180 511 est
1199 474 1413 511 institutum
1442 472 1549 522 quod

486 532 665 570 homines
693 531 865 568 ieiunent-
881 538 967 567 ante
996 528 1259 578 sumptionem
1286 526 1401 563 huius
1430 537 1561 562 sacra-r

486 585 606 622 menti
634 597 753 634 quarn
771 591 869 632 post.
899 583 1022 620 Debet
1041 590 1171 618 tamen
1190 591 1272 617 esse
1293 579 1421 628 aliqua
1440 590 1551 615 mora

486 638 584 678 inter
615 637 874 686 sumptionem
911 635 1027 672 huius
1055 632 1282 671 sacramenti
1319 640 1355 669 et
1383 631 1550 680 reliquos

486 691 603 728 cibos.
632 690 744 727 Unde
764 697 800 726 et
818 688 858 725 in
886 688 1002 725 missa
1021 687 1142 724 oratio
1161 685 1368 734 gratiarum
1392 684 1550 722 actionis

485 751 571 793 post
599 742 920 780 communionem
955 740 1112 786 dicitur;
1149 747 1185 776 et
1219 737 1550 775 communicantes

486 796 600 833 etiam
629 808 718 833 suas
745 795 912 845 privatas
941 793 1133 831 orationes
1153 792 1285 829 dicunt
1304 789 1328 828 θ.

537 908 562 943 θ)
582 910 682 935 dicunt.
701 923 720 928 -
739 909 832 934 dicant
851 909 940 934 GHbc.

1144 184 1407 232 QUAESTIO
1438 184 1598 229 LXXX,
1628 179 1922 220 ARTICULUS
1950 181 2001 217 IX

1657 259 1882 297 Secundum
1918 266 2048 294 tamen
2076 256 2254 306 antiquos
2281 268 2450 294 canones
2482 262 2665 293 statutum

1602 312 1670 349 fuit
1697 325 1720 349 a
1747 324 1849 361 papa
1869 311 2066 348 Clemente
2085 309 2116 358 *,
2136 317 2178 346 ut
2206 309 2368 346 habetur
2395 309 2443 346 de
2471 310 2664 353 Consecr.‚
2694 314 2703 324 ·
2718 311 2905 339 C¹=m·¹=Et’-¹¹-

2694 367 2704 377 ·
2733 365 2791 388 can.

2693 391 2818 420 gradibus.

1602 365 1686 402 dist.
1707 365 1791 402 11³⁸:
1826 366 1866 401 Si
1891 375 2004 401 mane
2030 364 2230 399 Dominica
2244 364 2368 411 portio
2396 362 2525 407 editur,
2555 372 2668 410 usque

1603 419 1653 455 ad
1677 423 1821 455 sextam
1849 419 2009 453 ieiunent
2036 417 2196 453 ministri
2220 416 2283 464 qui
2308 427 2392 452 eam
2418 419 2668 464 sumpserunt:

1603 477 1636 508 et
1661 473 1694 508 si
1719 472 1825 507 tertia
1861 470 1919 507 vel
1947 474 2079 518 quarta
2113 469 2338 517 acceperint,
2367 469 2529 504 ieiunent
2557 478 2669 516 usque

1604 524 1654 561 ad
1679 535 1884 573 vesperum.
1917 521 2137 570 Antiquitus
2165 520 2270 557 enim
2305 520 2426 558 rarius
2463 519 2669 557 missarum

1603 576 1790 613 solemnia
1818 574 2125 620 celebrabantur,
2155 581 2192 610 et
2219 585 2310 610 cum
2338 572 2476 610 maiori
2509 584 2668 621 praepa-

1604 629 1761 667 ratione.
1800 629 1918 666 Nunc
1945 635 2092 674 autern,
2122 626 2214 675 quia
2250 633 2400 675 oportet
2416 648 2418 654 ι
2434 624 2669 674 frequentius

1604 695 1710 720 sacra
1738 681 1919 731 mysteria
1937 680 2140 726 celebrare,
2160 691 2240 722 non
2259 686 2388 729 posset
2415 678 2463 715 de
2485 677 2583 715 facili
2601 677 2669 714 ob-

1605 737 1759 772 servari.
1797 735 1845 771 Et
1872 734 1960 771 ideo
1988 745 2058 783 per
2085 732 2316 771 contrariam
2349 729 2670 769 consuetudinem

1605 796 1660 826 est
1688 788 1926 836 abrogatum.
2456 796 2457 799 ¹

1301 1043 1620 1086 ARTICULUS
1652 1043 1854 1084 NONUS

648 1140 805 1172 UTRUM
829 1139 922 1170 NON
945 1138 1179 1169 HABENTES
1203 1137 1323 1168 USUM
1346 1136 1552 1166 RATlole
1575 1136 1782 1166 DEBEANT
1806 1136 1900 1167 Hoc
1925 1136 2262 1168 SACRAMENTUM
2285 1137 2502 1168 ACCIPERE

819 1218 853 1243 IV
869 1218 952 1246 Sent„
972 1217 1031 1242 dist.
1051 1224 1084 1248 ιι,
1105 1221 1151 1242 art.
1174 1215 1196 1245 5,
1216 1215 1266 1248 qu·
1289 1214 1312 1244 3,
1331 1222 1364 1246 43
1383 1214 1441 1239 dist.
1461 1221 1530 1245 xxm,
1550 1222 1595 1246 qu.
1614 1222 1642 1244 ιι,
1662 1219 1709 1240 art.
1730 1221 1754 1244 2,
1774 1214 1823 1247 qu·
1844 1214 1866 1244 3,
1885 1223 1916 1246 4;
1938 1215 1968 1239 In
1991 1215 2072 1246 Ioum,
2093 1223 2149 1248 cap.
2167 1223 2202 1245 Vl,
2221 1217 2280 1242 lect.
2297 1224 2343 1243 vu.

617 1325 659 1347 a
697 1312 719 1336 D
752 1309 879 1335 NONUM
908 1308 960 1334 sm
989 1307 1226 1333 PROCEDITUR.
1255 1293 1417 1331 Videtur
1444 1292 1553 1342 quod

616 1343 674 1399 ῗ3
698 1363 778 1388 non
813 1350 997 1387 habentes
1035 1361 1152 1386 usum
1187 1347 1343 1385 rationis
1379 1358 1459 1383 non
1487 1346 1552 1382 de-

531 1318 612 1386 ’δ’

504 1357 917 1467 1ἶννχῃῇζῐῑκῆειιιῒῩιοε
945 1409 1231 1440 sacramentum
1259 1400 1443 1449 accipere.
1480 1400 1552 1436 Re-

543 1435 634 1491 ἑέἓι·
656 1451 862 1507 &quiritur
889 1455 994 1492 enim
1022 1455 1130 1504 quod
1158 1454 1294 1503 aliquis
1323 1453 1371 1490 ad
1400 1453 1476 1489 hoc
1496 1464 1553 1489 sa-

486 1518 728 1549 cramentum
765 1522 857 1547 cum
896 1508 1102 1546 devotione
1140 1515 1176 1544 et
1212 1505 1455 1556 praecedenti
1494 1505 1553 1542 sui

1607 1293 1724 1330 huius
1759 1293 1987 1330 sacramenti
2019 1294 2188 1341 devotio,
2218 1294 2332 1332 debet
2365 1295 2419 1333 eis
2447 1295 2486 1333 in
2514 1295 2673 1335 articulo

1607 1345 1741 1382 mortis
1774 1347 1851 1383 hoc
1879 1354 2163 1384 sacramentum
2192 1347 2378 1395 exhiberi,
2407 1348 2480 1386 nisi
2507 1349 2603 1386 forte
2630 1347 2674 1387 ti-

1607 1406 1759 1436 meatur
1776 1399 1995 1448 periculum
2012 1399 2183 1438 vomitus
2198 1402 2260 1438 vel
2279 1401 2540 1451 exspuitionis.
2562 1403 2674 1441 Unde

1607 1451 1743 1500 legitur
1770 1452 1810 1489 in
1838 1452 2000 1490 concilio
2028 1453 2317 1502 Carthaginensi
2335 1455 2386 1492 IV
2404 1454 2436 1501 *,
2457 1462 2493 1492 et
2511 1455 2676 1494 habetur

2823 365 2906 388 Tribus

2702 1465 2713 1475 ·
2726 1463 2783 1486 Can.
2797 1469 2873 1485 mvi.

1607 1503 1647 1542 in
1675 1505 1858 1552 Decretis,
1879 1507 2013 1553 XXVI,
2041 1519 2106 1556 qu.
2129 1506 2214 1544 V1*:
2244 1509 2283 1544 Is
2309 1509 2374 1557 qui
2397 1509 2434 1545 in
2461 1510 2677 1556 infirmitate
2701 1519 2712 1530 ⁶
2731 1518 2830 1540 cun-1⁸
2847 1518 2890 1546 w·

246 1579 256 1589 ·
272 1575 338 1597 Vm·
353 1574 390 1596 2⁸·
486 1564 769 1603 examinatione
788 1563 958 1600 accedat:
990 1561 1206 1598 secundum
1226 1560 1319 1597 illud
1338 1561 1352 1596 Ι
1371 1560 1458 1596 Cor.
1474 1557 1551 1595 xi*:
1602 1560 1869 1608 poenitentiam
1883 1561 1985 1609 petit,
2005 1561 2038 1596 si
2063 1572 2164 1606 casu,
2184 1560 2272 1597 dum
2292 1558 2305 1582 δ
2333 1561 2385 1598 ad
2401 1573 2485 1598 eum
2504 1563 2678 1608 invitatus
2698 1544 2877 1598 '⁰³³⁹'3ffl''

485 1620 622 1655 Probet
649 1623 771 1654 autem
803 1618 962 1666 seipsum
990 1616 1124 1661 homo,
1154 1620 1187 1651 et
1212 1615 1265 1650 sic
1293 1613 1338 1650 de
1359 1625 1463 1662 pane
1491 1611 1553 1649 illo
1606 1611 1780 1649 sacerdos
1813 1614 1931 1658 venit,
1961 1625 2156 1662 oppressus
2190 1615 2404 1662 infirmitate
2439 1617 2674 1663 obmutuerit,

486 1672 569 1709 edat
597 1677 630 1708 et
657 1671 702 1707 de
729 1670 845 1707 calice
871 1671 980 1706 bibat.
1011 1668 1087 1706 Sed
1116 1668 1192 1704 hoc
1219 1678 1300 1703 non
1327 1673 1452 1715 potest
1471 1677 1553 1702 esse
1607 1665 1666 1703 vel
1699 1666 1736 1701 in
1760 1666 1975 1715 phrenesim
2011 1678 2211 1704 conversus
2234 1662 2368 1714 fuerit,
2397 1668 2483 1705 dent
2517 1670 2675 1708 testimo-

486 1724 525 1762 in
554 1723 613 1761 his
641 1723 709 1773 qui
736 1729 864 1760 carent
893 1734 966 1759 usu
995 1720 1162 1758 rationis.
1201 1721 1303 1768 Ergo
1332 1731 1412 1757 non
1441 1718 1555 1756 debet
1580 1718 1583 1770 1
1609 1719 1712 1754 nium
1741 1719 1805 1767 qui
1830 1731 1915 1755 eum
1938 1719 2145 1766 audierunt,
2166 1725 2200 1757 et
2218 1722 2375 1771 accipiat
2395 1723 2676 1772 poenitentiam,

247 2048 258 2059 ·
273 2047 330 2075 Cap.
345 2053 380 2069 ιιι.

242 2420 259 2434 ψ·
273 2419 292 2443 1.
308 2424 358 2440 can.
373 2424 424 2440 xm.

250 2447 271 2457 *²
290 2445 347 2467 Can.
365 2445 411 2472 Qui
425 2450 464 2465 re-

249 2472 340 2494 cedunt.

251 2582 261 2591 '¹
276 2580 336 2607 Aug.
354 2579 380 2600 In
396 2578 463 2601 Ioan.

251 2632 317 2654 xxv
331 2606 465 2660 ,eiihrssf‘fgss

250 2606 301 2628 Eva

487 1777 541 1815 eis
569 1778 645 1814 hoc
673 1782 958 1814 sacramentum
985 1773 1078 1812 dari.

1609 1777 1660 1817 et,
1689 1772 1722 1808 si
1755 1773 1930 1809 continuo
1966 1772 2128 1810 creditur
2161 1775 2382 1820 moriturus,
2418 1775 2677 1813 reconcilietur

543 1842 577 1866 2.
608 1831 848 1872 PRAETEREA,
877 1828 974 1865 inter
1006 1827 1101 1864 alios
1134 1826 1201 1876 qui
1236 1833 1365 1863 carent
1396 1838 1471 1863 usu
1499 1837 1554 1862 ra·
1603 1836 1676 1874 per
1699 1837 1832 1862 manus
1851 1826 2121 1875 impositionem
2140 1832 2174 1863 et
2192 1827 2411 1875 infundatur
2430 1829 2490 1864 ori
2506 1829 2583 1866 eius
2599 1829 2677 1867 Eu-

486 1883 619 1928 tionis‚
649 1890 738 1920 sunt
757 1881 869 1919 etiarn
899 1880 1095 1930 arreptitii,
1125 1879 1193 1929 qui
1221 1878 1471 1927 energumeni
1500 1878 1555 1914 di-

487 1944 638 1975 cuntur.
669 1935 746 1973 Sed
773 1936 865 1972 tales
894 1933 1009 1971 etiam
1028 1933 1077 1971 ab
1096 1932 1333 1982 inspectione
1362 1931 1477 1969 huius
1497 1944 1555 1968 sa-

488 1989 672 2027 cramenti
692 1995 880 2034 arcentur,
901 1987 1115 2024 secundum
1138 1985 1383 2036 Dionysium,
1400 1985 1438 2022 in
1459 1984 1555 2022 libro

487 2043 628 2081 Eccles.
657 2043 767 2079 Hier.
787 2041 807 2063 '1‘
835 2042 937 2088 Ergo
957 2039 1174 2077 carentibus
1202 2051 1277 2076 usu
1305 2038 1461 2075 rationis
1481 2039 1557 2075 hoc

489 2103 774 2134 sacramentum
803 2093 884 2131 dari
912 2106 992 2131 non
1021 2093 1145 2130 debet.

545 2149 578 2186 3.
609 2150 842 2190 PRAETEREA‚
863 2147 960 2184 inter
988 2146 1081 2184 alios
1109 2153 1280 2183 carentes
1299 2157 1373 2182 usu
1402 2143 1557 2182 rationis

488 2202 656 2239 maxime
676 2200 786 2251 pueri
805 2200 985 2237 videntur
1003 2212 1085 2236 esse
1105 2199 1340 2236 innocentes.
1369 2198 1446 2236 Sed
1465 2209 1557 2247 pue-

489 2255 539 2293 ris
559 2256 635 2292 hoc
654 2261 940 2292 sacramentum
968 2265 1049 2290 non
1069 2252 1281 2290 exhibetur.
1312 2252 1414 2299 Ergo
1433 2251 1556 2288 multo

489 2309 619 2346 minus
647 2308 728 2345 aliis
756 2305 973 2344 carentibus
1001 2319 1076 2343 usu
1105 2305 1272 2343 rationis.

544 2362 617 2399 SED
641 2373 786 2398 CONTRA
813 2372 878 2397 EST
906 2359 1013 2409 quod
1042 2359 1176 2407 legitur
1195 2358 1234 2395 in
1253 2357 1415 2395 concilio
1435 2359 1558 2394 Arau-

490 2414 569 2452 sico
588 2414 620 2461 ²⁸,
650 2422 686 2451 et
713 2413 877 2450 habetur
904 2411 944 2449 in
972 2412 1156 2459 Decretis,
1185 2412 1319 2459 XXVI,
1349 2423 1415 2460 qu.
1443 2422 1478 2447 vt
1495 2409 1556 2446 ²¹⁶*:

489 2469 707 2505 Amentibus
743 2478 996 2516 quaecumque
1026 2471 1109 2502 sunt
1131 2466 1293 2514 pietatis,
1322 2470 1406 2501 sunt
1432 2464 1558 2512 confe-

491 2520 620 2558 renda.
657 2521 705 2557 Et
734 2519 783 2556 ita
811 2526 866 2556 est
886 2524 903 2540 α
931 2518 1208 2556 conferendum
1239 2518 1315 2554 hoc
1343 2528 1558 2554 sacramen-

490 2582 586 2620 tum,
616 2572 724 2623 quod
753 2579 807 2609 est
833 2577 1109 2609 sacramentum
1136 2572 1278 2620 pietatis
1295 2569 1326 2606 *.

544 2628 769 2664 ΚΕΞΡΟΝΒΕΟ
789 2637 971 2663 mcENDUM
995 2624 1103 2674 quod
1131 2623 1249 2673 aliqui
1271 2622 1452 2660 dicuntur
1478 2634 1558 2659 non

490 2679 634 2717 habere
653 2690 770 2716 usum
790 2677 946 2716 rationis
965 2677 1176 2727 dupliciter.
1206 2677 1294 2714 Uno
1314 2676 1447 2721 modo,
1468 2675 1559 2725 quia

491 2733 635 2770 habent
663 2731 830 2769 debilem
849 2743 966 2768 usum
995 2730 1170 2768 rationis:
1200 2729 1296 2766 sicut
1323 2728 1461 2766 dicitur
1479 2740 1559 2766 non

490 2785 627 2824 videns
647 2785 714 2834 qui
742 2786 843 2822 male
861 2784 976 2822 videt.
1007 2784 1055 2821 Et
1083 2782 1174 2833 quia
1193 2783 1286 2820 tales
1313 2781 1559 2831 possunt·a1i-

491 2851 612 2889 quarn
640 2838 890 2875 devotionem
917 2835 1155 2886 conciperess
1183 2835 1300 2872 huius
1319 2835 1559 2881 sacramenti,

492 2904 572 2929 non
601 2899 656 2929 est
684 2891 738 2928 eis
766 2892 842 2928 hoc
870 2897 1156 2928 sacramentum
1184 2889 1468 2937 denegandum.

546 2944 632 2982 Alio
661 2944 782 2981 modo
819 2944 1001 2981 dicuntur
1033 2942 1150 2992 aliqui
1186 2954 1266 2979 non
1295 2940 1437 2979 habere
1465 2948 1560 2978 tota—

493 2998 575 3036 liter
602 3010 720 3035 usum
749 2996 916 3034 rationis.
946 2998 1023 3033 Aut
1051 2995 1163 3044 igitur
1190 3007 1395 3044 nunquam
1416 2994 1561 3032 habue-

494 3059 583 3088 runt
610 3062 727 3088 usum
756 3049 922 3097 rationis,
952 3049 1019 3086 sed
1048 3049 1101 3086 sic
1120 3061 1143 3086 a
1161 3047 1354 3085 nativitate
1382 3060 1561 3097 perman-

495 3111 640 3141 serunt:
671 3111 707 3140 et
734 3103 788 3140 sic
815 3103 952 3140 talibus
980 3114 1060 3139 non
1089 3109 1144 3138 est
1172 3102 1248 3139 hoc
1276 3109 1561 3139 sacramentum

495 3156 770 3200 exhibendum,
800 3155 891 3205 quia
919 3155 958 3192 in
987 3155 1041 3192 eis
1070 3156 1175 3192 nullo
1204 3155 1325 3192 modo
1358 3154 1562 3204 praecessit

497 3208 613 3245 huius
641 3208 867 3246 sacramenti
886 3207 1052 3246 devotio.
1074 3231 1099 3234 —
1127 3209 1204 3245 Aut
1231 3219 1312 3245 non
1332 3219 1486 3256 semper
1503 3219 1561 3244 ca-

498 3268 657 3298 ruerunt
684 3273 759 3297 usu
787 3260 953 3298 rationis.
983 3261 1032 3298 Et
1058 3268 1161 3307 tunc,
1192 3260 1223 3297 si
1250 3260 1372 3310 prius,
1402 3259 1560 3309 quando

499 3321 606 3351 erant
643 3325 734 3350 suae
753 3319 768 3341 Υ
801 3313 938 3350 mentis
974 3321 1190 3362 compotes,
1220 3312 1395 3362 apparuit
1431 3312 1470 3348 in
1508 3312 1561 3349 eis

599 3429 648 3452 est.
664 3439 683 3444 ·-
701 3426 738 3450 eis
757 3426 854 3450 addunt
872 3425 891 3449 F
912 3430 936 3450 et
955 3425 1036 3450 tertia.

552 3424 582 3521 [ἷί
597 3461 742 3520 ἓοηείμενε.
764 3475 783 3479 —
807 3460 926 3492 accipere
950 3460 1086 3493 DEGHpB
1111 3465 1136 3484 et
1160 3461 1197 3489 bc,
1224 3460 1362 3492 concipere
1386 3466 1446 3492 post
1469 3467 1560 3485 sacra-

501 3503 580 3521 ment
622 3515 627 3521 .
826 3515 829 3518 ,

1609 1879 1795 1915 charistia.
1914 1915 1917 1916 ⁷

1663 1932 1720 1968 Ao
1749 1943 1884 1968 PRIMUM
1912 1943 2011 1980 ERGo
2039 1944 2222 1970 mci-:nuum
2254 1933 2363 1982 quod
2395 1941 2565 1971 carentes
2602 1947 2678 1972 usu

1610 1983 1766 2021 rationis
1786 1992 1950 2033 possunt
1968 1984 2219 2023 devotionem
2238 1986 2287 2023 ad
2306 1994 2592 2025 sacramentum
2609 1988 2677 2026 ha-

1610 2037 1722 2085 bere,
1752 2045 1943 2087 quantum
1972 2038 2021 2074 ad
2049 2037 2199 2087 aliquos
2235 2038 2395 2088 quidem
2421 2048 2677 2089 praesentem,

1611 2097 1803 2139 quantum
1830 2091 1879 2128 ad
1908 2090 2002 2127 alios
2030 2098 2160 2128 autem
2188 2091 2443 2141 praeteritam.

1664 2145 1721 2181 AD
1749 2156 1939 2181 SECUNDUM
1966 2156 2148 2182 chENDtJM
2179 2145 2287 2194 quod
2315 2145 2525 2196 Dionysius
2552 2146 2677 2197 loqui-

1611 2205 1674 2234 tur
1710 2197 1762 2234 ibi
1791 2197 1839 2234 de
1875 2197 2144 2245 energumenis
2180 2198 2359 2237 nondum
2393 2198 2609 2249 baptizatiS,
2637 2199 2677 2237 in

1612 2250 1755 2300 quibus
1775 2249 1915 2287 scilicet
1932 2250 2112 2288 nondum
2131 2258 2186 2288 est
2204 2251 2262 2288 vis
2281 2252 2483 2290 daemonis
2502 2252 2676 2300 extincta,

1612 2315 1712 2353 quae
1740 2303 1841 2351 viget
1878 2302 1918 2340 in
1946 2303 2000 2340 eis
2033 2316 2104 2353 per
2131 2303 2311 2352 originale
2345 2313 2559 2355 peccatum.
2599 2306 2679 2344 Sed

1612 2357 1660 2394 de
1688 2356 1884 2406 baptizatis
1912 2355 1980 2406 qui
2007 2356 2254 2406 corporaliter
2280 2357 2329 2395 ab
2357 2357 2571 2396 immundis
2602 2358 2678 2410 spi-

1613 2409 1746 2447 ritibus
1764 2417 1963 2456 vexantur,
1984 2417 2039 2446 est
2058 2410 2195 2447 eadem
2210 2409 2305 2448 ratio
2324 2418 2361 2447 et
2379 2411 2427 2448 de
2447 2411 2528 2448 aliis
2546 2424 2679 2450 amen-

1611 2462 1724 2500 tibus.
1761 2462 1872 2500 Unde
1903 2461 2109 2500 Cassianus
2137 2462 2226 2500 dicit
2244 2463 2281 2501 *z
2320 2466 2400 2510 Eis,
2430 2463 2498 2513 qui
2530 2465 2579 2502 ab
2606 2464 2678 2503 im-

1612 2515 1768 2553 mundis
1788 2522 1976 2552 vexantur
1996 2515 2200 2564 spiritibus,
2230 2519 2532 2555 communionem
2551 2530 2678 2556 sacro-

1611 2574 1778 2606 sanctam
1799 2581 1822 2606 a
1840 2570 2046 2606 senioribus
2074 2571 2205 2607 nostris
2225 2583 2416 2620 nunquam
2444 2573 2680 2609 meminimus

1613 2622 1855 2659 interdictam.
2682 2656 2683 2659 ,

1667 2676 1724 2712 AD
1743 2687 1902 2712 ‘ri-:imum
1921 2687 2104 2713 mcENDUM
2132 2676 2240 2726 quod
2269 2677 2407 2714 eadem
2426 2677 2521 2715 ratio
2549 2685 2606 2715 est
2630 2676 2678 2715 de

1613 2727 1743 2778 pueris
1771 2735 1943 2765 recenter
1969 2728 2078 2775 natis,
2100 2736 2136 2766 et
2163 2729 2212 2767 de
2240 2730 2458 2767 amentibus
2485 2730 2554 2780 qui
2579 2742 2679 2768 nun-

1614 2793 1733 2832 quam
1762 2781 1982 2818 habuerunt
2009 2794 2126 2820 usum
2155 2782 2311 2821 rationis
2337 2782 2368 2820 *.
2402 2783 2514 2821 Unde
2541 2782 2680 2821 talibus

1613 2847 1694 2872 non
1714 2841 1802 2872 sunt
1821 2846 1927 2871 sacra
1945 2835 2126 2884 mysteria
2147 2835 2291 2873 danda:
2321 2836 2500 2886 quamvis
2519 2835 2679 2886 quidam

1615 2887 1751 2926 Graeci
1770 2886 2006 2925 contrarium
2023 2888 2172 2936 faciant,
2191 2897 2349 2939 propter
2366 2890 2442 2926 hoc
2461 2889 2569 2938 quod
2586 2888 2679 2927 Dio·

1614 2941 1757 2991 nysius,
1778 2953 1799 2978 11
1819 2953 1902 2990 cap.
1918 2940 1938 2962 '¹‘
1955 2942 2095 2980 Eccles.
2115 2943 2238 2987 Hier.,
2259 2941 2349 2981 dicit
2373 2941 2568 2991 baptizatis
2597 2954 2679 2980 esse

1614 3006 1764 3032 sacram
1783 2993 2104 3032 communionem
2132 2995 2314 3042 dandam,
2333 3006 2413 3032 non
2433 2994 2680 3044 intelligentes

1615 3048 1722 3098 quod
1742 3046 1952 3097 Dionysius
1972 3046 2023 3085 ibi
2051 3047 2221 3096 loquitur
2243 3047 2292 3084 de
2320 3046 2511 3096 baptismo
2531 3048 2679 3086 adulto-

1615 3113 1715 3138 rum.
1736 3122 1761 3127 —-
1790 3101 1874 3137 Nec
1892 3107 2022 3137 tamen
2039 3112 2110 3150 per
2130 3101 2207 3137 hoc
2225 3099 2382 3149 aliquod
2405 3100 2681 3140 detrimentum

1614 3153 1714 3191 vitae
1742 3152 1950 3202 patiuntur,
1979 3160 2136 3202 propter
2163 3153 2238 3190 hoc
2266 3153 2374 3202 quod
2401 3152 2596 3191 Dominus
2623 3148 2680 3193 di-

1615 3206 1674 3252 cit,
1692 3207 1795 3244 Ioan.
1811 3205 1890 3251 V1*‚
1910 3206 1999 3243 Nisi
2014 3205 2325 3243 manducaveritis
2343 3218 2497 3244 carnem
2516 3207 2604 3246 Filii
2615 3208 2680 3246 ho-

1616 3261 1726 3296 minis
1760 3264 1793 3295 et
1819 3259 1980 3295 biberitis
2016 3259 2092 3296 eius
2121 3260 2363 3310 sanguinem,
2394 3272 2467 3297 non
2505 3261 2682 3306 habebitis

1614 3313 1728 3350 vitam
1757 3313 1794 3348 in
1814 3312 1936 3348 vobis:
1963 3310 2066 3359 quia,
2087 3311 2183 3348 sicut
2202 3311 2439 3360 Augustinus
2459 3312 2586 3350 scribit
2605 3314 2680 3351 Bo-

1668 3424 1695 3457 γ)
1714 3431 1786 3449 suae.
1803 3437 1823 3442 -
1840 3431 1922 3448 sanae
1941 3424 1970 3450 F.

1630 3500 1639 3518 t
1668 3458 1693 3493 δ)
1712 3459 1785 3484 dum.
1803 3473 1821 3478 -
1840 3459 1926 3483 Tertia
1933 3467 1940 3490 3
1966 3467 2019 3484 om.
2036 3473 2056 3478 -
2074 3463 2100 3485 et
2117 3460 2231 3492 accipiat
2252 3461 2446 3492 poenitentiam
2472 3468 2527 3486 om.
2552 3442 2681 3495 unzi-'pc

1615 3502 1629 3519 e
1658 3502 1684 3520 a.

2706 2474 2716 2484 ·
2723 2471 2862 2501 canaavn,
2867 2475 2918 2501 ap.-

2704 2505 2759 2522 ¹¹8.
2915 2513 2918 2520 ι

2706 2790 2717 2800 ·
2731 2787 2770 2810 Cf.
2784 2794 2848 2816 corp.
2863 2790 2918 2813 ιη.;

2707 2944 2718 2956 ·
2732 2943 2792 2965 Part.
2807 2948 2833 2969 ιι,
2847 2943 2856 2968 5
2870 2947 2892 2970 7.

2708 3209 2849 3237 'Vm-54·
