2918 4088
122 1296 253 1353 θ’ἔέῖΐῑε.

15 1296 119 1354 aa„

933 215 1194 262 QUAESTIO
1223 214 1362 261 LXIV,
1396 214 1688 252 ARTICULUS
1714 216 1796 253 VIII
2399 222 2440 258 51

331 292 390 328 An
409 303 598 329 SECUNDUM
621 304 803 330 DiCENDuM
827 293 934 341 quod
960 292 1078 330 sancti
1105 292 1172 342 qui
1191 283 1337 329 suntin

274 344 404 390 caelo,
433 351 522 381 sunt
550 344 691 382 similes
725 345 864 394 angelis
892 353 1081 394 quantum
1113 345 1163 382 ad
1190 343 1337 393 partici-

1446 293 1502 329 An
1526 304 1684 330 TERTIUM
1712 305 1892 331 manDuM
1912 296 2019 344 quod
2046 298 2136 334 mali
2164 298 2340 336 homines
2368 313 2447 337 non

1393 344 1535 381 habent
1568 346 1675 394 quod
1711 346 1859 395 possint
1895 347 2106 386 ministrare
2135 349 2173 386 in
2205 353 2448 390 sacramentis

278 395 475 445 pationem
502 397 661 445 gloriae:
691 410 771 435 non
799 406 929 435 autem
956 405 1146 446 quantum
1175 397 1223 434 ad
1247 408 1338 433 con·
1393 409 1439 433 ex
1474 398 1550 434 hoc
1578 398 1685 446 quod
1728 410 1797 447 per
1831 399 2013 437 malitiam
2049 410 2136 438 sunt
2169 404 2343 441 membra
2370 405 2448 442 dia-

278 447 464 486 ditionem
478 457 648 488 naturae.
669 451 717 488 Et
735 463 805 500 per
817 462 1059 499 consequens
1077 461 1204 498 neque
1219 461 1338 498 quan·
1391 449 1482 486 boli.
1518 451 1566 486 Et
1594 450 1682 487 ideo
1710 463 1790 487 non
1818 452 1990 500 sequitur
2023 454 2130 502 quod
2158 455 2353 503 diabolus,
2382 458 2448 506 qui

279 507 363 537 tum
391 502 440 538 ad
468 511 716 540 sacramenta.

1393 510 1448 538 est
1476 514 1613 540 eorum
1641 511 1767 553 caput,
1795 504 1915 552 magis
1943 506 2018 542 hoc
2045 506 2174 555 possit.

951 598 1285 631 Commentariun
1307 597 1557 631 Car-<linaiis
1579 599 1779 632 Caietam

310 689 331 709 N
353 679 447 710 titulo
471 683 518 710 est
540 688 645 710 sermo
669 679 708 710 de
724 678 842 719 angelis
866 677 975 718 quoad
997 683 1152 714 naturam,
1175 678 1240 708 sive
1260 678 1339 708 boni

282 690 377 754 Isive
399 723 475 753 mali
497 723 569 753 sint.
603 723 645 753 Et
667 732 774 753 rursus
807 727 854 752 est
883 731 988 752 sermo
1012 721 1052 752 de
1075 727 1231 762 potestate
1255 721 1339 752 ordi-

279 767 383 803 naria;
406 767 470 798 hoc
489 772 554 797 est:
577 767 640 802 An,
656 765 835 797 secundum
851 775 1060 796 communem
1075 775 1204 796 cursum
1220 765 1339 796 ordinis

278 811 414 842 instituti
437 819 455 841 a
478 811 560 847 Deo,
584 810 687 850 angeli
708 810 833 850 possint
854 810 1030 840 ministrare
1053 815 1257 840 sacramenta.

335 854 371 885 In
395 863 529 894 corpore
552 854 674 884 articuli
698 859 836 894 quatuor
858 853 950 883 fiunt.
985 853 1107 889 Prim0‚
1131 853 1341 894 respondetur

280 899 445 938 quaesito;
469 897 594 934 deinde,
614 897 654 928 ad
669 898 845 928 bonitatem
864 897 1037 933 doctrinae,
1061 902 1210 928 tractatur
1226 897 1265 928 de
1281 907 1340 938 po-

278 947 390 972 testate
418 941 584 981 delegabili
610 942 686 982 ipsis
709 941 848 982 angelis,
875 942 931 972 ubi
955 942 1014 972 tria
1037 940 1203 978 dicuntur,
1226 947 1263 972 ut
1284 951 1341 982 pa-

278 986 367 1016 tebit.

335 1029 454 1068 Quoad
467 1030 620 1070 primum,
636 1030 802 1060 conclusio
819 1035 879 1060 est:
903 1030 1022 1071 Angeli
1046 1034 1110 1060 non
1129 1035 1268 1070 possunt
1283 1030 1341 1060 mi-

281 1073 422 1104 nistrare
437 1078 651 1104 sacramenta.
675 1074 839 1104 Probatur.
856 1073 942 1104 Tota
956 1074 1055 1104 virtus
1070 1079 1341 1104 sacramentorum

280 1116 438 1149 derivatur
460 1127 479 1148 a
502 1117 630 1149 Christo
653 1119 803 1158 patiente.
827 1118 912 1158 Ergo
936 1117 976 1148 ad
999 1118 1156 1154 homines,
1173 1123 1204 1148 et
1218 1127 1287 1148 non
1303 1118 1342 1149 ad

279 1161 412 1202 angelos
441 1162 578 1202 perfinet
607 1162 784 1192 ministrare
815 1167 1019 1192 sacramenta.
1049 1181 1072 1184 -
1102 1161 1342 1202 Consequentia

278 1206 433 1246 probatur
455 1215 494 1236 ex
517 1205 654 1236 duobus.
692 1206 819 1242 Primo,
848 1215 886 1236 ex
912 1205 1167 1237 dissimilitudine
1193 1211 1340 1237 naturae:

279 1250 356 1291 quia
378 1250 499 1280 scilicet
521 1249 649 1281 Christo
673 1250 831 1286 hommes,
852 1259 920 1280 non
938 1250 1052 1290 angeli,
1077 1250 1286 1280 assimilantur
1308 1251 1342 1281 in

278 1299 393 1325 natura
406 1295 434 1324 ³.
461 1293 623 1330 Secundo,
648 1295 724 1334 quia
747 1293 892 1325 Christus
913 1295 1047 1334 patiens,
1071 1295 1263 1334 inquantum
1286 1304 1342 1334 pa-

275 1339 371 1374 tiens,
394 1337 455 1368 fuit
477 1338 584 1368 minor
606 1338 741 1378 angelis:
769 1338 911 1368 minister
935 1343 1042 1368 autem
1064 1348 1132 1368 non
1158 1337 1252 1369 debet
1274 1348 1341 1369 esse

278 1382 383 1415 maior
405 1382 575 1425 prineipali
597 1387 726 1422 agente,
755 1387 792 1412 ut
819 1383 1016 1422 contingeret
1045 1382 1079 1412 in
1105 1382 1292 1422 proposito,
1315 1383 1342 1413 si

270 1424 507 1466 rsan'cts‘angeli
531 1431 635 1456 essent
658 1425 814 1456 ordinarie
837 1426 972 1456 ministri
995 1426 1112 1456 Chn'sti
1135 1427 1292 1466 patientis.

335 1469 483 1500 Secunda
513 1470 679 1501 conclusio
709 1475 756 1500 est
783 1469 872 1510 quod
895 1475 1004 1510 potest
1036 1470 1183 1511 conferri
1215 1471 1342 1512 angelis

280 1513 368 1555 quod
389 1514 615 1544 administrent
635 1519 848 1544 sacramenta.
872 1514 1036 1544 Probatur.
1056 1513 1141 1551 Quia
1164 1514 1252 1544 Deus
1274 1523 1342 1544 non

280 1557 419 1598 alligavit
441 1558 591 1588 virtutem
613 1567 704 1588 suam
726 1558 877 1588 ministris
899 1557 1077 1593 Ecclesiae,
1092 1558 1183 1587 sicut
1205 1567 1266 1588 nec
1292 1567 1340 1588 sa-

242 1628 245 1630 .
281 1602 459 1632 eramentis.

336 1645 444 1675 Tertia
467 1644 633 1675 conclusio
657 1649 704 1674 est
726 1643 766 1674 de
781 1644 931 1674 exercitio
948 1643 1226 1674 administrationis
1242 1653 1343 1674 sacra-

278 1693 464 1720 mentorum
486 1698 504 1718 a
526 1688 620 1718 bonis
643 1688 780 1728 angelis:
813 1687 849 1717 Si
871 1688 1138 1718 administrarent
1158 1688 1263 1718 sancti
1285 1698 1343 1718 an-

273 1732 347 1774 geli
360 1736 598 1763 sacramentum
618 1731 760 1772 aliquod,
777 1731 903 1762 deberet
917 1731 1028 1762 haberi
1042 1741 1108 1772 pro
1133 1742 1209 1763 vero
1232 1741 1343 1763 sacra-

279 1781 397 1807 mento.
421 1775 585 1806 Probatur.
614 1775 700 1813 Quia
722 1776 822 1806 sancti
845 1775 948 1815 angeli
971 1781 1045 1806 sunt
1067 1777 1172 1806 nuntii
1194 1777 1342 1807 veritatis.

334 1819 455 1858 Quarta
478 1825 543 1850 est:
575 1819 611 1850 Si
633 1819 805 1850 daemones
831 1819 955 1860 aliquid
977 1819 1161 1850 huiusmodi
1177 1820 1342 1861 facerent,

278 1864 458 1895 habendum
488 1868 568 1894 esset
590 1873 655 1904 pro
675 1864 770 1905 falso
783 1871 794 1893 .·
823 1864 899 1904 quia
922 1869 996 1894 sunt
1019 1864 1152 1904 spiritus
1174 1864 1342 1895 mendacii.

335 1908 372 1938 11.
396 1907 535 1938 Adverte
564 1908 628 1938 hoc
656 1908 689 1938 in
712 1907 787 1938 loco
819 1907 909 1947 quod
939 1908 1022 1938 circa
1046 1909 1183 1948 primam
1211 1909 1343 1939 conclu-

278 1953 404 1983 sionem
427 1952 552 1988 Scotus‚
576 1952 610 1982 in
626 1951 669 1982 IV
685 1951 782 1986 Sent„
800 1951 870 1982 dist.
883 1962 924 1987 vr,
942 1961 996 1991 qu.
1017 1962 1037 1988 1,
1062 1953 1212 1992 opinatur
1236 1962 1340 1992 oppo-

279 1996 386 2033 situm,
410 2002 522 2027 tenens
546 1995 636 2036 quod
659 2005 756 2026 omne
780 1996 984 2036 suppositum
1007 1996 1228 2027 intellectualis
1251 2002 1343 2027 natu—

277 2050 332 2072 rae
353 2046 461 2082 potest
475 2045 710 2071 sacramentum
729 2039 860 2080 aliquod
876 2039 1031 2076 conferre,
1049 2040 1160 2071 saltem
1175 2041 1342 2081 baptisma.

1394 679 1435 709 Et
1457 681 1537 710 ratio
1561 690 1618 710 sua
1641 686 1696 716 est,
1722 682 1796 721 quia
1819 687 1925 721 potest
1948 682 2074 713 abluere
2099 693 2180 723 aqua
2195 685 2360 716 hominem
2376 696 2449 726 pro—

1394 722 1526 754 ferendo
1549 725 1644 754 verba
1667 725 1781 760 debita,
1806 731 1837 755 et
1850 726 1966 756 habere
1982 727 2191 758 intentionem
2208 728 2342 760 faciendi
2363 731 2450 770 quod

1394 767 1470 798 facit
1491 768 1653 799 Ecclesia:
1678 769 1756 799 haec
1780 770 1865 799 enim
1888 770 1946 800 tria
1968 771 2172 811 requiruntur
2187 778 2218 803 et
2233 773 2394 804 sufficiunt
2411 775 2451 805 ad

1394 812 1585 843 ministrum.
1609 813 1650 843 Et
1664 813 1742 843 haec
1758 814 1866 844 omnia
1885 819 1991 854 potest
2006 815 2136 855 angelus
2151 816 2184 845 in
2200 824 2362 858 assumpto
2382 828 2451 849 cor-

1394 865 1474 896 pore
1497 865 1652 887 exercere.

1422 902 1424 904 '
1450 900 1680 930 Rationabilior
1703 907 1809 931 autern
1828 902 1977 932 Auctoris
1999 903 2118 943 positio
2135 913 2172 933 ex
2188 904 2286 935 allatis
2302 906 2335 935 in
2350 906 2452 936 littera

1394 944 1564 974 invenitur.
1588 944 1613 974 F
1615 944 1733 975 undata
1752 945 1837 975 enim
1857 951 1903 976 est
1926 956 2020 987 super
2035 948 2220 978 auctoritate
2234 949 2393 989 Apostoli,
2410 950 2453 980 ad

1395 987 1477 1018 Heb.
1494 998 1523 1024 v,
1547 988 1603 1018 ubi
1626 988 1813 1028 pontificem
1837 999 1968 1020 omnem
1991 991 2157 1021 hominem
2180 991 2324 1023 declarat.
2359 994 2452 1024 Unde

1395 1041 1549 1072 magnum
1572 1039 1795 1072 argumentum
1818 1035 1987 1065 assumitur
2009 1034 2048 1065 ad
2066 1036 2287 1075 propositum:
2312 1037 2410 1077 quod,
2426 1039 2452 1068 si

1395 1077 1570 1106 maximum
1593 1077 1803 1107 ministerium
1827 1078 1987 1108 Ecclesiae
2009 1079 2070 1109 soli
2084 1080 2208 1110 homini
2227 1082 2386 1118 convenit,
2410 1083 2452 1112 ita

1396 1119 1486 1160 quod
1501 1121 1619 1160 angelis
1635 1120 1817 1161 denegatur,
1834 1122 1927 1162 quale
1943 1128 1990 1152 est
2004 1123 2336 1163 pontificatusfmulto
2352 1127 2452 1166 magis
2477 1159 2479 1161 ,

1395 1164 1528 1194 minima
1550 1165 1722 1195 ministeria
1744 1165 1905 1196 Ecclesiae
1921 1166 2038 1206 angelis
2054 1167 2258 1207 denegantur.
2281 1187 2304 1191 —
2326 1169 2452 1200 Funda-

1395 1213 1447 1238 tur
1469 1213 1501 1238 et
1523 1218 1619 1248 super
1641 1210 1763 1240 ratione
1793 1219 1856 1250 qua
1879 1211 2012 1240 ministri
2043 1210 2159 1241 debent
2181 1212 2343 1243 assimilari
2364 1214 2451 1253 prin-

1397 1252 1490 1292 cipali
1513 1253 1627 1292 agenti.

1449 1296 1543 1326 Ratio
1567 1302 1675 1328 autem
1698 1296 1786 1327 Scoti
1810 1296 1917 1328 deficit
1938 1298 1972 1328 in
1994 1298 2058 1328 hoc
2080 1298 2263 1336 manifeste,
2288 1301 2377 1340 quod
2400 1311 2451 1332 ae-

1396 1341 1534 1380 quivoce
1557 1341 1655 1370 utitur
1678 1341 1849 1372 locutione.
1873 1341 2011 1372 Locutio
2031 1342 2117 1372 enim
2138 1344 2288 1383 requisita
2303 1344 2343 1374 ad
2357 1345 2452 1376 mini-

1396 1389 1496 1414 strum
1519 1385 1715 1420 sacramenti,
1740 1390 1787 1415 est
1809 1391 1897 1415 actus
1919 1386 2020 1416 vitalis
2042 1386 2213 1426 loquentis.
2237 1387 2375 1419 Locutio
2396 1399 2452 1420 au-

1395 1433 1462 1458 tem
1485 1428 1588 1468 angeli
1610 1429 1643 1458 in
1666 1438 1801 1469 corpore
1824 1434 1987 1469 assumpto
2018 1435 2064 1459 est
2086 1435 2193 1460 motus
2217 1432 2358 1472 corporis
2384 1442 2451 1463 non

1395 1472 1548 1508 viventis,
1572 1477 1607 1502 ut
1630 1477 1724 1512 patet.
1748 1491 1771 1495 —
1793 1472 1901 1503 Potest
1928 1482 2059 1513 quoque
2089 1473 2151 1504 dici
2179 1474 2268 1514 quod
2291 1475 2398 1507 deficit
2418 1477 2452 1507 in

1396 1515 1478 1545 alio:
1512 1515 1630 1546 scilicet
1658 1515 1747 1555 quod
1775 1517 1944 1556 applicatio
1972 1519 2159 1548 sacramenti
2186 1518 2280 1549 debet
2302 1518 2370 1550 fieri
2395 1530 2453 1560 per

1395 1559 1643 1589 instrumentum
1662 1561 1872 1590 coniunctum
1894 1561 2010 1600 primo,
2034 1566 2065 1591 et
2079 1561 2238 1592 mediante
2253 1563 2308 1593 illo
2332 1574 2389 1603 per
2403 1565 2452 1594 in-

1397 1607 1609 1632 strumentum
1632 1608 1830 1642 separatum;
1863 1603 1951 1643 quod
1973 1605 2026 1634 hic
2047 1614 2115 1634 non
2137 1605 2265 1636 haberet
2287 1607 2407 1638 locum.
2430 1626 2454 1630 -

1397 1646 1438 1675 Et
1461 1647 1605 1685 quamvis
1627 1646 1690 1676 hoc
1713 1656 1781 1676 non
1803 1647 1942 1677 multum
1957 1653 2076 1687 urgeat,
2093 1649 2214 1687 primus
2237 1654 2344 1680 tamen
2367 1651 2454 1682 defe-

1398 1694 1467 1719 ctus
1490 1690 1586 1729 cogit.
1621 1690 1662 1719 Et
1692 1690 1766 1729 quia
1794 1691 1915 1730 primus
1945 1690 2087 1721 defectus
2116 1693 2275 1723 invenitur
2302 1695 2335 1724 in
2365 1696 2453 1725 omni

1397 1734 1565 1773 supposito
1588 1734 1732 1764 rationali
1756 1740 1841 1764 extra
1863 1735 2036 1765 humanam
2059 1737 2208 1775 speciem,
2232 1737 2305 1767 ideo
2329 1745 2455 1778 oportet

1397 1777 1563 1807 hominem
1587 1787 1654 1807 esse
1678 1778 1734 1818 qui
1756 1778 1911 1808 ministret
1934 1785 2137 1810 sacramenta.

1451 1821 1493 1851 Et
1516 1822 1560 1851 sic
1583 1826 1670 1861 patet
1697 1821 1787 1861 quod
1809 1822 1915 1852 minor
1938 1822 2025 1852 Scoti
2049 1828 2095 1853 est
2118 1823 2210 1860 falsa,
2241 1825 2378 1856 univoce
2402 1836 2454 1856 su-

1397 1865 1516 1895 mendo
1539 1866 1696 1895 rationem
1719 1866 1900 1896 verborum.
1924 1867 1990 1896 Aut
2012 1868 2114 1897 maior
2131 1874 2177 1898 est
2192 1868 2277 1904 falsa,
2302 1870 2327 1899 si
2350 1870 2454 1910 prola-

1397 1910 1520 1939 tionem
1550 1910 1720 1940 verborum
1752 1916 1856 1940 sumat
1889 1911 2003 1950 quovis
2035 1911 2145 1942 modo.
2180 1912 2306 1943 Praeter
2338 1914 2454 1953 princi-

1397 1953 1503 1993 palem
1527 1952 1687 1984 defectum
1711 1954 1798 1993 prius
1821 1953 1961 1984 dictum:
1995 1955 2114 1985 scilicet
2137 1956 2226 1995 quod
2249 1963 2375 1997 oportet
2401 1959 2454 1988 ba-

1398 1997 1571 2037 ptizantem
1599 2007 1666 2028 esse
1697 1997 1813 2028 Christi
1842 1998 2040 2034 ministrum3
2074 2009 2110 2029 ac
2140 2009 2197 2040 per
2223 2001 2303 2037 hoc,
2328 2001 2454 2032 Christo

1398 2041 1531 2071 homine
1553 2051 1621 2071 non
1643 2042 1808 2078 maiorem,
1833 2041 1888 2072 sed
1912 2042 2112 2074 conformem
2134 2045 2168 2074 in
2190 2050 2310 2075 natura.

1058 2193 1377 2236 ARTICULUS
1407 2194 1680 2237 OCTAVUS

539 2286 694 2318 UTRUM
717 2286 928 2318 1NTENT10
953 2286 1143 2318 MINISTRI
1166 2287 1450 2325 REQUIRATUR
1472 2288 1531 2318 AD
1555 2287 1894 2319 PERFECTIONEM
1918 2289 2198 2320 SACRAMENTI

607 2365 699 2397 Supra,
718 2372 763 2397 qu.
781 2372 821 2394 nx,
841 2369 888 2389 art.
907 2363 937 2395 83
956 2364 990 2389 IV
1009 2364 1092 2394 Sent„
1112 2365 1171 2390 dist.
1189 2372 1223 2395 Vl,
1243 2372 1287 2398 qu.
1306 2373 1324 2396 1,
1343 2370 1389 2390 art.
1410 2372 1434 2394 2.
1453 2365 1502 2398 qu*
1523 2372 1552 2396 ι;
1572 2365 1629 2390 dist.
1647 2373 1691 2396 vn,
1711 2373 1755 2398 qu.
1774 2373 1811 2396 ιιι,
1830 2371 1877 2392 art.
1897 2374 1920 2396 ι,
1939 2367 1988 2400 qu⁸
2009 2375 2032 2397 1,
2051 2368 2083 2392 ad
2102 2368 2132 2398 3;

860 2400 919 2425 dist.
937 2407 990 2431 vm,
1009 2407 1054 2432 qu.
1072 2407 1100 2429 ιι,
1119 2406 1165 2426 art.
1183 2408 1210 2432 4,
1228 2401 1278 2433 qu*
1299 2400 1322 2429 3.
1341 2401 1373 2426 ad
1393 2407 1421 2430 1;
1440 2401 1499 2426 dist.
1518 2409 1574 2431 xxx,
1593 2409 1637 2433 qu.
1656 2408 1673 2432 1,
1692 2407 1739 2427 art.
1759 2401 1782 2431 3,
1801 2402 1832 2426 ad
1853 2401 1877 2426 3.

322 2496 377 2525 *44
398 2496 407 2510 ν
423 2507 467 2534 η
490 2474 515 2518 ἶ)
539 2491 712 2518 οετΑνυΜ
730 2491 783 2517 Slc
803 2491 1038 2516 PROCEDrrUR.
1059 2478 1220 2516 Videtur
1238 2480 1345 2528 quod

326 2521 469 2589 νᾼῗῇ
493 2532 652 2570 intentio
681 2531 842 2569 ministri
860 2544 941 2568 non
960 2531 1174 2581 requiratur
1192 2532 1240 2568 ad
1259 2544 1344 2581 per-

305 2617 310 2625 .
342 2580 349 2588 ⁴
365 2599 422 2637 ν,
445 2588 465 2623 (ι
493 2585 698 2622 sectionem
717 2584 954 2622 sacramenti.
983 2584 1158 2621 Minister
1176 2584 1280 2622 enim
1305 2585 1344 2622 in

342 2612 439 2666 §²²⁸5
455 2628 485 2669 *x
495 2645 733 2676 sacramento
775 2637 1111 2674 instrumentaliter
1151 2645 1342 2687 operatur.

282 2691 360 2730 Sed
388 2690 486 2728 actio
515 2702 596 2728 non
622 2690 819 2740 perficitur
845 2690 1063 2728 secundum
1092 2690 1344 2727 intentionem

281 2743 542 2791 instrumenti,
571 2743 639 2780 sed
671 2743 888 2780 secundum
922 2742 1174 2780 intentionem
1205 2742 1344 2792 princi-

281 2797 378 2847 palis
405 2796 559 2845 agentis.
598 2797 699 2843 Ergo
727 2795 885 2833 intentio
920 2795 1082 2833 ministri
1109 2808 1190 2832 non
1219 2796 1343 2845 requi-

282 2849 378 2887 ritur
404 2850 453 2886 ad
480 2849 755 2899 perfectionem
782 2848 1020 2886 sacramenti.

337 2914 372 2940 2.
410 2903 649 2950 PRAETEREA,
677 2914 759 2938 non
794 2909 918 2951 potest
951 2900 1102 2937 homini
1136 2912 1218 2938 esse
1253 2907 1344 2937 nota

281 2954 441 2993 intentio
470 2955 632 2992 alterius.
663 2954 703 2992 Si
731 2953 842 3003 igitur
860 2953 1018 2991 intentio
1038 2952 1199 2990 ministri
1219 2953 1343 3002 requi-

282 3015 387 3046 ratur
404 3008 455 3045 ad
472 3007 747 3057 perfectionem
774 3006 1011 3053 sacramenti,
1031 3018 1112 3043 non
1129 3013 1258 3055 posset
1276 3006 1343 3042 ho·

282 3061 379 3098 mini
397 3061 446 3098 ad
466 3068 751 3098 sacramentum
769 3059 964 3097 accedenti
983 3071 1064 3096 esse
1084 3066 1219 3095 notum
1236 3058 1344 3107 quod

282 3121 568 3151 sacramentum
596 3112 833 3162 suscepisset.
864 3114 912 3149 Et
938 3112 988 3149 ita
1015 3123 1096 3148 non
1121 3118 1250 3160 posset
1277 3112 1343 3148 ha—

282 3166 373 3204 bere
401 3166 667 3204 certitudinem
696 3165 845 3203 salutis:
875 3164 1080 3215 praecipue
1108 3176 1200 3201 cum
1227 3176 1344 3213 quae-

283 3219 372 3257 dam
409 3227 646 3257 sacramenta
679 3218 754 3256 sint
790 3218 838 3256 de
874 3217 1094 3255 necessitate
1123 3216 1272 3264 salutis,
1302 3224 1344 3254 ut

282 3271 379 3310 insta
396 3272 417 3295 ’¹‘
443 3272 600 3310 dicetur.

338 3325 373 3362 3.
402 3326 635 3373 PRAETEREA,
656 3324 813 3362 intentio
834 3323 1002 3361 hominis
1020 3335 1100 3360 non
1118 3330 1243 3372 potest
1262 3334 1343 3359 esse

336 3437 364 3472 α)
382 3441 508 3463 attentus.
527 3453 545 3457 -
569 3438 614 3470 P1;
639 3438 750 3463 intentio
775 3438 837 3468 Hbc,
864 3438 981 3463 intentus
1006 3438 1091 3463 ceteri.
1116 3437 1167 3462 Pro
1191 3436 1344 3466 attendunt,

283 3473 425 3499 intendunt
443 3474 484 3499 ed.
502 3481 529 3500 a.

336 3507 366 3543 β)
380 3508 531 3542 perficitur.
547 3523 567 3528 -
581 3509 757 3542 perficeretur
776 3508 837 3534 PEI.

1398 2480 1447 2516 ad
1466 2479 1505 2516 id
1525 2479 1623 2516 circa
1641 2481 1749 2529 quod
1772 2492 1852 2517 non
1878 2489 1933 2517 est
1952 2489 2115 2518 attentus
2135 2487 2162 2518 α.
2193 2482 2269 2520 Sed
2288 2482 2455 2532 aliquan-

1398 2532 1450 2569 do
1478 2532 1529 2569 illi
1557 2532 1624 2582 qui
1648 2533 1688 2569 in
1707 2533 1950 2570 sacramentis
1978 2534 2201 2581 ministrant,
2230 2547 2310 2572 non
2338 2544 2455 2573 atten-

1398 2585 1495 2622 dunt
1522 2586 1571 2622 ad
1599 2597 1644 2622 ea
1672 2598 1771 2634 quae
1805 2586 1937 2623 dicunt
1963 2588 2026 2623 vel
2061 2587 2220 2634 faciunt,
2250 2588 2321 2625 alia
2355 2589 2454 2636 cogi-

1398 2645 1530 2675 tantes.
1560 2639 1673 2686 Ergo,
1694 2639 1909 2676 secundum
1929 2640 2015 2686 hoc,
2035 2651 2116 2676 non
2143 2640 2338 2689 perficitur
2355 2640 2370 2670 β
2397 2653 2454 2678 sa-

1398 2698 1650 2738 cramentum,
1678 2699 1836 2741 propter
1862 2691 2080 2728 intentionis
2109 2693 2309 2730 defectum.

1453 2744 1526 2780 SED
1555 2756 1699 2781 CONTRA
1726 2756 1792 2781 EsT
1829 2745 1936 2793 quod
1971 2757 2016 2781 ea
2053 2757 2152 2794 quae
2187 2754 2275 2782 sunt
2306 2754 2456 2795 praeter

1398 2795 1661 2843 intentionem,
1691 2805 1778 2833 sunt
1806 2797 1981 2834 casualia.
2012 2798 2131 2844 Quod
2149 2810 2229 2835 non
2248 2806 2304 2835 est
2329 2798 2455 2836 dicen-

1397 2849 1494 2885 dum
1522 2849 1570 2886 de
1598 2849 1820 2898 operatione
1840 2858 2179 2887 sacramentorum.
2209 2852 2310 2898 Ergo
2336 2863 2454 2888 sacra-

1397 2908 1528 2938 menta
1555 2901 1753 2950 requirunt
1779 2901 2031 2939 intentionem
2058 2902 2230 2939 ministri.

1450 2955 1675 2991 RESPONDEO
1702 2966 1883 2992 melerinum
1911 2955 2038 3003 quod,
2068 2956 2224 3003 quando
2253 2955 2395 3005 aliquid
2415 2968 2455 2993 se

1397 3006 1513 3042 habet
1539 3006 1589 3042 ad
1616 3007 1748 3054 multa,
1773 3015 1923 3055 oportet
1950 3007 2057 3056 quod
2075 3019 2145 3056 per
2162 3007 2306 3056 aliquid
2334 3009 2454 3045 deter-

1397 3058 1564 3095 minetur
1591 3059 1640 3095 ad
1658 3071 1796 3106 unum,
1816 3059 1847 3096 si
1874 3059 1967 3096 illud
1986 3059 2085 3096 effici
2103 3060 2250 3097 debeat.
2286 3062 2343 3098 Ea
2360 3073 2454 3098 vero

1397 3123 1498 3160 quae
1533 3110 1572 3147 in
1609 3111 1852 3148 sacramentis
1889 3120 2073 3160 aguntur,
2106 3120 2267 3161 possunt
2303 3113 2454 3150 diversi-

1397 3164 1514 3201 mode
1543 3163 1618 3212 agi:
1655 3164 1751 3201 sicut
1779 3164 1922 3201 ablutio
1955 3177 2097 3214 aquae,
2126 3177 2226 3214 quae
2253 3165 2296 3202 fit
2323 3166 2362 3202 in
2390 3166 2454 3203 ba-

1397 3216 1549 3266 ptismo,
1578 3224 1702 3266 potest
1730 3216 1896 3254 ordinari
1924 3224 1960 3254 et
1987 3217 2036 3254 ad
2063 3218 2292 3255 munditiam
2319 3230 2454 3268 corpo-

1397 3270 1535 3316 ralem,
1565 3277 1601 3306 et
1628 3270 1676 3306 ad
1704 3269 1903 3307 sanitatem
1921 3275 1937 3298 Υ
1965 3272 2222 3319 corporalem,
2252 3279 2289 3307 et
2322 3271 2371 3308 ad
2399 3273 2454 3308 lu-

1398 3322 1506 3369 dum,
1522 3329 1558 3358 et
1577 3322 1625 3359 ad
1645 3323 1766 3359 multa
1785 3322 1856 3360 alia
1876 3322 2111 3360 huiusmodi.
2133 3324 2180 3360 Et
2199 3323 2286 3360 ideo
2306 3332 2455 3373 oportet

1448 3435 1476 3469 γ)
1494 3435 1645 3461 sanitatem.
1662 3449 1683 3455 —
1700 3435 1816 3466 PFGH1;
1841 3436 2018 3461 sanctitatem.
2043 3436 2094 3460 Pro
2118 3436 2291 3468 corporalem,
2315 3435 2453 3461 mentalem

1397 3471 1427 3501 E.
1444 3471 1610 3503 spiritualem
1630 3471 1670 3497 ed.
1689 3479 1714 3496 a.
1734 3471 1905 3504 (Praecedens
1923 3471 2089 3503 corporalem
2108 3479 2161 3496 om.
2180 3471 2223 3505 G).
