2918 4088
93 1147 234 1336 {iiiii

181 1313 224 1331 ἔ

919 172 1182 219 QUAEs‘rlo
1210 173 1385 220 Lxxvl,
1414 172 1707 211 ARTICULUS
1735 175 1780 212 111

264 255 394 285 autern
432 247 646 284 dimensiva
682 260 729 285 ex
760 248 799 286 vi
836 249 944 286 realis
982 250 1320 296 concomitantiae,
1347 249 1350 301 Ι

263 311 404 349 corpus
424 299 563 337 Christi
582 308 637 337 est
655 300 695 337 in
714 302 789 339 hoc
809 310 1046 339 sacramento
1066 314 1135 351 per
1157 303 1322 339 modum

263 352 505 399 substantiae,
525 352 632 400 idest,
652 365 722 402 per
749 354 913 392 modum
933 367 1012 404 quo
1041 354 1250 392 substantia
1267 361 1323 391 est

263 405 335 443 sub
363 404 687 443 dimensionibus:
717 419 798 445 non
825 415 956 445 autem
982 420 1052 457 per
1075 407 1242 444 modum
1269 406 1321 443 di-

262 457 526 504 mensionum,
556 458 670 506 idest,
700 471 780 497 non
807 471 877 509 per
903 460 1009 498 illum
1048 460 1214 497 modum
1241 471 1321 508 quo

262 510 452 560 quantitas
488 511 704 549 dimensiva
746 512 905 550 alicuius
948 512 1120 562 corporis
1157 520 1213 549 est
1248 511 1320 548 sub

262 562 470 613 quantitate
489 563 704 602 dimensiva
721 565 806 602 loci.
835 565 1083 603 Manifestum
1109 572 1164 601 est
1191 571 1318 601 autem

262 616 369 665 quod
406 624 542 653 natura
579 617 810 654 substantiae
846 625 926 655 tota
953 625 1008 654 est
1044 617 1116 654 sub
1153 616 1322 666 qualibet

261 676 367 718 parte
386 669 674 707 dimensionum
702 670 774 707 sub
794 669 936 719 quibus
963 669 1195 707 continetur:
1226 669 1322 706 sicut

261 722 334 759 sub
362 722 531 771 qualibet
556 730 663 772 parte
691 722 787 760 aeris
815 730 870 759 est
897 729 975 759 tota
993 730 1129 760 natura
1156 722 1265 767 aeris,
1285 729 1322 758 et

261 774 334 812 sub
353 774 522 824 qualibet
539 783 646 824 parte
664 775 774 824 panis
794 782 849 811 est
867 782 944 812 tota
962 782 1099 811 natura
1123 774 1244 823 panis.
1273 775 1322 811 Et

260 828 337 864 hoc
355 827 615 864 indifferenter
642 827 722 864 sive
749 827 1009 864 dimensiones
1028 827 1102 864 sint
1120 834 1206 864 actu
1226 826 1321 864 divi-

260 891 336 927 sae,
357 880 454 916 sicut
471 890 564 916 cum
582 891 647 916 aer
665 879 848 917 dividitur
865 881 927 917 vel
944 879 1054 929 panis
1074 887 1239 917 secatur:
1260 880 1323 916 vel

260 930 375 971 etiam
394 931 468 968 sint
486 939 572 969 actu
591 931 788 977 indivisae,
800 931 1007 970 divisibiles
1026 944 1119 969 vero
1138 931 1319 982 poten'tia.

260 985 309 1022 Et
335 984 423 1022 ideo
451 984 698 1022 manifestum
725 992 781 1022 est
799 985 908 1034 quod
937 985 1110 1022 Christus
1137 993 1239 1022 totus
1267 993 1323 1022 est

259 1037 332 1074 sub
351 1037 520 1086 qualibet
545 1045 653 1087 parte
681 1037 897 1086 specierum
915 1037 1037 1087 panis,
1057 1037 1172 1075 etiarn
1197 1037 1322 1075 hostia

259 1089 403 1139 integra
421 1098 622 1128 manente:
652 1097 688 1127 et
706 1102 787 1127 non
807 1092 934 1128 solum
953 1103 1044 1128 cum
1063 1090 1256 1139 frangitur,
1277 1091 1321 1128 si-

259 1150 324 1186 cut
342 1142 503 1192 quidam
515 1142 536 1165 '¹'
555 1143 697 1191 dicunt,
714 1151 902 1193 ponentes
921 1145 1144 1194 exemplum
1162 1144 1210 1181 de
1230 1143 1321 1181 ima-

258 1194 345 1246 gine
373 1208 472 1246 quae
501 1204 659 1246 apparet
681 1196 722 1234 in
741 1198 909 1246 speculo,
930 1209 1029 1246 quae
1058 1209 1137 1234 una
1164 1204 1322 1247 apparet

259 1247 300 1287 in
317 1250 475 1299 speculo
494 1249 651 1298 integro,
672 1249 830 1287 infracto
849 1258 980 1287 autem
999 1251 1156 1300 speculo
1171 1248 1184 1272 δ
1204 1262 1320 1300 appa-

259 1309 344 1339 rent
370 1301 539 1352 singulae
558 1302 601 1341 in
615 1302 774 1351 singulis
801 1303 983 1352 partibus.
1014 1303 1134 1350 Quod
1161 1303 1321 1352 quidem

259 1366 343 1392 nnn
358 1354 595 1393 estffomnino
622 1355 757 1393 simile.
785 1356 888 1403 Quia
906 1356 1168 1406 multiplicatio
1188 1356 1321 1393 huius-

247 1407 367 1447 ‘modi
394 1407 608 1457 imaginum
635 1408 770 1446 accidit
789 1408 828 1446 in
848 1410 1005 1458 speculo
1024 1409 1140 1446 fracto
1164 1417 1322 1459 propter

259 1459 429 1499 diversas
465 1461 693 1499 reflexiones
720 1462 770 1499 ad
797 1461 966 1500 diversas
1000 1470 1126 1512 partes
1154 1461 1318 1512 speculi:

259 1512 323 1552 hic
348 1521 476 1551 autem
506 1526 588 1551 non
615 1522 671 1552 est
697 1514 770 1552 nisi
791 1527 870 1552 una
897 1514 1144 1562 consecratio,
1165 1523 1322 1564 propter

258 1578 379 1617 quam
406 1578 548 1616 corpus
577 1567 717 1604 Christi
745 1576 800 1604 est
827 1567 867 1604 in
895 1575 1146 1605 sacramento.

308 1698 336 1734 ὃ)
353 1699 470 1734 infracto
487 1702 576 1724 autem
595 1699 708 1731 speculo.
722 1712 741 1717 -
758 1699 796 1728 A;
816 1698 842 1723 in
861 1698 926 1731 (om.
941 1698 981 1732 ΡΙ)
1001 1699 1107 1731 speculo
1124 1702 1214 1724 autem
1226 1700 1321 1734 fracto

254 1735 339 1767 tertia,
357 1735 384 1760 in
396 1735 492 1768 fracto
509 1737 599 1759 autem
617 1734 723 1766 speculo
742 1735 830 1759 ceteri.

2358 181 2427 218 183

1429 250 1487 286 An
1507 261 1641 287 ramum
1660 263 1757 288 ERGO
1777 264 1956 291 orci-:Noun
1979 257 2085 303 quod
2103 269 2287 296 numerus
2306 259 2428 308 sequi-

1376 309 1438 338 tur
1465 301 1706 339 divisionem.
1736 304 1784 339 Et
1810 304 1908 351 ideo,
1936 308 2106 355 quandiu
2134 311 2320 358 quantitas
2348 324 2428 348 ma-

1376 361 1440 390 net
1467 353 1630 391 indivisa
1657 362 1761 400 actu,
1789 367 1914 405 neque
1950 359 2155 397 substantia
2191 362 2347 400 alicuius
2375 364 2428 401 rei

1376 413 1431 443 est
1449 406 1591 455 pluries
1606 406 1678 443 sub
1697 407 2000 447 dimensionibus
2018 413 2191 461 propriis,
2207 426 2331 463 neque
2347 428 2428 453 cor-

1375 471 1449 508 pus
1469 458 1607 496 Christi
1627 459 1699 496 sub
1718 459 2022 499 dimensionibus
2041 463 2160 512 panis,
2188 466 2236 502 Et
2253 479 2321 515 per
2339 479 2428 505 con-

1376 523 1541 560 sequens
1569 523 1695 560 neque
1719 512 1918 550 infinities:
1948 515 2015 552 sed
2042 515 2149 552 toties
2168 517 2207 553 in
2234 527 2328 566 quot
2345 531 2428 568 par-

1375 571 1431 601 tes
1459 563 1650 601 dividitur.

1428 618 1485 653 An
1518 628 1707 654 SECUNDUM
1743 629 1924 655 DICENDUM
1958 619 2065 667 quod
2093 620 2153 657 illa
2184 621 2430 661 determinata

1375 668 1549 706 distantia
1579 669 1748 718 partium
1780 669 1820 706 in
1847 682 2008 720 corpore
2043 672 2220 720 organico
2252 674 2430 713 fundatur

1376 734 1492 771 super
1519 721 1768 770 quantitatem
1800 722 2056 760 dimensivam
2087 724 2223 774 ipsius:
2257 726 2337 776 ipsa
2364 740 2430 764 au-

1376 782 1452 811 tem
1482 782 1618 811 natura
1650 775 1880 812 substantiae
1900 781 1912 796 ²
1939 777 2129 825 praecedit
2166 778 2279 815 etiam
2311 792 2429 828 quan-

1375 827 1519 864 titatem
1548 827 1815 864 dirnensivam.
1845 829 1894 864 Et
1913 828 2004 877 quia
2031 830 2230 867 conversio
2259 831 2430 869 substan-

1375 879 1447 917 tiae
1467 879 1577 929 panis
1604 879 1744 917 directe
1771 879 1997 918 terminatur
2015 882 2063 918 ad
2083 882 2331 920 substantiam
2350 896 2430 921 cor·

1375 932 1479 982 poris
1508 931 1663 979 Christi,
1693 933 1909 971 secundum
1943 933 2053 971 cuiu's
2088 935 2252 972 modum
2279 936 2431 985 proprie

1376 993 1412 1023 et
1439 985 1578 1023 directe
1607 993 1663 1022 est
1685 985 1726 1022 in
1743 986 1820 1023 hoc
1847 995 2085 1024 sacramento
2113 999 2253 1037 corpus
2283 988 2430 1036 Christi,

1375 1038 1458 1076 talis
1485 1037 1661 1076 distantia
1691 1038 1858 1088 partium
1891 1047 1946 1077 est
1977 1039 2137 1088 quidem
2169 1041 2208 1077 in
2240 1040 2322 1089 ipso
2351 1053 2432 1078 cor—

1375 1103 1470 1142 pore
1499 1091 1639 1129 Christi
1665 1104 1771 1138 vero,
1805 1092 1872 1129 sed
1900 1104 1981 1129 non
2009 1093 2224 1130 secundum
2252 1094 2350 1131 hanc
2378 1094 2432 1131 di—

1376 1144 1553 1182 stantiam
1580 1152 1827 1194 comparatur
1853 1145 1902 1182 ad
1930 1145 2006 1182 hoc
2038 1154 2336 1193 sacramentum,
2366 1147 2432 1184 sed

1375 1197 1592 1236 secundum
1623 1197 1790 1235 modum
1818 1195 1909 1235 suae
1938 1198 2186 1246 substantiae,
2220 1206 2261 1236 ut
2288 1198 2432 1237 dictum

1376 1258 1431 1288 est
1449 1250 1480 1287 ²¹³.

1428 1305 1485 1340 AD
1513 1315 1671 1341 TERTmM
1698 1315 1880 1341 DiCENDUM
1914 1303 2022 1352 quod
2050 1303 2143 1340 ratio
2172 1303 2233 1340 illa
2264 1305 2433 1353 procedit

1375 1356 1423 1393 de
1443 1364 1578 1394 natura
1596 1356 1768 1405 corporis
1796 1368 1915 1406 quam
1936 1356 2052 1393 habet
2079 1357 2293 1394 secundum
2313 1370 2432 1406 quan-

1374 1409 1518 1447 titatem
1550 1409 1818 1446 dirnensivam.
1858 1408 2013 1446 Dictum
2051 1417 2106 1446 est
2133 1417 2262 1446 autem
2280 1410 2300 1431 '¹‘
2327 1410 2434 1459 quod

1375 1474 1516 1512 corpus
1536 1461 1676 1499 Christi
1693 1474 1774 1499 non
1795 1469 2042 1512 comparatur
2059 1462 2108 1500 ad
2127 1463 2203 1500 hoc
2221 1475 2432 1500 sacramen-

1374 1523 1458 1552 tum
1485 1514 1631 1552 ratione
1659 1514 1876 1564 quantitatis
1911 1515 2165 1560 dimensivae,
2195 1515 2262 1552 sed
2289 1516 2433 1554 ratione

1375 1567 1618 1614 substantiae,
1639 1575 1682 1604 ut
1709 1567 1855 1604 dictum
1883 1575 1938 1604 est
1956 1568 1987 1604 ²¹⁸.

1429 1698 1452 1732 ε)
1469 1699 1644 1724 substantiae.
1661 1713 1680 1717 -
1699 1699 1767 1728 PF1;
1785 1699 1882 1731 speciei
1900 1698 1936 1723 sD
1950 1703 1975 1724 et
1989 1699 2045 1728 abc,
2059 1706 2164 1731 semper
2177 1699 2208 1728 G,
2220 1700 2306 1731 specie
2325 1700 2436 1725 ceteri.-

1375 1734 1456 1759 etiam
1475 1742 1528 1760 om.
1547 1734 1638 1760 GHbc.

932 1833 1265 1877 Commentaria
1288 1834 1540 1867 Cardinalis
1562 1821 1763 1868 Caietam

286 1947 308 1968 u
326 1936 459 1968 articulo
475 1937 569 1967 tertio
586 1935 652 1967 duo
669 1940 844 1966 occurrunt
859 1935 971 1966 dubia:
995 1936 1138 1976 primum
1154 1936 1236 1966 circa
1251 1945 1320 1966 rem

260 1948 400 2022 Iipsam,
425 1990 463 2012 ex
486 1980 657 2017 Durando3
681 1979 861 2011 secundum
885 1981 967 2011 circa
987 1981 1145 2011 rationem
1167 1981 1202 2010 in
1217 1980 1320 2010 littera

222 2045 229 2051 ·
255 2025 411 2057 redditam
423 2026 450 2062 *,
463 2034 501 2056 ex
517 2025 615 2056 Scoto
632 2030 663 2056 et
679 2023 843 2055 Durand0.
868 2024 1038 2055 Durandus
1050 2025 1085 2041 ⁴⁶*
1101 2030 1212 2055 contra
1231 2034 1320 2055 com—

221 2071 228 2079 ”
255 2079 390 2101 munem
414 2070 604 2110 opinionem
626 2074 789 2100 tenentem
812 2078 880 2099 non
895 2069 1003 2100 solum
1025 2069 1234 2100 substantiam
1250 2078 1320 2099 cor—

255 2114 344 2155 poris
367 2113 495 2150 Christi,
519 2113 575 2144 sed
598 2114 694 2144 etiam
717 2113 927 2153 quantitatem
951 2114 1019 2144 eius
1042 2113 1177 2144 naturali
1200 2122 1320 2143 conco-

254 2158 399 2190 mirantia
415 2158 582 2194 contineri,
598 2158 827 2188 indivisibiliter
841 2162 959 2194 tamen,
983 2158 1016 2188 in
1032 2158 1096 2188 hoc
1111 2162 1319 2193 sacrament0,

256 2202 367 2234 obiicit
382 2201 551 2243 dupliciter
566 2203 592 2232 ἦ
617 2202 736 2232 Primo.
760 2202 847 2232 Nihil
861 2207 970 2242 potest
985 2202 1164 2242 comparari
1179 2201 1219 2232 ad
1234 2200 1321 2232 aliud

255 2245 357 2278 modo
379 2246 634 2286 incompossibili
658 2256 734 2277 suae
757 2251 898 2276 naturae.
934 2245 998 2277 Sed
1019 2245 1250 2276 indivisibilitas
1274 2250 1321 2276 est

254 2291 525 2332 incompossibilis
554 2296 685 2321 naturae
717 2290 916 2330 quantitatis:
952 2290 1028 2330 quia
1050 2291 1119 2330 ipsa
1145 2290 1185 2321 de
1207 2295 1320 2320 natura

255 2344 314 2366 sua
335 2335 505 2366 intrinseca
528 2339 575 2365 est
593 2334 766 2365 divisibilis.
790 2334 875 2374 Ergo
893 2335 1051 2374 quantitas
1068 2334 1211 2375 corporis
1228 2333 1319 2364 Chri-

255 2379 297 2410 sti
317 2387 387 2410 non
407 2384 515 2423 potest
537 2379 714 2420 comparari
737 2378 776 2409 ad
800 2379 1010 2419 quantitatem
1032 2379 1155 2409 hosu'ae
1178 2377 1319 2408 indivisi-

255 2421 378 2454 bffltet:
400 2423 465 2454 hoc
488 2425 544 2460 eet,
567 2429 605 2454 ut
627 2423 667 2453 sit
689 2428 756 2453 tota
778 2423 838 2454 sub
861 2428 932 2453 toto
956 2428 988 2454 et
1009 2428 1077 2453 tota
1099 2423 1158 2454 sub
1178 2422 1320 2463 qualibet

255 2472 356 2508 parte.

311 2510 474 2543 Secundo.
505 2511 711 2551 Ubicumque
735 2511 977 2554 est'substantia
999 2513 1032 2543 in
1059 2521 1093 2542 se
1113 2511 1251 2547 realiter,
1275 2511 1320 2541 ibi

257 2559 305 2587 est
326 2555 579 2592 substantialiter,
603 2556 679 2596 quia
700 2556 759 2586 iste
774 2555 892 2586 modus
914 2562 961 2587 est
983 2557 1022 2587 ab
1039 2566 1077 2587 ea
1091 2555 1318 2596 inseparabilis.

257 2599 344 2640 Ergo
367 2600 519 2636 similiter,
542 2599 741 2640 ubicumque
765 2605 812 2630 est
835 2601 994 2640 quantitas
1016 2601 1050 2631 in
1069 2609 1102 2630 se
1126 2599 1259 2635 realiter,
1275 2599 1320 2630 ibi

257 2649 305 2674 est
327 2644 545 2684 quantitative,
570 2644 646 2684 quia
667 2644 726 2674 iste
749 2643 866 2675 modus
889 2649 936 2675 est
950 2644 1167 2685 inseparabilis
1183 2653 1202 2674 a
1217 2653 1318 2684 quan-

255 2687 355 2719 titate.
378 2687 455 2718 Non
471 2693 518 2718 est
536 2697 612 2728 ergo
636 2687 754 2718 Christi
769 2689 928 2729 quantitas
951 2698 1008 2729 per
1023 2688 1159 2719 modum
1174 2688 1319 2718 substan-

256 2732 319 2763 tiae
341 2732 376 2763 in
398 2733 462 2763 hoc
485 2737 694 2763 sacramento.

311 2775 349 2807 11.
374 2776 468 2807 Circa
490 2777 647 2807 rationem
662 2786 738 2807 vero
761 2777 796 2807 in
810 2777 913 2807 littera
927 2776 1093 2813 redditam,
1109 2777 1185 2817 quia
1199 2777 1320 2807 scilicet

256 2829 296 2855 ex
317 2821 350 2851 vi
365 2821 553 2852 sacramenti
568 2821 637 2851 sola
652 2821 795 2861 corporis
812 2820 930 2853 Christi
948 2821 1122 2852 substantia
1138 2821 1320 2852 continetur

256 2865 316 2897 sub
338 2865 452 2902 hostia,
477 2865 636 2906 quantitas
659 2870 767 2895 autem
791 2866 1055 2902 concomitanter,
1079 2865 1204 2901 Scotus‚
1224 2865 1258 2895 in
1277 2864 1320 2903 IV

256 2906 354 2946 Sent„
379 2908 449 2940 dist.
465 2920 502 2945 x,
526 2919 581 2950 qu.
598 2920 624 2945 1,
656 2908 870 2949 improbando
903 2910 1040 2940 occurrit
1070 2910 1115 2940 sic
1141 2918 1275 2949 arguens
1291 2910 1318 2939 *.

256 2952 534 2994 Unumquodque,
558 2954 624 2984 sive
648 2954 687 2984 sit
709 2954 832 2993 primus
849 2953 1004 2984 terminus
1021 2953 1238 2984 conversionis
1254 2954 1319 2984 sive

256 2997 434 3034 secundus,
464 2999 491 3028 si
513 3003 621 3028 tamen
645 3003 691 3028 est
713 2998 767 3034 ibi,
792 2998 888 3028 habet
909 2998 1118 3038 proprietates
1140 3007 1212 3028 suas
1235 3007 1319 3038 quae

256 3042 317 3073 sibi
338 3043 516 3075 necessario
548 3048 580 3072 et
601 3042 784 3073 naturaliter
810 3042 1016 3073 conveniunt.
1051 3042 1137 3082 Ergo
1161 3043 1319 3083 quantitas

257 3087 400 3128 corporis
423 3086 551 3122 Christi,
575 3087 641 3117 sive
656 3095 713 3127 per
729 3087 974 3117 conversionem
991 3087 1031 3117 sit
1045 3087 1106 3126 sub*
1120 3092 1318 3117 sacramento

255 3129 362 3171 primo
386 3130 436 3161 vel
459 3130 659 3167 secundario,
684 3131 710 3161 si
734 3136 780 3161 est
802 3131 856 3166 ibi,
881 3130 976 3162 habet
998 3140 1094 3162 suum
1111 3129 1248 3162 modum
1263 3140 1318 3161 na-

255 3174 523 3215 turalem,.quod
546 3180 593 3205 est
615 3184 683 3206 esse
706 3174 806 3205 modo
830 3175 1051 3215 quantitativo.

312 3217 554 3260 Consequentia
577 3219 668 3250 clara.
692 3237 716 3241 -
738 3219 779 3250 Et
802 3219 992 3250 antecedens
1014 3219 1169 3259 probatur
1184 3218 1319 3259 duplici-

256 3267 320 3293 ter:
344 3262 464 3294 scilicet
486 3263 649 3304 exemplo,
675 3268 706 3293 et
728 3264 861 3294 ratione.
897 3263 1091 3303 Exemplum
1113 3260 1161 3294 est
1183 3263 1268 3303 quia,
1293 3263 1319 3293 si

257 3306 346 3339 Deus
368 3307 420 3338 vel
442 3312 555 3338 natura
587 3313 730 3338 causaret
751 3308 960 3338 substantiam
983 3311 1136 3348 quantam
1163 3308 1207 3338 ita
1229 3306 1319 3347 quod

257 3351 416 3391 quantitas
439 3352 674 3382 concomitetur
693 3352 912 3388 substantiam,
935 3351 1145 3383 nihilominus
1160 3352 1319 3392 quantitas

256 3394 384 3425 habebit
405 3405 501 3426 suum
515 3395 650 3426 modum
665 3395 852 3426 naturalem.
877 3395 971 3427 Unde
990 3401 1120 3437 apparet
1135 3395 1224 3436 quod
1240 3404 1318 3425 con-

257 3439 442 3471 comitantia
464 3449 532 3470 non
554 3446 657 3470 mutat
678 3439 815 3471 modum
837 3440 1014 3471 naturalem
1038 3441 1221 3480 quantitatis
1240 3448 1318 3469 con-

257 3483 447 3514 comitantis.

1429 1937 1523 1967 Ratio
1546 1947 1623 1968 vero
1648 1943 1695 1968 est
1718 1938 1793 1978 quia
1816 1937 1937 1968 diversa
1960 1938 2113 1969 habitudo
2133 1938 2172 1969 ad
2188 1949 2292 1979 agens,
2317 1940 2435 1971 scilicet

1375 1981 1522 2021 primaria
1544 1982 1596 2012 vel
1611 1982 1806 2018 secundaria,
1823 1981 1960 2012 mediata
1975 1982 2026 2012 vel
2040 1983 2231 2020 immediata,
2256 1994 2323 2014 non
2338 1985 2435 2015 variat

1374 2031 1520 2056 naturam
1547 2027 1608 2062 rei,
1642 2025 1720 2057 dum
1742 2032 1851 2056 tamen
1880 2026 2083 2067 producatur.
2119 2028 2204 2067 Ergo
2234 2038 2294 2058 nec
2317 2029 2434 2059 carebit

1376 2070 1533 2110 quantitas
1564 2080 1624 2101 suo
1654 2070 1755 2101 modo
1786 2071 1920 2101 naturali
1950 2077 2080 2111 propter
2110 2072 2172 2102 hoc
2205 2077 2328 2102 tanturn
2359 2074 2434 2113 quia

1374 2123 1443 2144 non
1459 2119 1506 2144 est
1520 2115 1642 2155 primus
1666 2115 1821 2145 terminus
1845 2116 2072 2151 conversionis,
2096 2115 2173 2146 dum
2196 2115 2302 2146 tainen
2329 2117 2367 2146 sit
2389 2117 2433 2147 ibi

1374 2158 1507 2194 realiter,
1531 2159 1597 2190 sive
1620 2159 1726 2199 primo
1750 2159 1816 2190 sive
1840 2160 2101 2196 concomitanter,
2125 2170 2181 2200 per
2196 2160 2281 2190 illam
2301 2170 2432 2191 conver-

1374 2212 1510 2233 sronem.

1429 2246 1480 2277 111.
1506 2246 1677 2278 Durandus
1692 2253 1769 2278 vero
1785 2248 1802 2264 ⁴*
1825 2247 1884 2278 alia
1900 2248 1950 2278 via
1966 2253 2075 2278 contra
2090 2248 2172 2278 hanc
2187 2249 2342 2279 rationem
2357 2259 2431 2289 pro-

1375 2290 1472 2327 cedit,
1496 2301 1632 2331 arguens
1650 2293 1683 2322 *t
1715 2292 1883 2330 Quantitas
1912 2291 1951 2322 de
1974 2293 2095 2323 ratione
2118 2302 2174 2323 sua
2196 2293 2363 2323 intrinseca
2386 2299 2432 2324 est

1374 2335 1547 2366 divisibilis.
1571 2336 1657 2376 Ergo
1673 2336 1764 2366 nullo
1780 2335 1880 2366 modo
1904 2341 2010 2376 potest
2025 2336 2083 2367 sibi
2099 2343 2291 2376 competere,
2310 2338 2431 2367 ratione

1374 2380 1608 2420 cuiuscumque
1631 2380 1768 2416 alterius,
1793 2379 2022 2411 indivisibiliter
2045 2390 2078 2411 se
2101 2381 2226 2411 habere.
2257 2381 2341 2422 Ergo
2365 2391 2432 2411 non

1373 2429 1480 2464 potest
1503 2425 1679 2464 comparari
1702 2424 1742 2455 ad
1764 2425 1874 2455 locum
1897 2423 1997 2455 modo
2021 2425 2222 2455 substantiae.

1428 2468 1470 2498 Et
1493 2467 1709 2499 confirmatur.
1737 2468 1822 2506 Quia
1846 2469 1951 2499 anima
1966 2469 2135 2505 rationalis,
2152 2469 2226 2499 licet
2247 2469 2287 2499 sit
2301 2469 2334 2499 in
2357 2469 2430 2500 loco

1373 2511 1534 2543 mediante
1556 2513 1699 2543 humano
1724 2522 1860 2552 corpore
1883 2518 2015 2553 quanto,
2032 2513 2099 2553 ipsa
2122 2518 2229 2543 tamen
2251 2518 2298 2543 est
2319 2513 2431 2544 indivi-

1373 2557 1503 2587 sibiliter
1518 2557 1552 2587 in
1574 2557 1668 2588 loco:
1694 2562 1741 2587 est
1757 2557 1842 2588 enim
1857 2562 1923 2587 tota
1936 2558 1970 2587 in
1986 2562 2054 2587 toto
2077 2557 2151 2587 loco
2168 2563 2199 2588 et
2220 2562 2286 2587 tota
2305 2557 2339 2588 in
2354 2566 2432 2597 qua-

1373 2601 1450 2631 libet
1464 2606 1553 2641 parte
1577 2601 1662 2638 eius;
1694 2607 1725 2631 et
1747 2601 1810 2632 hoc
1824 2600 1898 2631 ideo
1926 2601 2001 2641 quia
2024 2602 2148 2631 animae
2170 2601 2315 2631 rationali
2338 2611 2432 2641 repu-

1373 2650 1448 2685 gnat
1472 2644 1677 2676 divisibilitas.
1701 2645 1797 2686 Ergo,
1814 2654 1871 2685 per
1886 2645 2083 2686 oppositum,
2100 2655 2167 2676 non
2184 2646 2327 2675 obstante
2343 2644 2432 2685 quod

1374 2689 1533 2729 quantitas
1560 2688 1678 2720 Christi
1695 2690 1741 2719 'sit
1762 2690 1796 2719 in
1824 2694 2021 2720 sacramento
2053 2689 2212 2719 mediante
2242 2690 2429 2725 substantia,

1374 2739 1420 2764 est
1443 2733 1648 2769 divisibiliter,
1666 2734 1741 2774 quia
1764 2734 1931 2773 quantitati
1953 2738 2109 2773 repugnat
2131 2733 2366 2763 indivisibilitas.

1429 2777 1482 2808 IV.
1506 2778 1568 2808 Pro
1592 2777 1726 2809 faciliori
1748 2777 1911 2808 intellectu
1935 2786 2047 2807 eorum
2074 2786 2156 2817 quae
2179 2782 2365 2811 tractantur,
2389 2785 2430 2806 ne

1374 2822 1566 2852 obscuritate
1581 2822 1752 2852 nominum
1768 2821 1963 2861 impossibile
1980 2826 2142 2860 reputetur
2158 2819 2246 2860 quod
2262 2820 2427 2855 credimus,

1374 2866 1453 2896 scito
1477 2865 1563 2896 idem
1587 2876 1654 2896 esse
1678 2866 1886 2905 quantitatem
1909 2864 2051 2904 corporis
2068 2863 2184 2894 Christi
2202 2862 2429 2894 indivisibiliter

1373 2920 1406 2941 se
1437 2911 1552 2941 habere
1582 2909 1621 2940 ad
1650 2909 1858 2950 quantitatem
1888 2908 2026 2944 hostiae;
2059 2913 2089 2938 et
2112 2908 2192 2938 inter
2221 2908 2428 2947 quantitatem

1374 2955 1517 2994 corporis
1533 2954 1650 2984 Christi
1665 2957 1863 2993 praesentem
1878 2952 2009 2987 hostiae,
2027 2957 2058 2982 et
2073 2952 2280 2991 quantitatem
2295 2951 2426 2987 hostiae,

1374 3008 1442 3029 non
1453 3008 1522 3029 esse
1534 2998 1728 3038 positionem
1744 3005 1825 3036 quae
1841 3005 1944 3026 unum
1956 2996 2038 3026 inter
2049 2994 2160 3025 decem
2175 2994 2428 3034 praedicamenta

1374 3043 1505 3083 ponitur
1521 3043 1547 3072 *.
1583 3042 1627 3072 Ita
1651 3040 1739 3081 quod
1762 3049 1877 3080 corpus
1901 3038 2017 3070 Christi
2041 3044 2212 3078 quantum,
2243 3039 2302 3068 sub
2324 3038 2428 3068 hostia

1375 3092 1573 3121 contentum,
1598 3086 1631 3115 in
1654 3085 1758 3124 seipso
1782 3083 1912 3124 quidem
1935 3088 1982 3113 est
2005 3082 2158 3113 divisibile
2181 3088 2212 3112 et
2233 3082 2352 3112 habens
2367 3091 2427 3122 po—

1374 3131 1523 3161 sitionem
1546 3130 1579 3159 in
1602 3129 1759 3169 partibus:
1790 3127 1984 3167 positionem
2007 3132 2114 3156 autem
2141 3126 2213 3156 dico
2235 3126 2322 3156 illam
2345 3135 2427 3166 quae

1374 3175 1504 3215 ponitur
1527 3172 1700 3203 differentia
1729 3171 1909 3211 quantitatis
1937 3179 2012 3201 cum
2040 3169 2240 3210 distinguitur
2270 3170 2427 3210 quantitas

1373 3220 1406 3249 in
1430 3217 1638 3258 quantitatem
1659 3215 1823 3246 habentem
1841 3214 2035 3255 positionem
2057 3214 2090 3244 in
2105 3213 2263 3254 partibus,
2281 3219 2311 3244 et
2327 3223 2427 3254 quan-

1373 3263 1494 3293 titatem
1518 3265 1676 3290 carentem
1699 3259 1751 3289 illa
1766 3260 1797 3289 *z
1821 3277 1844 3281 -
1866 3264 1901 3288 ut
1924 3259 2104 3289 continetur
2127 3267 2203 3288 vero
2232 3257 2291 3288 sub
2314 3258 2426 3294 hostia,

1374 3311 1457 3337 caret
1473 3304 1650 3345 positione,
1673 3313 1731 3334 seu
1752 3303 1825 3338 situ,
1849 3312 1916 3333 uno
1940 3312 1979 3334 ex
2001 3301 2113 3333 decem
2134 3302 2312 3342 generibus.
2343 3301 2428 3331 Dicit

1374 3351 1459 3380 enim
1486 3347 1671 3378 huiusmodi
1697 3347 1815 3388 positio
1842 3346 1988 3377 ordinem
2014 3346 2151 3386 partium
2181 3346 2214 3376 in
2237 3345 2328 3376 loco:
2360 3354 2426 3385 quo

1374 3393 1484 3424 ordine
1508 3397 1631 3422 constat
1654 3401 1758 3421 carere
1783 3400 1899 3431 corpus
1924 3390 2039 3420 Christi
2063 3394 2219 3430 quantum
2242 3395 2277 3419 ut
2300 3394 2346 3419 est
2367 3389 2425 3419 sub

1373 3437 1493 3471 hostia,
1518 3436 1593 3476 quia
1622 3445 1690 3465 non
1713 3441 1759 3465 est
1782 3435 1814 3464 in
1838 3444 1874 3465 ea
1896 3434 2053 3469 localiter;
2078 3433 2157 3464 ordo
2182 3434 2267 3463 enirn
2289 3433 2426 3472 partium

1372 3482 1405 3511 in
1429 3481 1502 3511 loco
1530 3481 1597 3510 sine
1621 3489 1688 3509 esse
1711 3479 1852 3509 localiter
1883 3487 1950 3508 non
1973 3483 2020 3508 est
2041 3477 2253 3517 intelligibilis.
2287 3476 2328 3507 Et
2351 3476 2426 3516 quia

2458 1258 2469 1267 ·
2477 1255 2501 1277 ln
2512 1262 2584 1284 corp„
2594 1260 2616 1279 et
2625 1261 2666 1279 art.

2461 1289 2479 1309 i,
2494 1282 2522 1304 ad
2535 1289 2555 1312 3.

2459 1414 2471 1426 ·
2477 1413 2502 1435 In
2512 1419 2574 1441 corp.
2583 1417 2604 1435 et
2613 1415 2641 1436 ad
2647 1420 2666 1437 2.

2459 1568 2470 1579 ·
2483 1567 2542 1590 Ibid.

2458 2249 2469 2259 ·
2482 2246 2516 2268 1v
2528 2246 2601 2274 Sene„
2614 2246 2667 2269 dist.

2458 2277 2667 2322 §effugia-artha.

2453 3039 2464 3048 ·
2470 3037 2566 3059 Aristot.
2571 3036 2662 3065 Caleg„

2454 3069 2504 3091 cap.
2520 3070 2545 3091 u,
2560 3069 2582 3086 n.
2597 3070 2617 3088 7.

2454 3247 2467 3269 ·⁴
2481 3257 2548 3283 Ibid.,
2566 3262 2616 3284 cip.
2631 3262 2663 3281 u,

2454 3290 2475 3306 n.
2492 3291 2510 3311 ι,
2525 3283 2547 3306 8.
