2918 4088
210 757 220 767 ‘
235 756 263 777 D.
280 762 310 784 ¹5·

210 867 220 877 ·
230 866 281 888 Lib.
291 866 321 888 de
329 866 421 892 causis,

227 899 277 920 top.
295 899 311 915 1.
331 904 341 909 -
362 893 423 915 Inter

235 925 274 947 pp.
289 919 385 941 Aristot.

209 1291 219 1300 '¹
233 1289 318 1317 Hymn.
330 1288 353 1310 S.
362 1288 419 1310 Am-

209 1316 271 1338 bros.
295 1315 323 1336 ad
351 1315 418 1342 prim.

210 1342 281 1370 Vesp.
296 1341 371 1363 Nativ.

456 207 526 242 194

449 276 684 326 quandoque
713 273 752 310 in
781 272 854 309 alio
877 272 1058 309 subiecto.
1080 295 1105 298 —
1126 273 1273 319 Quarto
1295 271 1396 320 quia,
1417 281 1504 306 cum

449 341 513 366 aer
544 339 624 364 non
657 326 839 375 spolietur
876 325 1133 362 accidentibus
1170 323 1354 374 propriis,
1394 322 1508 359 simul

450 382 606 419 haberet
625 378 833 417 accidentia
852 378 1007 428 propria
1027 386 1062 414 et
1082 377 1214 414 aliena.
1235 399 1260 402 —
1281 377 1364 412 Nec
1385 381 1509 424 potest

450 435 523 472 dici
551 433 658 483 quod
686 433 762 469 hoc
788 431 854 469 fiat
890 431 1117 468 miraculose
1146 429 1283 466 virtute
1312 438 1508 465 consecra-

450 487 580 525 tionis:
620 485 711 535 quia
747 485 866 522 verba
902 482 1197 522 consecrationis
1235 482 1310 517 hoc
1345 491 1424 516 non
1462 478 1508 515 si-

450 540 645 589 gnificant;
680 551 778 588 quae
807 546 936 575 tamen
964 549 1043 573 non
1073 534 1242 572 efficiunt
1269 532 1341 569 nisi
1369 531 1508 579 signifir

451 601 580 631 catum
598 598 625 629 Υ.

504 648 551 683 Et
583 645 670 682 ideo
708 643 933 692 relinquitur
969 641 1076 690 quod
1114 637 1321 675 accidentia
1358 636 1396 672 in
1434 637 1510 672 hoc

451 706 689 737 sacramento
726 704 883 734 manent
920 695 1000 731 sine
1038 692 1220 729 subiecto.
1269 690 1388 736 Quod
1426 688 1509 737 qui-

451 753 541 790 dem
578 751 713 788 virtute
751 749 880 786 divina
916 746 998 784 fieri
1035 752 1159 794 potest
1186 743 1216 780 ³¹².
1266 743 1365 779 Cum
1405 741 1510 778 enirn

445 806 607 842 effectus
641 802 761 851 magis
798 801 1012 850 dependeat
1040 811 1062 834 a
1090 809 1205 833 causa
1232 795 1358 845 prima
1390 807 1510 843 quam

450 871 472 895 a
500 869 615 895 causa
642 856 810 893 secunda
829 854 859 900 ⁵1⁶,
889 859 1012 902 potest
1044 851 1160 895 Deus,
1190 848 1257 897 qui
1294 856 1349 884 est
1385 847 1511 897 prima

450 923 565 948 causa
601 907 831 946 substantiae
860 914 895 942 et
923 902 1136 949 accidentis,
1175 913 1245 951 per
1281 913 1393 938 suam
1424 900 1520 937 infi-·

450 964 568 1000 nitam
596 963 775 999 virtutem
804 969 1031 996 conservare
1050 956 1089 992 in
1109 967 1191 991 esse
1219 954 1395 991 accidens
1424 954 1511 990 sub-

449 1024 564 1053 tracta
605 1013 833 1057 substantia,
869 1023 938 1061 per
975 1021 1092 1058 quarn
1135 1008 1436 1044 conservabatur
1471 1006 1511 1043 in

449 1081 530 1106 esse
568 1068 664 1104 sicut
700 1078 769 1116 per
804 1063 1002 1114 propriam
1039 1072 1217 1098 causam:
1262 1060 1359 1097 sicut
1395 1059 1510 1097 etiarn

448 1122 541 1158 alios
579 1121 735 1157 effectus
770 1116 1002 1154 naturalium
1037 1126 1243 1151 causarum
1271 1121 1396 1163 potest
1423 1125 1511 1162 pro-

448 1175 587 1211 ducere
617 1173 695 1209 sine
725 1169 960 1208 naturalibus
989 1168 1133 1214 causis;
1164 1167 1260 1204 sicut
1279 1178 1420 1216 corpus
1440 1167 1511 1203 hu-

447 1238 610 1264 manum
650 1223 828 1262 formavit
870 1222 908 1259 in
946 1229 1055 1259 utero
1091 1220 1255 1269 Virginis
1295 1222 1375 1257 sine
1414 1220 1515 1257 virili

446 1281 586 1317 semine
603 1278 633 1315 ⁷¹⁶.

500 1334 556 1370 AD
586 1343 720 1369 PRIMUM
740 1342 837 1367 ERGO
866 1340 1047 1366 DICENDUM
1076 1327 1184 1376 quod
1211 1326 1307 1363 nihil
1333 1325 1513 1376 prohibet

448 1385 591 1436 aliquid
625 1396 706 1421 esse
744 1383 965 1420 ordinatum
1004 1381 1222 1418 secundum
1258 1391 1513 1416 communem

447 1442 568 1488 legem
599 1446 777 1484 naturae,
807 1435 917 1473 cuius
945 1443 1075 1472 tamen
1104 1433 1339 1471 contrarium
1368 1441 1424 1470 est
1452 1444 1512 1469 or-

447 1493 622 1530 dinatum
655 1490 878 1528 secundum.
900 1488 1062 1538 speciale
1090 1486 1333 1537 privilegium
1360 1486 1512 1535 gratiae,

447 1554 490 1583 ut
516 1552 618 1595 patet
646 1545 684 1581 in
713 1542 999 1580 resuscitatione
1028 1548 1287 1588 mortuorum,
1317 1547 1353 1576 et
1372 1540 1412 1576 in
1431 1539 1514 1576 illu-

448 1598 658 1636 minatione
687 1608 911 1634 caecorum:
942 1603 1058 1645 prout
1086 1594 1202 1631 etiam
1230 1593 1270 1630 in
1298 1593 1414 1631 rebus
1442 1594 1514 1630 hu-

448 1651 573 1689 manis
610 1651 802 1700 quaedam
836 1649 1028 1698 aliquibus
1056 1648 1324 1685 conceduntur
1355 1659 1402 1684 ex
1430 1658 1515 1695 spe-

449 1705 533 1742 ciali
551 1704 748 1754 privilegio
777 1710 927 1752 praeter
945 1713 1199 1739 communem
1219 1702 1354 1748 legem.
1385 1701 1433 1736 Et
1451 1699 1514 1746 ita,

450 1758 534 1795 licet
562 1758 607 1794 sit
635 1757 851 1794 secundum
879 1767 1131 1792 communem
1156 1762 1315 1791 naturae
1337 1753 1515 1790 ordinem

449 1812 556 1861 quod
585 1811 761 1848 accidens
790 1809 835 1846 sit
862 1809 902 1846 in
931 1808 1113 1855 subiecto,
1144 1820 1190 1845 ex
1215 1806 1366 1856 speciali
1385 1814 1515 1843 tamen

450 1864 616 1912 ratione,
655 1863 872 1901 secundum
905 1861 1082 1899 ordinem
1110 1861 1271 1910 gratiae,
1307 1859 1516 1897 accidentia

501 1995 528 2030 γ)
547 1995 735 2029 significatum.
753 2008 772 2012 -
789 2001 866 2018 suum
885 1992 1065 2026 significatum
1082 1991 1141 2023 ΡΠ,
1157 1999 1238 2016 unum
1253 1991 1435 2024 significatum
1449 1991 1516 2023 GpH

450 2039 475 2059 et
494 2034 531 2101 bg)-
546 2066 697 2092 accidentis.
710 2080 729 2084 —
742 2065 804 2089 Post
824 2065 929 2089 Pianam
948 2068 1070 2096 coeptum
1094 2068 1133 2088 est
1153 2063 1224 2087 addi:
1250 2069 1317 2094 quae
1336 2065 1375 2087 est
1393 2062 1517 2093 aptitudo

449 2105 485 2129 ad
501 2103 643 2129 subiectum
657 2108 724 2134 quae
742 2107 845 2132 semper
863 2103 953 2124 manet
966 2099 992 2124 in
1008 2099 1048 2128 iis,
1064 2106 1116 2123 non
1132 2098 1245 2124 actualis
1265 2098 1431 2123 inhaerentia
1446 2098 1517 2130 quod

449 2147 516 2173 quae
535 2139 611 2163 editio
630 2137 713 2171 prima
731 2135 862 2160 intruserit
881 2143 930 2160 nos
949 2135 1018 2160 latet.

1111 193 1374 240 QUAESTIO
1403 193 1594 237 LXXVII,
1624 191 1917 228 ARTICULUS
1945 192 1959 228 I

1563 278 1650 306 sunt
1683 270 1723 306 in
1751 270 1827 306 hoc
1855 276 2093 306 sacramento
2129 269 2209 306 sine
2238 269 2430 317 subiecto,
2468 277 2626 319 propter

1563 322 1728 359 rationes
1757 333 1873 370 supra
1895 321 1915 342 ’¹‘
1943 321 2128 358 inductas.

1616 376 1672 411 AD
1701 386 1890 411 SECUNDUM
1914 385 2095 411 morannum
2114 374 2232 422 quod,
2262 386 2353 411 cum
2381 386 2449 410 ens
2477 386 2557 411 non
2580 373 2626 410 sit

1562 438 1695 474 genus,
1726 427 1802 463 hoc
1820 426 1949 475 ipsum
1968 426 2076 475 quod
2095 434 2152 474 est
2169 438 2264 474 esse,
2293 438 2374 463 non
2401 433 2525 475 potest
2544 438 2626 463 esse

1564 479 1726 516 essentia
1753 480 1815 516 vel
1839 478 2070 516 substantiae
2089 480 2151 516 vel
2170 477 2385 516 accidentis,
2415 480 2508 516 Non
2536 490 2626 526 ergo

1564 531 1734 569 definitio
1763 531 1996 569 substantiae
2025 539 2081 568 est
2107 544 2172 569 ens
2194 544 2267 582 per
2284 544 2323 568 se
2349 534 2429 569 sine
2453 533 2626 577 subiecto,

1563 596 1634 621 nec
1662 584 1835 621 definitio
1859 584 2063 621 accidentis
2082 595 2147 622 ens
2165 586 2203 621 in
2222 586 2403 622 subiecto:
2429 585 2498 621 sed
2516 583 2627 633 quid-

1563 636 1667 674 ditati
1703 649 1771 674 seu
1805 637 1989 674 essentiae
2023 637 2254 674 substantiae
2288 639 2460 687 competit
2492 638 2629 674 habere

1564 702 1640 726 esse
1669 703 1742 727 non
1776 692 1813 727 in
1841 692 2024 735 subiecto,·
2058 690 2258 739 quidditati
2292 697 2423 727 autem
2457 689 2536 726 sive
2572 701 2628 726 es-

1564 743 1706 790 sentiae
1726 743 1931 780 accidentis
1959 745 2130 793 competit
2147 745 2285 780 habere
2303 755 2380 780 esse
2398 744 2435 779 in
2454 744 2627 780 subiecto.

1564 797 1606 832 In
1626 797 1702 833 hoc
1721 803 1849 833 autem
1871 803 2111 834 sacramento
2139 808 2220 833 non
2239 796 2352 833 datur
2369 794 2630 832 accidentibus

1564 850 1671 898 quod
1700 862 1747 886 ex
1773 849 1813 886 vi
1841 860 1934 886 suae
1953 848 2138 886 essentiae
2166 849 2239 886 sint
2258 848 2339 886 sine
2358 848 2542 894 subiecto,
2562 847 2630 886 sed
2665 856 2680 862 ·“

1565 915 1611 939 ex
1639 902 1771 939 divina
1798 902 1937 939 virtute
1966 909 2210 939 sustentante.
2241 903 2290 939 Et
2315 901 2404 939 ideo
2432 913 2514 938 non
2532 899 2630 938 desi-

1565 963 1663 992 nunt
1690 967 1773 992 esse
1801 954 2028 992 accidentia:
2058 955 2150 1004 quia
2176 967 2248 998 nec
2276 961 2473 1004 separatur
2499 954 2548 991 ab
2576 953 2631 990 eis

1565 1008 1737 1045 definitio
1766 1007 1970 1045 accidentis
1989 1006 2018 1055 δ,
2053 1020 2125 1045 nec
2152 1007 2343 1058 competit.
2367 1007 2422 1045 eis
2458 1005 2630 1044 definitio

1565 1061 1809 1099 substantiae,
2340 1057 2342 1059 ¹

1618 1115 1675 1151 AD
1694 1126 1854 1152 TERTIUM
1873 1120 2056 1152 DtcENDUM
2076 1114 2183 1164 quod
2212 1113 2439 1152 huiusmodi
2457 1111 2631 1150 acciden-

1564 1167 1615 1205 tia
1650 1167 1910 1217 acquisierunt
1946 1179 2028 1204 esse
2066 1166 2315 1204 individuum
2349 1166 2389 1204 in
2422 1163 2632 1203 substantia

1565 1220 1676 1270 panis
1705 1228 1740 1257 et
1768 1220 1867 1258 vini:
1898 1233 1976 1270 qua
2000 1232 2187 1257 conversa
2205 1220 2245 1256 in
2264 1232 2406 1269 corpus
2426 1227 2463 1256 et
2481 1218 2632 1267 sangui-

1565 1286 1657 1311 nem
1687 1273 1842 1320 Christi,
1872 1281 2072 1316 remanent
2098 1273 2237 1310 virtute
2265 1272 2396 1310 divina
2423 1270 2634 1309 accidentia

1566 1327 1605 1364 in
1621 1327 1684 1364 illo
1700 1339 1782 1364 esse
1793 1326 2037 1368 ,individuato
2053 1326 2160 1376 quod
2174 1325 2281 1375 prius
2295 1325 2500 1363 habebant.
2520 1324 2633 1362 Unde

1567 1388 1655 1418 sunt
1683 1379 1888 1428 singularia
1916 1387 1952 1416 et
1980 1378 2183 1416 sensibilia.

1619 1435 1676 1470 An
1706 1445 1879 1476 QUARTUM
1905 1445 2089 1470 DICENDUM
2122 1432 2230 1481 quod
2264 1430 2473 1469 accidentia
2501 1429 2634 1467 huius-

1566 1486 1686 1533 modi,
1702 1493 1883 1523 manente
1903 1485 2114 1523 substantia
2132 1484 2243 1534 panis
2261 1492 2299 1522 et
2312 1484 2404 1528 vini,
2420 1495 2502 1521 non
2519 1483 2635 1520 habe-

1566 1540 1660 1577 bant
1678 1539 1762 1589 ipsa
1780 1551 1863 1576 esse
1882 1551 1955 1576 nec
1969 1544 1981 1560 ⁸
2000 1538 2073 1576 alia
2092 1538 2316 1576 accidentia:
2338 1538 2406 1574 sed
2425 1535 2636 1574 substantia

1569 1594 1707 1630 eorum
1726 1591 1918 1634 habebat‘
1939 1591 2165 1629 huiusmodi
2184 1603 2266 1628 esse
2285 1603 2355 1641 per
2374 1602 2436 1636 ea;
2455 1589 2553 1627 sicut
2569 1586 2636 1627 nix

1569 1654 1624 1683 est
1643 1646 1729 1683 alba
1747 1657 1817 1695 per
1835 1644 2065 1682 albedinem.
2096 1645 2174 1682 Sed
2192 1651 2281 1694 post
2305 1642 2636 1681 consecrationem

1569 1699 1652 1749 ipsa
1671 1698 1881 1736 accidentia
1899 1710 2000 1748 quae
2019 1704 2231 1743 remanent,
2247 1696 2391 1734 habent
2409 1707 2503 1734 esse.
2522 1694 2636 1738 Unde

1570 1760 1658 1789 sunt
1684 1751 1899 1801 composita
1918 1763 1964 1788 ex
1983 1763 2061 1788 esse
2078 1758 2115 1788 et
2135 1751 2235 1800 quod
2251 1756 2314 1796 est,
2333 1749 2430 1787 sicut
2447 1749 2488 1786 in
2507 1748 2638 1786 Prima

1570 1807 1680 1843 Parte
1695 1805 1715 1827 *
1734 1805 1782 1842 de
1802 1804 1943 1853 angelis
1963 1804 2110 1841 dictum
2129 1811 2194 1840 est.
2213 1804 2262 1841 Et
2280 1815 2372 1841 cum
2390 1803 2478 1850 hoc,
2494 1799 2640 1853 habent
2664 1803 2675 1814 '

1570 1857 1894 1908 compositionem
1922 1857 2091 1907 partium
2118 1855 2469 1906 quantitativarum.

1625 1987 1647 2023 ε)
1668 1997 1726 2023 nec.
1740 2003 1761 2008 —
1777 1989 1847 2014 sicut
1869 1995 1916 2014 nec
1934 1988 1999 2013 FGI.

1623 2025 1649 2058 ζ)
1668 2024 1819 2050 substantia
1838 2031 1929 2049 eorum
1948 2023 2070 2048 habebat.
2086 2037 2106 2041 -
2123 2023 2175 2048 sba‘
2198 2021 2326 2056 (suffecta
2345 2020 2376 2056 Ρ)
2395 2024 2490 2047 eorum*
2509 2019 2641 2047 habebant

1572 2061 1651 2091 l’lsH,
1665 2059 1728 2094 (stur
1747 2058 1879 2093 expungit)
1898 2066 1990 2084 eorum
2009 2059 2127 2084 subiecta
2144 2058 2274 2084 habebant
2287 2058 2316 2090 F,
2329 2058 2384 2083 εὺῑ
2398 2064 2490 2083 eorum
2509 2057 2642 2085 habebant

1571 2096 1724 2121 huiusmodi
1746 2102 1802 2121 esse
1824 2096 1937 2120 habebat
1959 2094 2113 2120 huiusmodi
2133 2101 2189 2119 esse
2208 2094 2242 2125 G,
2261 2094 2307 2119 sed
2326 2093 2374 2119 tria
2391 2093 2482 2119 ultima
2499 2093 2580 2118 verba
2597 2099 2640 2118 ex-

1572 2137 1729 2164 punguntur.

1127 2222 1462 2255 Commentario.
1485 2220 1740 2254 Cardinalis
1760 2206 1964 2253 Caietam

482 2327 502 2347 N
525 2316 711 2357 quaestione
733 2315 809 2350 ista,
834 2312 873 2343 de
897 2310 1120 2343 accidentibus
1145 2310 1379 2346 Eucharistiae,
1404 2309 1522 2340 omissa

455 2329 568 2392 Itanta
597 2360 790 2400 opinionum
817 2358 983 2392 varietate,
1015 2361 1051 2386 ut
1075 2354 1212 2385 solidior
1237 2354 1521 2394 rationabilior-que

451 2406 502 2436 via
525 2409 683 2445 appareat,
707 2402 887 2433 notandum
910 2400 986 2431 duxi
1010 2400 1176 2440 duplicem
1193 2408 1261 2429 esse
1277 2398 1467 2438 opinionem
1482 2397 1522 2428 de

452 2449 552 2480 modo
577 2448 700 2479 essendi
729 2448 864 2477 istorum
887 2444 1105 2476 accidentium
1136 2444 1204 2474 sine
1228 2443 1383 2473 subiecto.
1417 2442 1523 2472 Prima

454 2494 565 2534 opinio
593 2498 640 2523 est
669 2491 845 2523 accidentia
875 2490 934 2520 ista
964 2499 1032 2519 esse
1064 2489 1133 2518 sine
1161 2488 1306 2518 subiecto
1337 2496 1394 2526 per
1420 2486 1523 2516 solam

425 2553 428 2556 ⁴
454 2538 731 2568 conservationem
753 2546 771 2565 a
794 2535 865 2565 Deo
889 2534 957 2564 sine
977 2533 1142 2564 subiecto:
1167 2533 1210 2562 ita
1226 2531 1326 2572 quod,
1344 2540 1419 2561 cum
1434 2531 1523 2570 prius

454 2583 607 2612 haberent
630 2581 706 2616 duo,
730 2579 851 2610 scilicet
874 2587 942 2608 esse
965 2578 998 2608 in
1015 2577 1173 2612 subiecto,
1199 2582 1230 2606 et
1252 2581 1427 2615 utrumque
1445 2584 1524 2605 con-

455 2627 636 2657 servabatur
658 2635 676 2655 a
698 2625 787 2660 Deo;
812 2627 933 2663 postea,
959 2622 1124 2652 desinente
1142 2621 1213 2651 Deo
1238 2629 1425 2651 conservare
1440 2619 1474 2660 ly
1490 2619 1522 2649 in

455 2671 613 2706 subiecto,
645 2675 677 2699 et
705 2672 912 2699 conservante
944 2676 1012 2697 esse
1044 2665 1134 2706 quod
1158 2665 1334 2700 habebant,
1359 2664 1428 2704 ipsa
1450 2669 1525 2694 sunt

456 2716 524 2745 sine
548 2715 702 2745 subiecto.
727 2713 769 2742 Et
790 2713 873 2742 hanc
897 2711 1087 2751 opinionem
1112 2710 1257 2749 sequitur
1280 2709 1406 2744 Scotus,
1429 2709 1463 2738 in
1482 2718 1526 2738 ΧΠ

457 2759 660 2790 distinctione
676 2759 692 2774 ἥ
717 2756 840 2795 Quarti.

512 2804 620 2833 Altera
643 2807 751 2832 autem
774 2801 886 2840 opinio
911 2805 1008 2836 tenet,
1033 2799 1115 2829 ultra
1140 2798 1427 2833 conservationem,
1453 2796 1526 2827 addi

457 2857 576 2878 novam
608 2847 769 2877 actionem
799 2844 939 2875 divinam
974 2843 1196 2874 conferentem
1231 2842 1446 2873 accidentibus
1476 2842 1525 2871 his

457 2901 580 2923 novum
603 2890 739 2921 modum
763 2888 904 2925 essendi,
936 2888 1056 2919 scilicet
1086 2897 1144 2928 per
1166 2886 1302 2918 modum
1321 2886 1524 2916 substantiae.

459 2937 500 2967 Et
522 2937 603 2966 hanc
628 2936 818 2976 opinionem
841 2933 985 2973 sequitur
1009 2932 1100 2963 divus
1124 2932 1277 2967 Thomas,
1302 2931 1335 2961 in
1351 2931 1411 2961 hac
1428 2940 1525 2971 quae-

459 2982 572 3015 stione,
597 2980 706 3010 dicens
739 2979 892 3010 collatum
926 2986 994 3007 esse
1027 2976 1282 3007 dimensionibus
1311 2975 1427 3006 habere
1451 2975 1525 3006 sub-

460 3025 591 3055 stantiae
614 3025 852 3064 proprietatem,
877 3027 994 3057 actum,
1019 3022 1085 3052 vim
1109 3026 1205 3061 atque
1228 3021 1388 3051 virtutem.

516 3069 553 3098 II.
577 3069 618 3098 Et
641 3074 677 3099 ut
699 3068 825 3108 plenius
856 3065 946 3107 quod
970 3065 1084 3097 dicitur
1108 3065 1317 3105 intelligatur,
1344 3063 1526 3094 manifeste-

462 3122 534 3143 mus
565 3122 603 3143 ex
634 3112 809 3143 differentia
839 3121 896 3142 seu
928 3110 1111 3142 differentiis
1147 3111 1228 3140 inter
1258 3110 1314 3140 has
1344 3109 1526 3149 opiniones.

463 3157 581 3192 Primo,
605 3157 713 3197 quoad
736 3166 812 3186 esse.
847 3156 940 3191 Nam,
966 3165 1041 3186 cum
1064 3154 1210 3186 accidens
1234 3154 1266 3184 in
1291 3154 1435 3184 subiecto
1459 3162 1527 3183 non

465 3201 504 3230 sit
526 3200 611 3240 quod
634 3206 680 3230 est
702 3200 757 3230 sed
779 3209 842 3240 quo
867 3205 921 3234 est,
947 3209 984 3229 ex
1008 3200 1076 3230 sola
1099 3199 1340 3230 conservatione
1357 3197 1528 3228 accidentis

465 3245 499 3274 in
522 3253 581 3274 suo
598 3254 664 3274 esse
687 3254 755 3274 non
771 3249 958 3274 conservato
975 3245 1130 3279 subiecto,
1147 3253 1214 3273 non
1231 3243 1366 3282 acquirit
1381 3242 1528 3272 accidens

466 3297 589 3318 novum
604 3287 739 3318 modum
763 3287 896 3323 essendi,
920 3287 975 3318 sed
1000 3287 1102 3327 perdit
1125 3287 1264 3327 priorem
1280 3286 1416 3317 modum
1432 3287 1528 3326 signi-

467 3331 598 3362 ficatum
620 3341 677 3371 per
695 3331 727 3372 ly
743 3332 796 3361 in:
820 3330 934 3361 desinit
949 3332 1035 3361 enim
1053 3341 1119 3361 esse
1137 3331 1299 3362 actualiter
1314 3332 1490 3361 inhaerens.
1506 3348 1529 3352 —

469 3375 531 3406 Sed
554 3375 609 3405 ubi
633 3375 865 3405 conservationi
888 3376 1060 3414 apponitur
1084 3375 1212 3406 collatio
1229 3375 1307 3405 novi
1322 3374 1422 3410 modi,
1447 3374 1529 3405 acci-

470 3419 547 3449 dens
570 3429 637 3449 non
661 3419 766 3449 solum
793 3418 895 3458 perdit
919 3419 1081 3449 actualiter
1105 3419 1286 3454 inhaerere,
1317 3418 1373 3449 sed
1396 3418 1531 3458 acquirit

470 3473 593 3493 novum
620 3463 743 3493 essendi
769 3462 922 3498 modum,
954 3468 989 3492 ut
1017 3462 1106 3502 quod
1136 3463 1223 3502 prius
1251 3462 1353 3492 fuerat
1383 3472 1446 3502 quo
1474 3467 1528 3498 est,

471 3507 570 3538 modo
594 3507 633 3537 sit
656 3507 741 3547 quod
764 3512 819 3537 est.
843 3507 884 3536 Et
902 3507 954 3536 hic
979 3512 1024 3536 est
1048 3506 1165 3536 modus
1182 3506 1305 3536 essendi
1328 3506 1530 3536 substantiae.

1629 2310 1672 2341 Et
1692 2311 1768 2341 huic
1790 2310 1986 2341 differentiae
2004 2309 2183 2340 annecn'tur
2198 2308 2310 2340 altera:
2335 2307 2426 2348 quod
2440 2308 2642 2339 conservatio

1576 2355 1644 2385 sola
1666 2354 1880 2386 accidentium
1903 2354 1972 2384 sine
1991 2354 2136 2384 subiecto
2161 2357 2208 2383 est
2229 2351 2319 2383 velut
2332 2352 2492 2389 violenta3
2515 2352 2580 2383 hoc
2595 2357 2643 2383 est

1576 2396 1676 2439 quod,
1700 2400 1726 2430 si
1748 2399 1839 2430 fieret
1861 2399 1900 2429 ab
1924 2403 2038 2438 agente
2060 2396 2216 2433 secundo,
2240 2402 2323 2427 esset
2344 2397 2504 2434 violenta;
2529 2392 2644 2436 quein-

1576 2443 1752 2474 admodum
1780 2444 1806 2473 si
1829 2443 1909 2484 lapis
1941 2443 2061 2482 absque
2084 2442 2194 2482 aliquo
2218 2440 2407 2472 fulcimento
2431 2441 2499 2471 sola
2523 2440 2644 2481 agentis
2676 2438 2680 2472 ’,

1576 2488 1692 2518 virtute
1716 2488 1924 2518 sustineretur
1947 2487 1980 2517 in
2003 2487 2078 2517 loco
2102 2486 2269 2526 superiori.
2304 2485 2346 2516 Et
2367 2486 2450 2516 ratio
2471 2484 2644 2516 violentiae

1578 2537 1641 2568 est,
1671 2533 1747 2572 quia
1773 2531 1921 2562 accidens
1952 2541 2028 2562 cum
2051 2540 2111 2561 suo
2135 2539 2220 2566 esse,
2251 2535 2434 2570 separatum
2463 2530 2502 2560 ab
2529 2529 2643 2566 inesse,

1577 2577 1750 2607 sustinetur
1772 2582 1809 2607 ut
1830 2577 1919 2616 prius
1942 2581 2018 2612 erat,
2043 2575 2163 2606 scilicet
2185 2579 2222 2605 ut
2245 2583 2312 2614 quo
2336 2579 2398 2605 est:
2424 2583 2463 2605 ex
2485 2583 2552 2614 quo
2575 2582 2645 2606 non

1577 2621 1745 2661 acquisivit
1776 2621 1874 2651 alium
1898 2619 2023 2650 essendi
2046 2618 2193 2650 modum.
2218 2636 2238 2641 -
2262 2617 2326 2650 Sed
2349 2618 2375 2648 si
2398 2617 2545 2649 accidens
2568 2626 2644 2651 cum

1577 2665 1678 2695 modo
1706 2665 1830 2696 essendi
1863 2674 1921 2705 per
1950 2663 2087 2694 modum
2117 2662 2310 2693 substantiae
2342 2667 2547 2693 conservatur
2575 2661 2644 2693 sine

1577 2710 1732 2746 subiecto,
1756 2709 1938 2740 naturaliter
1962 2713 2167 2738 conservatur
2190 2708 2223 2738 in
2239 2706 2520 2747 supernaturaliter
2534 2705 2645 2749 acqui-

1578 2755 1638 2785 sito
1663 2754 1788 2784 essendi
1810 2753 1922 2784 modo.
2465 2768 2467 2771 ⁴

1633 2798 1783 2829 Secundo
1808 2797 1956 2828 differunt
1979 2796 2088 2838 quoad
2111 2805 2179 2827 esse
2199 2796 2385 2827 subiectum.
2408 2795 2554 2827 Namex
2576 2793 2646 2825 sola

1579 2843 1822 2873 conservatione
1845 2841 2059 2872 accidentium
2083 2841 2151 2871 sine
2167 2841 2323 2876 subiecto,
2347 2839 2562 2871 dimensiones
2576 2847 2646 2870 non

1579 2893 1653 2917 sunt
1669 2887 1741 2927 plus
1757 2886 1937 2917 subiectum
1953 2885 2090 2916 aliorum
2103 2883 2317 2916 accidentium
2333 2893 2431 2924 quam
2445 2884 2533 2926 prius
2545 2887 2644 2917 erant.

1578 2932 1669 2962 Prius
1693 2937 1800 2962 autem
1825 2935 1913 2961 erant
1936 2930 2043 2961 solum
2065 2929 2245 2970 receptivae
2267 2927 2498 2959 accidentium:
2524 2931 2555 2958 et
2575 2935 2645 2957 non

1579 2976 1804 3006 sustentativae
1827 2974 2015 3006 eorundem.
2039 2974 2117 3004 Post
2139 2973 2374 3015 separationem
2391 2973 2487 3012 igitur
2509 2977 2575 3002 tam
2597 2970 2645 3002 di-

1579 3020 1762 3051 mensiones
1786 3029 1884 3060 quam
1899 3019 2023 3059 reliqua
2038 3017 2213 3049 accidentia
2235 3021 2402 3047 remanent
2416 3017 2484 3047 sine
2499 3016 2645 3047 subiecto

1580 3069 1786 3096 sustentante.
1821 3064 1862 3094 Et
1884 3064 1966 3094 inter
1995 3062 2210 3094 dimensiones
2238 3066 2269 3092 et
2291 3061 2352 3092 alia
2377 3059 2553 3091 accidentia
2581 3060 2646 3092 hoc

1580 3110 1724 3145 interest,
1749 3108 1838 3149 quod
1861 3107 2036 3139 accidentia
2059 3106 2119 3137 alia
2149 3106 2285 3136 retinent
2308 3105 2489 3136 subiectum
2510 3104 2647 3145 recepti÷

1580 3163 1668 3190 vum,
1693 3153 1814 3183 scilicet
1835 3153 1919 3193 ipsas
1943 3151 2175 3182 dimensiones:
2199 3150 2268 3190 ipsa
2283 3158 2360 3180 vero
2380 3149 2538 3189 quantitas
2562 3152 2647 3179 caret

1582 3198 1678 3228 etiam
1701 3197 1874 3237 receptivo.
1896 3214 1921 3219 —-
1943 3195 2007 3227 Sed
2021 3195 2078 3226 ubi
2094 3194 2262 3235 quantitati
2278 3193 2413 3224 collatus
2428 3193 2560 3234 ponitur
2574 3201 2647 3223 mo-

1582 3242 1642 3273 dus
1665 3241 1868 3277 substantiae,
1893 3241 1961 3281 ipsa
1984 3239 2116 3280 quidem
2138 3247 2198 3269 nec
2222 3238 2429 3268 sustentativo
2453 3242 2539 3277 eget,
2563 3235 2646 3277 quo-

1581 3287 1669 3317 niam
1693 3291 1740 3316 est
1762 3295 1820 3326 per
1842 3284 1979 3316 modum
2001 3284 2211 3315 substantiae:
2243 3282 2443 3323 reliquorum
2464 3289 2541 3312 vero
2565 3281 2648 3312 acd-

1583 3331 1728 3361 dentium
1750 3331 1820 3370 ipsa
1843 3335 1890 3360 est
1913 3335 1944 3360 et
1966 3329 2165 3370 receptivum
2181 3332 2213 3358 et
2226 3327 2488 3363 sustentativum3
2511 3325 2647 3366 recepti-

1582 3385 1660 3406 vum
1684 3374 1816 3414 quidem
1839 3384 1878 3405 ex
1896 3383 1940 3410 se,
1964 3373 2208 3404 sustentativum
2222 3381 2300 3402 vero
2320 3381 2358 3402 ex
2374 3370 2531 3411 acquisito
2546 3369 2647 3401 modo

1584 3419 1786 3449 substantiae.

1638 3463 1749 3492 Tertio
1773 3461 1922 3493 differunt
1944 3461 2118 3492 secundum
2142 3461 2311 3492 actionem.
2336 3460 2422 3498 Quia
2437 3459 2504 3489 sola
2520 3467 2648 3489 conser-

1584 3507 1669 3536 vatio
1700 3516 1767 3536 non
1792 3507 1956 3536 constituit
1986 3507 2126 3536 activum
2151 3505 2345 3536 substantiae
2375 3510 2407 3535 et
2433 3513 2490 3544 per
2512 3501 2649 3534 modum
