2878 4088
1073 142 1337 190 QUAESTIO
1367 142 1500 190 XCVI,
1520 141 1812 180 ARTICULUS
1841 143 1857 180 1
2473 142 2543 180 231

366 218 429 249 alio
453 223 561 250 tamen
583 218 684 251 modo
709 229 806 260 quam
829 220 957 251 dilectio
982 231 1000 251 a
1022 221 1156 252 visione.
1183 221 1321 252 Dilectio
1346 221 1433 251 enim

366 267 398 293 et
419 262 500 293 visio
526 262 666 294 diversos
689 264 814 295 habitus
837 266 1015 301 nominant,
1033 274 1174 305 quorum
1189 264 1273 295 unus
1295 265 1433 305 pertinet

365 305 406 337 ad
427 307 635 344 intellectum,
653 308 730 339 alter
744 318 820 339 vero
844 308 884 340 ad
903 308 1063 340 affectum.
1088 308 1151 340 Sed
1174 309 1430 349 comprehensio,
1510 340 1512 343 ,

365 351 416 381 vel
439 349 548 382 fruitio
571 351 751 384 secundum
774 352 865 393 quod
886 354 1019 394 ponitur
1041 363 1100 394 pro
1125 353 1430 393 comprehensione,
1550 362 1571 382 n
1599 362 1716 383 ramim
1739 361 1784 382 s1c
1811 361 2015 382 Paocnmwn.
2043 352 2176 384 Videtur
2208 354 2298 394 quod
2327 354 2455 385 aureola
2481 364 2550 385 non

364 404 433 425 non
456 395 608 436 importat
623 397 723 428 alium
737 397 882 428 habitum
905 398 944 428 ab
967 397 1028 428 illis
1043 397 1187 428 duobus:
1209 397 1265 428 sed
1280 398 1432 437 importat
1454 408 1463 429 5
1488 365 1590 427 Asit
1613 395 1745 436 aliquod
1761 395 1847 427 aliud
1865 397 2045 436 praemium
2066 407 2084 427 a
2102 399 2245 437 praemio
2271 399 2438 434 essentiali,
2460 398 2550 439 quod

364 440 580 472 remotionem
612 440 918 481 impedimentorum
950 451 989 472 ex
1019 442 1136 482 quibus
1169 441 1363 472 efficiebatur
1396 446 1432 471 ut
1486 449 1588 472 aurea
1604 440 1728 472 dicitur.
1747 440 1931 471 Praemium
1946 441 2033 470 enim
2049 442 2213 472 essentiale
2229 448 2275 472 est
2290 443 2358 482 ipsa
2373 442 2548 474 beatitudo.

365 493 432 514 non
448 490 557 524 posset
571 494 663 516 mens
685 485 757 515 Deo
773 486 1021 525 praesentialiter
1036 486 1199 525 coniungi.
1224 485 1265 516 Et
1280 485 1344 515 hoc
1360 485 1430 525 qui·
1486 483 1549 516 Sed
1572 484 1753 521 beatitudo,
1776 484 1956 515 secundum
1978 484 2130 517 Boetium
2144 486 2178 521 *,
2202 491 2248 516 est
2274 491 2377 517 status
2406 487 2549 517 omnium

365 527 440 558 dem
469 527 505 559 fit
533 538 590 568 per
618 530 683 560 hoc
706 529 796 569 quod
818 530 887 570 ipse
914 530 1040 560 habitus
1067 529 1188 569 gloriae
1220 530 1360 559 animam
1392 529 1431 559 ab
1485 529 1644 559 bonorum
1667 529 1908 570 aggregatione
1925 529 2101 570 perfectus.
2133 529 2219 569 Ergo
2242 531 2420 570 praemium
2444 540 2549 562 essen-

365 573 456 603 omni
479 571 607 603 defectu
622 573 749 604 liberat:
774 574 856 604 sicut
872 573 961 614 quod
977 573 1051 604 facit
1074 582 1145 604 eam
1163 572 1375 604 sufficientem
1391 572 1432 603 ad
1485 572 1559 603 tiale
1574 572 1709 604 includit
1732 582 1830 604 omne
1845 573 1970 603 bonum
1994 572 2084 613 quod
2106 573 2239 604 habetur
2258 574 2292 604 in
2314 575 2423 614 patria.
2447 575 2489 606 Et
2504 575 2548 606 sic

365 616 629 656 cognoscendum
644 618 712 648 sine
727 617 1010 658 phantasmatibus,
1023 623 1055 648 et
1070 617 1110 648 ad
1121 616 1431 659 praedominandum
1446 629 1472 644 xo
1485 617 1616 647 aureola
1638 616 1812 648 includitur
1834 617 1868 647 in
1890 626 1995 647 aurea.

365 661 504 700 corpori,
521 666 553 692 et
575 661 636 691 alia
657 660 853 698 huiusmodi,
869 671 927 702 per
949 670 1033 702 quae
1056 660 1269 692 excluduntur
1295 659 1431 700 impedi·
1539 669 1569 691 2.
1586 661 1782 697 Pmrraaaa,
1799 661 1905 702 magis
1920 666 1952 691 et
1965 661 2072 691 minus
2088 670 2152 691 non
2172 660 2391 702 diversificant
2404 662 2548 702 speciem.

1530 242 1670 274 ART.1.
1694 252 1799 272 UTRUM
1828 252 1971 273 AUREOLA
1995 253 2040 274 SIT
2063 253 2203 274 auauon
2227 254 2320 275 ALmD
2347 254 2505 275 rumim

1633 296 1654 316 Α
1676 296 1811 316 Pmmo
1835 296 2020 323 ESSENTIALI,
2043 297 2129 318 QUOD
2153 298 2255 319 AUREA
2277 298 2403 319 chx'rtm

2577 496 2587 506 ·
2605 495 2642 516 De
2665 494 2787 518 Consolat.

2575 521 2663 543 Philae.
2680 522 2721 544 lib.
2739 522 2787 549 111,

2576 554 2639 575 prou.
2655 554 2681 570 ιι.

123 704 277 754 :ruvgfff‘gru
285 711 336 734 σψ-
364 710 473 735 menta
496 705 614 745 quibus
637 704 673 736 fit
695 711 732 736 ut
753 715 841 736 nunc
857 706 1111 747 peregrinemur
1133 714 1153 734 a
1175 704 1319 734 Domino
1335 705 1362 734 ’ἦ
1485 703 1549 735 Sed
1571 704 1617 735 illi
1639 705 1696 745 qui
1711 710 1837 735 servant
1859 705 1993 735 consilia
2008 709 2040 735 et
2062 709 2240 745 praecepta,
2257 706 2358 745 magis
2372 707 2550 745 praemian-

122 748 174 780 ·'1n
188 747 295 786 ω’πρόι-ο.
419 748 471 780 Ad
494 754 644 789 quartum
666 754 754 789 patet
775 750 944 789 responsio
968 759 1007 779 ex
1029 748 1121 779 dictis
1135 749 1162 779 '.
1485 752 1537 778 tur
1560 757 1659 788 quam
1674 748 1719 779 illi
1743 749 1799 789 qui
1814 754 1940 780 servant
1961 754 2131 790 praecepta
2146 754 2287 780 tantum:
2311 758 2372 780 nec
2392 750 2425 780 in
2441 750 2549 790 aliquo

418 793 470 823 An
495 803 635 823 numi-mr
657 802 817 823 mmmmm
841 792 931 833 quod
953 793 1082 833 proprie
1105 791 1198 822 dotes
1220 796 1294 822 sunt
1316 792 1430 822 imme-
1484 793 1665 831 praemium
1680 802 1794 823 eorum
1810 792 1934 823 videtur
1949 792 2074 824 differte
2088 794 2150 824 nisi
2165 793 2255 833 quod
2269 803 2373 824 unum
2389 799 2436 824 est
2451 794 2549 825 altero

364 835 448 867 diata
470 838 627 877 principia
641 836 726 867 illius
745 837 940 877 operationis
963 837 997 867 in
1021 846 1085 877 qua
1102 835 1243 876 perfecta
1265 835 1430 866 beatitudo
1446 848 1469 869 ις
1483 837 1597 867 maius.
1622 836 1709 868 Cum
1732 846 1808 877 ergo
1827 837 1957 868 aureola
1978 838 2125 868 nominet
2140 838 2319 878 praemium
2342 837 2432 879 quod
2455 837 2550 869 debe-

364 881 518 917 consistit,
534 890 592 921 per
608 889 707 921 quam
729 881 835 911 anima
859 880 987 912 Christo
1004 881 1219 920 coniungitur.
1244 879 1299 910 Illa
1322 885 1431 911 autem
1484 886 1536 912 tur
1559 881 1710 921 operibus
1732 881 1948 922 perfectionis,
1964 881 2090 912 videtur
2112 882 2202 922 quod
2225 882 2354 913 aureola
2376 892 2445 921 non
2467 882 2551 913 dicat

363 933 446 964 quae
469 924 642 956 Anselmus
665 930 840 961 enumerat,
860 934 929 956 non
952 930 1027 956 sunt
1049 924 1253 955 huiusmodi:
1277 923 1334 955 sed
1356 929 1431 955 sunt
1485 925 1606 965 aliquid
1628 924 1813 957 distinctum
1835 926 1875 956 ab
1898 935 2003 956 aurea.

363 968 640 1008 qualitercumque
655 968 885 1001 beatitudinem
898 969 1147 1000 concomitantia
1162 969 1213 999 vel
1229 978 1431 1008 consequen·
1541 969 1570 1000 3.
1595 969 1797 1006 Pluinnam,
1820 971 2000 1011 praemium
2022 970 2195 1011 respondet
2221 971 2347 1001 merito.
2377 969 2441 1002 Sed
2463 970 2550 1002 radix

362 1013 415 1049 tia,
430 1021 500 1044 non
514 1012 623 1043 solum
637 1013 671 1043 in
687 1014 928 1053 comparatione
944 1013 984 1044 ad
1001 1023 1168 1054 sponsum,
1185 1012 1225 1044 ad
1248 1022 1347 1053 quem
1362 1013 1431 1043 sola
1484 1014 1582 1044 totius
1597 1014 1703 1044 meriti
1718 1019 1765 1045 est
1780 1015 1890 1045 caritas
1906 1015 1932 1045 *ἢ
1954 1014 2040 1046 Cum
2059 1024 2135 1055 ergo
2152 1015 2272 1046 caritau'
2286 1014 2478 1055 respondeat
2493 1025 2549 1045 au-

361 1056 521 1097 sapientia
536 1057 618 1088 inter
633 1063 819 1088 enumerata
834 1058 873 1088 ab
890 1067 930 1089 eo
946 1058 1093 1098 pertinet,
1109 1057 1166 1088 sed
1180 1058 1276 1088 etiam
1290 1058 1325 1088 in
1341 1066 1430 1088 com-
1444 1069 1471 1084 ιο
1483 1058 1581 1094 reola,
1598 1058 1723 1089 videtur
1746 1058 1836 1099 quod
1858 1059 1892 1090 in
1915 1059 2015 1099 patria
2036 1068 2104 1090 non
2128 1060 2186 1090 erit
2209 1058 2341 1100 aliquod
2369 1060 2549 1099 praemium

361 1101 528 1140 paratione
551 1100 591 1132 ad
621 1101 716 1138 alios;
750 1102 801 1133 vel
824 1111 933 1142 pares,
956 1102 996 1133 ad
1019 1111 1103 1142 quos
1126 1102 1264 1142 pertinet
1286 1102 1430 1132 amicitia
1485 1103 1524 1133 ab
1548 1111 1644 1133 aurea
1666 1102 1860 1133 distinctum.

362 1150 520 1186 quantum
544 1145 584 1176 ad
606 1146 764 1178 unionem
793 1146 985 1183 affectuum,
1010 1151 1041 1177 et
1064 1146 1240 1177 concordia
1273 1151 1431 1186 quantum
1539 1155 1571 1185 4.
1594 1146 1792 1183 Pmraaaa,
1807 1147 1952 1178 homines
1970 1147 2054 1178 beati
2069 1152 2279 1178 assumuntur
2293 1147 2337 1178 ad
2354 1148 2549 1189 angelorum

362 1189 403 1220 ad
418 1199 613 1220 consensum
635 1190 670 1221 in
692 1190 839 1230 agendis;
863 1191 915 1222 vel
932 1190 1108 1225 inferiores,
1125 1189 1165 1221 ad
1188 1200 1272 1230 quos
1294 1191 1431 1230 pertinet
1485 1190 1625 1227 ordines,
1641 1196 1678 1221 ut
1698 1191 1774 1222 dicit
1790 1191 1964 1231 Gregorius
1979 1192 2006 1222 st.
2031 1191 2094 1222 Sed
2107 1192 2142 1222 in
2158 1192 2287 1232 angelis,
2304 1192 2378 1223 licet
2391 1192 2549 1232 quaedam
2577 1197 2788 1229 {Homil-XXXIV

361 1239 394 1265 et
409 1239 573 1276 potestas„
588 1234 768 1266 secundum
791 1235 881 1276 quod
904 1245 923 1266 a
949 1235 1167 1276 superioribus
1196 1234 1347 1265 inferiora
1369 1234 1430 1265 dis·
1484 1234 1561 1265 data
1584 1235 1650 1266 sint
1664 1235 1853 1276 quibusdam
1869 1236 2072 1272 excellenter,
2090 1236 2171 1266 nihil
2186 1241 2292 1267 tamen
2308 1236 2351 1267 ibi
2364 1236 2551 1277 possidetur
2575 1223 2786 1278 inffaff'kfflffj

362 1283 538 1318 ponuntur,
556 1283 587 1309 et
617 1279 740 1315 honor,
764 1279 945 1310 secundum
975 1279 1008 1311 id
1038 1278 1128 1319 quod
1158 1279 1196 1309 ab
1226 1278 1431 1309 inferioribus
1444 1290 1469 1311 ες
1484 1279 1718 1320 singulariter:
1746 1280 1856 1310 omnia
1879 1280 1964 1316 enim
1984 1280 2024 1320 ,in
2050 1280 2196 1311 omnibus
2218 1285 2309 1317 sunt,
2333 1290 2398 1311 non
2422 1281 2549 1322 quidem
2577 1276 2786 1325 fflffhggmpstffi

362 1323 581 1363 superioribus
612 1323 795 1360 exhibetur;
827 1329 858 1354 et
882 1324 978 1355 etiam
1004 1333 1062 1364 per
1091 1324 1367 1363 comparationem
1390 1322 1430 1353 ad
1484 1323 1672 1363 aequaliter,
1689 1324 1766 1364 quia
1788 1324 1848 1354 alii
1870 1324 1945 1355 aliis
1967 1324 2134 1355 sublimius
2146 1324 2315 1365 possident
2335 1333 2419 1366 quae
2442 1330 2547 1356 tamen
2674 1319 2681 1325 ’

361 1367 514 1407 seipsum,
530 1366 570 1398 ad
593 1367 682 1408 quod
699 1368 837 1408 pertinet
858 1368 1015 1399 securitas
1034 1373 1192 1408 quantum
1215 1366 1256 1397 ad
1277 1367 1431 1397 remotio·
1485 1376 1596 1398 omnes
1612 1367 1738 1404 habent,
1755 1373 1791 1398 ut
1806 1368 1902 1398 etiam
1918 1367 2091 1408 Gregorius
2108 1368 2184 1399 dicit
2198 1370 2226 1399 ἦ
2252 1369 2338 1409 Ergo
2355 1375 2386 1399 et
2401 1369 2435 1399 in
2450 1369 2549 1400 beatis

361 1420 438 1442 nem
460 1411 547 1448 mali,
563 1417 595 1443 et
616 1411 776 1453 gaudium
799 1417 957 1452 quantum
980 1412 1020 1443 ad
1043 1411 1249 1452 adeptionem
1271 1411 1360 1441 boni.
1397 1433 1400 1436 ⁴

2577 1023 2587 1033 ·
2601 1021 2637 1044 Cf.
2659 1021 2703 1043 1⁸¹¹*
2725 1021 2771 1043 11⁸·
2782 1037 2789 1047 ,

2577 1054 2616 1076 qu.
2631 1053 2693 1075 mv,
2707 1052 2749 1071 art.
2764 1056 2787 1074 4.

2577 1370 2586 1380 ·
2593 1369 2650 1390 Loc.
2659 1368 2696 1390 cit.
2706 1374 2731 1391 n.
2739 1375 2787 1395 ¹4.-

2577 1395 2613 1417 Cf.
2619 1395 2640 1416 11
2647 1394 2721 1421 Sent„
2732 1394 2786 1416 diat.

1483 1420 1552 1442 non
1575 1411 1634 1442 erit
1657 1411 1790 1452 aliquod
1804 1412 1891 1442 aliud
1912 1413 2092 1452 praemium
2107 1413 2168 1443 nisi
2192 1414 2340 1443 omnium
2363 1422 2548 1444 commune.
2576 1421 2788 1453 112mp.11aecn0-

416 1456 468 1486 An
484 1466 603 1486 saxi-uu
618 1466 778 1487 mmmmm
794 1456 884 1497 quod
895 1457 974 1493 laus,
988 1466 1071 1496 quae
1083 1457 1122 1486 ab
1141 1456 1323 1495 Augustino
1336 1455 1430 1495 poni-
1484 1455 1570 1495 Ergo
1594 1456 1724 1486 aureola
1745 1466 1814 1486 non
1837 1461 1884 1486 est
1905 1457 2084 1496 praemium
2108 1457 2292 1487 distinctum
2315 1458 2354 1487 ab
2378 1467 2482 1488 aurea.
2575 1454 2647 1471 mma.

361 1505 413 1531 tur
435 1501 566 1531 tertium
581 1509 696 1531 eorum
711 1510 794 1541 quae
817 1501 851 1531 in
873 1501 974 1541 patria
989 1505 1092 1537 erunt,
1108 1510 1177 1531 non
1200 1504 1247 1530 est
1263 1499 1430 1539 dispositio
1445 1509 1471 1531 ὀ
1542 1499 1571 1530 5.
1587 1500 1783 1537 Pluinnam,
1797 1501 2013 1531 excellentiori
2023 1501 2139 1532 merito
2152 1501 2358 1532 excellentius
2369 1502 2549 1542 praemium

361 1543 402 1575 ad
423 1543 664 1581 beatitudinem,
681 1544 737 1576 sed
760 1546 860 1585 magis
883 1545 924 1575 ad
945 1544 1176 1575 beatitudinem
1206 1553 1428 1584 consequens:
1485 1543 1627 1574 debetur.
1648 1544 1681 1575 Si
1697 1554 1772 1586 ergo
1789 1554 1885 1575 aurea
1900 1544 2032 1576 debetur
2049 1546 2199 1585 operibus
2215 1555 2299 1586 quae
2313 1551 2388 1576 sunt
2409 1546 2442 1576 in
2459 1555 2550 1586 prae-

361 1598 402 1619 ex
422 1588 487 1619 hoc
511 1589 598 1620 enim
620 1589 692 1629 ipso
716 1588 806 1629 quod
833 1589 940 1620 anima
962 1589 1034 1620 Deo
1057 1589 1280 1628 coniungitur,
1304 1588 1339 1618 in
1362 1597 1429 1628 quo
1485 1593 1591 1628 cepto,
1611 1589 1741 1619 aureola
1758 1598 1835 1620 vero
1859 1589 1908 1619 his
1924 1598 2008 1629 quae
2030 1595 2105 1620 sunt
2128 1590 2161 1620 in
2178 1590 2323 1626 consilio,
2344 1590 2474 1620 aureola
2492 1590 2550 1620 erit

361 1632 526 1663 beatitudo
550 1633 710 1670 consistit,
734 1634 879 1673 sequitur
902 1633 992 1673 quod
1014 1634 1048 1664 in
1071 1632 1201 1664 laudem
1230 1637 1429 1672 prorumpat.
1483 1631 1655 1672 perfecfior
1671 1642 1769 1673 quam
1785 1642 1890 1664 aurea.
1907 1633 1948 1664 Et
1962 1634 2006 1664 ita
2020 1643 2089 1664 non
2104 1633 2234 1664 deberet
2245 1634 2442 1665 deminutive
2453 1634 2550 1674 signi-

361 1675 456 1708 Unde
477 1676 546 1707 laus
568 1686 637 1707 non
659 1677 755 1708 habet
770 1678 936 1711 ,rationem
959 1676 1052 1708 dotis.
1484 1675 1581 1707 ficari.
1605 1677 1646 1708 Et
1669 1678 1714 1707 sic
1737 1676 1862 1708 videtur
1885 1677 1975 1718 quod
1998 1678 2128 1708 aureola
2146 1687 2215 1709 non
2237 1679 2277 1709 sit
2291 1679 2472 1718 praemium
2487 1678 2550 1709 dis-

415 1721 468 1752 An
487 1730 640 1752 smmum
661 1731 822 1752 DICENDUM
838 1721 930 1762 quod
951 1721 1005 1752 illa
1027 1721 1173 1762 quinque
1189 1730 1273 1761 quae
1297 1730 1430 1752 enume-
1446 1729 1469 1750 π
1484 1720 1623 1752 tinctum
1645 1721 1684 1751 ab
1709 1731 1813 1752 aurea.

360 1770 408 1796 rat
429 1764 580 1802 Boetius,
604 1770 679 1796 sunt
702 1765 862 1805 quaedam
885 1764 1089 1796 beatitudinis
1117 1765 1337 1796 conditiones:
1360 1774 1428 1796 non
1541 1764 1604 1796 San
1629 1774 1762 1802 CONTRA,
1786 1764 1893 1796 Exod.
1918 1775 1988 1801 xxv,
2006 1775 2102 1805 super
2128 1765 2209 1796 illud
2223 1766 2250 1802 ξ
2274 1766 2388 1797 Facies
2411 1766 2549 1797 alteram
2578 1771 2587 1781 ·
2602 1769 2670 1791 Ver..
2684 1776 2717 1798 25-

360 1813 470 1840 autem
492 1809 718 1850 dispositiones
738 1809 779 1840 ad
801 1809 1005 1841 beatitudinis
1026 1815 1145 1840 actum.
1169 1809 1219 1840 Eo
1243 1809 1333 1850 quod
1356 1809 1430 1840 bea·
1484 1818 1642 1840 coronam
1665 1810 1845 1846 aureolam,
1870 1809 1946 1840 dicit
1970 1809 2084 1840 Glossa
2100 1810 2133 1839 ἰ
2158 1810 2208 1840 Ad
2230 1819 2387 1841 coronam
2409 1811 2552 1851 pertinet
2579 1816 2588 1826 ·
2603 1814 2659 1837 Ord.
2674 1814 2756 1836 nedae.

360 1853 476 1890 titudo,
492 1854 615 1885 ratione
630 1863 707 1885 suae
729 1854 945 1894 perfectionis,
969 1854 1038 1885 sola
1061 1859 1092 1884 et
1114 1854 1314 1894 singulariter
1335 1854 1432 1885 habet
1484 1853 1646 1884 canticum
1670 1863 1788 1885 novum
1810 1853 1897 1894 quod
1915 1854 2059 1895 virgines
2078 1858 2203 1884 tantum
2225 1863 2338 1885 coram
2353 1856 2449 1896 Agno
2474 1865 2550 1886 con-

359 1906 418 1938 per
433 1898 570 1938 seipsam
586 1897 745 1939 quidquid
767 1899 806 1929 ab
822 1898 1008 1930 hominibus
1023 1899 1057 1929 in
1073 1898 1203 1929 diversis
1218 1898 1313 1929 rebus
1329 1907 1428 1938 quae·
1484 1898 1620 1928 cinunt:
1643 1907 1682 1928 ex
1705 1907 1772 1938 quo
1789 1897 1914 1928 videtur
1932 1897 2022 1938 quod
2038 1898 2167 1929 aureola
2189 1899 2229 1928 sit
2252 1898 2411 1939 quaedam
2429 1909 2551 1930 corona

119 1954 132 1966 ·
147 1952 181 1975 cn
198 1966 206 1975 .
220 1958 262 1981 m,
276 1958 302 1975 n.
312 1959 334 1980 7,
361 1942 455 1973 titur:
479 1947 516 1973 ut
530 1947 618 1983 patet
633 1943 728 1974 etiam
744 1952 802 1983 per
816 1943 1061 1983 Philosophum,
1077 1943 1111 1973 in
1128 1942 1169 1973 1*
1185 1947 1217 1973 et
1230 1943 1261 1973 X
1274 1942 1378 1973 Ethic.
1395 1943 1431 1959 *⁴*
1444 1955 1472 1977 4⁰
1483 1951 1553 1972 non
1583 1942 1744 1978 omnibus,
1773 1941 1830 1972 sed
1859 1942 2052 1982 quibusdam
2081 1942 2258 1983 specialiter
2284 1943 2415 1974 reddita.
2443 1944 2551 1974 Aurea

121 1979 169 2029 ξ’·
181 1958 266 2003 ἐπ’
281 1979 334 2002 ¹⁶⁶¹·
361 1986 403 2018 Et
425 1986 605 2018 secundum
627 1987 701 2024 hoc,
718 1987 851 2018 Boetius
881 1986 1021 2018 ostendit
1048 1987 1103 2017 illa
1132 1987 1277 2027 quinque
1299 1987 1334 2017 in
1356 1996 1430 2017 vera
1485 1991 1594 2016 autem
1624 1987 1775 2017 omnibus
1807 1986 1906 2017 beatis
1934 1986 2085 2018 redditur.
2116 1987 2202 2027 Ergo
2234 1987 2363 2018 aureola
2390 1994 2436 2018 est
2464 1988 2550 2019 aliud

120 2032 334 2061 ''cte-mmm:
361 2030 558 2063 beatitudine
587 2041 673 2068 esse,
701 2032 777 2072 quia
805 2032 885 2062 haec
914 2037 989 2062 sunt
1020 2040 1103 2071 quae
1126 2031 1165 2062 ab
1188 2031 1374 2066 hominibus
1397 2032 1431 2062 in
1485 2040 1584 2071 quam
1607 2040 1712 2061 aurea.

121 2065 335 2115 ἓΞὶ-’ἕ-ἰἦιῖὲσὲ
361 2076 531 2116 temporali
553 2075 703 2107 felicitate
722 2081 928 2116 quaeruntur.
953 2075 1046 2114 Quae
1062 2075 1113 2106 vel
1127 2076 1288 2116 pertinent
1310 2074 1350 2106 ad
1370 2075 1431 2106 im-
1542 2084 1572 2105 2.
1595 2075 1792 2110 plumarum,
1816 2084 1944 2115 pugnae
1967 2084 2066 2115 quam
2088 2075 2232 2115 sequitur
2254 2076 2396 2113 victoria,
2417 2075 2550 2107 debetur

122 2118 147 2140 ¹·
160 2117 214 2134 ⁸¹¹¹*
362 2120 554 2151 munitatem
569 2130 588 2150 a
601 2120 700 2156 malo,
712 2120 795 2151 sicut
809 2120 981 2157 securitas3
996 2138 1020 2143 -
1033 2120 1086 2150 vel
1108 2119 1148 2150 ad
1163 2120 1429 2150 consecutionem
1486 2128 1624 2150 corona:
1650 2119 1677 2150 11
1704 2119 1784 2149 Tim.
1809 2129 1831 2149 11
1846 2120 1863 2136 ⁴*
1874 2142 1881 2155 ,
1906 2119 1982 2149 Non
2006 2119 2218 2150 coronabitur
2242 2120 2304 2150 nisi
2326 2121 2382 2160 qui
2409 2121 2551 2162 legitime
2578 2127 2587 2137 ·
2603 2124 2668 2146 Vm.
2683 2130 2702 2152 5-

319 2185 321 2187 .
363 2164 455 2195 boni:
480 2164 531 2194 vel
555 2165 785 2201 convenientis,
801 2165 884 2196 sicut
899 2164 1098 2200 iucunditas3
1122 2164 1174 2195 vel
1189 2164 1332 2204 perfecti,
1350 2165 1431 2195 sicut
1444 2176 1469 2198 45
1485 2164 1666 2194 certaverit.
1683 2163 1780 2204 Ergo,
1796 2163 1852 2194 ubi
1868 2168 1915 2194 est
1930 2163 2075 2204 specialis
2090 2164 2170 2194 ratio
2187 2165 2378 2201 certaminis,
2394 2165 2439 2195 ibi
2455 2165 2550 2196 debet

362 2208 575 2249 sufficientia3
590 2209 675 2239 -vel
687 2208 727 2239 ad
741 2208 1032 2240 manifestationem
1047 2209 1139 2239 boni:
1156 2209 1238 2239 sicut
1253 2208 1430 2245 celebritas,
1486 2217 1554 2238 esse
1577 2207 1722 2248 specialis
1746 2217 1876 2238 corona.
1901 2207 1964 2238 Sed
1985 2208 2019 2238 in
2046 2208 2206 2248 aliquibus
2230 2209 2380 2248 operibus
2405 2215 2452 2240 est
2478 2219 2550 2250 spe-

363 2253 556 2293 inquantum
571 2253 696 2284 bonum
718 2254 815 2285 unius
834 2254 929 2284 estin
944 2254 1058 2284 notitia
1074 2253 1271 2289 multorum;
1295 2258 1327 2284 et
1343 2263 1431 2284 reve·
1485 2252 1572 2283 dalis
1594 2252 1674 2283 ratio
1692 2251 1842 2282 certandi.
1866 2252 1953 2292 Ergo
1969 2261 2046 2292 prae
2068 2252 2136 2282 aliis
2159 2253 2301 2292 aliquam
2324 2262 2479 2284 coronam
2495 2254 2550 2284 ha-

364 2297 483 2337 rentia,
504 2298 698 2338 inquantum
719 2298 804 2329 illius
823 2298 957 2328 notitiae
978 2298 1030 2328 vel
1045 2298 1125 2328 boni
1147 2298 1276 2337 signum
1298 2297 1432 2338 aliquod
1485 2297 1560 2328 bere
1583 2296 1710 2327 debent.
1734 2296 1776 2326 Et
1798 2297 1880 2326 hanc
1904 2296 2039 2329 dicimus
2066 2297 2239 2327 aureolam.

364 2342 546 2378 exhiberem
569 2343 745 2373 reverentia
760 2342 847 2373 enim
862 2342 1006 2373 consistit
1023 2342 1057 2372 in
1074 2342 1276 2374 exhibitione
1286 2342 1430 2378 honoris,
1541 2341 1571 2372 3.
1587 2341 1785 2377 Pium-amsa,
1797 2340 1940 2371 Ecclesia
1954 2341 2093 2371 militans
2104 2340 2268 2372 descendit
2283 2351 2302 2371 a
2316 2342 2549 2382 triumphante:

364 2386 422 2426 qui
445 2391 492 2416 est
513 2387 735 2418 testimonium
757 2387 890 2418 virtutis.
914 2385 1010 2418 Unde
1032 2391 1119 2427 patet
1142 2385 1233 2427 quod
1254 2387 1314 2417 ista
1337 2387 1431 2427 quin-
1446 2397 1472 2418 50
1484 2391 1522 2416 ut
1543 2390 1631 2426 patet
1652 2386 1751 2426 Apoc.
1775 2395 1828 2415 xm
1843 2386 1877 2421 ⁴⁹,
1907 2384 1977 2415 Vidi
1999 2385 2159 2416 civitatem
2182 2390 2327 2416 sanctam
2347 2391 2406 2416 etc.
2431 2386 2495 2417 Sed
2516 2387 2551 2417 in
2579 2393 2588 2403 ·
2602 2393 2670 2416 Vera.
2685 2399 2705 2415 2.

365 2439 430 2470 que
452 2439 521 2461 non
536 2429 654 2462 debent
675 2430 740 2462 dici
762 2430 864 2468 dotes,
880 2430 936 2462 sed
960 2430 1118 2471 quaedam
1134 2430 1337 2462 beatitudinis
1353 2441 1431 2462 con·
1485 2430 1629 2461 Ecclesia
1657 2429 1814 2460 militante
1843 2429 1992 2469 specialia
2024 2439 2122 2469 opera
2154 2430 2344 2461 habentibus
2375 2430 2551 2461 redduntur

365 2474 513 2506 ditiones.
1485 2474 1634 2515 specialia
1656 2474 1813 2514 praemia:
1831 2474 1913 2504 sicut
1927 2474 2101 2504 victoribus
2121 2483 2251 2510 corona,
2268 2475 2467 2505 currentibus
2482 2475 2551 2505 bra-

1485 2520 1585 2550 vium.
1612 2518 1698 2558 Ergo
1722 2518 1865 2549 similiter
1888 2517 1982 2548 debet
2005 2527 2074 2549 esse
2096 2519 2131 2549 in
2160 2518 2303 2549 Ecclesia
2325 2519 2550 2559 triumphante.

509 2560 763 2605 QUAESTIO
788 2560 1288 2596 NONAGESIMASEXTA
1541 2563 1731 2594 strommo
1754 2572 1915 2593 mmmmm
1938 2562 2028 2603 quod
2050 2563 2230 2603 praemium
2254 2563 2419 2594 essentiale
2446 2564 2552 2594 homi-

782 2613 827 2638 DE
845 2614 1019 2639 AUREOLIS
1448 2617 1470 2638 55
1485 2608 1545 2644 nis,
1570 2606 1661 2648 quod
1684 2612 1731 2637 est
1754 2607 1821 2638 eius
1840 2606 2014 2644 beatitudo,
2035 2607 2179 2638 consistit
2201 2608 2235 2638 in
2257 2607 2398 2648 perfecta
2417 2608 2552 2638 coniun-

124 2694 252 2744 fwcgdqu·
276 2701 337 2723 xcn,
368 2702 656 2768 consanum-sm
677 2691 946 2724 considerandum
969 2698 1017 2724 est
1039 2691 1079 2724 de
1102 2694 1239 2725 aureolis
1254 2695 1281 2725 ’ἢ
1486 2657 1614 2726 ῗιῗοὲὶξο
1624 2651 1812 2726 Ἓωᾷἶῗηῗὲ
1833 2651 2424 2735 ἒεῑΐιὲῗῖέ.ωῐῗὲἓῃὲῗιῐῐὲῐῑῗορξέἔὲὶῗῗη
2439 2651 2554 2726 ἱῒεῖτέἷ

208 2738 214 2744 ’
433 2737 527 2768 Circa
550 2737 640 2778 quod
663 2742 860 2777 quaeruntur
882 2737 1045 2768 tredecim.
1486 2740 1620 2780 phorice
1642 2749 1768 2770 corona
1790 2738 1905 2770 dicitur
1935 2739 1986 2770 vel
2012 2747 2135 2770 aurea:
2157 2746 2228 2770 tum
2251 2749 2288 2770 ex
2310 2745 2399 2779 parte
2430 2740 2551 2775 meriti,

419 2782 545 2812 Primo:
570 2787 679 2812 utrum
702 2781 833 2812 aureola
854 2781 977 2812 differat
1000 2792 1019 2812 a
1040 2783 1184 2823 praemio
1209 2783 1376 2814 essentiali.
1488 2783 1579 2824 quod
1608 2793 1684 2814 cum
1714 2783 1853 2824 quadam
1874 2792 1985 2823 pugna
2007 2784 2123 2824 agitur,
2148 2783 2264 2814 militia
2294 2784 2381 2814 enim
2411 2789 2458 2814 est
2486 2784 2552 2814 vita

420 2825 588 2858 Secundo:
612 2831 722 2856 utrum
745 2825 867 2856 differat
890 2835 909 2856 a
930 2825 1047 2857 fructu.
1398 2840 1402 2844 -
1446 2837 1474 2857 60
1486 2828 1627 2859 hominis
1658 2837 1756 2868 super
1787 2832 1926 2863 terram,
1950 2827 2009 2858 Iob
2031 2837 2076 2858 vn
2100 2829 2133 2864 *;
2164 2833 2234 2858 tum
2271 2828 2366 2858 etiam
2396 2837 2435 2858 ex
2462 2833 2552 2868 parte
2579 2835 2589 2845 ·
2604 2833 2671 2855 vm.
2689 2840 2706 2855 ι.

421 2870 550 2901 Tertio:
574 2875 684 2901 utrum
699 2869 821 2901 fructus
837 2870 899 2901 soli
913 2871 1022 2901 virtuti
1037 2871 1255 2902 continentiae
1271 2870 1432 2903 debeatur.
1486 2873 1630 2913 praemii,
1646 2882 1704 2912 per
1727 2871 1818 2912 quod
1839 2872 1940 2902 homo
1957 2871 2092 2902 efficitur
2115 2871 2358 2912 quodammodo
2382 2871 2552 2903 divinitatis

421 2914 563 2953 Quarto:
596 2920 705 2945 utrum
734 2915 963 2945 convenienter
993 2916 1191 2956 assignentur
1220 2921 1283 2946 tres
1312 2915 1434 2947 fructus
1486 2918 1644 2958 particeps
1657 2917 1684 2953 *‚
1701 2921 1733 2946 et
1754 2925 1812 2956 per
1828 2925 2030 2956 consequens
2045 2916 2151 2956 regiae
2168 2917 2343 2956 potestatis,
2359 2916 2458 2956 Apoc.
2474 2926 2495 2946 v
2506 2917 2551 2952 **,
2578 2916 2789 2969 ;εῐι,18Ρῗτιῡιρ-ι.

453 2959 554 2990 tribus
576 2959 717 3000 partibus
741 2959 967 2990 continentiae.
1485 2961 1605 2992 Fecisti
1621 2970 1680 2991 nos
1689 2960 1760 2991 Deo
1773 2965 1884 2991 nostro
1901 2969 2039 3001 regnum
2051 2965 2082 2990 et
2095 2960 2278 2991 sacerdotes
2283 2967 2296 2998 ;
2312 2969 2433 2991 corona
2443 2966 2552 2992 autem
2579 2971 2601 2982 ··
2616 2957 2682 2992 v‘en.
2698 2975 2732 2991 ιο.

422 3002 563 3042 Quinto:
588 3009 698 3034 utrum
720 3003 895 3044 virginibus
918 3003 1071 3034 debeatur
1093 3004 1232 3035 aureola.

422 3047 536 3079 Sexto:
561 3053 671 3078 utrum
694 3047 846 3078 debeatur
867 3048 1069 3088 martyribus.

422 3091 585 3133 Septimo:
609 3097 719 3123 utrum
742 3091 894 3123 debeatur
916 3091 1112 3123 doctoribus.

425 3135 566 3167 Octavo:
590 3142 700 3167 utrum
723 3135 851 3167 Christo
875 3136 1005 3167 aureola
1027 3136 1189 3168 debeatur.

422 3179 539 3210 Nono:
562 3185 671 3212 utrum
694 3181 823 3221 angelis.

424 3222 578 3254 Decimo:
601 3230 711 3256 utrum
734 3225 862 3266 corpori
885 3225 1028 3256 humano
1052 3225 1214 3256 debeatur.

426 3266 621 3299 Undecimo:
636 3274 746 3300 utrum
755 3270 984 3300 convenienter
993 3275 1055 3301 tres
1067 3270 1215 3301 aureolae
1225 3270 1433 3310 assignentur.
1448 3281 1475 3302 70

426 3310 646 3342 Duodecimn:
669 3318 778 3344 utrum
801 3314 931 3346 aureola
953 3314 1113 3354 virginum
1136 3315 1176 3345 sit
1197 3315 1374 3354 potissima.

426 3354 660 3430 1)ῗὲξῖῗὲξίέῖ
667 3366 674 3387 :
693 3362 802 3389 utrum
816 3368 902 3390 unus
918 3358 980 3389 alio
996 3359 1151 3390 intensius
1171 3358 1305 3390 eandem
1321 3367 1433 3390 aureo-

1487 3010 1535 3036 est
1557 3005 1726 3045 proprium
1748 3005 1876 3044 signum
1898 3004 2003 3044 regiae
2025 3005 2200 3044 potestatis.
2230 3005 2271 3036 Et
2294 3003 2407 3035 eadem
2429 3005 2552 3036 ratione

1447 3056 1471 3082 65
1486 3050 1667 3089 praemium
1683 3048 1773 3088 quod
1789 3048 1947 3079 essentiali
1963 3048 2097 3085 additur,
2115 3058 2254 3079 coronae
2270 3049 2428 3080 rationem
2445 3050 2550 3080 habet.

1488 3092 1651 3133 Significat
1674 3093 1770 3123 etiam
1793 3102 1913 3123 corona
1927 3091 2160 3132 perfectionem
2183 3093 2354 3133 quandam,
2373 3094 2497 3124 ratione
2515 3092 2552 3124 fi-

1487 3147 1584 3178 gurae
1615 3137 1791 3167 circularis:
1822 3142 1859 3167 ut
1888 3146 1927 3167 ex
1952 3137 2016 3167 hoc
2046 3137 2141 3167 etiam
2170 3137 2360 3177 perfectioni
2390 3143 2554 3178 competat

1487 3183 1666 3212 beatorum.
1683 3180 1747 3212 Sed
1770 3181 1846 3221 quia
1860 3181 1939 3211 nihil
1954 3186 2061 3221 potest
2084 3181 2254 3222 superaddi
2277 3182 2356 3222 quin
2371 3182 2411 3212 sit
2434 3191 2474 3212 eo
2492 3182 2552 3213 mi-

1487 3236 1559 3261 nus,
1582 3225 1656 3256 ideo
1680 3224 1921 3265 superadditum
1942 3226 2122 3265 praemium
2145 3226 2283 3256 aureola
2304 3226 2498 3256 nominatur.

1543 3270 1630 3300 Huic
1653 3274 1762 3300 autem
1785 3269 1942 3300 essentiali
1961 3270 2103 3309 praemio
2127 3269 2217 3310 quod
2239 3279 2335 3301 aurea
2357 3269 2480 3306 dicitur,
2497 3270 2553 3301 ali-

1489 3313 1568 3355 quid
1596 3313 1818 3354 superadditur
1847 3313 2025 3354 dupliciter.
2054 3314 2129 3345 Uno
2155 3313 2273 3351 modo,
2301 3324 2340 3345 ex
2367 3313 2554 3345 conditione

1488 3364 1619 3389 naturae
1650 3359 1719 3389 eius
1756 3358 1812 3399 qui
1841 3359 2049 3398 praemiatur:
2081 3359 2164 3389 sicut
2198 3368 2295 3399 supra
2323 3357 2554 3389 beatitudinem

1489 3403 1614 3433 animae
1645 3402 1746 3442 gloria
1778 3403 1920 3443 corporis
1950 3402 2141 3443 adiungitur.
2172 3402 2266 3434 Unde
2296 3407 2327 3434 et
2356 3403 2425 3443 ipsa
2453 3402 2554 3443 gloria

1490 3447 1633 3487 corporis
1662 3445 1824 3477 interdum
1854 3446 1983 3477 aureola
2012 3447 2211 3478 nominatur:
2240 3446 2326 3478 unde
2353 3456 2448 3487 super
2475 3446 2554 3477 inud

1448 3503 1472 3524 75
1488 3491 1595 3522 Exod.
1608 3501 1669 3522 xxv
1680 3492 1707 3527 *‚
1723 3491 1837 3522 Facies
1852 3491 1989 3522 alteram
2005 3501 2161 3522 coronam
2173 3492 2352 3528 aureolam,
2366 3491 2441 3522 dicit
2457 3500 2554 3531 quae·
2581 3475 2711 3525 Zolii‘raff‘f'
2730 3474 2780 3497 δρα
