2918 4088
441 198 489 234 80

1124 191 1386 239 QUAESTIO
1415 188 1573 235 LXVII,
1602 182 1895 222 ARTICULUS
1923 183 1938 219 Ι

853 454 1266 534 QUAESTIO
1305 445 2211 507 SEXAGESIMASEPTmA

570 588 654 629 DE
686 584 987 627 MINISTRIS
1020 583 1135 623 PER
1170 579 1333 634 QUOS
1367 577 1685 619 TRADITUR
1717 575 1998 617 BAPTISMI
2032 575 2503 617 SACRAMENTUM

1269 694 1303 719 IN

531 809 647 834 EINDE-
680 793 1004 832 considerandum
1043 799 1098 828 est
1136 791 1183 827 de
1223 787 1402 826 ministris
1438 785 1535 838 perl

358 808 630 909 uvanuos
658 848 816 885 traditur
843 852 1125 884 sacramentum
1153 841 1332 891 baptismi
1350 841 1381 878 ²⁸.

448 904 497 941 Et
524 902 623 939 circa
650 903 726 938 hoc
753 906 991 949 quaeruntur
1018 904 1117 934 octo.

501 955 649 992 Primo:
679 961 810 990 utrum
847 952 894 989 ad
927 951 1136 988 diaconum
1170 947 1355 998 pertineat
1386 946 1508 996 bapti-

205 858 218 869 .

207 857 259 905 Ιηῐξ
257 856 313 904 o'cl.q

554 1019 650 1044 zare.

502 1059 703 1098 Secundo:
724 1066 854 1095 utrum
874 1055 1059 1106 pertineat
1077 1054 1126 1092 ad
1145 1053 1426 1104 presbyterum,
1446 1054 1510 1090 vel

554 1113 681 1149 solum
709 1111 758 1148 ad
787 1109 1024 1159 episcopum.

500 1164 652 1202 Tertio:
686 1171 816 1211 utrum
844 1161 961 1199 laicus
988 1160 1108 1211 possit
1136 1167 1421 1198 sacramentum
1444 1159 1508 1198 ba-

552 1216 681 1267 ptismi
709 1216 891 1254 conferre.

1332 693 1431 719 OCTO
1459 692 1661 718 ARTICULOS
1687 692 1801 717 DIVISA

1615 787 1786 834 Quarto:
1816 794 1949 824 utrum
1976 787 2053 823 hoc
2079 785 2199 835 possit
2226 786 2350 823 facere
2377 784 2527 822 mulier.

1616 840 1783 887 Quinto:
1821 847 1954 877 utrum
1989 851 2071 876 non
2107 838 2320 888 baptizatus
2355 838 2475 887 possit
2506 837 2629 888 bapti-

1669 905 1767 931 zare.

1617 947 1754 985 Sexto:
1788 952 1921 983 utrum
1955 947 2084 995 plures
2111 945 2260 995 possint
2294 944 2410 982 simul
2436 944 2628 994 baptizare

1670 1011 1797 1037 unum
1825 1007 1861 1036 et
1889 998 2070 1036 eundem.

1618 1052 1810 1102 Septimo:
1839 1059 1972 1089 utrum
1999 1063 2154 1089 necesse
2179 1050 2225 1088 sit
2253 1063 2336 1088 esse
2363 1050 2533 1100 aliquem
2561 1050 2629 1101 qui

1669 1105 1902 1154 baptizatum
1933 1105 1981 1142 de
2010 1116 2118 1142 sacro
2146 1104 2249 1142 fonte
2278 1103 2444 1153 recipiat.

1619 1159 1789 1197 Octavo:
1829 1161 1962 1195 utrum
1999 1156 2210 1207 suscipiens
2238 1157 2407 1206 aliquem
2444 1157 2492 1194 de
2520 1168 2630 1194 sacro

1670 1211 1773 1249 fonte
1802 1210 1990 1259 obligetur
2017 1210 2067 1247 ad
2095 1210 2178 1248 eius
2202 1209 2504 1247 instructionem.

1257 1331 1577 1375 ARTICULUS
1607 1330 1816 1374 PRIMUS

931 1426 1090 1458 UTRUM
1112 1426 1172 1456 AD
1196 1425 1407 1457 OFFICIUM
1430 1424 1612 1456 DIACONI
1635 1423 1884 1455 PERTINEAT
1907 1422 2150 1454 BAPTIZARE

1244 1505 1278 1530 IV
1297 1505 1381 1534 Sent„
1402 1505 1460 1530 dist.
1477 1512 1501 1535 v,
1521 1512 1565 1537 qu.
1583 1511 1611 1536 n,
1630 1509 1678 1530 art.
1699 1510 1722 1535 1,
1742 1503 1792 1536 qu·
1812 1511 1836 1529 2.

513 1615 542 1656 ἢ,
568 1637 572 1644 1
585 1625 608 1638 „
658 1608 681 1632 D
710 1607 845 1632 PRIMUM
874 1606 926 1632 sm
954 1605 1190 1631 PROCEDrrUR.
1218 1592 1380 1631 Videtur
1402 1592 1510 1642 quod

501 1634 638 1711 ²34*
661 1648 710 1685 ad
730 1647 904 1685 officium
923 1646 1075 1684 diaconi
1102 1646 1288 1696 pertineat
1306 1645 1510 1695 baptizare.

471 1709 505 1761 Α
515 1743 517 1747 y
604 1695 787 1738 Simul
815 1700 919 1737 enim
947 1699 1158 1748 iniungitur
1184 1712 1207 1737 a
1225 1699 1397 1736 Domino
1426 1698 1511 1736 offi-

471 1734 547 1785 ²,st
562 1750 597 1783 ὅ·
620 1745 765 1793 &scium
799 1752 1045 1803 praedicandi
1066 1758 1083 1774 ‘²
1111 1760 1147 1790 et
1179 1751 1415 1802 baptizandi:
1455 1764 1512 1789 se-

453 1794 627 1845 cundum
655 1806 748 1844 illud
766 1807 901 1843 Matth.
922 1807 988 1843 ult.
1008 1805 1043 1842 ²¹⁸:
1073 1807 1222 1852 Euntes,
1242 1806 1367 1843 docete
1385 1817 1514 1842 omnes

450 1866 589 1911 gentes,
618 1861 840 1919 baptizantes
868 1871 940 1905 eos,
961 1866 1029 1896 etc.
1061 1859 1138 1896 Sed
1166 1859 1215 1896 ad
1244 1857 1417 1896 officium
1436 1857 1514 1895 dia-

451 1913 539 1951 coni
566 1912 726 1962 pertinet
754 1911 1010 1960 evangelizare
1029 1911 1059 1948 ²¹⁶.
1097 1912 1200 1960 Ergo
1228 1911 1380 1949 videtur
1407 1910 1514 1960 quod

453 1966 566 2003 etiam
595 1965 643 2002 ad
672 1964 844 2002 officium
873 1964 1023 2001 diaconi
1051 1964 1238 2014 pertineat
1256 1964 1459 2014 baptizare.

507 2030 541 2055 2.
572 2019 810 2064 PRAETEREA,
849 2017 1063 2054 secundum
1101 2017 1350 2067 Dionysium,
1379 2030 1403 2054 v
1430 2029 1514 2066 cap.

451 2071 551 2109 Eccl.
567 2072 676 2108 Hier.
692 2070 722 2117 ⁹¹⁴,
736 2082 906 2120 purgare
918 2069 1079 2119 pertinet
1093 2070 1142 2107 ad
1158 2070 1331 2107 officium
1350 2069 1513 2107 diaconi.

454 2124 530 2162 Sed
561 2123 735 2172 purgatio
771 2136 794 2160 a
820 2122 984 2172 peccatis
1019 2122 1187 2160 maxime
1219 2123 1262 2159 fit
1298 2135 1367 2172 per
1394 2122 1515 2172 bapti-

454 2188 601 2214 smum:
623 2176 839 2213 secundum
854 2175 947 2213 illud
965 2177 1099 2226 Ephes.
1119 2188 1143 2212 v
1157 2175 1196 2212 *ε
1217 2176 1413 2213 Mundans
1431 2188 1514 2212 eam

310 2227 324 2260 β
453 2230 605 2268 lavacro
624 2241 744 2278 aquae
758 2227 773 2258 β
792 2231 828 2265 in
849 2231 961 2267 verbo
982 2231 1088 2266 vitae.
1117 2230 1218 2276 Ergo
1237 2228 1390 2266 videtur
1409 2229 1515 2278 quod

454 2282 646 2331 baptizare
673 2281 859 2331 pertineat
887 2282 935 2319 ad
964 2281 1178 2319 diaconem.

212 1814 222 1824 ·
237 1812 304 1834 Vers.
321 1818 354 1840 ¹9.

213 1920 224 1931 '¹
238 1919 294 1940 Can.
304 1917 424 1944 Perlectie,

215 1945 267 1967 dist.
283 1944 355 1966 XXV.

214 2078 224 2089 ·
238 2076 296 2097 Part.
312 2082 327 2102 1,
342 2076 351 2102 5
366 2075 388 2102 6,
403 2081 424 2102 7.

214 2178 224 2189 ·
237 2177 305 2198 Vei-s.
320 2176 355 2198 26.

1565 1591 1724 1628 sterium
1751 1590 1934 1628 adhibere
1963 1590 2044 1628 aliis
2071 1589 2283 1628 maioribus
2310 1590 2350 1628 in
2378 1599 2632 1629 sacramento-

1566 1656 1655 1681 rum
1683 1644 1927 1681 exhibitione.
1971 1645 2020 1681 Et
2048 1644 2101 1681 sic
2129 1644 2177 1681 ad
2206 1643 2410 1681 diaconem
2438 1657 2518 1682 non
2545 1657 2632 1694 per-

1565 1697 1658 1735 tinet
1686 1697 1796 1747 quasi
1824 1709 1871 1734 ex
1897 1696 2056 1747 proprio
2085 1696 2214 1734 officio
2242 1697 2390 1734 tradere
2419 1709 2632 1735 sacramen·

1566 1758 1651 1788 tum
1672 1750 1871 1800 baptismi:
1902 1750 1970 1787 sed
1989 1750 2028 1787 in
2047 1749 2248 1788 collatione
2267 1749 2385 1787 huius
2404 1750 2631 1788 sacramenti

1568 1811 1604 1840 et
1623 1803 1788 1841 aliorum
1807 1803 1978 1841 assistere
1994 1811 2031 1840 et
2045 1802 2259 1840 ministrare
2273 1803 2497 1841 maioribus.
2518 1804 2632 1842 Unde

1567 1856 1735 1894 Isidorus
1764 1856 1853 1894 dicit
1870 1856 1910 1893 *ε
1946 1857 2010 1893 Ad
2041 1857 2241 1894 diaconum
2272 1858 2432 1906 pertinet
2466 1859 2633 1894 assistere

1569 1916 1602 1947 et
1620 1911 1832 1947 ministrare
1848 1902 2098 1947 sacerdotibus
2111 1914 2127 1938 Υ
2150 1911 2188 1946 in
2209 1911 2379 1947 omnibus
2397 1922 2493 1960 quae
2510 1921 2632 1960 agun-

1568 1969 1629 2000 tur
1656 1964 1693 1999 in
1721 1964 1963 2000 sacramentis
1985 1964 2130 2008 Christi,
2160 1964 2198 1999 in
2227 1964 2407 2012 baptismo
2427 1963 2574 2011 scilicet,
2594 1965 2632 2000 in

1569 2017 1777 2062 chrismate,
1807 2017 1844 2052 in
1867 2022 2008 2065 patena
2036 2021 2070 2052 et
2097 2016 2222 2052 calice.

1623 2070 1680 2105 An
1709 2081 1844 2106 PR1MUM
1873 2081 1970 2106 ERGO
1999 2080 2181 2106 mCENDUM
2209 2069 2317 2118 quod
2345 2069 2395 2106 ad
2422 2068 2634 2107 diaconum

1569 2121 1732 2171 pertinet
1759 2121 1915 2159 recitare
1944 2121 2187 2170 evangelium
2206 2121 2246 2159 in
2265 2121 2435 2169 ecclesia,
2465 2129 2502 2159 et
2527 2134 2635 2172 prae-

1570 2174 1696 2212 dicare
1729 2174 1859 2224 ipsum
1886 2187 1957 2224 per
1984 2175 2150 2212 modum
2178 2173 2474 2212 catechizantis⁶
2487 2189 2495 2212 :
2529 2175 2635 2213 unde

1571 2235 1607 2265 et
1626 2227 1836 2278 Dionysius
1855 2227 1944 2265 dicit
1962 2227 1982 2250 '¹‘
2001 2228 2109 2277 quod
2128 2227 2280 2265 diaconi
2298 2227 2442 2266 habent
2461 2227 2673 2266 officium·

1571 2293 1687 2331 super
1714 2281 1960 2329 immundos,
1999 2280 2096 2318 inter
2124 2293 2223 2330 quos
2255 2281 2365 2331 ponit
2391 2282 2634 2319 catechume-

1571 2346 1643 2372 nos
1662 2333 1693 2371 ²¹².
1724 2334 1801 2372 Sed
1829 2334 1981 2380 docere,
2010 2333 2049 2372 id
2078 2341 2133 2371 est
2161 2346 2364 2394 exponere
2379 2334 2633 2383 evangelium,

1571 2387 1734 2437 pertinet
1759 2386 1915 2436 proprie
1943 2387 1992 2436 ad
2021 2386 2270 2437 episcopum,
2305 2386 2414 2424 cuius
2446 2395 2552 2425 actus
2580 2395 2636 2425 est

457 2441 575 2478 zabat.
618 2441 719 2489 Ergo
747 2440 900 2477 videtur
931 2441 1039 2489 quod
1071 2441 1119 2478 ad
1148 2440 1329 2478 diacones
1356 2440 1518 2490 pertinet
1566 2442 1771 2490 perficere,
1810 2439 2027 2477 secundum
2064 2440 2318 2490 Dionysium,
2356 2453 2380 2478 v
2412 2452 2494 2490 cap.
2532 2441 2634 2478 Eccl.

214 2336 401 2392 ζῃξξῧξρξξξ
510 2335 544 2372 3.
574 2336 814 2382 PRAETEREA,
856 2335 904 2371 de
941 2335 1055 2372 beato
1092 2334 1301 2372 Laurentio
1338 2334 1473 2383 legitur
1497 2334 1517 2356 ’¹‘

216 2391 265 2412 ⁶³0·
456 2388 573 2437 quod,
603 2400 694 2424 cum
722 2387 802 2437 ipse
831 2395 928 2424 esset
955 2387 1152 2435 diaconus,
1182 2387 1370 2437 plurimos
1398 2387 1517 2437 bapti-

243 2544 259 2565 p
457 2493 658 2542 baptizare.

218 2545 228 2555 ·
261 2544 340 2566 rimus.

512 2547 585 2583 SED
618 2558 763 2583 CONTRA
799 2558 864 2583 Εετ
897 2546 1004 2595 quod
1038 2546 1212 2584 Gelasius
1235 2546 1256 2568 ’¹‘
1283 2547 1389 2596 Papa
1417 2546 1516 2594 dicit,

457 2606 493 2635 et
512 2599 674 2636 habetur
693 2598 731 2635 in
745 2598 925 2645 Decretis,
941 2599 1058 2636 XCIII
1073 2599 1155 2636 dist.
1171 2599 1208 2636 *z
1229 2601 1416 2636 Diacones
1433 2612 1518 2649 pro-

451 2653 579 2702 priam
599 2653 847 2689 constituimus
866 2654 1063 2690 observare
1081 2665 1307 2690 mensuram.
1337 2653 1385 2689 Et
1403 2652 1516 2690 infra:

457 2706 606 2754 Absque
623 2706 792 2755 episcopo
811 2704 870 2742 vel
886 2707 1108 2754 presbytero
1135 2707 1322 2755 baptizare
1349 2718 1424 2743 non
1453 2718 1518 2743 au-

458 2759 578 2805 deant,
599 2759 679 2804 nisi,
694 2758 894 2807 praedictis
920 2758 1109 2795 ordinibus
1135 2759 1284 2809 longius
1299 2760 1514 2805 constitutis,

459 2812 651 2848 necessitas
679 2817 846 2847 extrema
874 2812 1079 2860 compellat.

511 2865 735 2901 RESPONDEO
754 2876 935 2901 DICENDUM
955 2864 1074 2913 quod,
1104 2864 1200 2901 sicut
1218 2864 1439 2901 caelestium
1458 2876 1518 2901 or-

459 2916 595 2953 dinum
614 2916 862 2966 proprietates
881 2924 918 2953 et
936 2929 1073 2954 eorum
1093 2917 1219 2954 officia
1234 2930 1280 2954 ex
1299 2930 1437 2954 eorum
1452 2929 1518 2954 no-

459 2969 628 3006 minibus
654 2969 902 3019 accipiuntur,
923 2977 965 3006 ut
992 2970 1081 3007 dicit
1109 2970 1329 3020 Dionysius,
1359 2983 1404 3007 vn
1432 2982 1517 3020 cap.

222 3025 234 3036 ⁸
248 3025 257 3050 S
271 3030 286 3045 ¹·
464 3023 563 3059 Cael.
584 3024 693 3059 Hier.
709 3022 747 3067 *;
776 3022 826 3059 ita
845 3022 960 3059 etiam
980 3035 1026 3060 ex
1045 3023 1269 3060 nominibus
1297 3023 1518 3061 ecclesiasti-

460 3086 596 3111 corum
632 3075 813 3112 ordinum
848 3075 969 3125 accipi
1006 3083 1130 3125 potest
1164 3076 1258 3126 quid
1293 3077 1342 3113 ad
1376 3089 1519 3114 unum-

461 3139 656 3176 quemque
675 3127 859 3176 pertineat
879 3128 1067 3166 ordinem.
1088 3129 1279 3166 Dicuntur
1292 3137 1422 3167 autem
1442 3130 1519 3166 dia-

461 3192 570 3216 cones
598 3180 707 3228 quasi
734 3182 910 3217 ministri:
941 3181 1032 3230 quia
1059 3181 1235 3219 videlicet
1262 3182 1311 3219 ad
1339 3181 1520 3219 diacones

461 3244 542 3269 non
568 3232 729 3281 pertinet
763 3233 919 3282 aliquod
948 3242 1231 3271 sacramentum
1265 3234 1522 3284 principaliter

461 3292 497 3322 et
525 3284 634 3334 quasi
663 3297 709 3322 ex
735 3285 893 3334 proprio
922 3286 1050 3323 officio
1082 3287 1284 3335 praebere,
1314 3287 1381 3323 sed
1409 3286 1521 3323 mini-

218 2599 228 2609 ·
243 2598 299 2620 Can.
310 2598 430 2620 Diaconos

215 2625 347 2652 propriam.

515 3398 543 3433 α)
558 3399 744 3431 praedicandi.
762 3414 781 3418 -
801 3400 976 3433 Evangelium
995 3401 1091 3426 addunt
1110 3401 1188 3426 PlsG.

516 3434 530 3467 β
561 3442 655 3467 aquae.
673 3449 692 3453 —
711 3435 807 3459 EIsGH
826 3443 843 3460 a
862 3441 887 3460 et
906 3436 1045 3467 editiones;
1065 3444 1119 3461 orn.

515 3434 542 3504 γὲ
561 3470 751 3496 sacerdotibus.
769 3485 787 3489 -
805 3470 850 3495 PH
875 3476 899 3495 et
918 3476 977 3504 post
1001 3471 1125 3497 assistere
1148 3471 1212 3502 IsG;
1243 3471 1343 3498 Unde...
1367 3472 1520 3497 ministrare

1571 2494 1681 2530 Hier.
1702 2492 1743 2539 *;
1772 2492 1956 2542 perficere
1985 2500 2115 2530 autem
2144 2492 2248 2530 idem
2273 2501 2328 2530 est
2347 2493 2455 2543 quod
2483 2493 2634 2531 docere.

1572 2546 1684 2584 Unde
1712 2558 1793 2582 non
1821 2546 1994 2595 sequitur
2029 2546 2137 2595 quod
2165 2546 2212 2583 ad
2242 2546 2424 2584 diacones
2451 2546 2637 2597 pertineat

1573 2598 1747 2636 officium
1775 2599 2003 2648 baptizandi.

1626 2653 1683 2688 Αῐ)
1718 2664 1907 2690 SECUNDUM
1940 2664 2122 2690 mOENDUM
2155 2653 2273 2702 quod,
2304 2652 2400 2690 sicut
2427 2651 2637 2703 Dionysius

1572 2704 1673 2751 dicit,
1702 2717 1723 2742 11
1742 2717 1824 2754 cap.
1845 2706 1945 2742 Eccl.
1966 2707 2076 2742 Hier.
2097 2705 2128 2752 ²⁸,
2157 2705 2372 2756 baptismus
2399 2718 2481 2743 non
2509 2707 2636 2744 solum

1572 2758 1688 2795 habet
1715 2758 1796 2795 vim
1822 2760 2078 2808 purgativam,
2109 2759 2176 2796 sed
2205 2758 2319 2796 etiam
2352 2759 2636 2797 illuminativam

1571 2810 1764 2848 virtutem.
1808 2812 1856 2848 Et
1882 2811 1971 2848 ideo
2007 2811 2154 2849 excedit
2186 2811 2359 2849 officium
2387 2811 2558 2859 diaconi,
2587 2812 2637 2849 ad

1573 2876 1692 2913 quem
1720 2863 1882 2912 pertinet
1911 2866 2038 2902 solum
2065 2876 2247 2914 purgare:
2278 2864 2416 2902 scilicet
2434 2866 2496 2902 vel
2515 2865 2636 2914 repel-

1572 2917 1687 2954 lendo
1717 2917 1953 2964 immundos,
1982 2919 2045 2954 vel
2072 2917 2315 2967 disponendo
2344 2929 2410 2954 eos
2438 2917 2487 2954 ad
2515 2929 2637 2955 sacra-

1573 2970 1693 3007 menti
1722 2970 2017 3020 susceptionem.

1626 3024 1683 3060 Ao
1702 3035 1861 3061 ”smmum
1889 3035 2070 3061 memnon
2089 3023 2209 3072 quod,
2239 3023 2330 3072 quia
2349 3022 2562 3072 baptismus
2582 3031 2638 3060 est

1574 3084 1856 3113 sacramentum
1886 3075 2128 3121 necessitatis,
2148 3075 2379 3125 permittitur
2396 3075 2636 3122 diaconibus,

1573 3129 1794 3166 necessitate
1822 3136 1979 3178 urgente
2008 3128 2047 3165 in
2075 3128 2246 3165 absentia
2277 3128 2487 3177 maiorum,
2517 3129 2638 3179 bapti-

1575 3193 1681 3219 zare:
1718 3181 1814 3218 sicut
1844 3189 1948 3231 patet
1982 3193 2028 3218 ex
2056 3180 2278 3218 auctoritate
2307 3181 2448 3219 Gelasii
2483 3194 2600 3232 super
2618 3182 2638 3205 '¹‘

1574 3234 1741 3271 inducta.
1772 3235 1820 3271 Et
1847 3235 1924 3272 hoc
1942 3234 2062 3271 modo
2090 3233 2225 3271 beatus
2244 3234 2486 3283 Laurentius,
2510 3234 2638 3273 diaco-

1575 3299 1649 3323 nus
1677 3286 1852 3333 existens,
1881 3286 2099 3336 baptizavit.

1575 3400 1627 3430 (vel
1646 3402 1732 3434 potius
1751 3402 1946 3427 homoteleuton
1964 3406 2110 3426 ceterorum
2127 3402 2228 3428 Unde...
2242 3402 2396 3428 ministrare
2409 3403 2566 3438 maioribus)
2585 3412 2639 3430 om.

1574 3437 1647 3469 EpG.
1667 3437 1812 3462 maioribus
1830 3437 2013 3462 sacerdotibus
2032 3438 2117 3463 ceteri.

1628 3471 1653 3506 δ)
1669 3479 1721 3504 per
1740 3472 1847 3497 modum
1865 3472 2061 3505 catechizantis.
2079 3487 2098 3491 -
2117 3473 2227 3505 PlsGH;
2245 3481 2298 3506 per
2317 3474 2424 3499 modum
2443 3475 2640 3508 catechizandis

1574 3507 1624 3539 pH,
1639 3508 1811 3540 postmodum
1830 3507 2027 3540 catechizandis
2045 3507 2131 3534 ceteri.

2662 2340 2759 2368 'lbid.‚
2774 2346 2825 2370 enp-
2840 2346 2880 2369 ιιι,
2915 2331 2916 2334 “

2663 2371 2721 2396 pun.
2737 2356 2833 2395 111,ssss-

2663 2499 2749 2522 *Pam
2763 2504 2780 2527 ι,
2797 2497 2879 2527 ςῦ,7.

2664 2710 2747 2767 {sq-P·
2757 2716 2780 2739 ἰ
2790 2713 2850 2739 Μ
2859 2715 2881 2738 ¹9

2664 3180 2880 3210 masam
