<?xml version="1.0" encoding="UTF-8"?>
<!DOCTYPE html PUBLIC "-//W3C//DTD XHTML 1.0 Transitional//EN"
    "http://www.w3.org/TR/xhtml1/DTD/xhtml1-transitional.dtd">
<html xmlns="http://www.w3.org/1999/xhtml" xml:lang="en" lang="en">
 <head>
  <title>
</title>
<meta http-equiv="Content-Type" content="text/html;charset=utf-8" />
  <meta name='ocr-system' content='tesseract 3.04.00' />
  <meta name='ocr-capabilities' content='ocr_page ocr_carea ocr_par ocr_line ocrx_word'/>
</head>
<body>
  <div class='ocr_page' id='page_1' title='image "./operaomniaiussui12thom_0170.png"; bbox 0 0 2918 4088; ppageno 0'>
   <div class='ocr_carea' id='block_1_1' title="bbox 213 378 424 427">
    <p class='ocr_par' dir='ltr' id='par_1_1' title="bbox 213 378 424 427">
     <span class='ocr_line' id='line_1_1' title="bbox 214 378 423 407; baseline -0.005 -6"><span class='ocrx_word' id='word_1_1' title='bbox 214 382 224 392; x_wconf 85' lang='lat'>&#39;¹</span> <span class='ocrx_word' id='word_1_2' title='bbox 238 380 297 407; x_wconf 77' lang='lat' dir='ltr'>Aug.</span> <span class='ocrx_word' id='word_1_3' title='bbox 315 379 339 400; x_wconf 83' lang='lat' dir='ltr'>In</span> <span class='ocrx_word' id='word_1_4' title='bbox 357 378 423 400; x_wconf 88' lang='lat' dir='ltr'>Ioan.</span> 
     </span>
     <span class='ocr_line' id='line_1_2' title="bbox 213 406 424 427; baseline -0.005 0"><span class='ocrx_word' id='word_1_5' title='bbox 213 406 280 427; x_wconf 73' lang='lat' dir='ltr'>Euan</span> <span class='ocrx_word' id='word_1_6' title='bbox 300 406 328 427; x_wconf 86' lang='lat' dir='ltr'>el.</span> <span class='ocrx_word' id='word_1_7' title='bbox 358 408 424 427; x_wconf 74' lang='lat' dir='ltr'>tract.</span> 
     </span>
    </p>
   </div>
   <div class='ocr_carea' id='block_1_2' title="bbox 458 138 528 183">
    <p class='ocr_par' dir='ltr' id='par_1_2' title="bbox 458 138 528 183">
     <span class='ocr_line' id='line_1_3' title="bbox 458 138 528 183; baseline -0.014 -9"><span class='ocrx_word' id='word_1_8' title='bbox 458 138 528 183; x_wconf 83' lang='lat'>146</span> 
     </span>
    </p>
   </div>
   <div class='ocr_carea' id='block_1_3' title="bbox 452 214 1513 371">
    <p class='ocr_par' dir='ltr' id='par_1_3' title="bbox 452 214 1513 371">
     <span class='ocr_line' id='line_1_4' title="bbox 505 214 1513 264; baseline -0.001 -12"><span class='ocrx_word' id='word_1_9' title='bbox 505 216 666 263; x_wconf 89' lang='lat' dir='ltr'>Quarto,</span> <span class='ocrx_word' id='word_1_10' title='bbox 695 223 886 264; x_wconf 88' lang='lat' dir='ltr'>quantum</span> <span class='ocrx_word' id='word_1_11' title='bbox 915 216 962 252; x_wconf 90' lang='lat' dir='ltr'>ad</span> <span class='ocrx_word' id='word_1_12' title='bbox 987 216 1167 252; x_wconf 87' lang='lat' dir='ltr'>effectum</span> <span class='ocrx_word' id='word_1_13' title='bbox 1197 223 1370 264; x_wconf 89' lang='lat' dir='ltr'>respectu</span> <span class='ocrx_word' id='word_1_14' title='bbox 1399 214 1513 252; x_wconf 90' lang='lat' dir='ltr'>totius</span> 
     </span>
     <span class='ocr_line' id='line_1_5' title="bbox 452 268 1511 318; baseline 0 -13"><span class='ocrx_word' id='word_1_15' title='bbox 452 268 654 316; x_wconf 82' lang='lat' dir='ltr'>Ecclesiae,</span> <span class='ocrx_word' id='word_1_16' title='bbox 685 281 783 318; x_wconf 91' lang='lat' dir='ltr'>quae</span> <span class='ocrx_word' id='word_1_17' title='bbox 812 268 1052 305; x_wconf 87' lang='lat' dir='ltr'>constituitur</span> <span class='ocrx_word' id='word_1_18' title='bbox 1080 281 1126 305; x_wconf 86' lang='lat' dir='ltr'>ex</span> <span class='ocrx_word' id='word_1_19' title='bbox 1145 268 1303 305; x_wconf 87' lang='lat' dir='ltr'>diversis</span> <span class='ocrx_word' id='word_1_20' title='bbox 1322 268 1511 314; x_wconf 84' lang='lat' dir='ltr'>fidelibus,</span> 
     </span>
     <span class='ocr_line' id='line_1_6' title="bbox 452 321 1513 371; baseline -0.001 -13"><span class='ocrx_word' id='word_1_21' title='bbox 452 321 547 358; x_wconf 89' lang='lat' dir='ltr'>sicut</span> <span class='ocrx_word' id='word_1_22' title='bbox 568 323 681 370; x_wconf 83' lang='lat' dir='ltr'>panis</span> <span class='ocrx_word' id='word_1_23' title='bbox 708 323 901 369; x_wconf 86' lang='lat' dir='ltr'>conficitur</span> <span class='ocrx_word' id='word_1_24' title='bbox 929 334 977 359; x_wconf 86' lang='lat' dir='ltr'>ex</span> <span class='ocrx_word' id='word_1_25' title='bbox 1000 322 1150 359; x_wconf 80' lang='lat' dir='ltr'>diversis</span> <span class='ocrx_word' id='word_1_26' title='bbox 1172 324 1314 371; x_wconf 82' lang='lat' dir='ltr'>granis,</span> <span class='ocrx_word' id='word_1_27' title='bbox 1336 327 1368 357; x_wconf 87' lang='lat' dir='ltr'>et</span> <span class='ocrx_word' id='word_1_28' title='bbox 1387 323 1513 358; x_wconf 83' lang='lat' dir='ltr'>vinum</span> 
     </span>
    </p>
   </div>
   <div class='ocr_carea' id='block_1_4' title="bbox 443 374 1514 424">
    <p class='ocr_par' dir='ltr' id='par_1_4' title="bbox 443 374 1514 424">
     <span class='ocr_line' id='line_1_7' title="bbox 443 374 1514 424; baseline 0 -14"><span class='ocrx_word' id='word_1_29' title='bbox 443 376 531 424; x_wconf 90' lang='lat' dir='ltr'>fluit</span> <span class='ocrx_word' id='word_1_30' title='bbox 549 386 598 411; x_wconf 87' lang='lat' dir='ltr'>ex</span> <span class='ocrx_word' id='word_1_31' title='bbox 616 375 766 412; x_wconf 83' lang='lat' dir='ltr'>diversis</span> <span class='ocrx_word' id='word_1_32' title='bbox 785 376 883 412; x_wconf 76' lang='lat' dir='ltr'>uvis:</span> <span class='ocrx_word' id='word_1_33' title='bbox 910 382 951 411; x_wconf 93' lang='lat' dir='ltr'>ut</span> <span class='ocrx_word' id='word_1_34' title='bbox 971 374 1059 412; x_wconf 86' lang='lat' dir='ltr'>dicit</span> <span class='ocrx_word' id='word_1_35' title='bbox 1079 374 1215 411; x_wconf 91' lang='lat' dir='ltr'>Glossa</span> <span class='ocrx_word' id='word_1_36' title='bbox 1233 374 1253 396; x_wconf 78' lang='lat'>&#39;¹‘</span> <span class='ocrx_word' id='word_1_37' title='bbox 1281 385 1397 423; x_wconf 90' lang='lat' dir='ltr'>super</span> <span class='ocrx_word' id='word_1_38' title='bbox 1421 374 1514 410; x_wconf 90' lang='lat' dir='ltr'>illud</span> 
     </span>
    </p>
   </div>
   <div class='ocr_carea' id='block_1_5' title="bbox 213 422 1366 476">
    <p class='ocr_par' dir='ltr' id='par_1_5' title="bbox 213 422 1366 476">
     <span class='ocr_line' id='line_1_8' title="bbox 213 422 1366 476; baseline -0.001 -12"><span class='ocrx_word' id='word_1_39' title='bbox 213 422 424 454; x_wconf 69' lang='lat' dir='ltr'><strong>XXV·-C¹&#39;·G¹⁰⁵³-</strong></span> <span class='ocrx_word' id='word_1_40' title='bbox 452 429 466 464; x_wconf 97' lang='lat' dir='ltr'>I</span> <span class='ocrx_word' id='word_1_41' title='bbox 490 429 576 464; x_wconf 83' lang='lat' dir='ltr'>Cor.</span> <span class='ocrx_word' id='word_1_42' title='bbox 597 427 664 474; x_wconf 75' lang='lat' dir='ltr'>x*,</span> <span class='ocrx_word' id='word_1_43' title='bbox 693 428 809 465; x_wconf 88' lang='lat' dir='ltr'>Multi</span> <span class='ocrx_word' id='word_1_44' title='bbox 834 440 949 464; x_wconf 88' lang='lat' dir='ltr'>unum</span> <span class='ocrx_word' id='word_1_45' title='bbox 978 439 1112 476; x_wconf 83' lang='lat' dir='ltr'>corpus</span> <span class='ocrx_word' id='word_1_46' title='bbox 1138 439 1276 472; x_wconf 85' lang='lat' dir='ltr'>sumus,</span> <span class='ocrx_word' id='word_1_47' title='bbox 1298 434 1366 463; x_wconf 91' lang='lat' dir='ltr'>ete.</span> 
     </span>
    </p>
   </div>
   <div class='ocr_carea' id='block_1_6' title="bbox 213 459 354 512">
    <p class='ocr_par' dir='ltr' id='par_1_6' title="bbox 213 459 354 512">
     <span class='ocr_line' id='line_1_9' title="bbox 214 459 270 480; baseline 0 0"><span class='ocrx_word' id='word_1_48' title='bbox 214 459 270 480; x_wconf 88' lang='lat' dir='ltr'>Ord.</span> 
     </span>
     <span class='ocr_line' id='line_1_10' title="bbox 213 485 354 512; baseline 0 -5"><span class='ocrx_word' id='word_1_49' title='bbox 213 487 223 496; x_wconf 78' lang='lat'>&#39;¹</span> <span class='ocrx_word' id='word_1_50' title='bbox 238 485 354 512; x_wconf 74' lang='lat' dir='ltr'>Vers.&#39;,&#39;i7.</span> 
     </span>
    </p>
   </div>
   <div class='ocr_carea' id='block_1_7' title="bbox 310 536 326 565">
    <p class='ocr_par' dir='ltr' id='par_1_7' title="bbox 310 536 326 565">
     <span class='ocr_line' id='line_1_11' title="bbox 310 536 326 565; baseline 0 0"><span class='ocrx_word' id='word_1_51' title='bbox 310 536 326 565; x_wconf 78' lang='grc' dir='ltr'>ζ</span> 
     </span>
    </p>
   </div>
   <div class='ocr_carea' id='block_1_8' title="bbox 215 1181 379 1209">
    <p class='ocr_par' dir='ltr' id='par_1_8' title="bbox 215 1181 379 1209">
     <span class='ocr_line' id='line_1_12' title="bbox 215 1181 379 1209; baseline -0.006 -5"><span class='ocrx_word' id='word_1_52' title='bbox 215 1183 225 1194; x_wconf 84' lang='grc'><em>·</em></span> <span class='ocrx_word' id='word_1_53' title='bbox 239 1181 274 1204; x_wconf 81' lang='lat' dir='ltr'>Cf.</span> <span class='ocrx_word' id='word_1_54' title='bbox 291 1184 339 1203; x_wconf 84' lang='lat' dir='ltr'>not.</span> <span class='ocrx_word' id='word_1_55' title='bbox 355 1189 379 1209; x_wconf 73' lang='grc' dir='ltr'>η,</span> 
     </span>
    </p>
   </div>
   <div class='ocr_carea' id='block_1_9' title="bbox 216 1919 428 1969">
    <p class='ocr_par' dir='ltr' id='par_1_9' title="bbox 216 1919 428 1969">
     <span class='ocr_line' id='line_1_13' title="bbox 216 1919 428 1969; baseline -0.009 0"><span class='ocrx_word' id='word_1_56' title='bbox 216 1920 299 1969; x_wconf 60' lang='lat' dir='ltr'>sciis.</span> <span class='ocrx_word' id='word_1_57' title='bbox 309 1919 428 1968; x_wconf 56' lang='lat' dir='ltr'>¹1¹2&#39;02&#39;3’n&#39;.</span> 
     </span>
    </p>
   </div>
   <div class='ocr_carea' id='block_1_10' title="bbox 218 2350 346 2373">
    <p class='ocr_par' dir='ltr' id='par_1_10' title="bbox 218 2350 346 2373">
     <span class='ocr_line' id='line_1_14' title="bbox 218 2350 346 2373; baseline 0 -1"><span class='ocrx_word' id='word_1_58' title='bbox 218 2353 228 2363; x_wconf 78' lang='grc'><em>“</em></span> <span class='ocrx_word' id='word_1_59' title='bbox 242 2351 310 2373; x_wconf 81' lang='lat' dir='ltr'>Vers.</span> <span class='ocrx_word' id='word_1_60' title='bbox 325 2350 346 2373; x_wconf 82' lang='lat'>8.</span> 
     </span>
    </p>
   </div>
   <div class='ocr_carea' id='block_1_11' title="bbox 224 3043 438 3282">
    <p class='ocr_par' dir='ltr' id='par_1_11' title="bbox 224 3043 438 3282">
     <span class='ocr_line' id='line_1_15' title="bbox 224 3043 434 3065; baseline -0.005 0"><span class='ocrx_word' id='word_1_61' title='bbox 224 3045 235 3055; x_wconf 83' lang='lat'>&#39;¹</span> <span class='ocrx_word' id='word_1_62' title='bbox 249 3043 299 3065; x_wconf 82' lang='lat' dir='ltr'>Hal.</span> <span class='ocrx_word' id='word_1_63' title='bbox 310 3043 394 3064; x_wconf 84' lang='lat' dir='ltr'>Summ.</span> <span class='ocrx_word' id='word_1_64' title='bbox 428 3058 434 3064; x_wconf 92' lang='lat'>.</span> 
     </span>
     <span class='ocr_line' id='line_1_16' title="bbox 225 3049 434 3097; baseline -0.005 -6"><span class='ocrx_word' id='word_1_65' title='bbox 225 3069 266 3097; x_wconf 77' lang='lat' dir='ltr'>IV,</span> <span class='ocrx_word' id='word_1_66' title='bbox 273 3076 310 3097; x_wconf 86' lang='lat' dir='ltr'>qu.</span> <span class='ocrx_word' id='word_1_67' title='bbox 317 3076 340 3096; x_wconf 86' lang='lat' dir='ltr'>x,</span> <span class='ocrx_word' id='word_1_68' title='bbox 348 3049 434 3091; x_wconf 54' lang='lat' dir='ltr'>memb.</span> 
     </span>
     <span class='ocr_line' id='line_1_17' title="bbox 224 3096 436 3143; baseline 0 -26"><span class='ocrx_word' id='word_1_69' title='bbox 224 3102 255 3122; x_wconf 85' lang='grc' dir='ltr'>ιν,</span> <span class='ocrx_word' id='word_1_70' title='bbox 264 3099 306 3118; x_wconf 76' lang='lat' dir='ltr'>nrt.</span> <span class='ocrx_word' id='word_1_71' title='bbox 314 3102 333 3123; x_wconf 87' lang='lat'>2,</span> <span class='ocrx_word' id='word_1_72' title='bbox 343 3097 351 3122; x_wconf 73' lang='lat'><strong>5</strong></span> <span class='ocrx_word' id='word_1_73' title='bbox 360 3096 383 3123; x_wconf 82' lang='lat'>6,</span> <span class='ocrx_word' id='word_1_74' title='bbox 391 3096 436 3143; x_wconf 55' lang='lat' dir='ltr'>qiu*</span> 
     </span>
     <span class='ocr_line' id='line_1_18' title="bbox 243 3122 436 3148; baseline -0.005 -4"><span class='ocrx_word' id='word_1_75' title='bbox 243 3129 249 3148; x_wconf 77' lang='grc' dir='ltr'>ς</span> <span class='ocrx_word' id='word_1_76' title='bbox 268 3129 287 3144; x_wconf 72' lang='lat' dir='ltr'>s.</span> <span class='ocrx_word' id='word_1_77' title='bbox 302 3122 388 3144; x_wconf 72' lang='lat' dir='ltr'>Bonnv.</span> <span class='ocrx_word' id='word_1_78' title='bbox 416 3122 436 3143; x_wconf 95' lang='lat' dir='ltr'>V</span> 
     </span>
     <span class='ocr_line' id='line_1_19' title="bbox 243 3148 436 3176; baseline 0 -6"><span class='ocrx_word' id='word_1_79' title='bbox 243 3150 297 3175; x_wconf 66' lang='lat' dir='ltr'>ent„</span> <span class='ocrx_word' id='word_1_80' title='bbox 310 3148 364 3170; x_wconf 74' lang='lat' dir='ltr'>dist.</span> <span class='ocrx_word' id='word_1_81' title='bbox 373 3154 397 3175; x_wconf 83' lang='lat' dir='ltr'>x,</span> <span class='ocrx_word' id='word_1_82' title='bbox 413 3154 436 3176; x_wconf 83' lang='lat' dir='ltr'>p.</span> 
     </span>
     <span class='ocr_line' id='line_1_20' title="bbox 225 3178 437 3232; baseline -0.005 -9"><span class='ocrx_word' id='word_1_83' title='bbox 225 3178 437 3232; x_wconf 50' lang='lat' dir='ltr'>3÷1‡Y·÷‘.1‘2¹2&#39;2¹.·1.⁴.³.</span> 
     </span>
     <span class='ocr_line' id='line_1_21' title="bbox 225 3227 438 3254; baseline -0.009 -4"><span class='ocrx_word' id='word_1_84' title='bbox 225 3228 258 3250; x_wconf 93' lang='lat' dir='ltr'>1v</span> <span class='ocrx_word' id='word_1_85' title='bbox 267 3227 340 3253; x_wconf 82' lang='lat' dir='ltr'>Sent..</span> <span class='ocrx_word' id='word_1_86' title='bbox 351 3227 403 3249; x_wconf 79' lang='lat' dir='ltr'>dm.</span> <span class='ocrx_word' id='word_1_87' title='bbox 415 3233 438 3254; x_wconf 82' lang='lat' dir='ltr'>x,</span> 
     </span>
     <span class='ocr_line' id='line_1_22' title="bbox 225 3257 394 3282; baseline 0 -7"><span class='ocrx_word' id='word_1_88' title='bbox 225 3260 264 3282; x_wconf 88' lang='lat' dir='ltr'>qu.</span> <span class='ocrx_word' id='word_1_89' title='bbox 279 3261 302 3281; x_wconf 85' lang='lat'>4,</span> <span class='ocrx_word' id='word_1_90' title='bbox 317 3257 359 3276; x_wconf 79' lang='lat' dir='ltr'>art.</span> <span class='ocrx_word' id='word_1_91' title='bbox 374 3259 394 3276; x_wconf 90' lang='lat'>2.</span> 
     </span>
    </p>
   </div>
   <div class='ocr_carea' id='block_1_12' title="bbox 453 479 1514 793">
    <p class='ocr_par' dir='ltr' id='par_1_12' title="bbox 453 479 1514 740">
     <span class='ocr_line' id='line_1_23' title="bbox 505 479 1513 528; baseline -0.001 -12"><span class='ocrx_word' id='word_1_92' title='bbox 505 482 563 517; x_wconf 92' lang='lat' dir='ltr'>AD</span> <span class='ocrx_word' id='word_1_93' title='bbox 591 493 725 518; x_wconf 80' lang='lat' dir='ltr'>PmMUM</span> <span class='ocrx_word' id='word_1_94' title='bbox 754 492 851 518; x_wconf 81' lang='lat' dir='ltr'>ERGO</span> <span class='ocrx_word' id='word_1_95' title='bbox 885 492 1065 517; x_wconf 75' lang='lat' dir='ltr'>D1CENDUM</span> <span class='ocrx_word' id='word_1_96' title='bbox 1101 480 1226 528; x_wconf 91' lang='lat' dir='ltr'>quod,</span> <span class='ocrx_word' id='word_1_97' title='bbox 1263 479 1347 516; x_wconf 90' lang='lat' dir='ltr'>licet</span> <span class='ocrx_word' id='word_1_98' title='bbox 1381 491 1513 516; x_wconf 89' lang='lat' dir='ltr'>carnes</span> 
     </span>
     <span class='ocr_line' id='line_1_24' title="bbox 453 532 1514 582; baseline -0.002 -12"><span class='ocrx_word' id='word_1_99' title='bbox 453 533 678 570; x_wconf 88' lang='lat' dir='ltr'>animalium</span> <span class='ocrx_word' id='word_1_100' title='bbox 719 533 936 570; x_wconf 91' lang='lat' dir='ltr'>occisorum</span> <span class='ocrx_word' id='word_1_101' title='bbox 978 532 1192 582; x_wconf 64' lang='lat' dir='ltr'>expresset</span> <span class='ocrx_word' id='word_1_102' title='bbox 1231 539 1514 580; x_wconf 87' lang='lat' dir='ltr'>repraesentent</span> 
     </span>
     <span class='ocr_line' id='line_1_25' title="bbox 454 585 1513 635; baseline -0.001 -13"><span class='ocrx_word' id='word_1_103' title='bbox 454 586 592 623; x_wconf 88' lang='lat' dir='ltr'>Christi</span> <span class='ocrx_word' id='word_1_104' title='bbox 620 586 856 635; x_wconf 80' lang='lat' dir='ltr'>passionem,</span> <span class='ocrx_word' id='word_1_105' title='bbox 890 594 1019 622; x_wconf 91' lang='lat' dir='ltr'>tamen</span> <span class='ocrx_word' id='word_1_106' title='bbox 1047 585 1175 622; x_wconf 92' lang='lat' dir='ltr'>minus</span> <span class='ocrx_word' id='word_1_107' title='bbox 1204 592 1428 633; x_wconf 93' lang='lat' dir='ltr'>competunt</span> <span class='ocrx_word' id='word_1_108' title='bbox 1465 585 1513 621; x_wconf 89' lang='lat' dir='ltr'>ad</span> 
     </span>
     <span class='ocr_line' id='line_1_26' title="bbox 453 637 1513 685; baseline -0.002 -10"><span class='ocrx_word' id='word_1_109' title='bbox 453 651 705 677; x_wconf 91' lang='lat' dir='ltr'>communem</span> <span class='ocrx_word' id='word_1_110' title='bbox 734 652 849 676; x_wconf 92' lang='lat' dir='ltr'>usum</span> <span class='ocrx_word' id='word_1_111' title='bbox 877 639 992 676; x_wconf 90' lang='lat' dir='ltr'>huius</span> <span class='ocrx_word' id='word_1_112' title='bbox 1017 637 1252 685; x_wconf 84' lang='lat' dir='ltr'>sacramenti,</span> <span class='ocrx_word' id='word_1_113' title='bbox 1274 645 1310 674; x_wconf 91' lang='lat' dir='ltr'>et</span> <span class='ocrx_word' id='word_1_114' title='bbox 1329 637 1377 674; x_wconf 90' lang='lat' dir='ltr'>ad</span> <span class='ocrx_word' id='word_1_115' title='bbox 1397 639 1513 674; x_wconf 93' lang='lat' dir='ltr'>eccle-</span> 
     </span>
     <span class='ocr_line' id='line_1_27' title="bbox 453 691 1185 740; baseline -0.001 -12"><span class='ocrx_word' id='word_1_116' title='bbox 453 692 641 729; x_wconf 90' lang='lat' dir='ltr'>siasticam</span> <span class='ocrx_word' id='word_1_117' title='bbox 669 692 852 729; x_wconf 90' lang='lat' dir='ltr'>unitatem</span> <span class='ocrx_word' id='word_1_118' title='bbox 884 691 1185 740; x_wconf 88' lang='lat' dir='ltr'>significandam.</span> 
     </span>
    </p>

    <p class='ocr_par' dir='ltr' id='par_1_13' title="bbox 505 741 1513 793">
     <span class='ocr_line' id='line_1_28' title="bbox 505 741 1513 793; baseline -0.002 -13"><span class='ocrx_word' id='word_1_119' title='bbox 505 746 563 781; x_wconf 93' lang='lat' dir='ltr'>AD</span> <span class='ocrx_word' id='word_1_120' title='bbox 586 757 774 782; x_wconf 78' lang='lat' dir='ltr'>SECUNDUM</span> <span class='ocrx_word' id='word_1_121' title='bbox 793 757 973 782; x_wconf 79' lang='lat' dir='ltr'>DICENDUM</span> <span class='ocrx_word' id='word_1_122' title='bbox 993 745 1111 793; x_wconf 87' lang='lat' dir='ltr'>quod,</span> <span class='ocrx_word' id='word_1_123' title='bbox 1128 743 1212 780; x_wconf 90' lang='lat' dir='ltr'>licet</span> <span class='ocrx_word' id='word_1_124' title='bbox 1231 755 1311 780; x_wconf 92' lang='lat' dir='ltr'>non</span> <span class='ocrx_word' id='word_1_125' title='bbox 1330 743 1369 779; x_wconf 91' lang='lat' dir='ltr'>in</span> <span class='ocrx_word' id='word_1_126' title='bbox 1390 741 1513 779; x_wconf 91' lang='lat' dir='ltr'>omni-</span> 
     </span>
    </p>
   </div>
   <div class='ocr_carea' id='block_1_13' title="bbox 506 877 1095 911">
    <p class='ocr_par' dir='ltr' id='par_1_14' title="bbox 506 877 1095 911">
     <span class='ocr_line' id='line_1_29' title="bbox 506 877 1095 911; baseline -0.003 -8"><span class='ocrx_word' id='word_1_127' title='bbox 506 877 532 911; x_wconf 80' lang='grc' dir='ltr'>ζ)</span> <span class='ocrx_word' id='word_1_128' title='bbox 551 885 685 910; x_wconf 70' lang='lat' dir='ltr'>expresse.</span> <span class='ocrx_word' id='word_1_129' title='bbox 703 891 722 896; x_wconf 89' lang='lat'>-</span> <span class='ocrx_word' id='word_1_130' title='bbox 739 877 894 909; x_wconf 81' lang='lat' dir='ltr'>expressius</span> <span class='ocrx_word' id='word_1_131' title='bbox 913 877 952 902; x_wconf 88' lang='lat' dir='ltr'>Ea</span> <span class='ocrx_word' id='word_1_132' title='bbox 971 882 996 901; x_wconf 85' lang='lat' dir='ltr'>et</span> <span class='ocrx_word' id='word_1_133' title='bbox 1014 877 1095 902; x_wconf 78' lang='lat' dir='ltr'>tertia.</span> 
     </span>
    </p>
   </div>
   <div class='ocr_carea' id='block_1_14' title="bbox 1114 134 1963 184">
    <p class='ocr_par' dir='ltr' id='par_1_15' title="bbox 1114 134 1963 184">
     <span class='ocr_line' id='line_1_30' title="bbox 1114 134 1963 184; baseline -0.005 -9"><span class='ocrx_word' id='word_1_134' title='bbox 1114 137 1375 184; x_wconf 90' lang='lat' dir='ltr'>QUAESTIO</span> <span class='ocrx_word' id='word_1_135' title='bbox 1404 136 1578 181; x_wconf 82' lang='lat' dir='ltr'>LXXIV,</span> <span class='ocrx_word' id='word_1_136' title='bbox 1613 134 1905 172; x_wconf 89' lang='lat' dir='ltr'>ARTICULUS</span> <span class='ocrx_word' id='word_1_137' title='bbox 1933 135 1963 171; x_wconf 95' lang='lat' dir='ltr'>II</span> 
     </span>
    </p>
   </div>
   <div class='ocr_carea' id='block_1_15' title="bbox 1566 212 2630 779">
    <p class='ocr_par' dir='ltr' id='par_1_16' title="bbox 1566 212 2629 474">
     <span class='ocr_line' id='line_1_31' title="bbox 1567 212 2628 261; baseline 0 -10"><span class='ocrx_word' id='word_1_138' title='bbox 1567 215 1639 251; x_wconf 95' lang='lat' dir='ltr'>bus</span> <span class='ocrx_word' id='word_1_139' title='bbox 1667 214 1774 251; x_wconf 88' lang='lat' dir='ltr'>terris</span> <span class='ocrx_word' id='word_1_140' title='bbox 1802 220 1979 250; x_wconf 89' lang='lat' dir='ltr'>nascatur</span> <span class='ocrx_word' id='word_1_141' title='bbox 2006 212 2171 250; x_wconf 88' lang='lat' dir='ltr'>triticum</span> <span class='ocrx_word' id='word_1_142' title='bbox 2199 220 2235 250; x_wconf 93' lang='lat' dir='ltr'>et</span> <span class='ocrx_word' id='word_1_143' title='bbox 2262 212 2410 261; x_wconf 88' lang='lat' dir='ltr'>vinum,</span> <span class='ocrx_word' id='word_1_144' title='bbox 2431 221 2560 251; x_wconf 90' lang='lat' dir='ltr'>tamen</span> <span class='ocrx_word' id='word_1_145' title='bbox 2579 214 2628 251; x_wconf 94' lang='lat' dir='ltr'>de</span> 
     </span>
     <span class='ocr_line' id='line_1_32' title="bbox 1566 265 2628 315; baseline -0.001 -11"><span class='ocrx_word' id='word_1_146' title='bbox 1566 267 1663 305; x_wconf 89' lang='lat' dir='ltr'>facili</span> <span class='ocrx_word' id='word_1_147' title='bbox 1683 267 1731 304; x_wconf 87' lang='lat' dir='ltr'>ad</span> <span class='ocrx_word' id='word_1_148' title='bbox 1752 278 1887 303; x_wconf 90' lang='lat' dir='ltr'>omnes</span> <span class='ocrx_word' id='word_1_149' title='bbox 1906 273 2023 302; x_wconf 89' lang='lat' dir='ltr'>terras</span> <span class='ocrx_word' id='word_1_150' title='bbox 2043 265 2178 310; x_wconf 87' lang='lat' dir='ltr'>deferri</span> <span class='ocrx_word' id='word_1_151' title='bbox 2196 273 2321 314; x_wconf 91' lang='lat' dir='ltr'>potest</span> <span class='ocrx_word' id='word_1_152' title='bbox 2346 274 2536 315; x_wconf 89' lang='lat' dir='ltr'>quantum</span> <span class='ocrx_word' id='word_1_153' title='bbox 2556 267 2628 303; x_wconf 87' lang='lat' dir='ltr'>suf-</span> 
     </span>
     <span class='ocr_line' id='line_1_33' title="bbox 1567 318 2628 368; baseline -0.001 -11"><span class='ocrx_word' id='word_1_154' title='bbox 1567 320 1645 357; x_wconf 91' lang='lat' dir='ltr'>ficit</span> <span class='ocrx_word' id='word_1_155' title='bbox 1664 320 1713 356; x_wconf 89' lang='lat' dir='ltr'>ad</span> <span class='ocrx_word' id='word_1_156' title='bbox 1732 331 1848 356; x_wconf 90' lang='lat' dir='ltr'>usum</span> <span class='ocrx_word' id='word_1_157' title='bbox 1869 318 1984 355; x_wconf 90' lang='lat' dir='ltr'>huius</span> <span class='ocrx_word' id='word_1_158' title='bbox 2004 318 2240 355; x_wconf 86' lang='lat' dir='ltr'>sacramenti.</span> <span class='ocrx_word' id='word_1_159' title='bbox 2254 319 2338 355; x_wconf 91' lang='lat' dir='ltr'>Nec</span> <span class='ocrx_word' id='word_1_160' title='bbox 2356 327 2512 368; x_wconf 91' lang='lat' dir='ltr'>propter</span> <span class='ocrx_word' id='word_1_161' title='bbox 2530 319 2628 356; x_wconf 84' lang='lat' dir='ltr'>defe-</span> 
     </span>
     <span class='ocr_line' id='line_1_34' title="bbox 1568 370 2629 418; baseline -0.002 -8"><span class='ocrx_word' id='word_1_162' title='bbox 1568 381 1671 410; x_wconf 89' lang='lat' dir='ltr'>ctum</span> <span class='ocrx_word' id='word_1_163' title='bbox 1691 372 1855 418; x_wconf 92' lang='lat' dir='ltr'>alterius,</span> <span class='ocrx_word' id='word_1_164' title='bbox 1876 379 1931 408; x_wconf 90' lang='lat' dir='ltr'>est</span> <span class='ocrx_word' id='word_1_165' title='bbox 1949 383 2075 408; x_wconf 92' lang='lat' dir='ltr'>unum</span> <span class='ocrx_word' id='word_1_166' title='bbox 2093 378 2243 408; x_wconf 91' lang='lat' dir='ltr'>tantum</span> <span class='ocrx_word' id='word_1_167' title='bbox 2263 370 2342 408; x_wconf 89' lang='lat' dir='ltr'>sine</span> <span class='ocrx_word' id='word_1_168' title='bbox 2362 373 2479 408; x_wconf 88' lang='lat' dir='ltr'>altero</span> <span class='ocrx_word' id='word_1_169' title='bbox 2499 383 2629 409; x_wconf 91' lang='lat' dir='ltr'>conse-</span> 
     </span>
     <span class='ocr_line' id='line_1_35' title="bbox 1567 423 2626 474; baseline -0.001 -12"><span class='ocrx_word' id='word_1_170' title='bbox 1567 426 1772 463; x_wconf 87' lang='lat' dir='ltr'>crandum:</span> <span class='ocrx_word' id='word_1_171' title='bbox 1794 424 1885 474; x_wconf 91' lang='lat' dir='ltr'>quia</span> <span class='ocrx_word' id='word_1_172' title='bbox 1903 436 1983 461; x_wconf 94' lang='lat' dir='ltr'>non</span> <span class='ocrx_word' id='word_1_173' title='bbox 2003 430 2101 460; x_wconf 92' lang='lat' dir='ltr'>esset</span> <span class='ocrx_word' id='word_1_174' title='bbox 2119 423 2331 472; x_wconf 88' lang='lat' dir='ltr'>perfectum</span> <span class='ocrx_word' id='word_1_175' title='bbox 2351 424 2581 461; x_wconf 89' lang='lat' dir='ltr'>sacrificium</span> <span class='ocrx_word' id='word_1_176' title='bbox 2596 430 2626 461; x_wconf 69' lang='grc' dir='ltr'>η.</span> 
     </span>
    </p>

    <p class='ocr_par' dir='ltr' id='par_1_17' title="bbox 1566 476 2630 779">
     <span class='ocr_line' id='line_1_36' title="bbox 1619 476 2630 525; baseline -0.002 -10"><span class='ocrx_word' id='word_1_177' title='bbox 1619 480 1676 515; x_wconf 93' lang='lat' dir='ltr'>AD</span> <span class='ocrx_word' id='word_1_178' title='bbox 1704 490 1862 515; x_wconf 82' lang='lat' dir='ltr'>TERTIUM</span> <span class='ocrx_word' id='word_1_179' title='bbox 1890 488 2071 514; x_wconf 82' lang='lat' dir='ltr'>DICENDUM</span> <span class='ocrx_word' id='word_1_180' title='bbox 2100 477 2207 525; x_wconf 90' lang='lat' dir='ltr'>quod</span> <span class='ocrx_word' id='word_1_181' title='bbox 2235 476 2372 513; x_wconf 92' lang='lat' dir='ltr'>vinum</span> <span class='ocrx_word' id='word_1_182' title='bbox 2404 476 2443 513; x_wconf 92' lang='lat' dir='ltr'>in</span> <span class='ocrx_word' id='word_1_183' title='bbox 2475 476 2630 514; x_wconf 88' lang='lat' dir='ltr'>modica</span> 
     </span>
     <span class='ocr_line' id='line_1_37' title="bbox 1566 529 2629 580; baseline -0.001 -13"><span class='ocrx_word' id='word_1_184' title='bbox 1566 530 1773 580; x_wconf 88' lang='lat' dir='ltr'>quantitate</span> <span class='ocrx_word' id='word_1_185' title='bbox 1803 537 2000 579; x_wconf 89' lang='lat' dir='ltr'>sumptum</span> <span class='ocrx_word' id='word_1_186' title='bbox 2036 541 2116 566; x_wconf 91' lang='lat' dir='ltr'>non</span> <span class='ocrx_word' id='word_1_187' title='bbox 2143 536 2268 578; x_wconf 90' lang='lat' dir='ltr'>potest</span> <span class='ocrx_word' id='word_1_188' title='bbox 2295 529 2503 577; x_wconf 87' lang='lat' dir='ltr'>aegrotanti</span> <span class='ocrx_word' id='word_1_189' title='bbox 2530 531 2629 566; x_wconf 91' lang='lat' dir='ltr'>mul-</span> 
     </span>
     <span class='ocr_line' id='line_1_38' title="bbox 1567 582 2629 629; baseline -0.002 -9"><span class='ocrx_word' id='word_1_190' title='bbox 1567 592 1651 620; x_wconf 89' lang='lat' dir='ltr'>tum</span> <span class='ocrx_word' id='word_1_191' title='bbox 1679 595 1830 620; x_wconf 86' lang='lat' dir='ltr'>nocere.</span> <span class='ocrx_word' id='word_1_192' title='bbox 1874 584 1922 619; x_wconf 93' lang='lat' dir='ltr'>Et</span> <span class='ocrx_word' id='word_1_193' title='bbox 1952 590 2099 629; x_wconf 90' lang='lat' dir='ltr'>tamen,</span> <span class='ocrx_word' id='word_1_194' title='bbox 2130 582 2160 618; x_wconf 90' lang='lat' dir='ltr'>si</span> <span class='ocrx_word' id='word_1_195' title='bbox 2189 589 2470 619; x_wconf 88' lang='lat' dir='ltr'>nocumentum</span> <span class='ocrx_word' id='word_1_196' title='bbox 2497 582 2629 619; x_wconf 91' lang='lat' dir='ltr'>timea-</span> 
     </span>
     <span class='ocr_line' id='line_1_39' title="bbox 1567 634 2630 684; baseline -0.003 -11"><span class='ocrx_word' id='word_1_197' title='bbox 1567 644 1650 683; x_wconf 88' lang='lat' dir='ltr'>tur,</span> <span class='ocrx_word' id='word_1_198' title='bbox 1690 649 1767 674; x_wconf 91' lang='lat' dir='ltr'>non</span> <span class='ocrx_word' id='word_1_199' title='bbox 1803 644 1858 672; x_wconf 91' lang='lat' dir='ltr'>est</span> <span class='ocrx_word' id='word_1_200' title='bbox 1894 647 2048 672; x_wconf 91' lang='lat' dir='ltr'>necesse</span> <span class='ocrx_word' id='word_1_201' title='bbox 2086 635 2192 684; x_wconf 92' lang='lat' dir='ltr'>quod</span> <span class='ocrx_word' id='word_1_202' title='bbox 2230 646 2366 671; x_wconf 91' lang='lat' dir='ltr'>omnes</span> <span class='ocrx_word' id='word_1_203' title='bbox 2403 634 2630 684; x_wconf 87' lang='lat' dir='ltr'>accipientes</span> 
     </span>
     <span class='ocr_line' id='line_1_40' title="bbox 1567 687 2630 738; baseline -0.002 -12"><span class='ocrx_word' id='word_1_204' title='bbox 1567 701 1708 738; x_wconf 91' lang='lat' dir='ltr'>corpus</span> <span class='ocrx_word' id='word_1_205' title='bbox 1729 688 1878 735; x_wconf 87' lang='lat' dir='ltr'>Christi,</span> <span class='ocrx_word' id='word_1_206' title='bbox 1908 688 2022 725; x_wconf 89' lang='lat' dir='ltr'>etiam</span> <span class='ocrx_word' id='word_1_207' title='bbox 2042 687 2268 736; x_wconf 83' lang='lat' dir='ltr'>sanguinem</span> <span class='ocrx_word' id='word_1_208' title='bbox 2296 687 2492 737; x_wconf 86' lang='lat' dir='ltr'>accipiant,</span> <span class='ocrx_word' id='word_1_209' title='bbox 2514 695 2556 724; x_wconf 92' lang='lat' dir='ltr'>ut</span> <span class='ocrx_word' id='word_1_210' title='bbox 2574 687 2630 724; x_wconf 92' lang='lat' dir='ltr'>in-</span> 
     </span>
     <span class='ocr_line' id='line_1_41' title="bbox 1567 741 1845 779; baseline 0 -1"><span class='ocrx_word' id='word_1_211' title='bbox 1567 742 1623 779; x_wconf 87' lang='lat' dir='ltr'>fra</span> <span class='ocrx_word' id='word_1_212' title='bbox 1640 742 1660 763; x_wconf 81' lang='lat'>*</span> <span class='ocrx_word' id='word_1_213' title='bbox 1688 741 1845 778; x_wconf 92' lang='lat' dir='ltr'>dicetur.</span> 
     </span>
    </p>
   </div>
   <div class='ocr_carea' id='block_1_16' title="bbox 1623 865 2276 909">
    <p class='ocr_par' dir='ltr' id='par_1_18' title="bbox 1623 865 2276 909">
     <span class='ocr_line' id='line_1_42' title="bbox 1623 865 2276 909; baseline 0 -9"><span class='ocrx_word' id='word_1_214' title='bbox 1623 875 1650 909; x_wconf 81' lang='grc' dir='ltr'>η)</span> <span class='ocrx_word' id='word_1_215' title='bbox 1669 865 1839 908; x_wconf 70' lang='lat' dir='ltr'>sacrificium.</span> <span class='ocrx_word' id='word_1_216' title='bbox 1857 890 1876 894; x_wconf 98' lang='lat'><em>-</em></span> <span class='ocrx_word' id='word_1_217' title='bbox 1892 879 2089 901; x_wconf 82' lang='lat' dir='ltr'>sacramentum</span> <span class='ocrx_word' id='word_1_218' title='bbox 2110 875 2130 900; x_wconf 87' lang='grc' dir='ltr'>Ε</span> <span class='ocrx_word' id='word_1_219' title='bbox 2150 880 2175 900; x_wconf 91' lang='lat' dir='ltr'>et</span> <span class='ocrx_word' id='word_1_220' title='bbox 2193 876 2276 900; x_wconf 85' lang='lat' dir='ltr'>tertia.</span> 
     </span>
    </p>
   </div>
   <div class='ocr_carea' id='block_1_17' title="bbox 1126 964 1958 998">
    <p class='ocr_par' dir='ltr' id='par_1_19' title="bbox 1126 964 1958 998">
     <span class='ocr_line' id='line_1_43' title="bbox 1126 964 1958 998; baseline -0.002 0"><span class='ocrx_word' id='word_1_221' title='bbox 1126 966 1461 998; x_wconf 77' lang='lat' dir='ltr'>commentaria</span> <span class='ocrx_word' id='word_1_222' title='bbox 1484 964 1733 997; x_wconf 78' lang='lat' dir='ltr'>Cardinalis</span> <span class='ocrx_word' id='word_1_223' title='bbox 1755 964 1958 997; x_wconf 77' lang='lat' dir='ltr'>Caietani</span> 
     </span>
    </p>
   </div>
   <div class='ocr_carea' id='block_1_18' title="bbox 2657 725 2870 774">
    <p class='ocr_par' dir='ltr' id='par_1_20' title="bbox 2657 725 2870 774">
     <span class='ocr_line' id='line_1_44' title="bbox 2657 725 2870 773; baseline -0.005 -26"><span class='ocrx_word' id='word_1_224' title='bbox 2657 725 2732 773; x_wconf 64' lang='lat' dir='ltr'>‘²Qu.</span> <span class='ocrx_word' id='word_1_225' title='bbox 2745 731 2814 751; x_wconf 77' lang='lat' dir='ltr'>mx,</span> <span class='ocrx_word' id='word_1_226' title='bbox 2827 727 2870 746; x_wconf 74' lang='lat' dir='ltr'>nrt.</span> 
     </span>
     <span class='ocr_line' id='line_1_45' title="bbox 2660 759 2691 774; baseline 0 0"><span class='ocrx_word' id='word_1_227' title='bbox 2660 759 2668 774; x_wconf 92' lang='grc' dir='ltr'>ι</span> <span class='ocrx_word' id='word_1_228' title='bbox 2684 767 2691 774; x_wconf 94' lang='grc'><strong>.</strong></span> 
     </span>
    </p>
   </div>
   <div class='ocr_carea' id='block_1_19' title="bbox 457 1042 2872 1117">
    <p class='ocr_par' dir='ltr' id='par_1_21' title="bbox 457 1042 2872 1117">
     <span class='ocr_line' id='line_1_46' title="bbox 457 1042 2872 1117; baseline 0 -42"><span class='ocrx_word' id='word_1_229' title='bbox 457 1056 503 1117; x_wconf 84' lang='lat' dir='ltr'>IN</span> <span class='ocrx_word' id='word_1_230' title='bbox 527 1046 658 1075; x_wconf 90' lang='lat' dir='ltr'>articulo</span> <span class='ocrx_word' id='word_1_231' title='bbox 682 1046 797 1084; x_wconf 88' lang='lat' dir='ltr'>primo,</span> <span class='ocrx_word' id='word_1_232' title='bbox 829 1045 862 1074; x_wconf 90' lang='lat' dir='ltr'>in</span> <span class='ocrx_word' id='word_1_233' title='bbox 891 1045 1100 1084; x_wconf 85' lang='lat' dir='ltr'>responsione</span> <span class='ocrx_word' id='word_1_234' title='bbox 1133 1043 1172 1073; x_wconf 85' lang='lat' dir='ltr'>ad</span> <span class='ocrx_word' id='word_1_235' title='bbox 1196 1043 1391 1079; x_wconf 87' lang='lat' dir='ltr'>secundum,</span> <span class='ocrx_word' id='word_1_236' title='bbox 1419 1044 1516 1073; x_wconf 90' lang='lat' dir='ltr'>habes</span> <span class='ocrx_word' id='word_1_237' title='bbox 1571 1042 1798 1083; x_wconf 88' lang='lat' dir='ltr'>praeponenda</span> <span class='ocrx_word' id='word_1_238' title='bbox 1821 1049 1868 1073; x_wconf 88' lang='lat' dir='ltr'>est</span> <span class='ocrx_word' id='word_1_239' title='bbox 1890 1044 2020 1084; x_wconf 92' lang='lat' dir='ltr'>reliquis</span> <span class='ocrx_word' id='word_1_240' title='bbox 2043 1044 2291 1075; x_wconf 89' lang='lat' dir='ltr'>necessitatibus.</span> <span class='ocrx_word' id='word_1_241' title='bbox 2316 1044 2410 1075; x_wconf 90' lang='lat' dir='ltr'>Unde</span> <span class='ocrx_word' id='word_1_242' title='bbox 2426 1050 2458 1075; x_wconf 91' lang='lat' dir='ltr'>et</span> <span class='ocrx_word' id='word_1_243' title='bbox 2473 1045 2633 1075; x_wconf 70' lang='lat' dir='ltr'>inferius*</span> <span class='ocrx_word' id='word_1_244' title='bbox 2660 1047 2872 1075; x_wconf 55' lang='lat' dir='ltr'>&#39;&#39;Qu-bmfflrffl·</span> 
     </span>
    </p>
   </div>
   <div class='ocr_carea' id='block_1_20' title="bbox 484 1087 1516 1129">
    <p class='ocr_par' dir='ltr' id='par_1_22' title="bbox 484 1087 1516 1129">
     <span class='ocr_line' id='line_1_47' title="bbox 484 1087 1516 1129; baseline -0.003 -10"><span class='ocrx_word' id='word_1_245' title='bbox 484 1089 561 1129; x_wconf 93' lang='lat' dir='ltr'>quid</span> <span class='ocrx_word' id='word_1_246' title='bbox 585 1090 697 1118; x_wconf 88' lang='lat' dir='ltr'>sentiat</span> <span class='ocrx_word' id='word_1_247' title='bbox 719 1089 843 1119; x_wconf 89' lang='lat' dir='ltr'>Auctor</span> <span class='ocrx_word' id='word_1_248' title='bbox 866 1088 904 1118; x_wconf 92' lang='lat' dir='ltr'>de</span> <span class='ocrx_word' id='word_1_249' title='bbox 929 1098 1003 1118; x_wconf 87' lang='lat' dir='ltr'>casu</span> <span class='ocrx_word' id='word_1_250' title='bbox 1026 1088 1082 1118; x_wconf 89' lang='lat' dir='ltr'>illo</span> <span class='ocrx_word' id='word_1_251' title='bbox 1111 1088 1136 1118; x_wconf 89' lang='lat' dir='ltr'>si</span> <span class='ocrx_word' id='word_1_252' title='bbox 1161 1087 1278 1117; x_wconf 88' lang='lat' dir='ltr'>alicubi</span> <span class='ocrx_word' id='word_1_253' title='bbox 1301 1097 1370 1117; x_wconf 90' lang='lat' dir='ltr'>non</span> <span class='ocrx_word' id='word_1_254' title='bbox 1392 1088 1516 1117; x_wconf 89' lang='lat' dir='ltr'>inveni-</span> 
     </span>
    </p>
   </div>
   <div class='ocr_carea' id='block_1_21' title="bbox 1573 1086 2633 1127">
    <p class='ocr_par' dir='ltr' id='par_1_23' title="bbox 1573 1086 2633 1127">
     <span class='ocr_line' id='line_1_48' title="bbox 1573 1086 2633 1127; baseline 0.002 -10"><span class='ocrx_word' id='word_1_255' title='bbox 1573 1088 1668 1117; x_wconf 81' lang='lat' dir='ltr'>etiam</span> <span class='ocrx_word' id='word_1_256' title='bbox 1691 1086 1814 1117; x_wconf 90' lang='lat' dir='ltr'>dicetur</span> <span class='ocrx_word' id='word_1_257' title='bbox 1837 1087 1926 1127; x_wconf 90' lang='lat' dir='ltr'>quod</span> <span class='ocrx_word' id='word_1_258' title='bbox 1949 1087 2103 1127; x_wconf 87' lang='lat' dir='ltr'>perfectio</span> <span class='ocrx_word' id='word_1_259' title='bbox 2127 1089 2315 1118; x_wconf 88' lang='lat' dir='ltr'>sacramenti</span> <span class='ocrx_word' id='word_1_260' title='bbox 2337 1094 2441 1119; x_wconf 87' lang='lat' dir='ltr'>tantae</span> <span class='ocrx_word' id='word_1_261' title='bbox 2458 1095 2505 1119; x_wconf 90' lang='lat' dir='ltr'>est</span> <span class='ocrx_word' id='word_1_262' title='bbox 2522 1098 2633 1119; x_wconf 90' lang='lat' dir='ltr'>neces-</span> 
     </span>
    </p>
   </div>
   <div class='ocr_carea' id='block_1_22' title="bbox 452 1130 2635 1216">
    <p class='ocr_par' dir='ltr' id='par_1_24' title="bbox 452 1130 2635 1216">
     <span class='ocr_line' id='line_1_49' title="bbox 452 1130 2635 1173; baseline 0 -10"><span class='ocrx_word' id='word_1_263' title='bbox 452 1138 538 1163; x_wconf 90' lang='lat' dir='ltr'>retur</span> <span class='ocrx_word' id='word_1_264' title='bbox 564 1133 691 1168; x_wconf 89' lang='lat' dir='ltr'>vinum,</span> <span class='ocrx_word' id='word_1_265' title='bbox 722 1142 761 1162; x_wconf 90' lang='lat' dir='ltr'>an</span> <span class='ocrx_word' id='word_1_266' title='bbox 793 1137 873 1162; x_wconf 85' lang='lat' dir='ltr'>esset</span> <span class='ocrx_word' id='word_1_267' title='bbox 901 1132 987 1162; x_wconf 91' lang='lat' dir='ltr'>solus</span> <span class='ocrx_word' id='word_1_268' title='bbox 1018 1132 1108 1171; x_wconf 91' lang='lat' dir='ltr'>panis</span> <span class='ocrx_word' id='word_1_269' title='bbox 1133 1130 1377 1161; x_wconf 89' lang='lat' dir='ltr'>consecrandus.</span> <span class='ocrx_word' id='word_1_270' title='bbox 1413 1131 1517 1160; x_wconf 86' lang='lat' dir='ltr'>Tenet</span> <span class='ocrx_word' id='word_1_271' title='bbox 1571 1131 1668 1160; x_wconf 86' lang='lat' dir='ltr'>sitatis</span> <span class='ocrx_word' id='word_1_272' title='bbox 1698 1136 1735 1160; x_wconf 90' lang='lat' dir='ltr'>ut</span> <span class='ocrx_word' id='word_1_273' title='bbox 1758 1131 1852 1161; x_wconf 86' lang='lat' dir='ltr'>etiam</span> <span class='ocrx_word' id='word_1_274' title='bbox 1875 1131 1923 1161; x_wconf 93' lang='lat' dir='ltr'>bis</span> <span class='ocrx_word' id='word_1_275' title='bbox 1946 1132 1980 1161; x_wconf 91' lang='lat' dir='ltr'>in</span> <span class='ocrx_word' id='word_1_276' title='bbox 2004 1131 2115 1162; x_wconf 91' lang='lat' dir='ltr'>eadem</span> <span class='ocrx_word' id='word_1_277' title='bbox 2138 1132 2233 1162; x_wconf 90' lang='lat' dir='ltr'>missa</span> <span class='ocrx_word' id='word_1_278' title='bbox 2257 1132 2453 1172; x_wconf 90' lang='lat' dir='ltr'>quandoque</span> <span class='ocrx_word' id='word_1_279' title='bbox 2487 1138 2635 1173; x_wconf 84' lang='lat' dir='ltr'>oporteat</span> 
     </span>
     <span class='ocr_line' id='line_1_50' title="bbox 453 1174 1990 1216; baseline -0.002 -9"><span class='ocrx_word' id='word_1_280' title='bbox 453 1178 539 1207; x_wconf 91' lang='lat' dir='ltr'>enim</span> <span class='ocrx_word' id='word_1_281' title='bbox 561 1182 683 1216; x_wconf 89' lang='lat' dir='ltr'>partem</span> <span class='ocrx_word' id='word_1_282' title='bbox 706 1177 900 1215; x_wconf 87' lang='lat' dir='ltr'>negativam:</span> <span class='ocrx_word' id='word_1_283' title='bbox 934 1185 973 1205; x_wconf 91' lang='lat' dir='ltr'>eo</span> <span class='ocrx_word' id='word_1_284' title='bbox 999 1174 1088 1215; x_wconf 90' lang='lat' dir='ltr'>quod</span> <span class='ocrx_word' id='word_1_285' title='bbox 1112 1174 1267 1214; x_wconf 87' lang='lat' dir='ltr'>perfectio</span> <span class='ocrx_word' id='word_1_286' title='bbox 1298 1175 1518 1204; x_wconf 67' lang='lat' dir='ltr'>sacramenti*</span> <span class='ocrx_word' id='word_1_287' title='bbox 1571 1184 1698 1204; x_wconf 89' lang='lat' dir='ltr'>sumere</span> <span class='ocrx_word' id='word_1_288' title='bbox 1722 1184 1839 1214; x_wconf 91' lang='lat' dir='ltr'>corpus</span> <span class='ocrx_word' id='word_1_289' title='bbox 1864 1174 1990 1205; x_wconf 86' lang='lat' dir='ltr'>Christi.</span> 
     </span>
    </p>
   </div>
   <div class='ocr_carea' id='block_1_23' title="bbox 1408 1274 1514 1281">
    <p class='ocr_par' dir='ltr' id='par_1_25' title="bbox 1408 1274 1514 1281">
     <span class='ocr_line' id='line_1_51' title="bbox 1408 1274 1514 1281; baseline -0.009 0"><span class='ocrx_word' id='word_1_290' title='bbox 1408 1274 1514 1281; x_wconf 60' lang='lat' dir='ltr'>m</span> 
     </span>
    </p>
   </div>
   <div class='ocr_carea' id='block_1_24' title="bbox 1515 1273 1671 1280">
    <p class='ocr_par' dir='ltr' id='par_1_26' title="bbox 1515 1273 1671 1280">
     <span class='ocr_line' id='line_1_52' title="bbox 1515 1273 1671 1280; baseline 0 2808"><span class='ocrx_word' id='word_1_291' title='bbox 1515 1273 1671 1280; x_wconf 95' lang='lat' dir='ltr'> </span> 
     </span>
    </p>
   </div>
   <div class='ocr_carea' id='block_1_25' title="bbox 1216 1347 1869 1391">
    <p class='ocr_par' dir='ltr' id='par_1_27' title="bbox 1216 1347 1869 1391">
     <span class='ocr_line' id='line_1_53' title="bbox 1216 1347 1869 1391; baseline 0.002 -2"><span class='ocrx_word' id='word_1_292' title='bbox 1216 1347 1536 1391; x_wconf 90' lang='lat' dir='ltr'>ARTICULUS</span> <span class='ocrx_word' id='word_1_293' title='bbox 1567 1349 1869 1391; x_wconf 90' lang='lat' dir='ltr'><strong>SECUNDUS</strong></span> 
     </span>
    </p>
   </div>
   <div class='ocr_carea' id='block_1_26' title="bbox 828 1439 2261 1516">
    <p class='ocr_par' dir='ltr' id='par_1_28' title="bbox 828 1439 2261 1516">
     <span class='ocr_line' id='line_1_54' title="bbox 828 1439 2261 1478; baseline 0.001 -7"><span class='ocrx_word' id='word_1_294' title='bbox 828 1441 985 1472; x_wconf 89' lang='lat' dir='ltr'>UTRUM</span> <span class='ocrx_word' id='word_1_295' title='bbox 1009 1439 1296 1478; x_wconf 87' lang='lat' dir='ltr'>REQUIRATUR</span> <span class='ocrx_word' id='word_1_296' title='bbox 1320 1440 1642 1471; x_wconf 91' lang='lat' dir='ltr'>DETERMINATA</span> <span class='ocrx_word' id='word_1_297' title='bbox 1665 1440 1919 1478; x_wconf 88' lang='lat' dir='ltr'>QUANTITAS</span> <span class='ocrx_word' id='word_1_298' title='bbox 1943 1441 2067 1473; x_wconf 90' lang='lat' dir='ltr'>PANIS</span> <span class='ocrx_word' id='word_1_299' title='bbox 2090 1442 2149 1473; x_wconf 92' lang='lat' dir='ltr'>ET</span> <span class='ocrx_word' id='word_1_300' title='bbox 2172 1442 2261 1472; x_wconf 90' lang='lat' dir='ltr'>VINI</span> 
     </span>
     <span class='ocr_line' id='line_1_55' title="bbox 1150 1484 1933 1516; baseline 0.003 -2"><span class='ocrx_word' id='word_1_301' title='bbox 1150 1484 1210 1514; x_wconf 92' lang='lat' dir='ltr'>AD</span> <span class='ocrx_word' id='word_1_302' title='bbox 1235 1484 1470 1514; x_wconf 86' lang='lat' dir='ltr'>MATERIAM</span> <span class='ocrx_word' id='word_1_303' title='bbox 1493 1484 1626 1515; x_wconf 91' lang='lat' dir='ltr'>HUIUS</span> <span class='ocrx_word' id='word_1_304' title='bbox 1650 1484 1933 1516; x_wconf 87' lang='lat' dir='ltr'>SACRAMENTI</span> 
     </span>
    </p>
   </div>
   <div class='ocr_carea' id='block_1_27' title="bbox 1244 1562 1846 1596">
    <p class='ocr_par' dir='ltr' id='par_1_29' title="bbox 1244 1562 1846 1596">
     <span class='ocr_line' id='line_1_56' title="bbox 1244 1562 1846 1596; baseline 0.003 -10"><span class='ocrx_word' id='word_1_305' title='bbox 1244 1562 1279 1586; x_wconf 93' lang='lat' dir='ltr'>IV</span> <span class='ocrx_word' id='word_1_306' title='bbox 1298 1562 1381 1591; x_wconf 63' lang='lat' dir='ltr'>Sem„</span> <span class='ocrx_word' id='word_1_307' title='bbox 1402 1562 1459 1588; x_wconf 85' lang='lat' dir='ltr'>dist.</span> <span class='ocrx_word' id='word_1_308' title='bbox 1478 1570 1512 1593; x_wconf 80' lang='lat' dir='ltr'>xx,</span> <span class='ocrx_word' id='word_1_309' title='bbox 1532 1570 1576 1596; x_wconf 93' lang='lat' dir='ltr'>qu.</span> <span class='ocrx_word' id='word_1_310' title='bbox 1596 1571 1623 1592; x_wconf 87' lang='lat'>11,</span> <span class='ocrx_word' id='word_1_311' title='bbox 1642 1568 1689 1588; x_wconf 84' lang='lat' dir='ltr'>art.</span> <span class='ocrx_word' id='word_1_312' title='bbox 1711 1570 1733 1592; x_wconf 82' lang='grc' dir='ltr'>ι,</span> <span class='ocrx_word' id='word_1_313' title='bbox 1752 1563 1802 1596; x_wconf 75' lang='lat' dir='ltr'>qu‘</span> <span class='ocrx_word' id='word_1_314' title='bbox 1823 1563 1846 1589; x_wconf 86' lang='lat'>3.</span> 
     </span>
    </p>
   </div>
   <div class='ocr_carea' id='block_1_28' title="bbox 453 1651 1526 3292">
    <p class='ocr_par' dir='ltr' id='par_1_30' title="bbox 453 1651 1521 2180">
     <span class='ocr_line' id='line_1_57' title="bbox 506 1651 1518 1702; baseline -0.002 -12"><span class='ocrx_word' id='word_1_315' title='bbox 506 1694 516 1702; x_wconf 49' lang='grc'><strong>,</strong></span> <span class='ocrx_word' id='word_1_316' title='bbox 572 1690 577 1699; x_wconf 61' lang='grc'>,</span> <span class='ocrx_word' id='word_1_317' title='bbox 613 1674 623 1679; x_wconf 34' lang='lat'>*⁷</span> <span class='ocrx_word' id='word_1_318' title='bbox 665 1665 686 1690; x_wconf 97' lang='lat' dir='ltr'>D</span> <span class='ocrx_word' id='word_1_319' title='bbox 702 1664 890 1690; x_wconf 78' lang='lat' dir='ltr'>SECUNDUM</span> <span class='ocrx_word' id='word_1_320' title='bbox 910 1663 961 1688; x_wconf 88' lang='lat' dir='ltr'>s1C</span> <span class='ocrx_word' id='word_1_321' title='bbox 977 1663 1213 1689; x_wconf 76' lang='lat' dir='ltr'>PROCEDrrUR.</span> <span class='ocrx_word' id='word_1_322' title='bbox 1233 1651 1393 1688; x_wconf 90' lang='lat' dir='ltr'>Videtur</span> <span class='ocrx_word' id='word_1_323' title='bbox 1411 1652 1518 1700; x_wconf 94' lang='lat' dir='ltr'>quod</span> 
     </span>
     <span class='ocr_line' id='line_1_58' title="bbox 592 1704 1519 1766; baseline -0.001 -24.103"><span class='ocrx_word' id='word_1_324' title='bbox 592 1721 644 1766; x_wconf 40' lang='lat' dir='ltr'>,vg</span> <span class='ocrx_word' id='word_1_325' title='bbox 665 1705 880 1755; x_wconf 88' lang='lat' dir='ltr'>requiratur</span> <span class='ocrx_word' id='word_1_326' title='bbox 914 1704 1164 1742; x_wconf 89' lang='lat' dir='ltr'>determinata</span> <span class='ocrx_word' id='word_1_327' title='bbox 1192 1704 1382 1754; x_wconf 89' lang='lat' dir='ltr'>quantitas</span> <span class='ocrx_word' id='word_1_328' title='bbox 1409 1704 1519 1754; x_wconf 93' lang='lat' dir='ltr'>panis</span> 
     </span>
     <span class='ocr_line' id='line_1_59' title="bbox 511 1749 1517 1795; baseline 0 -1"><span class='ocrx_word' id='word_1_329' title='bbox 511 1766 581 1793; x_wconf 77' lang='lat' dir='ltr'>&#39;v</span> <span class='ocrx_word' id='word_1_330' title='bbox 609 1749 702 1795; x_wconf 94' lang='lat' dir='ltr'>et</span> <span class='ocrx_word' id='word_1_331' title='bbox 729 1757 809 1794; x_wconf 85' lang='lat' dir='ltr'>vini</span> <span class='ocrx_word' id='word_1_332' title='bbox 837 1758 887 1795; x_wconf 90' lang='lat' dir='ltr'>ad</span> <span class='ocrx_word' id='word_1_333' title='bbox 914 1758 1115 1794; x_wconf 87' lang='lat' dir='ltr'>materiam</span> <span class='ocrx_word' id='word_1_334' title='bbox 1144 1758 1260 1794; x_wconf 91' lang='lat' dir='ltr'>huius</span> <span class='ocrx_word' id='word_1_335' title='bbox 1280 1758 1517 1795; x_wconf 87' lang='lat' dir='ltr'>sacramenti.</span> 
     </span>
     <span class='ocr_line' id='line_1_60' title="bbox 511 1786 1520 1859; baseline -0.001 -11"><span class='ocrx_word' id='word_1_336' title='bbox 511 1786 605 1841; x_wconf 49' lang='lat'>5⁶²3*</span> <span class='ocrx_word' id='word_1_337' title='bbox 624 1803 837 1848; x_wconf 50' lang='lat' dir='ltr'>&amp;Effectus</span> <span class='ocrx_word' id='word_1_338' title='bbox 866 1810 967 1848; x_wconf 90' lang='lat' dir='ltr'>enim</span> <span class='ocrx_word' id='word_1_339' title='bbox 997 1811 1136 1859; x_wconf 88' lang='lat' dir='ltr'>gratiae</span> <span class='ocrx_word' id='word_1_340' title='bbox 1165 1823 1246 1848; x_wconf 92' lang='lat' dir='ltr'>non</span> <span class='ocrx_word' id='word_1_341' title='bbox 1274 1818 1363 1848; x_wconf 94' lang='lat' dir='ltr'>sunt</span> <span class='ocrx_word' id='word_1_342' title='bbox 1390 1811 1520 1847; x_wconf 93' lang='lat' dir='ltr'>minus</span> 
     </span>
     <span class='ocr_line' id='line_1_61' title="bbox 455 1861 1521 1914; baseline -0.003 -11"><span class='ocrx_word' id='word_1_343' title='bbox 455 1865 618 1903; x_wconf 88' lang='lat' dir='ltr'>ordinati</span> <span class='ocrx_word' id='word_1_344' title='bbox 643 1876 762 1914; x_wconf 89' lang='lat' dir='ltr'>quam</span> <span class='ocrx_word' id='word_1_345' title='bbox 782 1864 940 1901; x_wconf 86' lang='lat' dir='ltr'>effectus</span> <span class='ocrx_word' id='word_1_346' title='bbox 958 1872 1128 1901; x_wconf 90' lang='lat' dir='ltr'>naturae.</span> <span class='ocrx_word' id='word_1_347' title='bbox 1159 1864 1248 1912; x_wconf 89' lang='lat' dir='ltr'>Sed,</span> <span class='ocrx_word' id='word_1_348' title='bbox 1269 1863 1365 1901; x_wconf 90' lang='lat' dir='ltr'>sicut</span> <span class='ocrx_word' id='word_1_349' title='bbox 1383 1861 1521 1902; x_wconf 85' lang='lat' dir='ltr'>dicitur</span> 
     </span>
     <span class='ocr_line' id='line_1_62' title="bbox 454 1917 1519 1967; baseline -0.003 -11"><span class='ocrx_word' id='word_1_350' title='bbox 454 1919 494 1956; x_wconf 91' lang='lat' dir='ltr'>in</span> <span class='ocrx_word' id='word_1_351' title='bbox 522 1920 551 1955; x_wconf 94' lang='lat' dir='ltr'>II</span> <span class='ocrx_word' id='word_1_352' title='bbox 571 1918 616 1955; x_wconf 82' lang='lat' dir='ltr'>de</span> <span class='ocrx_word' id='word_1_353' title='bbox 633 1919 772 1954; x_wconf 87' lang='lat' dir='ltr'>Anima</span> <span class='ocrx_word' id='word_1_354' title='bbox 790 1917 820 1964; x_wconf 72' lang='lat'>²¹⁶,</span> <span class='ocrx_word' id='word_1_355' title='bbox 851 1919 1018 1955; x_wconf 89' lang='lat' dir='ltr'>omnium</span> <span class='ocrx_word' id='word_1_356' title='bbox 1038 1923 1172 1954; x_wconf 88' lang='lat' dir='ltr'>natura</span> <span class='ocrx_word' id='word_1_357' title='bbox 1192 1919 1436 1954; x_wconf 81' lang='lat' dir='ltr'>constantium</span> <span class='ocrx_word' id='word_1_358' title='bbox 1451 1930 1519 1967; x_wconf 84' lang='lat' dir='ltr'>po-</span> 
     </span>
     <span class='ocr_line' id='line_1_63' title="bbox 453 1971 1517 2021; baseline -0.003 -12"><span class='ocrx_word' id='word_1_359' title='bbox 453 1974 540 2010; x_wconf 80' lang='lat' dir='ltr'>situs</span> <span class='ocrx_word' id='word_1_360' title='bbox 554 1978 604 2008; x_wconf 85' lang='lat' dir='ltr'>est</span> <span class='ocrx_word' id='word_1_361' title='bbox 622 1973 799 2008; x_wconf 85' lang='lat' dir='ltr'>terminus</span> <span class='ocrx_word' id='word_1_362' title='bbox 818 1977 850 2007; x_wconf 88' lang='lat' dir='ltr'>et</span> <span class='ocrx_word' id='word_1_363' title='bbox 870 1973 964 2008; x_wconf 86' lang='lat' dir='ltr'>ratio</span> <span class='ocrx_word' id='word_1_364' title='bbox 978 1971 1245 2021; x_wconf 83' lang='lat' dir='ltr'>magnitudinis</span> <span class='ocrx_word' id='word_1_365' title='bbox 1264 1976 1297 2007; x_wconf 90' lang='lat' dir='ltr'>et</span> <span class='ocrx_word' id='word_1_366' title='bbox 1315 1972 1517 2020; x_wconf 81' lang='lat' dir='ltr'>augmenti.</span> 
     </span>
     <span class='ocr_line' id='line_1_64' title="bbox 455 2023 1519 2072; baseline -0.003 -9"><span class='ocrx_word' id='word_1_367' title='bbox 455 2026 556 2072; x_wconf 87' lang='lat' dir='ltr'>Ergo</span> <span class='ocrx_word' id='word_1_368' title='bbox 585 2025 707 2060; x_wconf 90' lang='lat' dir='ltr'>multo</span> <span class='ocrx_word' id='word_1_369' title='bbox 736 2024 856 2072; x_wconf 85' lang='lat' dir='ltr'>magis</span> <span class='ocrx_word' id='word_1_370' title='bbox 884 2024 923 2061; x_wconf 92' lang='lat' dir='ltr'>in</span> <span class='ocrx_word' id='word_1_371' title='bbox 952 2024 1028 2060; x_wconf 88' lang='lat' dir='ltr'>hoc</span> <span class='ocrx_word' id='word_1_372' title='bbox 1056 2031 1306 2070; x_wconf 89' lang='lat' dir='ltr'>sacramento,</span> <span class='ocrx_word' id='word_1_373' title='bbox 1337 2023 1445 2072; x_wconf 93' lang='lat' dir='ltr'>quod</span> <span class='ocrx_word' id='word_1_374' title='bbox 1464 2023 1519 2060; x_wconf 91' lang='lat' dir='ltr'>di-</span> 
     </span>
     <span class='ocr_line' id='line_1_65' title="bbox 454 2075 1519 2127; baseline -0.002 -12"><span class='ocrx_word' id='word_1_375' title='bbox 454 2078 550 2115; x_wconf 90' lang='lat' dir='ltr'>citur</span> <span class='ocrx_word' id='word_1_376' title='bbox 576 2078 821 2123; x_wconf 81' lang='lat' dir='ltr'>Eucharistia,</span> <span class='ocrx_word' id='word_1_377' title='bbox 842 2077 937 2114; x_wconf 91' lang='lat' dir='ltr'>idest</span> <span class='ocrx_word' id='word_1_378' title='bbox 955 2079 1054 2114; x_wconf 86' lang='lat' dir='ltr'>hona</span> <span class='ocrx_word' id='word_1_379' title='bbox 1072 2078 1210 2127; x_wconf 79' lang='lat' dir='ltr'>gratia,</span> <span class='ocrx_word' id='word_1_380' title='bbox 1231 2075 1436 2126; x_wconf 88' lang='lat' dir='ltr'>requiritur</span> <span class='ocrx_word' id='word_1_381' title='bbox 1455 2076 1519 2113; x_wconf 93' lang='lat' dir='ltr'>de—</span> 
     </span>
     <span class='ocr_line' id='line_1_66' title="bbox 453 2129 1191 2180; baseline -0.003 -12"><span class='ocrx_word' id='word_1_382' title='bbox 453 2130 654 2168; x_wconf 87' lang='lat' dir='ltr'>terminata</span> <span class='ocrx_word' id='word_1_383' title='bbox 682 2129 871 2179; x_wconf 90' lang='lat' dir='ltr'>quantitas</span> <span class='ocrx_word' id='word_1_384' title='bbox 899 2130 1009 2180; x_wconf 91' lang='lat' dir='ltr'>panis</span> <span class='ocrx_word' id='word_1_385' title='bbox 1038 2137 1073 2166; x_wconf 92' lang='lat' dir='ltr'>et</span> <span class='ocrx_word' id='word_1_386' title='bbox 1100 2129 1191 2166; x_wconf 89' lang='lat' dir='ltr'>vini.</span> 
     </span>
    </p>

    <p class='ocr_par' dir='ltr' id='par_1_31' title="bbox 454 2182 1522 2657">
     <span class='ocr_line' id='line_1_67' title="bbox 509 2182 1520 2231; baseline -0.001 -11"><span class='ocrx_word' id='word_1_387' title='bbox 509 2196 542 2220; x_wconf 90' lang='lat'>2.</span> <span class='ocrx_word' id='word_1_388' title='bbox 573 2185 812 2231; x_wconf 78' lang='lat' dir='ltr'>PRAETEREA,</span> <span class='ocrx_word' id='word_1_389' title='bbox 851 2183 1031 2221; x_wconf 88' lang='lat' dir='ltr'>ministris</span> <span class='ocrx_word' id='word_1_390' title='bbox 1065 2182 1257 2220; x_wconf 90' lang='lat' dir='ltr'>Ecclesiae</span> <span class='ocrx_word' id='word_1_391' title='bbox 1295 2193 1375 2219; x_wconf 92' lang='lat' dir='ltr'>non</span> <span class='ocrx_word' id='word_1_392' title='bbox 1408 2189 1463 2219; x_wconf 93' lang='lat' dir='ltr'>est</span> <span class='ocrx_word' id='word_1_393' title='bbox 1497 2194 1520 2219; x_wconf 93' lang='lat' dir='ltr'>a</span> 
     </span>
     <span class='ocr_line' id='line_1_68' title="bbox 455 2235 1520 2286; baseline -0.002 -12"><span class='ocrx_word' id='word_1_394' title='bbox 455 2236 607 2275; x_wconf 89' lang='lat' dir='ltr'>Christo</span> <span class='ocrx_word' id='word_1_395' title='bbox 643 2237 730 2273; x_wconf 89' lang='lat' dir='ltr'>data</span> <span class='ocrx_word' id='word_1_396' title='bbox 762 2243 927 2286; x_wconf 89' lang='lat' dir='ltr'>potestas</span> <span class='ocrx_word' id='word_1_397' title='bbox 964 2237 1013 2274; x_wconf 89' lang='lat' dir='ltr'>ad</span> <span class='ocrx_word' id='word_1_398' title='bbox 1042 2248 1087 2273; x_wconf 87' lang='lat' dir='ltr'>ea</span> <span class='ocrx_word' id='word_1_399' title='bbox 1116 2248 1215 2285; x_wconf 91' lang='lat' dir='ltr'>quae</span> <span class='ocrx_word' id='word_1_400' title='bbox 1243 2235 1434 2286; x_wconf 88' lang='lat' dir='ltr'>pertinent</span> <span class='ocrx_word' id='word_1_401' title='bbox 1470 2235 1520 2272; x_wconf 91' lang='lat' dir='ltr'>ad</span> 
     </span>
     <span class='ocr_line' id='line_1_69' title="bbox 454 2288 1520 2327; baseline -0.001 -1"><span class='ocrx_word' id='word_1_402' title='bbox 454 2290 670 2327; x_wconf 89' lang='lat' dir='ltr'>irrisionem</span> <span class='ocrx_word' id='word_1_403' title='bbox 697 2289 788 2327; x_wconf 89' lang='lat' dir='ltr'>fidei</span> <span class='ocrx_word' id='word_1_404' title='bbox 823 2298 859 2327; x_wconf 89' lang='lat' dir='ltr'>et</span> <span class='ocrx_word' id='word_1_405' title='bbox 887 2296 1218 2327; x_wconf 85' lang='lat' dir='ltr'>sacramentorum</span> <span class='ocrx_word' id='word_1_406' title='bbox 1246 2288 1344 2326; x_wconf 91' lang='lat' dir='ltr'>eius:</span> <span class='ocrx_word' id='word_1_407' title='bbox 1384 2300 1520 2326; x_wconf 92' lang='lat' dir='ltr'>secun-</span> 
     </span>
     <span class='ocr_line' id='line_1_70' title="bbox 455 2343 1520 2392; baseline 0 -13"><span class='ocrx_word' id='word_1_408' title='bbox 455 2343 552 2380; x_wconf 89' lang='lat' dir='ltr'>dum</span> <span class='ocrx_word' id='word_1_409' title='bbox 571 2343 664 2379; x_wconf 90' lang='lat' dir='ltr'>illud</span> <span class='ocrx_word' id='word_1_410' title='bbox 682 2344 712 2379; x_wconf 96' lang='grc' dir='ltr'>ΙΙ</span> <span class='ocrx_word' id='word_1_411' title='bbox 736 2344 822 2380; x_wconf 88' lang='lat' dir='ltr'>Cor.</span> <span class='ocrx_word' id='word_1_412' title='bbox 838 2355 862 2380; x_wconf 89' lang='lat' dir='ltr'>x</span> <span class='ocrx_word' id='word_1_413' title='bbox 879 2343 916 2380; x_wconf 75' lang='lat' dir='ltr'>*z</span> <span class='ocrx_word' id='word_1_414' title='bbox 947 2343 1157 2380; x_wconf 87' lang='lat' dir='ltr'>Secundum</span> <span class='ocrx_word' id='word_1_415' title='bbox 1171 2348 1388 2392; x_wconf 78' lang='lat' dir='ltr'>potestatem</span> <span class='ocrx_word' id='word_1_416' title='bbox 1408 2354 1520 2392; x_wconf 84' lang='lat' dir='ltr'>quam</span> 
     </span>
     <span class='ocr_line' id='line_1_71' title="bbox 455 2395 1520 2444; baseline -0.001 -11"><span class='ocrx_word' id='word_1_417' title='bbox 455 2396 551 2433; x_wconf 83' lang='lat' dir='ltr'>dedit</span> <span class='ocrx_word' id='word_1_418' title='bbox 578 2397 670 2433; x_wconf 88' lang='lat' dir='ltr'>mihi</span> <span class='ocrx_word' id='word_1_419' title='bbox 694 2397 797 2433; x_wconf 82' lang='lat' dir='ltr'>Deus</span> <span class='ocrx_word' id='word_1_420' title='bbox 825 2398 861 2433; x_wconf 91' lang='lat' dir='ltr'>in</span> <span class='ocrx_word' id='word_1_421' title='bbox 891 2397 1198 2444; x_wconf 86' lang='lat' dir='ltr'>aedificationem,</span> <span class='ocrx_word' id='word_1_422' title='bbox 1228 2401 1261 2432; x_wconf 88' lang='lat' dir='ltr'>et</span> <span class='ocrx_word' id='word_1_423' title='bbox 1289 2407 1363 2432; x_wconf 88' lang='lat' dir='ltr'>non</span> <span class='ocrx_word' id='word_1_424' title='bbox 1393 2397 1430 2432; x_wconf 89' lang='lat' dir='ltr'>in</span> <span class='ocrx_word' id='word_1_425' title='bbox 1460 2395 1520 2432; x_wconf 88' lang='lat' dir='ltr'>de-</span> 
     </span>
     <span class='ocr_line' id='line_1_72' title="bbox 455 2447 1521 2487; baseline -0.002 0"><span class='ocrx_word' id='word_1_426' title='bbox 455 2450 702 2487; x_wconf 86' lang='lat' dir='ltr'>structionem.</span> <span class='ocrx_word' id='word_1_427' title='bbox 746 2449 822 2486; x_wconf 91' lang='lat' dir='ltr'>Sed</span> <span class='ocrx_word' id='word_1_428' title='bbox 850 2450 926 2486; x_wconf 91' lang='lat' dir='ltr'>hoc</span> <span class='ocrx_word' id='word_1_429' title='bbox 954 2456 1051 2485; x_wconf 88' lang='lat' dir='ltr'>esset</span> <span class='ocrx_word' id='word_1_430' title='bbox 1079 2449 1127 2485; x_wconf 92' lang='lat' dir='ltr'>ad</span> <span class='ocrx_word' id='word_1_431' title='bbox 1155 2447 1370 2485; x_wconf 89' lang='lat' dir='ltr'>irrisionem</span> <span class='ocrx_word' id='word_1_432' title='bbox 1399 2460 1521 2485; x_wconf 90' lang='lat' dir='ltr'>sacra-</span> 
     </span>
     <span class='ocr_line' id='line_1_73' title="bbox 456 2501 1521 2550; baseline -0.002 -10"><span class='ocrx_word' id='word_1_433' title='bbox 456 2501 586 2550; x_wconf 89' lang='lat' dir='ltr'>menti,</span> <span class='ocrx_word' id='word_1_434' title='bbox 615 2501 646 2538; x_wconf 91' lang='lat' dir='ltr'>si</span> <span class='ocrx_word' id='word_1_435' title='bbox 666 2502 842 2539; x_wconf 89' lang='lat' dir='ltr'>sacerdos</span> <span class='ocrx_word' id='word_1_436' title='bbox 860 2503 973 2539; x_wconf 91' lang='lat' dir='ltr'>vellet</span> <span class='ocrx_word' id='word_1_437' title='bbox 991 2513 1214 2539; x_wconf 90' lang='lat' dir='ltr'>consecrare</span> <span class='ocrx_word' id='word_1_438' title='bbox 1233 2509 1359 2538; x_wconf 92' lang='lat' dir='ltr'>totum</span> <span class='ocrx_word' id='word_1_439' title='bbox 1377 2513 1521 2550; x_wconf 89' lang='lat' dir='ltr'>panem</span> 
     </span>
     <span class='ocr_line' id='line_1_74' title="bbox 457 2554 1522 2604; baseline 0 -13"><span class='ocrx_word' id='word_1_440' title='bbox 457 2555 524 2604; x_wconf 90' lang='lat' dir='ltr'>qui</span> <span class='ocrx_word' id='word_1_441' title='bbox 551 2554 730 2592; x_wconf 91' lang='lat' dir='ltr'>venditur</span> <span class='ocrx_word' id='word_1_442' title='bbox 758 2554 797 2591; x_wconf 93' lang='lat' dir='ltr'>in</span> <span class='ocrx_word' id='word_1_443' title='bbox 824 2555 920 2601; x_wconf 86' lang='lat' dir='ltr'>foro,</span> <span class='ocrx_word' id='word_1_444' title='bbox 950 2562 986 2592; x_wconf 94' lang='lat' dir='ltr'>et</span> <span class='ocrx_word' id='word_1_445' title='bbox 1013 2562 1138 2591; x_wconf 88' lang='lat' dir='ltr'>toturn</span> <span class='ocrx_word' id='word_1_446' title='bbox 1165 2554 1302 2592; x_wconf 83' lang='lat' dir='ltr'>vinum</span> <span class='ocrx_word' id='word_1_447' title='bbox 1331 2554 1438 2604; x_wconf 91' lang='lat' dir='ltr'>quod</span> <span class='ocrx_word' id='word_1_448' title='bbox 1467 2562 1522 2591; x_wconf 92' lang='lat' dir='ltr'>est</span> 
     </span>
     <span class='ocr_line' id='line_1_75' title="bbox 457 2607 1345 2657; baseline 0 -13"><span class='ocrx_word' id='word_1_449' title='bbox 457 2608 497 2645; x_wconf 92' lang='lat' dir='ltr'>in</span> <span class='ocrx_word' id='word_1_450' title='bbox 525 2607 688 2644; x_wconf 88' lang='lat' dir='ltr'>cellario.</span> <span class='ocrx_word' id='word_1_451' title='bbox 719 2608 820 2656; x_wconf 87' lang='lat' dir='ltr'>Ergo</span> <span class='ocrx_word' id='word_1_452' title='bbox 849 2609 925 2645; x_wconf 86' lang='lat' dir='ltr'>hoc</span> <span class='ocrx_word' id='word_1_453' title='bbox 951 2607 1073 2645; x_wconf 87' lang='lat' dir='ltr'>facere</span> <span class='ocrx_word' id='word_1_454' title='bbox 1102 2619 1182 2644; x_wconf 91' lang='lat' dir='ltr'>non</span> <span class='ocrx_word' id='word_1_455' title='bbox 1210 2615 1345 2657; x_wconf 91' lang='lat' dir='ltr'>potest.</span> 
     </span>
    </p>

    <p class='ocr_par' dir='ltr' id='par_1_32' title="bbox 458 2660 1523 2923">
     <span class='ocr_line' id='line_1_76' title="bbox 513 2660 1522 2710; baseline 0 -13"><span class='ocrx_word' id='word_1_456' title='bbox 513 2661 546 2697; x_wconf 87' lang='lat'>3.</span> <span class='ocrx_word' id='word_1_457' title='bbox 567 2661 799 2708; x_wconf 80' lang='lat' dir='ltr'>PRAETEREA‚</span> <span class='ocrx_word' id='word_1_458' title='bbox 821 2661 850 2697; x_wconf 92' lang='lat' dir='ltr'>si</span> <span class='ocrx_word' id='word_1_459' title='bbox 870 2660 1005 2710; x_wconf 90' lang='lat' dir='ltr'>aliquis</span> <span class='ocrx_word' id='word_1_460' title='bbox 1024 2660 1236 2710; x_wconf 91' lang='lat' dir='ltr'>baptizetur</span> <span class='ocrx_word' id='word_1_461' title='bbox 1254 2660 1294 2697; x_wconf 94' lang='lat' dir='ltr'>in</span> <span class='ocrx_word' id='word_1_462' title='bbox 1313 2660 1421 2707; x_wconf 92' lang='lat' dir='ltr'>mari,</span> <span class='ocrx_word' id='word_1_463' title='bbox 1441 2672 1522 2697; x_wconf 92' lang='lat' dir='ltr'>non</span> 
     </span>
     <span class='ocr_line' id='line_1_77' title="bbox 458 2713 1522 2763; baseline 0 -13"><span class='ocrx_word' id='word_1_464' title='bbox 458 2721 536 2751; x_wconf 93' lang='lat' dir='ltr'>tota</span> <span class='ocrx_word' id='word_1_465' title='bbox 564 2726 665 2763; x_wconf 88' lang='lat' dir='ltr'>aqua</span> <span class='ocrx_word' id='word_1_466' title='bbox 692 2714 808 2751; x_wconf 90' lang='lat' dir='ltr'>maris</span> <span class='ocrx_word' id='word_1_467' title='bbox 837 2713 1093 2751; x_wconf 88' lang='lat' dir='ltr'>sanctificatur</span> <span class='ocrx_word' id='word_1_468' title='bbox 1120 2725 1190 2763; x_wconf 90' lang='lat' dir='ltr'>per</span> <span class='ocrx_word' id='word_1_469' title='bbox 1207 2714 1373 2751; x_wconf 89' lang='lat' dir='ltr'>formam</span> <span class='ocrx_word' id='word_1_470' title='bbox 1401 2713 1522 2763; x_wconf 91' lang='lat' dir='ltr'>bapti-</span> 
     </span>
     <span class='ocr_line' id='line_1_78' title="bbox 460 2766 1522 2816; baseline 0.001 -13"><span class='ocrx_word' id='word_1_471' title='bbox 460 2766 544 2812; x_wconf 93' lang='lat' dir='ltr'>smi,</span> <span class='ocrx_word' id='word_1_472' title='bbox 573 2767 640 2803; x_wconf 91' lang='lat' dir='ltr'>sed</span> <span class='ocrx_word' id='word_1_473' title='bbox 668 2768 749 2804; x_wconf 90' lang='lat' dir='ltr'>sola</span> <span class='ocrx_word' id='word_1_474' title='bbox 776 2766 836 2804; x_wconf 92' lang='lat' dir='ltr'>illa</span> <span class='ocrx_word' id='word_1_475' title='bbox 859 2779 960 2816; x_wconf 89' lang='lat' dir='ltr'>aqua</span> <span class='ocrx_word' id='word_1_476' title='bbox 988 2779 1066 2816; x_wconf 90' lang='lat' dir='ltr'>qua</span> <span class='ocrx_word' id='word_1_477' title='bbox 1094 2779 1234 2816; x_wconf 88' lang='lat' dir='ltr'>corpus</span> <span class='ocrx_word' id='word_1_478' title='bbox 1252 2766 1429 2816; x_wconf 87' lang='lat' dir='ltr'>baptizati</span> <span class='ocrx_word' id='word_1_479' title='bbox 1456 2767 1522 2804; x_wconf 91' lang='lat' dir='ltr'>ab-</span> 
     </span>
     <span class='ocr_line' id='line_1_79' title="bbox 459 2819 1523 2870; baseline 0.001 -13"><span class='ocrx_word' id='word_1_480' title='bbox 459 2819 586 2858; x_wconf 88' lang='lat' dir='ltr'>luitur.</span> <span class='ocrx_word' id='word_1_481' title='bbox 629 2821 730 2868; x_wconf 86' lang='lat' dir='ltr'>Ergo</span> <span class='ocrx_word' id='word_1_482' title='bbox 768 2832 840 2857; x_wconf 90' lang='lat' dir='ltr'>nec</span> <span class='ocrx_word' id='word_1_483' title='bbox 876 2820 915 2856; x_wconf 93' lang='lat' dir='ltr'>in</span> <span class='ocrx_word' id='word_1_484' title='bbox 944 2821 1020 2857; x_wconf 92' lang='lat' dir='ltr'>hoc</span> <span class='ocrx_word' id='word_1_485' title='bbox 1054 2827 1292 2858; x_wconf 88' lang='lat' dir='ltr'>sacramento</span> <span class='ocrx_word' id='word_1_486' title='bbox 1326 2819 1523 2870; x_wconf 86' lang='lat' dir='ltr'>superflua</span> 
     </span>
     <span class='ocr_line' id='line_1_80' title="bbox 460 2872 1226 2923; baseline 0.001 -14"><span class='ocrx_word' id='word_1_487' title='bbox 460 2872 649 2923; x_wconf 90' lang='lat' dir='ltr'>quantitas</span> <span class='ocrx_word' id='word_1_488' title='bbox 676 2872 786 2922; x_wconf 90' lang='lat' dir='ltr'>panis</span> <span class='ocrx_word' id='word_1_489' title='bbox 807 2878 824 2894; x_wconf 81' lang='lat'>‘²</span> <span class='ocrx_word' id='word_1_490' title='bbox 852 2872 1065 2910; x_wconf 90' lang='lat' dir='ltr'>consecrari</span> <span class='ocrx_word' id='word_1_491' title='bbox 1092 2880 1226 2922; x_wconf 90' lang='lat' dir='ltr'>potest.</span> 
     </span>
    </p>

    <p class='ocr_par' dir='ltr' id='par_1_33' title="bbox 460 2926 1524 3185">
     <span class='ocr_line' id='line_1_81' title="bbox 514 2926 1520 2976; baseline 0.002 -13"><span class='ocrx_word' id='word_1_492' title='bbox 514 2926 587 2963; x_wconf 77' lang='lat' dir='ltr'>SED</span> <span class='ocrx_word' id='word_1_493' title='bbox 608 2937 752 2963; x_wconf 79' lang='lat' dir='ltr'>CONTRA</span> <span class='ocrx_word' id='word_1_494' title='bbox 766 2938 831 2963; x_wconf 82' lang='lat' dir='ltr'>EST</span> <span class='ocrx_word' id='word_1_495' title='bbox 850 2926 958 2975; x_wconf 90' lang='lat' dir='ltr'>quod</span> <span class='ocrx_word' id='word_1_496' title='bbox 977 2927 1144 2963; x_wconf 90' lang='lat' dir='ltr'>multum</span> <span class='ocrx_word' id='word_1_497' title='bbox 1159 2926 1368 2976; x_wconf 88' lang='lat' dir='ltr'>opponitur</span> <span class='ocrx_word' id='word_1_498' title='bbox 1381 2939 1520 2976; x_wconf 86' lang='lat' dir='ltr'>pauCO,</span> 
     </span>
     <span class='ocr_line' id='line_1_82' title="bbox 460 2979 1522 3030; baseline 0.002 -15"><span class='ocrx_word' id='word_1_499' title='bbox 460 2986 497 3016; x_wconf 88' lang='lat' dir='ltr'>et</span> <span class='ocrx_word' id='word_1_500' title='bbox 523 2991 710 3027; x_wconf 88' lang='lat' dir='ltr'>magnum</span> <span class='ocrx_word' id='word_1_501' title='bbox 737 2991 871 3028; x_wconf 89' lang='lat' dir='ltr'>parvo.</span> <span class='ocrx_word' id='word_1_502' title='bbox 902 2979 979 3017; x_wconf 93' lang='lat' dir='ltr'>Sed</span> <span class='ocrx_word' id='word_1_503' title='bbox 998 2980 1103 3016; x_wconf 89' lang='lat' dir='ltr'>nulla</span> <span class='ocrx_word' id='word_1_504' title='bbox 1121 2987 1176 3016; x_wconf 92' lang='lat' dir='ltr'>est</span> <span class='ocrx_word' id='word_1_505' title='bbox 1195 2979 1245 3017; x_wconf 89' lang='lat' dir='ltr'>ita</span> <span class='ocrx_word' id='word_1_506' title='bbox 1263 2991 1383 3028; x_wconf 88' lang='lat' dir='ltr'>parva</span> <span class='ocrx_word' id='word_1_507' title='bbox 1402 2993 1522 3030; x_wconf 89' lang='lat' dir='ltr'>quan-</span> 
     </span>
     <span class='ocr_line' id='line_1_83' title="bbox 460 3031 1523 3083; baseline 0.003 -15"><span class='ocrx_word' id='word_1_508' title='bbox 460 3031 544 3068; x_wconf 85' lang='lat' dir='ltr'>titas</span> <span class='ocrx_word' id='word_1_509' title='bbox 585 3031 694 3080; x_wconf 91' lang='lat' dir='ltr'>panis</span> <span class='ocrx_word' id='word_1_510' title='bbox 735 3039 801 3068; x_wconf 91' lang='lat' dir='ltr'>aut</span> <span class='ocrx_word' id='word_1_511' title='bbox 840 3032 920 3069; x_wconf 87' lang='lat' dir='ltr'>vini</span> <span class='ocrx_word' id='word_1_512' title='bbox 966 3044 1066 3082; x_wconf 91' lang='lat' dir='ltr'>quae</span> <span class='ocrx_word' id='word_1_513' title='bbox 1108 3044 1189 3070; x_wconf 90' lang='lat' dir='ltr'>non</span> <span class='ocrx_word' id='word_1_514' title='bbox 1229 3033 1349 3083; x_wconf 90' lang='lat' dir='ltr'>possit</span> <span class='ocrx_word' id='word_1_515' title='bbox 1389 3045 1523 3071; x_wconf 92' lang='lat' dir='ltr'>conse-</span> 
     </span>
     <span class='ocr_line' id='line_1_84' title="bbox 463 3083 1524 3135; baseline 0.004 -15"><span class='ocrx_word' id='word_1_516' title='bbox 463 3083 569 3121; x_wconf 90' lang='lat' dir='ltr'>crari.</span> <span class='ocrx_word' id='word_1_517' title='bbox 599 3085 700 3132; x_wconf 86' lang='lat' dir='ltr'>Ergo</span> <span class='ocrx_word' id='word_1_518' title='bbox 729 3086 834 3121; x_wconf 91' lang='lat' dir='ltr'>nulla</span> <span class='ocrx_word' id='word_1_519' title='bbox 862 3093 917 3122; x_wconf 91' lang='lat' dir='ltr'>est</span> <span class='ocrx_word' id='word_1_520' title='bbox 944 3085 994 3122; x_wconf 89' lang='lat' dir='ltr'>ita</span> <span class='ocrx_word' id='word_1_521' title='bbox 1022 3097 1162 3133; x_wconf 87' lang='lat' dir='ltr'>magna</span> <span class='ocrx_word' id='word_1_522' title='bbox 1190 3098 1290 3135; x_wconf 91' lang='lat' dir='ltr'>quae</span> <span class='ocrx_word' id='word_1_523' title='bbox 1310 3086 1524 3124; x_wconf 89' lang='lat' dir='ltr'>consecrari</span> 
     </span>
     <span class='ocr_line' id='line_1_85' title="bbox 463 3137 1128 3185; baseline 0 -12"><span class='ocrx_word' id='word_1_524' title='bbox 463 3148 544 3173; x_wconf 92' lang='lat' dir='ltr'>non</span> <span class='ocrx_word' id='word_1_525' title='bbox 571 3137 700 3185; x_wconf 89' lang='lat' dir='ltr'>possit.</span> <span class='ocrx_word' id='word_1_526' title='bbox 1126 3160 1128 3162; x_wconf 58' lang='lat'>&gt;</span> 
     </span>
    </p>

    <p class='ocr_par' dir='ltr' id='par_1_34' title="bbox 465 3190 1526 3292">
     <span class='ocr_line' id='line_1_86' title="bbox 517 3190 1526 3240; baseline 0.004 -15"><span class='ocrx_word' id='word_1_527' title='bbox 517 3190 741 3226; x_wconf 83' lang='lat' dir='ltr'>RESPONDEO</span> <span class='ocrx_word' id='word_1_528' title='bbox 770 3202 951 3228; x_wconf 83' lang='lat' dir='ltr'>DICENDUM</span> <span class='ocrx_word' id='word_1_529' title='bbox 979 3191 1086 3240; x_wconf 92' lang='lat' dir='ltr'>quod</span> <span class='ocrx_word' id='word_1_530' title='bbox 1115 3191 1275 3240; x_wconf 90' lang='lat' dir='ltr'>quidam</span> <span class='ocrx_word' id='word_1_531' title='bbox 1299 3191 1320 3213; x_wconf 75' lang='lat'>&#39;¹‘</span> <span class='ocrx_word' id='word_1_532' title='bbox 1348 3191 1526 3229; x_wconf 91' lang='lat' dir='ltr'>dixerunt</span> 
     </span>
     <span class='ocr_line' id='line_1_87' title="bbox 465 3242 1525 3292; baseline 0.003 -14"><span class='ocrx_word' id='word_1_533' title='bbox 465 3242 572 3291; x_wconf 92' lang='lat' dir='ltr'>quod</span> <span class='ocrx_word' id='word_1_534' title='bbox 600 3242 776 3278; x_wconf 86' lang='lat' dir='ltr'>sacerdos</span> <span class='ocrx_word' id='word_1_535' title='bbox 804 3253 884 3279; x_wconf 90' lang='lat' dir='ltr'>non</span> <span class='ocrx_word' id='word_1_536' title='bbox 903 3251 1031 3292; x_wconf 90' lang='lat' dir='ltr'>posset</span> <span class='ocrx_word' id='word_1_537' title='bbox 1050 3255 1274 3280; x_wconf 89' lang='lat' dir='ltr'>consecrare</span> <span class='ocrx_word' id='word_1_538' title='bbox 1293 3243 1525 3281; x_wconf 89' lang='lat' dir='ltr'>immensam</span> 
     </span>
    </p>
   </div>
   <div class='ocr_carea' id='block_1_29' title="bbox 467 1665 655 1853">
    <p class='ocr_par' dir='ltr' id='par_1_35' title="bbox 467 1665 655 1853">
     <span class='ocr_line' id='line_1_88' title="bbox 467 1665 655 1853; baseline 0 -117"><span class='ocrx_word' id='word_1_539' title='bbox 467 1665 655 1853; x_wconf 95' lang='lat' dir='ltr'>   </span> 
     </span>
    </p>
   </div>
   <div class='ocr_carea' id='block_1_30' title="bbox 519 3372 1106 3406">
    <p class='ocr_par' dir='ltr' id='par_1_36' title="bbox 519 3372 1106 3406">
     <span class='ocr_line' id='line_1_89' title="bbox 519 3372 1106 3406; baseline 0.005 -10"><span class='ocrx_word' id='word_1_540' title='bbox 519 3372 546 3406; x_wconf 87' lang='grc' dir='ltr'>α)</span> <span class='ocrx_word' id='word_1_541' title='bbox 561 3373 651 3405; x_wconf 81' lang='lat' dir='ltr'>panis.</span> <span class='ocrx_word' id='word_1_542' title='bbox 668 3387 687 3391; x_wconf 91' lang='lat'>—</span> <span class='ocrx_word' id='word_1_543' title='bbox 704 3377 731 3398; x_wconf 85' lang='lat' dir='ltr'>et</span> <span class='ocrx_word' id='word_1_544' title='bbox 749 3373 805 3399; x_wconf 82' lang='lat' dir='ltr'>vini</span> <span class='ocrx_word' id='word_1_545' title='bbox 822 3373 892 3399; x_wconf 83' lang='lat' dir='ltr'>addit</span> <span class='ocrx_word' id='word_1_546' title='bbox 910 3374 991 3404; x_wconf 78' lang='lat' dir='ltr'>tertia,</span> <span class='ocrx_word' id='word_1_547' title='bbox 1009 3382 1062 3400; x_wconf 92' lang='lat' dir='ltr'>om.</span> <span class='ocrx_word' id='word_1_548' title='bbox 1080 3381 1106 3399; x_wconf 87' lang='lat' dir='ltr'>a.</span> 
     </span>
    </p>
   </div>
   <div class='ocr_carea' id='block_1_31' title="bbox 466 3407 1526 3478">
    <p class='ocr_par' dir='ltr' id='par_1_37' title="bbox 466 3407 1526 3478">
     <span class='ocr_line' id='line_1_90' title="bbox 466 3407 1526 3478; baseline 0.003 -45"><span class='ocrx_word' id='word_1_549' title='bbox 466 3442 485 3468; x_wconf 65' lang='lat' dir='ltr'><em>d</em></span> <span class='ocrx_word' id='word_1_550' title='bbox 500 3407 546 3468; x_wconf 64' lang='grc' dir='ltr'>Γβ)</span> <span class='ocrx_word' id='word_1_551' title='bbox 560 3415 612 3478; x_wconf 53' lang='grc' dir='ltr'>ςεν-</span> <span class='ocrx_word' id='word_1_552' title='bbox 629 3409 865 3441; x_wconf 82' lang='lat' dir='ltr'>comparationem.</span> <span class='ocrx_word' id='word_1_553' title='bbox 883 3423 902 3428; x_wconf 80' lang='lat'>—</span> <span class='ocrx_word' id='word_1_554' title='bbox 920 3409 981 3435; x_wconf 90' lang='lat' dir='ltr'>Om.</span> <span class='ocrx_word' id='word_1_555' title='bbox 999 3410 1073 3435; x_wconf 80' lang='lat' dir='ltr'>tertia</span> <span class='ocrx_word' id='word_1_556' title='bbox 1091 3408 1149 3443; x_wconf 85' lang='lat' dir='ltr'>(sed</span> <span class='ocrx_word' id='word_1_557' title='bbox 1169 3409 1177 3434; x_wconf 97' lang='lat'>1</span> <span class='ocrx_word' id='word_1_558' title='bbox 1196 3417 1250 3436; x_wconf 89' lang='lat' dir='ltr'>om.</span> <span class='ocrx_word' id='word_1_559' title='bbox 1275 3410 1336 3435; x_wconf 86' lang='lat' dir='ltr'>Non</span> <span class='ocrx_word' id='word_1_560' title='bbox 1361 3413 1477 3437; x_wconf 78' lang='lat' dir='ltr'>autem...</span> <span class='ocrx_word' id='word_1_561' title='bbox 1489 3411 1526 3443; x_wconf 89' lang='lat' dir='ltr'>fi-</span> 
     </span>
     <span class='ocr_line' id='line_1_91' title="bbox 485 3450 586 3469; baseline 0.01 -1"><span class='ocrx_word' id='word_1_562' title='bbox 485 3450 500 3468; x_wconf 71' lang='lat' dir='ltr'><em>e</em></span> <span class='ocrx_word' id='word_1_563' title='bbox 510 3451 564 3468; x_wconf 74' lang='lat' dir='ltr'>lum</span> <span class='ocrx_word' id='word_1_564' title='bbox 580 3463 586 3469; x_wconf 83' lang='lat'>.</span> 
     </span>
    </p>
   </div>
   <div class='ocr_carea' id='block_1_32' title="bbox 1573 1652 2642 3293">
    <p class='ocr_par' dir='ltr' id='par_1_38' title="bbox 1573 1652 2642 2646">
     <span class='ocr_line' id='line_1_92' title="bbox 1573 1652 2639 1704; baseline 0.003 -15"><span class='ocrx_word' id='word_1_565' title='bbox 1573 1652 1823 1702; x_wconf 91' lang='lat' dir='ltr'>quantitatem</span> <span class='ocrx_word' id='word_1_566' title='bbox 1843 1653 1953 1702; x_wconf 89' lang='lat' dir='ltr'>panis</span> <span class='ocrx_word' id='word_1_567' title='bbox 1973 1661 2038 1690; x_wconf 92' lang='lat' dir='ltr'>aut</span> <span class='ocrx_word' id='word_1_568' title='bbox 2052 1653 2143 1700; x_wconf 91' lang='lat' dir='ltr'>vini,</span> <span class='ocrx_word' id='word_1_569' title='bbox 2159 1662 2252 1703; x_wconf 91' lang='lat' dir='ltr'>puta</span> <span class='ocrx_word' id='word_1_570' title='bbox 2270 1654 2396 1692; x_wconf 84' lang='lat' dir='ltr'>totum</span> <span class='ocrx_word' id='word_1_571' title='bbox 2413 1666 2557 1704; x_wconf 90' lang='lat' dir='ltr'>panem</span> <span class='ocrx_word' id='word_1_572' title='bbox 2571 1654 2639 1704; x_wconf 90' lang='lat' dir='ltr'>qui</span> 
     </span>
     <span class='ocr_line' id='line_1_93' title="bbox 1573 1706 2639 1757; baseline 0.004 -15"><span class='ocrx_word' id='word_1_573' title='bbox 1573 1706 1754 1743; x_wconf 92' lang='lat' dir='ltr'>venditur</span> <span class='ocrx_word' id='word_1_574' title='bbox 1780 1706 1819 1742; x_wconf 94' lang='lat' dir='ltr'>in</span> <span class='ocrx_word' id='word_1_575' title='bbox 1847 1707 1942 1754; x_wconf 85' lang='lat' dir='ltr'>foro,</span> <span class='ocrx_word' id='word_1_576' title='bbox 1970 1714 2036 1744; x_wconf 91' lang='lat' dir='ltr'>aut</span> <span class='ocrx_word' id='word_1_577' title='bbox 2063 1714 2188 1744; x_wconf 84' lang='lat' dir='ltr'>totum</span> <span class='ocrx_word' id='word_1_578' title='bbox 2215 1707 2353 1744; x_wconf 92' lang='lat' dir='ltr'>vinum</span> <span class='ocrx_word' id='word_1_579' title='bbox 2381 1707 2488 1757; x_wconf 93' lang='lat' dir='ltr'>quod</span> <span class='ocrx_word' id='word_1_580' title='bbox 2517 1716 2573 1745; x_wconf 90' lang='lat' dir='ltr'>est</span> <span class='ocrx_word' id='word_1_581' title='bbox 2598 1707 2639 1746; x_wconf 91' lang='lat' dir='ltr'>in</span> 
     </span>
     <span class='ocr_line' id='line_1_94' title="bbox 1575 1758 2640 1808; baseline 0.004 -13"><span class='ocrx_word' id='word_1_582' title='bbox 1575 1758 1691 1796; x_wconf 92' lang='lat' dir='ltr'>dolio.</span> <span class='ocrx_word' id='word_1_583' title='bbox 1732 1759 1808 1796; x_wconf 92' lang='lat' dir='ltr'>Sed</span> <span class='ocrx_word' id='word_1_584' title='bbox 1841 1760 1916 1796; x_wconf 90' lang='lat' dir='ltr'>hoc</span> <span class='ocrx_word' id='word_1_585' title='bbox 1944 1772 2024 1797; x_wconf 93' lang='lat' dir='ltr'>non</span> <span class='ocrx_word' id='word_1_586' title='bbox 2057 1759 2209 1797; x_wconf 88' lang='lat' dir='ltr'>videtur</span> <span class='ocrx_word' id='word_1_587' title='bbox 2236 1772 2318 1797; x_wconf 93' lang='lat' dir='ltr'>esse</span> <span class='ocrx_word' id='word_1_588' title='bbox 2355 1773 2506 1798; x_wconf 90' lang='lat' dir='ltr'>verum.</span> <span class='ocrx_word' id='word_1_589' title='bbox 2536 1760 2640 1808; x_wconf 82' lang='lat' dir='ltr'>Quia</span> 
     </span>
     <span class='ocr_line' id='line_1_95' title="bbox 1575 1811 2640 1859; baseline 0.003 -11"><span class='ocrx_word' id='word_1_590' title='bbox 1575 1812 1614 1849; x_wconf 91' lang='lat' dir='ltr'>in</span> <span class='ocrx_word' id='word_1_591' title='bbox 1643 1811 1826 1849; x_wconf 90' lang='lat' dir='ltr'>omnibus</span> <span class='ocrx_word' id='word_1_592' title='bbox 1853 1812 2083 1850; x_wconf 92' lang='lat' dir='ltr'>habentibus</span> <span class='ocrx_word' id='word_1_593' title='bbox 2102 1812 2314 1859; x_wconf 89' lang='lat' dir='ltr'>materiam,</span> <span class='ocrx_word' id='word_1_594' title='bbox 2343 1813 2438 1852; x_wconf 91' lang='lat' dir='ltr'>ratio</span> <span class='ocrx_word' id='word_1_595' title='bbox 2462 1813 2640 1851; x_wconf 90' lang='lat' dir='ltr'>determi-</span> 
     </span>
     <span class='ocr_line' id='line_1_96' title="bbox 1575 1864 2638 1909; baseline 0.002 -8"><span class='ocrx_word' id='word_1_596' title='bbox 1575 1864 1740 1902; x_wconf 91' lang='lat' dir='ltr'>nationis</span> <span class='ocrx_word' id='word_1_597' title='bbox 1768 1865 1949 1909; x_wconf 85' lang='lat' dir='ltr'>materiae</span> <span class='ocrx_word' id='word_1_598' title='bbox 1985 1865 2150 1903; x_wconf 88' lang='lat' dir='ltr'>sumitur</span> <span class='ocrx_word' id='word_1_599' title='bbox 2183 1878 2229 1903; x_wconf 89' lang='lat' dir='ltr'>ex</span> <span class='ocrx_word' id='word_1_600' title='bbox 2257 1865 2393 1903; x_wconf 92' lang='lat' dir='ltr'>ordine</span> <span class='ocrx_word' id='word_1_601' title='bbox 2420 1866 2471 1903; x_wconf 91' lang='lat' dir='ltr'>ad</span> <span class='ocrx_word' id='word_1_602' title='bbox 2496 1866 2638 1904; x_wconf 90' lang='lat' dir='ltr'>finem:</span> 
     </span>
     <span class='ocr_line' id='line_1_97' title="bbox 1576 1917 2641 1968; baseline 0.003 -14"><span class='ocrx_word' id='word_1_603' title='bbox 1576 1917 1672 1954; x_wconf 91' lang='lat' dir='ltr'>sicut</span> <span class='ocrx_word' id='word_1_604' title='bbox 1699 1918 1858 1956; x_wconf 90' lang='lat' dir='ltr'>materia</span> <span class='ocrx_word' id='word_1_605' title='bbox 1890 1930 2015 1955; x_wconf 89' lang='lat' dir='ltr'>serrae</span> <span class='ocrx_word' id='word_1_606' title='bbox 2051 1926 2105 1955; x_wconf 94' lang='lat' dir='ltr'>est</span> <span class='ocrx_word' id='word_1_607' title='bbox 2132 1919 2295 1966; x_wconf 82' lang='lat' dir='ltr'>sermm,</span> <span class='ocrx_word' id='word_1_608' title='bbox 2325 1927 2367 1956; x_wconf 93' lang='lat' dir='ltr'>ut</span> <span class='ocrx_word' id='word_1_609' title='bbox 2394 1919 2441 1956; x_wconf 92' lang='lat' dir='ltr'>sit</span> <span class='ocrx_word' id='word_1_610' title='bbox 2468 1926 2556 1968; x_wconf 91' lang='lat' dir='ltr'>apta</span> <span class='ocrx_word' id='word_1_611' title='bbox 2584 1931 2641 1957; x_wconf 87' lang='lat' dir='ltr'>se-</span> 
     </span>
     <span class='ocr_line' id='line_1_98' title="bbox 1575 1970 2641 2010; baseline 0.003 -3"><span class='ocrx_word' id='word_1_612' title='bbox 1575 1970 1703 2008; x_wconf 88' lang='lat' dir='ltr'>ctioni.</span> <span class='ocrx_word' id='word_1_613' title='bbox 1733 1971 1837 2008; x_wconf 91' lang='lat' dir='ltr'>Finis</span> <span class='ocrx_word' id='word_1_614' title='bbox 1856 1978 1986 2008; x_wconf 85' lang='lat' dir='ltr'>autem</span> <span class='ocrx_word' id='word_1_615' title='bbox 2014 1971 2129 2008; x_wconf 92' lang='lat' dir='ltr'>huius</span> <span class='ocrx_word' id='word_1_616' title='bbox 2149 1971 2377 2009; x_wconf 91' lang='lat' dir='ltr'>sacramenti</span> <span class='ocrx_word' id='word_1_617' title='bbox 2404 1980 2460 2009; x_wconf 93' lang='lat' dir='ltr'>est</span> <span class='ocrx_word' id='word_1_618' title='bbox 2486 1984 2580 2010; x_wconf 91' lang='lat' dir='ltr'>usus</span> <span class='ocrx_word' id='word_1_619' title='bbox 2591 1971 2641 2010; x_wconf 69' lang='lat' dir='ltr'>‚fi-</span> 
     </span>
     <span class='ocr_line' id='line_1_99' title="bbox 1575 2024 2641 2074; baseline 0.001 -13"><span class='ocrx_word' id='word_1_620' title='bbox 1575 2024 1732 2061; x_wconf 91' lang='lat' dir='ltr'>delium.</span> <span class='ocrx_word' id='word_1_621' title='bbox 1775 2024 1886 2062; x_wconf 93' lang='lat' dir='ltr'>Unde</span> <span class='ocrx_word' id='word_1_622' title='bbox 1915 2031 2066 2073; x_wconf 88' lang='lat' dir='ltr'>oportet</span> <span class='ocrx_word' id='word_1_623' title='bbox 2100 2024 2208 2074; x_wconf 90' lang='lat' dir='ltr'>quod</span> <span class='ocrx_word' id='word_1_624' title='bbox 2235 2024 2426 2074; x_wconf 88' lang='lat' dir='ltr'>quantitas</span> <span class='ocrx_word' id='word_1_625' title='bbox 2459 2025 2641 2067; x_wconf 86' lang='lat' dir='ltr'>materiae</span> 
     </span>
     <span class='ocr_line' id='line_1_100' title="bbox 1576 2076 2640 2128; baseline 0.002 -14"><span class='ocrx_word' id='word_1_626' title='bbox 1576 2077 1692 2114; x_wconf 90' lang='lat' dir='ltr'>huius</span> <span class='ocrx_word' id='word_1_627' title='bbox 1721 2076 1947 2114; x_wconf 89' lang='lat' dir='ltr'>sacramenti</span> <span class='ocrx_word' id='word_1_628' title='bbox 1982 2077 2256 2115; x_wconf 90' lang='lat' dir='ltr'>determinetur</span> <span class='ocrx_word' id='word_1_629' title='bbox 2291 2090 2361 2127; x_wconf 93' lang='lat' dir='ltr'>per</span> <span class='ocrx_word' id='word_1_630' title='bbox 2387 2077 2640 2128; x_wconf 87' lang='lat' dir='ltr'>comparatio-</span> 
     </span>
     <span class='ocr_line' id='line_1_101' title="bbox 1576 2130 2640 2180; baseline 0.001 -13"><span class='ocrx_word' id='word_1_631' title='bbox 1576 2141 1669 2167; x_wconf 91' lang='lat' dir='ltr'>nem</span> <span class='ocrx_word' id='word_1_632' title='bbox 1697 2130 1746 2167; x_wconf 91' lang='lat' dir='ltr'>ad</span> <span class='ocrx_word' id='word_1_633' title='bbox 1774 2142 1892 2168; x_wconf 89' lang='lat' dir='ltr'>usum</span> <span class='ocrx_word' id='word_1_634' title='bbox 1919 2130 2105 2167; x_wconf 89' lang='lat' dir='ltr'>fidelium.</span> <span class='ocrx_word' id='word_1_635' title='bbox 2135 2131 2229 2168; x_wconf 91' lang='lat' dir='ltr'>Non</span> <span class='ocrx_word' id='word_1_636' title='bbox 2248 2138 2379 2168; x_wconf 93' lang='lat' dir='ltr'>autem</span> <span class='ocrx_word' id='word_1_637' title='bbox 2405 2138 2531 2180; x_wconf 91' lang='lat' dir='ltr'>potest</span> <span class='ocrx_word' id='word_1_638' title='bbox 2557 2143 2640 2168; x_wconf 91' lang='lat' dir='ltr'>esse</span> 
     </span>
     <span class='ocr_line' id='line_1_102' title="bbox 1577 2183 2640 2233; baseline 0.003 -13"><span class='ocrx_word' id='word_1_639' title='bbox 1577 2183 1685 2232; x_wconf 94' lang='lat' dir='ltr'>quod</span> <span class='ocrx_word' id='word_1_640' title='bbox 1703 2183 1978 2221; x_wconf 91' lang='lat' dir='ltr'>determinetur</span> <span class='ocrx_word' id='word_1_641' title='bbox 1996 2195 2066 2233; x_wconf 90' lang='lat' dir='ltr'>per</span> <span class='ocrx_word' id='word_1_642' title='bbox 2080 2183 2436 2233; x_wconf 64' lang='lat' dir='ltr'>comparationemss</span> <span class='ocrx_word' id='word_1_643' title='bbox 2455 2184 2504 2222; x_wconf 93' lang='lat' dir='ltr'>ad</span> <span class='ocrx_word' id='word_1_644' title='bbox 2523 2196 2640 2223; x_wconf 85' lang='lat' dir='ltr'>usum</span> 
     </span>
     <span class='ocr_line' id='line_1_103' title="bbox 1576 2236 2641 2286; baseline 0.001 -12"><span class='ocrx_word' id='word_1_645' title='bbox 1576 2236 1751 2274; x_wconf 89' lang='lat' dir='ltr'>fidelium</span> <span class='ocrx_word' id='word_1_646' title='bbox 1779 2236 1847 2286; x_wconf 93' lang='lat' dir='ltr'>qui</span> <span class='ocrx_word' id='word_1_647' title='bbox 1874 2249 1980 2274; x_wconf 91' lang='lat' dir='ltr'>nunc</span> <span class='ocrx_word' id='word_1_648' title='bbox 2007 2245 2233 2274; x_wconf 88' lang='lat' dir='ltr'>occurrunt:</span> <span class='ocrx_word' id='word_1_649' title='bbox 2263 2236 2435 2286; x_wconf 89' lang='lat' dir='ltr'>alioquin</span> <span class='ocrx_word' id='word_1_650' title='bbox 2463 2237 2641 2275; x_wconf 91' lang='lat' dir='ltr'>sacerdos</span> 
     </span>
     <span class='ocr_line' id='line_1_104' title="bbox 1577 2289 2641 2340; baseline 0.002 -14"><span class='ocrx_word' id='word_1_651' title='bbox 1577 2290 1724 2326; x_wconf 90' lang='lat' dir='ltr'>habens</span> <span class='ocrx_word' id='word_1_652' title='bbox 1758 2302 1905 2340; x_wconf 90' lang='lat' dir='ltr'>paucos</span> <span class='ocrx_word' id='word_1_653' title='bbox 1936 2289 2214 2339; x_wconf 80' lang='lat' dir='ltr'>parochianOS,</span> <span class='ocrx_word' id='word_1_654' title='bbox 2243 2302 2324 2327; x_wconf 88' lang='lat' dir='ltr'>non</span> <span class='ocrx_word' id='word_1_655' title='bbox 2351 2297 2480 2340; x_wconf 93' lang='lat' dir='ltr'>posset</span> <span class='ocrx_word' id='word_1_656' title='bbox 2508 2302 2641 2328; x_wconf 90' lang='lat' dir='ltr'>conse-</span> 
     </span>
     <span class='ocr_line' id='line_1_105' title="bbox 1577 2342 2641 2392; baseline 0.003 -13"><span class='ocrx_word' id='word_1_657' title='bbox 1577 2354 1681 2380; x_wconf 91' lang='lat' dir='ltr'>crare</span> <span class='ocrx_word' id='word_1_658' title='bbox 1710 2344 1848 2380; x_wconf 89' lang='lat' dir='ltr'>multas</span> <span class='ocrx_word' id='word_1_659' title='bbox 1868 2342 2022 2379; x_wconf 90' lang='lat' dir='ltr'>hostias.</span> <span class='ocrx_word' id='word_1_660' title='bbox 2052 2343 2164 2380; x_wconf 91' lang='lat' dir='ltr'>Unde</span> <span class='ocrx_word' id='word_1_661' title='bbox 2184 2342 2411 2392; x_wconf 90' lang='lat' dir='ltr'>relinquitur</span> <span class='ocrx_word' id='word_1_662' title='bbox 2429 2343 2536 2392; x_wconf 93' lang='lat' dir='ltr'>quod</span> <span class='ocrx_word' id='word_1_663' title='bbox 2559 2355 2641 2383; x_wconf 84' lang='lat' dir='ltr'>ma-</span> 
     </span>
     <span class='ocr_line' id='line_1_106' title="bbox 1576 2395 2642 2446; baseline 0.002 -14"><span class='ocrx_word' id='word_1_664' title='bbox 1576 2395 1669 2433; x_wconf 86' lang='lat' dir='ltr'>teria</span> <span class='ocrx_word' id='word_1_665' title='bbox 1697 2396 1814 2433; x_wconf 92' lang='lat' dir='ltr'>huius</span> <span class='ocrx_word' id='word_1_666' title='bbox 1842 2395 2068 2433; x_wconf 90' lang='lat' dir='ltr'>sacramenti</span> <span class='ocrx_word' id='word_1_667' title='bbox 2096 2396 2370 2433; x_wconf 90' lang='lat' dir='ltr'>determinetur</span> <span class='ocrx_word' id='word_1_668' title='bbox 2396 2408 2466 2445; x_wconf 92' lang='lat' dir='ltr'>per</span> <span class='ocrx_word' id='word_1_669' title='bbox 2484 2407 2642 2446; x_wconf 90' lang='lat' dir='ltr'>compa·</span> 
     </span>
     <span class='ocr_line' id='line_1_107' title="bbox 1578 2448 2642 2488; baseline 0 -2"><span class='ocrx_word' id='word_1_670' title='bbox 1578 2449 1766 2486; x_wconf 89' lang='lat' dir='ltr'>rationem</span> <span class='ocrx_word' id='word_1_671' title='bbox 1794 2449 1843 2486; x_wconf 89' lang='lat' dir='ltr'>ad</span> <span class='ocrx_word' id='word_1_672' title='bbox 1870 2461 1988 2486; x_wconf 91' lang='lat' dir='ltr'>usum</span> <span class='ocrx_word' id='word_1_673' title='bbox 2015 2448 2190 2486; x_wconf 89' lang='lat' dir='ltr'>fidelium</span> <span class='ocrx_word' id='word_1_674' title='bbox 2219 2449 2403 2486; x_wconf 92' lang='lat' dir='ltr'>absolute.</span> <span class='ocrx_word' id='word_1_675' title='bbox 2442 2449 2642 2488; x_wconf 88' lang='lat' dir='ltr'>Numerus</span> 
     </span>
     <span class='ocr_line' id='line_1_108' title="bbox 1578 2501 2642 2541; baseline 0.001 -2"><span class='ocrx_word' id='word_1_676' title='bbox 1578 2509 1708 2539; x_wconf 91' lang='lat' dir='ltr'>autem</span> <span class='ocrx_word' id='word_1_677' title='bbox 1743 2501 1919 2539; x_wconf 91' lang='lat' dir='ltr'>fidelium</span> <span class='ocrx_word' id='word_1_678' title='bbox 1956 2509 2011 2538; x_wconf 92' lang='lat' dir='ltr'>est</span> <span class='ocrx_word' id='word_1_679' title='bbox 2043 2501 2368 2539; x_wconf 82' lang='lat' dir='ltr'>indeterminatus.</span> <span class='ocrx_word' id='word_1_680' title='bbox 2412 2502 2524 2539; x_wconf 89' lang='lat' dir='ltr'>Unde</span> <span class='ocrx_word' id='word_1_681' title='bbox 2561 2514 2642 2541; x_wconf 89' lang='lat' dir='ltr'>non</span> 
     </span>
     <span class='ocr_line' id='line_1_109' title="bbox 1577 2554 2642 2605; baseline 0.002 -14"><span class='ocrx_word' id='word_1_682' title='bbox 1577 2562 1702 2605; x_wconf 89' lang='lat' dir='ltr'>potest</span> <span class='ocrx_word' id='word_1_683' title='bbox 1730 2555 1803 2592; x_wconf 93' lang='lat' dir='ltr'>dici</span> <span class='ocrx_word' id='word_1_684' title='bbox 1831 2555 1938 2604; x_wconf 90' lang='lat' dir='ltr'>quod</span> <span class='ocrx_word' id='word_1_685' title='bbox 1967 2555 2157 2604; x_wconf 88' lang='lat' dir='ltr'>quantitas</span> <span class='ocrx_word' id='word_1_686' title='bbox 2176 2554 2357 2593; x_wconf 87' lang='lat' dir='ltr'>materiae</span> <span class='ocrx_word' id='word_1_687' title='bbox 2385 2554 2502 2593; x_wconf 92' lang='lat' dir='ltr'>huius</span> <span class='ocrx_word' id='word_1_688' title='bbox 2520 2567 2642 2594; x_wconf 86' lang='lat' dir='ltr'>sacra-</span> 
     </span>
     <span class='ocr_line' id='line_1_110' title="bbox 1577 2607 2060 2646; baseline -0.002 0"><span class='ocrx_word' id='word_1_689' title='bbox 1577 2608 1698 2646; x_wconf 87' lang='lat' dir='ltr'>menti</span> <span class='ocrx_word' id='word_1_690' title='bbox 1727 2608 1772 2645; x_wconf 89' lang='lat' dir='ltr'>sit</span> <span class='ocrx_word' id='word_1_691' title='bbox 1799 2607 2060 2646; x_wconf 88' lang='lat' dir='ltr'>determinata.</span> 
     </span>
    </p>

    <p class='ocr_par' dir='ltr' id='par_1_39' title="bbox 1578 2660 2642 2964">
     <span class='ocr_line' id='line_1_111' title="bbox 1632 2660 2642 2711; baseline 0.001 -13"><span class='ocrx_word' id='word_1_692' title='bbox 1632 2663 1689 2698; x_wconf 89' lang='lat' dir='ltr'>AD</span> <span class='ocrx_word' id='word_1_693' title='bbox 1718 2673 1852 2699; x_wconf 74' lang='lat' dir='ltr'>PRIMUM</span> <span class='ocrx_word' id='word_1_694' title='bbox 1881 2673 1978 2698; x_wconf 78' lang='lat' dir='ltr'>ERGO</span> <span class='ocrx_word' id='word_1_695' title='bbox 2011 2674 2193 2699; x_wconf 85' lang='lat' dir='ltr'>DlCENDUM</span> <span class='ocrx_word' id='word_1_696' title='bbox 2226 2661 2334 2711; x_wconf 93' lang='lat' dir='ltr'>quod</span> <span class='ocrx_word' id='word_1_697' title='bbox 2360 2661 2561 2699; x_wconf 91' lang='lat' dir='ltr'>cuiuslibet</span> <span class='ocrx_word' id='word_1_698' title='bbox 2587 2660 2642 2699; x_wconf 89' lang='lat' dir='ltr'>rei</span> 
     </span>
     <span class='ocr_line' id='line_1_112' title="bbox 1578 2713 2641 2764; baseline 0.001 -13"><span class='ocrx_word' id='word_1_699' title='bbox 1578 2714 1759 2752; x_wconf 88' lang='lat' dir='ltr'>naturalis</span> <span class='ocrx_word' id='word_1_700' title='bbox 1787 2713 1945 2751; x_wconf 88' lang='lat' dir='ltr'>materia</span> <span class='ocrx_word' id='word_1_701' title='bbox 1973 2714 2107 2764; x_wconf 89' lang='lat' dir='ltr'>accipit</span> <span class='ocrx_word' id='word_1_702' title='bbox 2135 2714 2427 2752; x_wconf 89' lang='lat' dir='ltr'>determinatam</span> <span class='ocrx_word' id='word_1_703' title='bbox 2454 2713 2641 2764; x_wconf 83' lang='lat' dir='ltr'>quantita·</span> 
     </span>
     <span class='ocr_line' id='line_1_113' title="bbox 1578 2766 2640 2817; baseline -0.001 -12"><span class='ocrx_word' id='word_1_704' title='bbox 1578 2776 1658 2805; x_wconf 92' lang='lat' dir='ltr'>tem</span> <span class='ocrx_word' id='word_1_705' title='bbox 1683 2767 1899 2805; x_wconf 90' lang='lat' dir='ltr'>secundum</span> <span class='ocrx_word' id='word_1_706' title='bbox 1918 2767 2250 2817; x_wconf 90' lang='lat' dir='ltr'>comparationem</span> <span class='ocrx_word' id='word_1_707' title='bbox 2268 2767 2318 2805; x_wconf 88' lang='lat' dir='ltr'>ad</span> <span class='ocrx_word' id='word_1_708' title='bbox 2335 2767 2501 2805; x_wconf 87' lang='lat' dir='ltr'>formam</span> <span class='ocrx_word' id='word_1_709' title='bbox 2520 2766 2640 2804; x_wconf 85' lang='lat' dir='ltr'>deter-</span> 
     </span>
     <span class='ocr_line' id='line_1_114' title="bbox 1579 2819 2641 2869; baseline -0.002 -11"><span class='ocrx_word' id='word_1_710' title='bbox 1579 2820 1775 2858; x_wconf 90' lang='lat' dir='ltr'>minatam.</span> <span class='ocrx_word' id='word_1_711' title='bbox 1821 2819 1898 2858; x_wconf 90' lang='lat' dir='ltr'>Sed</span> <span class='ocrx_word' id='word_1_712' title='bbox 1934 2832 2120 2858; x_wconf 88' lang='lat' dir='ltr'>numerus</span> <span class='ocrx_word' id='word_1_713' title='bbox 2156 2819 2352 2866; x_wconf 88' lang='lat' dir='ltr'>fidelium,</span> <span class='ocrx_word' id='word_1_714' title='bbox 2386 2819 2436 2858; x_wconf 87' lang='lat' dir='ltr'>ad</span> <span class='ocrx_word' id='word_1_715' title='bbox 2470 2831 2641 2869; x_wconf 88' lang='lat' dir='ltr'>quorum</span> 
     </span>
     <span class='ocr_line' id='line_1_115' title="bbox 1578 2872 2640 2919; baseline -0.002 -7"><span class='ocrx_word' id='word_1_716' title='bbox 1578 2886 1695 2912; x_wconf 92' lang='lat' dir='ltr'>usum</span> <span class='ocrx_word' id='word_1_717' title='bbox 1724 2873 1923 2911; x_wconf 90' lang='lat' dir='ltr'>ordinatur</span> <span class='ocrx_word' id='word_1_718' title='bbox 1949 2875 2026 2911; x_wconf 92' lang='lat' dir='ltr'>hoc</span> <span class='ocrx_word' id='word_1_719' title='bbox 2053 2880 2355 2919; x_wconf 90' lang='lat' dir='ltr'>sacramentum,</span> <span class='ocrx_word' id='word_1_720' title='bbox 2391 2879 2447 2910; x_wconf 90' lang='lat' dir='ltr'>est</span> <span class='ocrx_word' id='word_1_721' title='bbox 2477 2872 2640 2910; x_wconf 89' lang='lat' dir='ltr'>indeter-</span> 
     </span>
     <span class='ocr_line' id='line_1_116' title="bbox 1578 2925 2285 2964; baseline -0.003 0"><span class='ocrx_word' id='word_1_722' title='bbox 1578 2926 1746 2964; x_wconf 91' lang='lat' dir='ltr'>minatus</span> <span class='ocrx_word' id='word_1_723' title='bbox 1764 2931 1791 2963; x_wconf 75' lang='grc' dir='ltr'>Υ.</span> <span class='ocrx_word' id='word_1_724' title='bbox 1821 2927 1933 2964; x_wconf 93' lang='lat' dir='ltr'>Unde</span> <span class='ocrx_word' id='word_1_725' title='bbox 1962 2939 2042 2964; x_wconf 90' lang='lat' dir='ltr'>non</span> <span class='ocrx_word' id='word_1_726' title='bbox 2070 2933 2126 2964; x_wconf 91' lang='lat' dir='ltr'>est</span> <span class='ocrx_word' id='word_1_727' title='bbox 2153 2925 2285 2963; x_wconf 87' lang='lat' dir='ltr'>simile.</span> 
     </span>
    </p>

    <p class='ocr_par' dir='ltr' id='par_1_40' title="bbox 1578 2976 2642 3293">
     <span class='ocr_line' id='line_1_117' title="bbox 1630 2976 2640 3028; baseline -0.001 -11"><span class='ocrx_word' id='word_1_728' title='bbox 1630 2981 1687 3017; x_wconf 92' lang='lat' dir='ltr'>AD</span> <span class='ocrx_word' id='word_1_729' title='bbox 1707 2991 1896 3017; x_wconf 79' lang='lat' dir='ltr'>SECUNDUM</span> <span class='ocrx_word' id='word_1_730' title='bbox 1914 2983 2106 3017; x_wconf 75' lang='lat' dir='ltr'>D1CENDUMv</span> <span class='ocrx_word' id='word_1_731' title='bbox 2123 2978 2231 3028; x_wconf 91' lang='lat' dir='ltr'>quod</span> <span class='ocrx_word' id='word_1_732' title='bbox 2258 2985 2425 3028; x_wconf 85' lang='lat' dir='ltr'>potestas</span> <span class='ocrx_word' id='word_1_733' title='bbox 2452 2976 2640 3016; x_wconf 89' lang='lat' dir='ltr'>ministro-</span> 
     </span>
     <span class='ocr_line' id='line_1_118' title="bbox 1578 3029 2639 3080; baseline -0.002 -10"><span class='ocrx_word' id='word_1_734' title='bbox 1578 3045 1667 3070; x_wconf 87' lang='lat' dir='ltr'>rum</span> <span class='ocrx_word' id='word_1_735' title='bbox 1695 3032 1886 3070; x_wconf 87' lang='lat' dir='ltr'>Ecclesiae</span> <span class='ocrx_word' id='word_1_736' title='bbox 1909 3032 1959 3070; x_wconf 90' lang='lat' dir='ltr'>ad</span> <span class='ocrx_word' id='word_1_737' title='bbox 1977 3033 2057 3070; x_wconf 90' lang='lat' dir='ltr'>duo</span> <span class='ocrx_word' id='word_1_738' title='bbox 2077 3031 2290 3069; x_wconf 88' lang='lat' dir='ltr'>ordinatur:</span> <span class='ocrx_word' id='word_1_739' title='bbox 2319 3029 2447 3080; x_wconf 92' lang='lat' dir='ltr'>primo</span> <span class='ocrx_word' id='word_1_740' title='bbox 2467 3029 2639 3079; x_wconf 88' lang='lat' dir='ltr'>quidem,</span> 
     </span>
     <span class='ocr_line' id='line_1_119' title="bbox 1578 3082 2640 3135; baseline -0.002 -12"><span class='ocrx_word' id='word_1_741' title='bbox 1578 3087 1628 3123; x_wconf 90' lang='lat' dir='ltr'>ad</span> <span class='ocrx_word' id='word_1_742' title='bbox 1655 3086 1837 3123; x_wconf 84' lang='lat' dir='ltr'>effectum</span> <span class='ocrx_word' id='word_1_743' title='bbox 1864 3084 2083 3135; x_wconf 83' lang='lat' dir='ltr'>proprium3</span> <span class='ocrx_word' id='word_1_744' title='bbox 2113 3083 2295 3131; x_wconf 88' lang='lat' dir='ltr'>secundo,</span> <span class='ocrx_word' id='word_1_745' title='bbox 2325 3083 2374 3120; x_wconf 90' lang='lat' dir='ltr'>ad</span> <span class='ocrx_word' id='word_1_746' title='bbox 2401 3082 2522 3120; x_wconf 91' lang='lat' dir='ltr'>finem</span> <span class='ocrx_word' id='word_1_747' title='bbox 2550 3084 2640 3122; x_wconf 86' lang='lat' dir='ltr'>effe-</span> 
     </span>
     <span class='ocr_line' id='line_1_120' title="bbox 1579 3135 2640 3186; baseline -0.002 -10"><span class='ocrx_word' id='word_1_748' title='bbox 1579 3146 1672 3176; x_wconf 88' lang='lat' dir='ltr'>ctus.</span> <span class='ocrx_word' id='word_1_749' title='bbox 1701 3138 1927 3176; x_wconf 89' lang='lat' dir='ltr'>Secundum</span> <span class='ocrx_word' id='word_1_750' title='bbox 1945 3144 2075 3175; x_wconf 85' lang='lat' dir='ltr'>autem</span> <span class='ocrx_word' id='word_1_751' title='bbox 2094 3149 2174 3174; x_wconf 91' lang='lat' dir='ltr'>non</span> <span class='ocrx_word' id='word_1_752' title='bbox 2193 3135 2287 3174; x_wconf 88' lang='lat' dir='ltr'>tollit</span> <span class='ocrx_word' id='word_1_753' title='bbox 2303 3135 2487 3186; x_wconf 90' lang='lat' dir='ltr'>primum.</span> <span class='ocrx_word' id='word_1_754' title='bbox 2515 3136 2640 3182; x_wconf 92' lang='lat' dir='ltr'>Unde,</span> 
     </span>
     <span class='ocr_line' id='line_1_121' title="bbox 1580 3188 2642 3239; baseline 0 -11"><span class='ocrx_word' id='word_1_755' title='bbox 1580 3191 1611 3228; x_wconf 91' lang='lat' dir='ltr'>si</span> <span class='ocrx_word' id='word_1_756' title='bbox 1648 3191 1826 3228; x_wconf 89' lang='lat' dir='ltr'>sacerdos</span> <span class='ocrx_word' id='word_1_757' title='bbox 1863 3190 2033 3228; x_wconf 89' lang='lat' dir='ltr'>intendat</span> <span class='ocrx_word' id='word_1_758' title='bbox 2068 3200 2308 3227; x_wconf 74' lang='lat' dir='ltr'>consecrare-</span> <span class='ocrx_word' id='word_1_759' title='bbox 2327 3201 2468 3239; x_wconf 88' lang='lat' dir='ltr'>corpus</span> <span class='ocrx_word' id='word_1_760' title='bbox 2503 3188 2642 3228; x_wconf 90' lang='lat' dir='ltr'>Christi</span> 
     </span>
     <span class='ocr_line' id='line_1_122' title="bbox 1579 3241 2642 3293; baseline 0.001 -13"><span class='ocrx_word' id='word_1_761' title='bbox 1579 3251 1736 3293; x_wconf 90' lang='lat' dir='ltr'>propter</span> <span class='ocrx_word' id='word_1_762' title='bbox 1763 3243 1931 3293; x_wconf 91' lang='lat' dir='ltr'>aliquem</span> <span class='ocrx_word' id='word_1_763' title='bbox 1959 3243 2107 3280; x_wconf 92' lang='lat' dir='ltr'>malum</span> <span class='ocrx_word' id='word_1_764' title='bbox 2134 3241 2271 3289; x_wconf 91' lang='lat' dir='ltr'>finem,</span> <span class='ocrx_word' id='word_1_765' title='bbox 2301 3249 2394 3292; x_wconf 92' lang='lat' dir='ltr'>puta</span> <span class='ocrx_word' id='word_1_766' title='bbox 2421 3249 2463 3279; x_wconf 93' lang='lat' dir='ltr'>ut</span> <span class='ocrx_word' id='word_1_767' title='bbox 2490 3241 2642 3281; x_wconf 87' lang='lat' dir='ltr'>irrideat</span> 
     </span>
    </p>
   </div>
   <div class='ocr_carea' id='block_1_33' title="bbox 1580 3372 2641 3436">
    <p class='ocr_par' dir='ltr' id='par_1_41' title="bbox 1580 3372 2641 3436">
     <span class='ocr_line' id='line_1_123' title="bbox 1633 3372 2641 3410; baseline -0.001 -9"><span class='ocrx_word' id='word_1_768' title='bbox 1633 3375 1660 3410; x_wconf 90' lang='grc' dir='ltr'>γ)</span> <span class='ocrx_word' id='word_1_769' title='bbox 1679 3379 1720 3401; x_wconf 76' lang='lat' dir='ltr'>est</span> <span class='ocrx_word' id='word_1_770' title='bbox 1737 3375 1968 3401; x_wconf 75' lang='lat' dir='ltr'>indeterminatus.</span> <span class='ocrx_word' id='word_1_771' title='bbox 1979 3388 1998 3393; x_wconf 94' lang='lat'>—-</span> <span class='ocrx_word' id='word_1_772' title='bbox 2010 3372 2073 3407; x_wconf 84' lang='lat' dir='ltr'>(non</span> <span class='ocrx_word' id='word_1_773' title='bbox 2088 3373 2119 3409; x_wconf 85' lang='lat' dir='ltr'>P)</span> <span class='ocrx_word' id='word_1_774' title='bbox 2131 3377 2170 3399; x_wconf 77' lang='lat' dir='ltr'>est</span> <span class='ocrx_word' id='word_1_775' title='bbox 2184 3373 2378 3400; x_wconf 77' lang='lat' dir='ltr'>determinatus</span> <span class='ocrx_word' id='word_1_776' title='bbox 2390 3375 2456 3407; x_wconf 87' lang='lat' dir='ltr'>DpG</span> <span class='ocrx_word' id='word_1_777' title='bbox 2470 3380 2496 3400; x_wconf 82' lang='lat' dir='ltr'>et</span> <span class='ocrx_word' id='word_1_778' title='bbox 2508 3375 2641 3407; x_wconf 75' lang='lat' dir='ltr'>editiones,</span> 
     </span>
     <span class='ocr_line' id='line_1_124' title="bbox 1580 3410 1890 3436; baseline 0 0"><span class='ocrx_word' id='word_1_779' title='bbox 1580 3414 1621 3436; x_wconf 72' lang='lat' dir='ltr'>est</span> <span class='ocrx_word' id='word_1_780' title='bbox 1639 3411 1828 3436; x_wconf 81' lang='lat' dir='ltr'>interminatus</span> <span class='ocrx_word' id='word_1_781' title='bbox 1845 3410 1890 3436; x_wconf 81' lang='lat' dir='ltr'>sE.</span> 
     </span>
    </p>
   </div>
   <div class='ocr_carea' id='block_1_34' title="bbox 2660 1073 2763 1101">
    <p class='ocr_par' dir='ltr' id='par_1_42' title="bbox 2660 1073 2763 1101">
     <span class='ocr_line' id='line_1_125' title="bbox 2660 1073 2763 1101; baseline -0.01 -5"><span class='ocrx_word' id='word_1_782' title='bbox 2660 1073 2763 1101; x_wconf 77' lang='grc' dir='ltr'><strong>6,ιά4.</strong></span> 
     </span>
    </p>
   </div>
  </div>
 </body>
</html>
