2918 4088
244 616 257 626 ⁶
268 614 341 646 Num.
356 620 391 641 111,
406 613 460 636 Ma-

245 647 317 663 xima.

244 1559 254 1568 ·
269 1557 336 1578 Vers.
351 1563 370 1585 5.

246 1607 255 1617 ·
271 1605 337 1627 Vers.
354 1611 385 1627 ¹2.

248 1770 258 1779 '¹
266 1768 302 1789 De
307 1768 371 1796 Spir.
378 1768 457 1790 Sanct.

247 1795 288 1816 lib.
308 1794 331 1822 1,
348 1801 397 1822 cap.
420 1800 459 1822 nr,

248 1827 270 1843 n.
285 1828 323 1847 44·

483 197 532 234 70

485 265 566 295 ritus
588 263 760 299 Paracliti,
786 263 899 303 procul
927 262 1043 298 dubio,
1069 261 1245 291 eorundem
1272 260 1408 294 iudicio,
1432 266 1543 306 verum

485 314 565 339 esset
591 309 766 348 baptisma:
799 313 829 338 et
856 312 963 337 tamen
992 311 1114 336 constat
1137 305 1248 334 variari
1278 313 1315 333 ex
1342 303 1374 332 vi
1404 309 1545 332 nominis

484 351 706 392 significatum.
1499 388 1504 394 Ι

539 396 633 427 Unde
657 396 808 432 Salvator,
832 395 999 425 instituens
1022 392 1158 424 formam
1181 391 1338 432 baptismi,
1363 390 1395 419 in
1416 396 1546 418 nomme

483 441 591 471 Patris
619 445 649 471 et
670 439 748 470 Filii
771 444 802 470 et
827 438 966 479 Spiritus
992 437 1119 472 Sancti,
1150 445 1218 466 non
1248 440 1294 464 est
1321 431 1545 482 intelligendus

485 490 618 515 arctasse
641 485 790 514 virtutem
814 483 935 513 formae
960 481 999 511 ad
1022 480 1166 511 formalia
1189 477 1362 518 significata
1387 485 1424 506 ex
1439 485 1470 505 Vl
1485 484 1545 505 no-

484 529 610 559 minum
632 537 689 568 per
711 528 790 558 haec
813 527 962 557 nomina:
988 524 1043 555 sed
1066 523 1105 554 ad
1129 522 1301 562 significata
1324 521 1376 550 illa
1400 519 1439 550 ad
1462 528 1545 559 quae

485 571 690 613 significanda
712 572 791 602 haec
813 570 946 601 nomina
969 566 1211 599 accommodata
1233 570 1315 595 sunt.
1518 607 1524 613 .

539 616 606 646 VII.
630 615 681 646 Ad
704 615 861 645 rationem
884 619 991 643 autem
1014 612 1139 642 allatam
1162 611 1194 640 in
1217 608 1403 650 oppositum
1419 608 1446 643 *,
1470 616 1546 647 quia

484 661 582 691 Pater
597 659 752 699 significat
765 658 948 692 Personam,
964 655 1099 686 Genitor
1113 663 1189 684 vero
1206 659 1313 683 actum
1329 651 1544 682 notionalem:

485 703 577 734 facile
600 702 811 743 respondetur
833 698 1063 734 satisfaciendo,
1087 699 1202 738 primo,
1227 696 1341 727 falsum
1366 705 1433 726 esse
1457 694 1546 735 quod

484 748 582 778 Pater
605 757 643 778 ex
665 747 697 776 vi
720 746 859 777 nominis
883 743 1038 784 significet
1053 743 1225 772 Personam
1244 741 1316 780 plus
1333 749 1431 779 quam
1449 739 1546 770 Geni·
1566 744 1569 746 '

486 797 548 822 tor.
573 791 736 829 Quoniam
758 790 856 820 Pater
877 787 1032 828 significat
1054 795 1167 826 puram
1182 785 1404 825 paternitatem
1419 784 1453 814 in
1469 793 1546 814 con-

485 841 591 872 creto;
616 840 647 865 et
669 834 812 865 similiter
836 833 971 864 Genitor
992 840 1105 871 puram
1126 829 1366 869 generationem
1389 828 1490 858 active
1513 828 1547 858 in

485 885 653 916 concret03
678 883 864 909 concretum
888 881 994 906 autem
1018 873 1189 913 utrobique
1214 878 1260 903 est
1282 881 1419 912 persona
1436 871 1546 908 Patris,

485 923 525 954 de
549 923 702 954 Trinitate
725 920 901 961 loquendo,
927 928 1008 959 quae
1025 918 1148 948 realiter
1165 922 1196 947 et
1214 916 1388 947 formaliter
1404 925 1442 946 ex
1457 921 1546 956 parte

484 967 530 998 rei
567 965 779 997 identificatur
812 971 843 995 et
872 963 1016 994 relationi
1047 961 1242 1002 paternitatis
1280 966 1311 991 et
1348 960 1546 1001 generationi

485 1012 622 1042 activae.

1155 181 1418 229 QUAESTIO
1448 180 1586 225 LXVI,
1616 177 1909 215 ARTICULUS
1936 177 1987 213 VI

1653 256 1778 286 Dicitur
1801 254 1954 291 secundo,
1972 254 2061 295 quod
2075 254 2243 286 manifeste
2260 261 2383 286 constat
2398 256 2538 297 Spiritus
2552 256 2664 287 Sancti

1598 309 1718 330 nomen
1741 308 1802 329 nec
1825 299 2053 339 proprietatem
2076 299 2288 339 personalem,
2312 309 2372 330 nec
2389 305 2496 331 actum
2514 301 2663 331 notiona-

1598 344 1672 379 lem,
1696 352 1757 373 nec
1775 343 1950 373 Personam
1974 352 2011 373 ex
2033 343 2065 373 vi
2081 343 2220 374 nominis
2244 343 2440 384 significare:
2465 349 2501 375 ut
2523 350 2610 385 patet
2626 354 2664 376 ex

1599 397 1638 417 eo
1662 386 1751 427 quod
1774 392 1840 417 tam
1862 386 1995 427 spiritus
2019 396 2118 427 quam
2134 392 2275 423 sanctus,
2293 397 2391 428 quam
2406 394 2512 420 toturn
2528 389 2664 420 coniun-

1599 437 1704 468 ctum,
1729 440 1767 461 ex
1789 432 1821 461 vi
1843 431 1984 462 nominis
2011 430 2126 462 dicitur
2149 430 2189 462 de
2213 431 2347 462 essentia
2371 431 2494 470 divina;
2525 431 2665 473 Spiritus

1599 475 1686 506 enim
1710 479 1757 506 est
1777 475 1877 511 Deus,
1895 480 1956 506 etc.
1972 476 1989 492 ὓ*

1653 519 1735 550 VIII.
1759 519 1910 550 Auctoris
1934 529 2010 559 ergo
2034 520 2130 550 verba
2145 521 2172 556 ἦ
2196 525 2233 550 ut
2255 520 2295 551 ad
2322 520 2459 554 litteram
2485 520 2663 557 redeamus,

1600 569 1757 604 quantum
1770 573 1808 594 ex
1819 564 1943 594 ratione
1958 564 2079 594 litterae
2095 569 2236 604 apparet,
2248 563 2453 605 intelligenda
2467 570 2542 596 sunt
2557 564 2666 605 quoad

1598 607 1830 648 perfectionem
1853 608 2024 648 praecepti,
2049 614 2080 639 et
2102 618 2171 639 non
2195 608 2303 648 quoad
2317 607 2549 648 perfectionem
2564 619 2666 640 sacra-

1599 652 1700 682 menti
1716 652 1878 682 absolute:
1903 657 1939 683 ut
1955 653 1994 682 sit
2009 661 2120 683 sensus
2137 652 2225 693 quod
2241 652 2275 683 in
2291 652 2365 684 solis
2380 653 2566 684 nominibus
2582 662 2666 694 quae

1599 701 1673 726 sunt
1688 696 1722 726 in
1739 697 1954 727 communiori
1970 706 2040 733 usu,
2056 695 2215 737 perficere·
2228 702 2376 727 tenemur
2393 702 2602 734 sacramenta;
2623 697 2667 728 ita

1600 739 1689 780 quod
1704 740 1739 770 in
1755 740 1822 770 aliis
1845 746 2079 771 sacramentum
2103 746 2149 771 est
2171 740 2407 782 imperfectum,
2423 750 2491 772 non
2507 750 2564 782 per
2579 741 2666 772 defe-

1600 790 1688 815 ctum
1704 784 1838 815 alicuius
1860 785 2029 815 necessarii
2052 785 2092 816 ad
2112 791 2356 822 sacramentum,
2373 784 2429 816 sed
2443 785 2612 816 necessarii
2627 785 2667 816 ad

1599 833 1808 869 praeceptum
1831 829 2028 860 sacramenti.
2048 829 2122 860 Hoc
2139 830 2225 860 enim
2240 830 2379 860 insinuat
2394 830 2474 860 ratio
2489 829 2611 860 litterae
2627 829 2667 860 de

1601 873 1818 903 communiori
1841 882 1921 904 usu:
1956 874 2160 904 communior
2184 874 2270 904 enim
2300 880 2331 904 et
2353 874 2461 905 minus
2485 874 2667 904 communis

1600 926 1677 948 usus
1701 926 1769 947 non
1791 917 1890 948 variat
1913 917 2180 958 significationem
2202 918 2362 955 nominis,
2386 924 2422 949 ut
2445 917 2485 950 de
2508 928 2542 949 se
2568 923 2665 959 patet.

1656 960 1690 992 Si
1713 961 1785 1001 quis
1809 967 1917 992 autem
1939 967 2031 1002 putat
2053 962 2259 1003 intelligenda
2280 963 2359 994 haec
2374 963 2471 994 verba
2489 968 2525 993 ut
2541 967 2665 999 sonant,

1601 1004 1685 1036 dicat
1708 1011 1744 1036 ut
1767 1005 1827 1036 sibi
1844 1006 1960 1046 placet.

1293 1141 1614 1184 ARTICULUS
1643 1141 1853 1184 SEXTUS

986 1235 1140 1267 UTRUM
1165 1235 1209 1266 1N
1231 1235 1404 1266 NOMINE
1428 1235 1602 1267 CHR1s‘r1
1625 1236 1773 1267 possm*
1797 1236 1900 1267 DARI
1923 1236 2165 1269 BAPTISMUS

787 1315 821 1339 l'V
840 1314 923 1344 Sent„
944 1314 1002 1339 dist.
1021 1321 1059 1346 111,
1079 1318 1125 1339 art.
1147 1321 1170 1345 2,
1190 1313 1239 1346 qu*
1261 1321 1284 1345 2,
1304 1314 1336 1338 ad
1357 1313 1386 1344 35
1406 1313 1502 1346 Expos.
1521 1313 1582 1344 litt.;
1603 1314 1633 1338 In
1653 1313 1761 1344 Matth„
1782 1322 1837 1347 cap.
1855 1303 1947 1346 xxvm;
1967 1314 1977 1339 1
1995 1315 2033 1340 ad
2054 1316 2123 1345 Cor„
2142 1323 2198 1349 cap.
2217 1323 2234 1346 1,
2254 1317 2311 1342 lect.
2330 1324 2358 1343 ιι.

516 1402 561 1437 λε»

510 1416 632 1497 'Gtffssl
643 1449 650 1453 “
662 1455 672 1486 f
693 1440 732 1477 in
747 1439 906 1477 nomine
923 1437 1062 1475 Christi
1080 1437 1201 1488 possit
1218 1437 1299 1475 dari
1319 1437 1544 1488 baptismus.

500 1490 581 1540 '15'ss
677 1491 800 1531 Sicut
828 1491 932 1529 enim
951 1504 1026 1528 una
1046 1497 1096 1528 est
1115 1491 1228 1539 fides,
1250 1499 1286 1528 et
1305 1504 1421 1528 unum
1442 1497 1458 1513 ²
1482 1493 1546 1529 ba-

500 1539 515 1552 *
538 1560 550 1577 s
571 1547 628 1575 5¹6*
651 1538 838 1595 Npfisma,
867 1552 909 1582 ut
937 1544 1075 1581 dicitur
1094 1545 1228 1594 Ephes.
1249 1557 1284 1582 ιν
1302 1544 1333 1581 *.
1364 1544 1442 1582 Sed
1461 1545 1543 1581 Act.

483 1611 541 1636 vm
559 1598 580 1620 ’¹‘
611 1598 748 1636 dicitur
775 1598 883 1648 quod
911 1599 948 1634 in
979 1599 1129 1635 nomine
1156 1600 1240 1634 Iesu
1273 1598 1409 1634 Christi
1433 1599 1547 1647 bapti-

485 1654 664 1701 zabantur
689 1653 763 1690 viri
780 1658 813 1688 et
831 1651 1013 1688 mulieres.
1043 1651 1145 1698 Ergo
1165 1649 1276 1687 etiam
1298 1662 1403 1687 nunc
1423 1657 1547 1700 potest

486 1704 567 1742 dari
594 1705 809 1754 baptismus
838 1704 876 1741 in
904 1703 1063 1749 nomine
1093 1703 1243 1740 Christi.

541 1769 575 1794 2.
606 1759 838 1805 PRAETEREA,
867 1755 1096 1794 Ambrosius
1124 1756 1213 1793 dicit
1230 1756 1266 1793 *ε
1297 1758 1338 1793 Si
1361 1757 1545 1793 Christum

486 1811 599 1857 dicas,
628 1817 661 1848 et
687 1813 848 1858 Patrem,
862 1823 901 1854 ‚a
930 1823 1001 1860 quo
1030 1815 1159 1846 unctus
1187 1816 1248 1856 est,
1277 1815 1311 1846 et
1338 1811 1457 1859 ipsum
1486 1811 1550 1859 qui

487 1870 616 1901 unctus
643 1870 705 1910 est,
726 1865 875 1910 Filium,
896 1869 929 1900 et
953 1864 1141 1913 Spiritum,
1163 1875 1235 1912 quo
1255 1869 1385 1899 unctus
1404 1869 1466 1909 est,
1486 1863 1547 1899 de-

453 1916 456 1918 ’
485 1919 651 1967 signasti.
683 1917 760 1954 Sed
787 1916 826 1953 in
846 1916 1004 1953 nomine
1023 1915 1218 1952 Trinitatis
1237 1923 1361 1964 potest
1379 1915 1463 1952 fieri
1481 1916 1547 1953 ba-

246 2027 256 2038 ·
271 2026 369 2049 Primus.

247 2080 257 2090 ·
279 2079 334 2100 Can.
357 2078 376 2099 A
397 2084 458 2126 guo-

247 2105 315 2132 dam,
344 2105 373 2126 de
416 2111 458 2126 on-

246 2137 314 2159 secr„
330 2131 383 2154 dist.
403 2131 443 2153 1v.

247 2559 257 2570 ·
272 2557 400 2580 Secundus-

247 2634 257 2644 ·
265 2632 322 2654 Can.
330 2632 359 2654 Si
364 2637 457 2658 revera,

247 2659 458 2707 ldfyfwoecrvdss‘·

248 2929 258 2938 ·
272 2927 323 2949 Lib.
336 2927 365 2954 11,
376 2938 386 2943 -
397 2927 458 2948 inter

249 2954 310 2981 Opp.
326 2954 420 2994 Hieron.

344 2993 358 3010 0

248 3138 260 3148 ¹
269 3137 315 3165 Qu.
322 3143 383 3164 thv,
392 3141 432 3158 art.
439 3143 458 3165 3.

486 1970 661 2019 ptismus.
704 1971 805 2018 Ergo
835 1977 870 2006 et
898 1968 937 2005 in
966 1969 1124 2006 nomine
1154 1968 1304 2006 Christi.

541 2023 575 2059 3.
605 2023 844 2069 PRAETEREA,
880 2021 1064 2059 Nicolaus
1099 2022 1205 2071 Papa
1229 2021 1266 2069 ²¹⁶,
1301 2022 1352 2058 ad
1381 2022 1547 2060 consulta

484 2077 745 2126 Bulgarorum
773 2075 1010 2124 respondens
1028 2075 1060 2122 ³¹²,
1090 2074 1197 2111 dicit:
1239 2075 1314 2116 Qui
1339 2076 1376 2111 in
1398 2077 1548 2112 nomine

483 2135 634 2166 sanctae
665 2130 864 2174 Trinitatis,
893 2128 952 2165 vel
978 2133 1120 2164 tantum
1149 2129 1186 2164 in
1216 2129 1367 2164 nomine
1398 2129 1545 2175 Christi,

483 2183 574 2218 sicut
593 2183 630 2218 in
649 2182 800 2218 Actibus
813 2181 1077 2230 Apostolorum
1096 2180 1243 2230 legitur,
1263 2182 1436 2230 baptizati
1451 2187 1546 2228 sunt,

485 2247 601 2271 unum
631 2235 763 2284 quippe
791 2234 959 2283 idemque
986 2239 1048 2280 est,
1078 2239 1116 2270 ut
1142 2239 1289 2270 sanctus
1316 2235 1367 2270 ait
1388 2235 1547 2272 Ambro-

482 2290 568 2334 sius,
598 2289 818 2337 rebaptizari
846 2299 919 2324 non
949 2287 1089 2324 debent.
1119 2286 1462 2336 Rebaptizarentur
1480 2300 1546 2324 au-

483 2348 562 2378 tem
590 2340 622 2377 si
649 2340 688 2377 in
716 2341 789 2377 hac
815 2340 939 2377 forma
966 2339 1144 2389 baptizati
1172 2347 1456 2378 sacramentum
1484 2341 1547 2378 ba-

484 2393 613 2442 ptismi
628 2405 708 2430 non
723 2393 944 2442 reciperent.
966 2394 1068 2441 Ergo
1087 2400 1212 2442 potest
1226 2392 1465 2430 consecrari?⁵
1481 2393 1547 2430 ba-

484 2445 647 2495 ptismus
675 2445 715 2482 in
743 2446 901 2483 nornine
931 2445 1070 2482 Christi
1098 2446 1171 2482 sub
1199 2446 1272 2483 hac
1290 2446 1431 2483 forma:
1460 2448 1547 2497 Ego

485 2505 519 2536 te
546 2501 686 2549 baptizo
716 2501 752 2536 in
782 2501 932 2537 nomine
963 2500 1107 2536 Christi.

540 2552 613 2589 SED
643 2564 787 2589 CONTRA
815 2564 880 2589 EsT
909 2552 1016 2601 quod
1043 2550 1219 2600 Pelagius
1248 2553 1353 2602 Papa
1373 2551 1394 2574 ’¹‘
1421 2552 1549 2590 scribit

487 2604 704 2642 Gaudentio
724 2610 739 2633 Υ
768 2605 962 2654 Episcopo
982 2604 1020 2641 ³¹⁴:
1051 2607 1092 2642 Si
1117 2606 1157 2642 hi
1183 2607 1247 2654 qui
1273 2607 1310 2642 in
1339 2606 1429 2642 locis
1446 2606 1547 2642 Dile-

485 2660 614 2695 ctionis
640 2664 724 2695 tuae
750 2660 879 2696 vicinis
898 2659 1130 2695 commorari
1147 2658 1330 2705 dicuntur,
1354 2670 1393 2695 se
1410 2659 1547 2695 solum-

484 2711 594 2748 modo
630 2713 667 2748 in
696 2713 848 2748 nomine
874 2712 1034 2748 Domini
1064 2713 1263 2760 baptizatos
1286 2712 1402 2758 fuisse
1432 2713 1547 2760 confi-

484 2770 616 2810 tentur,
645 2766 724 2801 sine
751 2766 968 2814 cuiusquam
997 2764 1231 2801 dubitationis
1259 2766 1457 2815 ambiguo,
1487 2777 1548 2802 eos

484 2817 535 2854 ad
550 2817 662 2860 fidem
681 2818 911 2854 Catholicam
929 2819 1114 2855 venientes
1133 2819 1170 2854 in
1190 2824 1341 2855 sanctae
1359 2819 1548 2855 Trinitatis

487 2873 636 2907 nomine
654 2872 863 2920 baptizabis.
879 2892 904 2897 —-
924 2869 1117 2919 Didymus
1137 2870 1251 2908 etiam
1271 2870 1370 2917 dicit,
1391 2870 1431 2907 in
1451 2870 1547 2909 libro

485 2923 530 2959 de
548 2924 684 2972 Spiritu
704 2925 838 2960 Sancto
857 2923 896 2960 *ε
927 2925 1028 2960 Licet
1048 2925 1127 2972 quis
1139 2925 1255 2973 possit
1274 2926 1430 2961 existere
1448 2937 1548 2962 men-

485 2978 528 3012 tis
555 2977 699 3013 alienae
727 2978 789 3025 qui
816 2978 865 3013 ita
893 2977 1093 3026 baptizaret
1110 2974 1124 2998 ⁶
1153 2983 1191 3013 ut
1225 2990 1340 3014 unum
1369 2977 1414 3014 de
1435 2990 1548 3027 prae-

485 3029 587 3065 dictis
606 3031 826 3075 nominibus,
848 3029 987 3066 scilicet
1012 3029 1128 3066 trium
1153 3030 1424 3078 Personarum,
1434 3044 1548 3080 prae-

486 3083 667 3128 termittat,
695 3083 774 3118 sine
799 3083 1026 3131 perfectione
1054 3084 1259 3132 baptizabit.

539 3135 762 3170 REsPONDEo
796 3147 978 3172 DiCENDuM
1015 3136 1134 3184 quod,
1169 3135 1266 3173 sicut
1301 3149 1418 3186 supra
1439 3137 1459 3159 *
1493 3137 1548 3174 di-

487 3193 593 3222 ctum
621 3194 687 3231 est,
716 3195 953 3224 sacramenta
981 3188 1123 3224 habent
1147 3188 1357 3226 efficaciam
1377 3190 1425 3226 ab
1445 3189 1547 3226 insti-

487 3238 633 3276 tutione
654 3238 804 3275 Christi.
829 3240 877 3276 Et
896 3239 995 3286 ideo,
1017 3240 1047 3276 si
1066 3241 1386 3289 praetermittatur
1405 3241 1548 3291 aliquid

541 3351 568 3385 α)
588 3356 614 3378 et
633 3360 752 3379 unum.—
767 3353 805 3378 ita
824 3357 849 3378 et
864 3362 945 3379 unum
959 3355 1038 3385 CGH,
1052 3355 1090 3380 ita
1109 3355 1178 3380 enim
1197 3358 1236 3380 est
1256 3363 1336 3380 unum
1350 3356 1368 3385 1.
1382 3356 1421 3381 ita
1439 3360 1466 3382 et
1485 3364 1552 3382 unus

487 3391 527 3413 est
545 3388 715 3420 (baptismus)
734 3389 772 3417 bc,
792 3389 831 3414 ita
850 3393 889 3414 est
909 3397 989 3414 unum
1009 3390 1037 3415 P.

541 3422 566 3456 β)
586 3424 746 3448 consecrari.
764 3437 783 3442 —
801 3425 920 3457 conferri
938 3425 987 3450 PF.

539 3458 567 3493 γ)
589 3459 749 3484 Gaudentio.
765 3474 786 3479 —
803 3459 890 3485 Tertia
908 3465 1009 3493 praeter
1027 3461 1084 3493 pG;
1106 3461 1287 3486 Gaudentino.
1307 3461 1347 3486 Cf.
1365 3466 1412 3487 art.
1432 3461 1457 3487 8.
1477 3470 1501 3487 α.

570 1406 577 1418 ι
631 1415 640 1423 s
694 1400 715 1424 o
744 1398 885 1423 sax-rum
913 1397 964 1422 stc
988 1396 1225 1422 PROCEDlruR.
1248 1384 1410 1422 Videtur
1438 1385 1545 1434 quod
1573 1383 1576 1437 Ι
1602 1397 1740 1422 eorum
1776 1397 1876 1435 quae
1905 1385 2080 1423 Christus
2108 1386 2267 1424 instituit
2298 1387 2397 1426 circa
2425 1388 2582 1439 aliquod
2611 1401 2668 1428 sa-

1601 1446 1857 1487 cramentum,
1880 1438 2057 1498 ’efficacia
2085 1447 2206 1477 caret:
2235 1439 2309 1478 nisi
2338 1453 2384 1479 ex
2412 1441 2566 1491 speciali
2593 1443 2668 1481 dis-

1600 1499 1827 1541 pensatione
1855 1504 1950 1538 e1us,
1980 1492 2047 1542 qui
2074 1492 2257 1531 virtutem
2280 1506 2393 1533 suam
2421 1496 2670 1535 sacramentis

2691 475 2702 487 ·
2715 474 2780 497 lom.
2801 480 2852 503 cap.
2872 481 2904 503 iv,

2692 507 2752 524 vern.
2766 507 2804 529 ²4-

2691 527 2759 576 ζώει.
2781 533 2846 550 num.
2869 533 2904 556 ιιι,

1601 1557 1682 1582 non
1710 1544 1884 1593 alligavit.
1916 1545 2090 1583 Christus
2117 1554 2248 1584 autem
2272 1547 2430 1585 instituit
2451 1561 2669 1587 sacramen·
2699 1573 2703 1578 -

1600 1605 1685 1635 tum
1711 1598 1892 1647 baptismi
1920 1598 2002 1636 dari
2030 1610 2122 1636 cum
2149 1599 2394 1638 invocatione
2421 1601 2618 1640 Trinitatis
2634 1603 2667 1641 ⁸¹.

1601 1652 1650 1688 Et
1678 1651 1765 1688 ideo
1794 1650 1984 1701 quidquid
2012 1651 2109 1689 desit
2129 1653 2178 1690 ad
2197 1652 2484 1692 invocationem
2511 1657 2666 1705 plenam

1600 1703 1808 1750 Trinitatis,
1836 1704 1931 1742 tollit
1958 1704 2209 1753 integritatem
2236 1706 2428 1756 baptismi.

1654 1758 1739 1794 Nec
1767 1758 1891 1794 obstat
1926 1758 2033 1807 quod
2061 1757 2102 1795 in
2129 1758 2289 1796 nomine
2324 1760 2441 1798 unius
2473 1761 2668 1799 Personae

1602 1809 1818 1859 intelligitur
1845 1810 1928 1858 alia,
1958 1810 2055 1848 sicut
2073 1811 2113 1849 in
2132 1812 2292 1850 nomine
2311 1813 2433 1851 Patris
2452 1813 2670 1862 intelligitur

1602 1862 1739 1909 Filius;
1775 1871 1841 1900 aut
1869 1864 1976 1913 quod
2003 1864 2064 1901 ille
2097 1865 2164 1914 qui
2192 1865 2368 1903 nominat
2395 1878 2517 1903 unam
2545 1867 2669 1904 solam

1602 1917 1826 1963 Personam,
1846 1924 1971 1966 potest
1998 1917 2141 1955 habere
2161 1925 2304 1955 rectam
2323 1919 2445 1956 fidem
2467 1919 2515 1957 de
2534 1919 2667 1959 tribus.

1603 1969 1707 2016 Quia
1734 1969 1783 2006 ad
1803 1977 2100 2016 sacramentum,
2130 1970 2227 2008 sicut
2245 1976 2257 1992 ⁸
2286 1971 2493 2022 requiritur
2510 1971 2670 2013 materia

1602 2021 1801 2069 sensibilis,
1830 2022 1881 2059 ita
1909 2030 1945 2059 et
1971 2023 2096 2060 forma
2124 2023 2322 2062 sensibilis.
2352 2025 2465 2064 Unde
2492 2037 2574 2063 non
2591 2026 2668 2064 suf-

1601 2075 1681 2112 ficit
1714 2075 1924 2113 intellectus
1951 2077 2015 2113 vel
2040 2075 2138 2113 fides
2166 2076 2362 2115 Trinitatis
2394 2078 2445 2116 ad
2470 2078 2669 2128 perfeetio-

1602 2140 1694 2165 nem
1723 2128 1960 2176 sacramenti,
1990 2128 2063 2166 nisi
2085 2129 2327 2168 sensibilibus
2345 2131 2473 2168 verbis
2500 2131 2670 2170 Trinitas

1603 2181 1850 2231 exprimatur.
1893 2182 2005 2220 Unde
2041 2189 2077 2219 et
2110 2182 2150 2220 in
2184 2183 2376 2234 baptismo
2415 2185 2567 2233 Christi,
2599 2184 2670 2223 ubi

1601 2234 1672 2272 fuit
1704 2234 1811 2283 origo
1844 2234 2153 2273 sanctificationis
2180 2236 2300 2274 nostri
2326 2236 2525 2287 baptismi,
2543 2236 2669 2287 ¹affuit

1602 2287 1770 2325 Trinitas
1798 2287 2040 2326 sensibilibus
2060 2287 2090 2326 ‘z
2120 2288 2259 2328 scilicet
2279 2290 2392 2328 Pater
2409 2290 2450 2328 in
2467 2302 2577 2339 voce,
2605 2290 2668 2329 Fi-

1602 2340 1675 2378 lius
1703 2340 1743 2378 in
1771 2341 1944 2379 humana
1971 2349 2123 2390 natura,
2153 2341 2317 2392 Spiritus
2346 2343 2509 2381 Sanctus
2536 2343 2576 2381 in
2603 2354 2668 2382 co—

1603 2394 1737 2431 lumba
1755 2393 1786 2430 ³⁸.

1656 2448 1713 2484 Ab
1751 2459 1886 2485 PRIMUM
1922 2459 2020 2484 ERGO
2062 2459 2244 2486 DICENDUM
2286 2450 2394 2499 quod
2431 2462 2478 2486 ex
2516 2450 2669 2500 speciali

1605 2499 1744 2537 Christi
1772 2499 2004 2538 revelatione
2024 2501 2198 2550 Apostoli
2226 2501 2265 2538 in
2285 2502 2480 2552 primitiva
2499 2502 2671 2542 Ecclesia

1602 2553 1642 2590 in
1670 2553 1830 2590 nomine
1859 2553 1999 2590 Christi
2027 2554 2289 2603 baptizabant:
2319 2563 2362 2592 ut
2388 2568 2537 2593 nomen
2559 2555 2669 2602 Chri-

1603 2605 1660 2653 sti,
1690 2607 1799 2655 quod
1826 2614 1906 2644 erat
1927 2606 2109 2644 odiosum
2128 2607 2278 2645 Iudaeis
2297 2616 2334 2645 et
2351 2608 2529 2657 gentibus
2546 2609 2578 2658 *,
2597 2610 2669 2648 ho-

1603 2659 1774 2697 norabile
1803 2659 2044 2705 redderetur,
2080 2672 2150 2709 per
2177 2661 2253 2698 hoc
2281 2662 2389 2711 quod
2426 2662 2475 2699 ad
2503 2662 2586 2700 eius
2613 2662 2669 2701 in-

1602 2712 1848 2750 vocationem
1869 2712 2030 2762 Spiritus
2046 2713 2208 2751 Sanctus
2229 2714 2392 2752 dabatur
2409 2715 2449 2752 in
2463 2715 2668 2766 baptismo.

1655 2767 1713 2803 Αι)
1741 2778 1931 2803 SECUNDUM
1963 2778 2145 2804 DICENDUM
2181 2767 2288 2816 quod
2320 2767 2551 2806 Ambrosius
2578 2766 2668 2807 assi-

1602 2826 1691 2867 gnat
1719 2818 1908 2856 rationem
1942 2831 2063 2868 quare
2096 2820 2372 2858 convenienter
2405 2820 2488 2858 talis
2515 2820 2669 2871 dispen-

1603 2872 1697 2909 satio
1726 2871 1810 2910 fieri
1837 2871 1962 2921 potuit
1989 2872 2029 2909 in
2056 2872 2252 2922 primitiva
2270 2873 2457 2927 Ecclesia:
2487 2873 2580 2923 quia
2598 2874 2668 2912 sci·-

1602 2925 1687 2962 licet
1714 2925 1753 2961 in
1782 2925 1941 2962 nomine
1971 2925 2110 2962 Christi
2137 2933 2216 2963 tota
2238 2925 2406 2964 Trinitas
2433 2926 2666 2975 intelligitur3

1603 2986 1639 3016 et
1666 2978 1754 3015 ideo
1784 2978 2008 3017 servabatur
2035 2979 2084 3016 ad
2112 2978 2242 3016 minus
2269 2978 2477 3028 integritate
2497 2979 2667 3029 intelligi-

1602 3031 1668 3068 bili
1699 3031 1824 3068 forma
1852 3043 1973 3080 quam
2002 3030 2175 3069 Christus
2203 3031 2356 3069 tradidit
2374 3031 2414 3069 in
2442 3032 2665 3082 Evangelio.

1655 3086 1713 3121 An
1740 3096 1900 3122 TERTIUM
1927 3096 2109 3122 monimum
2142 3084 2251 3133 quod
2273 3084 2458 3122 Nicolaus
2477 3085 2584 3135 Papa
2611 3086 2667 3124 di-

1602 3145 1709 3174 ctum
1736 3149 1854 3174 suum
1880 3137 2084 3175 confirmat
2111 3149 2158 3174 ex
2177 3137 2334 3174 duobus
2361 3138 2592 3187 praemissis.
2618 3140 2668 3177 Et
2698 3146 2700 3148 ’

1602 3189 1690 3226 ideo
1719 3189 1801 3226 eius
1829 3189 2028 3240 responsio
2059 3197 2163 3239 patet
2191 3202 2237 3227 ex
2264 3189 2398 3239 primis
2425 3191 2578 3229 duabus
2606 3204 2668 3230 so-
2716 3243 2719 3244 ⁷

1602 3242 1824 3279 lutionibus.

1658 3356 1683 3390 δ)
1704 3358 1862 3391 baptizaret.
1879 3371 1899 3377 -
1916 3357 2085 3391 baptizarent
2096 3358 2173 3389 ΑΒΕ,
2188 3357 2326 3391 baptizare
2343 3362 2455 3384 conetur
2473 3359 2501 3385 P.
2515 3360 2554 3385 cf.
2568 3345 2614 3394 qu.
2624 3369 2666 3399 u,

1605 3392 1739 3461 ΕΠἐ)8ἰι,ιῖ1”
1754 3430 1960 3458 sacramentum,
1979 3428 2056 3453 sicut.
2068 3442 2087 3447 -
2101 3428 2170 3453 sicut
2187 3429 2224 3453 ad
2241 3432 2439 3455 sacramentum
2454 3430 2478 3454 H
2493 3435 2519 3455 et
2532 3431 2668 3458 editiones.

1657 3463 1683 3498 ζ)
1702 3464 1876 3489 sensibilibus.
1894 3478 1912 3482 —
1931 3463 1969 3496 (in
1990 3462 2020 3498 P)
2038 3464 2202 3489 sensibilibus
2221 3465 2306 3498 signis
2324 3465 2386 3490 EFa
2404 3470 2430 3490 et
2447 3467 2528 3492 tertia.

2695 1607 2707 1619 ·
2726 1606 2806 1629 uma.
2829 1612 2883 1634 cap.

2695 1639 2837 1662 nvmven.
2845 1639 2884 1662 ¹9-

2791 2296 2808 2326 t

2695 2397 2706 2409 ·
2719 2397 2802 2420 Manli.
2812 2403 2862 2427 etp.
2873 2404 2912 2426 m,

2695 2429 2756 2447 ven.
2790 2424 2818 2448 ιθ
2827 2441 2834 2451 ,
2868 2431 2893 2453 ι7
2902 2432 2912 2452 ,-

2696 2449 2767 2474 nuc.
2799 2456 2851 2479 etp.
2883 2457 2892 2474 ι
2901 2460 2918 2479 ‚v

2695 2482 2756 2500 ven.
2765 2483 2799 2505 ιο,
2809 2484 2841 2503 u:
2851 2477 2912 2500 Luc.

2696 2509 2747 2533 ap.
2761 2510 2794 2532 ιιι,
2804 2510 2864 2527 vers.
2874 2510 2913 2533 τι,

2695 2615 2707 2627 ·
2715 2613 2726 2636 1
2735 2613 2769 2636 ad
2781 2613 2846 2642 Cor„
2856 2619 2911 2642 etp.

2696 2647 2713 2670 ι,
2727 2646 2786 2663 ven.
2801 2646 2834 2669 ²3·
