2918 4088
193 291 204 302 ⁶
217 291 286 317 Resp.
299 288 327 310 nd
342 294 366 314 ες
381 289 404 310 1²

193 317 251 343 11²⁸,
272 321 311 343 qu.
333 320 402 342 exui,

193 347 234 366 art.
248 350 270 369 4.

188 1740 198 1750 ·
212 1738 269 1767 Sap.
285 1744 334 1766 cap.
350 1744 398 1766 vm,

187 1771 247 1813 &effu
264 1772 308 1813 ii'st.
324 1791 398 1814 Serm.

189 1818 250 1840 CLX
261 1818 293 1845 X,
318 1818 400 1866 aiace

190 1844 367 1872 Verb.Apo³t.X
393 1861 398 1872 ,

188 1877 285 1919 aar

435 200 510 247 314

430 287 535 317 actus
569 277 680 326 fidei,
718 284 761 315 ut
793 276 939 314 dictum
972 283 1027 313 est
1045 275 1075 312 *.
1121 276 1169 312 Et
1195 274 1284 311 ideo
1319 271 1492 310 remissio

1070 194 1334 242 QUAEsrio
1362 192 1572 239 Lxxxvi,
1602 190 1895 228 ARTICULUS
1922 190 1973 227 v1
2006 181 2009 183 ’

1548 271 1664 308 habet
1692 270 1800 319 quod
1827 269 1908 307 sine
1937 281 1984 307 eo
2004 281 2084 307 non
2103 270 2223 320 possit
2240 270 2326 308 fieri
2344 270 2518 309 remissio
2538 272 2616 309 cul-

429 333 564 382 culpae
600 343 681 368 non
708 330 865 380 ponitur
893 329 1050 366 effectus
1079 329 1204 365 solum
1234 325 1491 375 poenitentiae
1546 335 1631 373 pae,
1661 322 1893 372 inquantum
1921 329 1976 359 est
2004 322 2266 372 inseparabilis
2285 323 2443 362 effectus
2461 324 2614 373 gratiae,

428 384 593 422 virtutis:
624 384 691 421 sed
718 382 964 433 principalius
991 380 1083 418 fidei
1111 388 1147 417 et
1175 379 1347 417 caritatis.
1464 428 1472 436 .

481 439 538 475 Ao
556 449 715 475 TER-rium
733 447 914 474 nlcl-:NDUM
943 434 1049 484 quod
1073 433 1122 470 ad
1140 432 1361 482 passionem
1382 430 1490 467 Chn-

428 491 473 528 sti
501 490 699 528 ordinatur
725 497 831 526 actus
850 486 1104 538 poenitentiae
1123 484 1270 522 virtutis
1299 491 1335 520 et
1361 494 1431 541 per
1447 481 1490 518 fi-

429 544 521 581 dem
548 551 584 580 et
604 555 674 593 per
692 542 869 580 ordinem
889 540 938 578 ad
956 541 1082 577 claves
1102 537 1304 575 Ecclesiae.
1335 536 1384 572 Et
1401 535 1489 571 1deo

429 604 594 646 utroque
622 595 742 633 modo
762 601 891 632 causat
910 591 1177 630 remissionem
1196 591 1331 638 culpae
1351 588 1489 624 virtute

429 649 617 699 passionis
646 647 796 686 Christi.
1348 693 1368 700 ..
1396 693 1404 700 θ

483 703 541 739 AD
577 714 611 739 ID
647 713 770 738 AUTEM
812 711 910 742 QUOD
947 710 981 735 nv
1019 707 1251 734 CONTRARIUM
1292 694 1487 741 obncltur,

429 754 637 792 dicendum
671 761 726 790 est
766 752 873 802 quod
908 758 1013 788 actus
1049 747 1304 799 poenitentiae
1339 746 1488 784 virtutis

1546 388 1617 425 per
1653 387 1774 425 quam
1808 374 2067 425 principaliter
2102 377 2217 425 culpa
2253 376 2476 424 remittitur,
2513 389 2615 427 quae

1548 428 1663 466 etiam
1692 435 1875 478 operatur
1901 427 1942 464 in
1961 428 2145 465 omnibus
2171 429 2429 467 sacramentis.
2459 430 2508 468 Et
2526 430 2614 468 ideo

1545 493 1616 530 per
1643 482 1720 518 hoc
1746 492 1827 518 non
1855 487 1980 530 potest
1998 480 2178 519 concludi
2205 481 2277 518 nisi
2296 482 2405 531 quod
2422 482 2541 532 gratia
2559 490 2616 520 est

1545 533 1793 583 principalior
1819 545 1936 571 causa
1963 534 2198 572 remissionis
2217 535 2354 584 culpae
2382 547 2503 585 quam
2521 548 2614 586 poe-

1544 586 1723 624 nitentiae
1752 594 2049 624 sacramentum.

1599 639 1812 678 Sciendum
1839 647 1971 677 tamen
1998 640 2108 689 quod
2135 639 2252 691 etiam
2270 640 2311 678 in
2329 641 2450 678 veteri
2468 642 2549 690 lege
2578 649 2615 680 et

1543 692 1584 730 in
1604 694 1686 742 lege
1706 700 1866 730 naturae
1885 701 1966 730 erat
1983 692 2197 743 aliqualiter
2214 701 2502 732 sacramentum
2519 706 2614 745 poe·

1543 745 1735 794 nitentiae,
1765 753 1808 783 ut
1835 758 1953 796 supra
1970 746 1991 768 ’¹‘
2018 746 2165 784 dictum
2193 754 2260 784 est.

1101 861 1435 894 Commentario.
1457 859 1711 893 Cardinalis
1734 860 1936 894 Caietam

459 975 479 994 N
495 964 627 994 articulo
643 967 731 993 sexto
749 961 891 992 eiusdem
908 961 1112 1001 quaestionis,
1129 969 1188 1000 pro
1206 963 1327 999 quanto
1344 959 1488 989 remissio

432 976 572 1048 Iculpae
594 1008 724 1047 ponitur
747 1005 877 1036 effectus
900 1005 1116 1045 poenitentiae
1141 1002 1320 1034 secundum
1336 1002 1427 1043 quod
1442 1008 1490 1033 est

426 1052 534 1088 virtus,
558 1051 638 1081 idest
659 1051 781 1080 virtutis
804 1059 861 1080 seu
884 1050 1044 1079 virtuosus
1065 1053 1164 1083 actus,
1189 1047 1324 1078 dubium
1340 1048 1488 1084 occurrit,

427 1096 582 1135 quoniam
611 1095 673 1124 hoc
696 1093 820 1124 videtur
846 1103 1024 1133 repugnare
1054 1098 1127 1122 ante
1151 1091 1241 1122 dictis
1272 1092 1311 1122 ab
1335 1091 1489 1122 Auctore.

427 1139 510 1170 Nam
536 1139 562 1169 si
587 1138 730 1168 remissio
759 1138 872 1177 culpae
903 1142 950 1167 est
977 1136 1108 1167 effectus
1135 1137 1353 1176 poenitentiae
1383 1141 1420 1166 ut
1443 1141 1491 1166 est

427 1189 514 1214 actus
536 1183 706 1218 virtuosus,
731 1187 859 1222 oportet
882 1180 971 1222 quod
994 1181 1033 1211 sit
1056 1180 1187 1211 effectus
1209 1190 1278 1211 non
1301 1180 1401 1211 solius
1420 1190 1490 1220 gra-

425 1228 497 1263 tiae,
514 1226 569 1257 sed
583 1227 700 1267 gratiae
717 1231 748 1256 et
762 1226 852 1256 liberi
868 1226 1002 1256 arbitrii:
1027 1225 1183 1266 quoniam
1199 1230 1288 1255 actus
1302 1224 1491 1255 huiusmodi

424 1272 583 1301 virtuosus
606 1271 696 1301 liberi
719 1270 836 1300 arbitn‘i
859 1275 947 1300 actus
970 1275 1026 1300 est.
1059 1269 1256 1310 Oppositum
1280 1274 1388 1300 autem
1412 1268 1490 1300 dixit

425 1315 548 1346 Auctor
569 1316 603 1345 in
626 1315 685 1345 hac
709 1313 821 1344 eadem
845 1314 1046 1356 quaestione,
1071 1314 1204 1344 articulo
1229 1319 1354 1354 quarto,
1379 1313 1419 1344 ad
1441 1323 1490 1344 se-

426 1359 578 1395 cundum,
602 1358 738 1389 dicendo
763 1358 802 1389 de
825 1359 1012 1389 remissione
1031 1358 1145 1399 culpae
1168 1363 1200 1389 et
1223 1357 1262 1388 de
1285 1358 1381 1398 plena
1396 1357 1489 1388 abso-

424 1404 546 1434 lutione
570 1402 659 1443 quod
676 1408 845 1443 utrumque
860 1408 907 1433 est
921 1412 941 1433 a
955 1403 1078 1444 gratia,
1101 1402 1158 1433 sed
1174 1403 1319 1443 primum
1338 1411 1359 1433 a
1376 1402 1490 1444 gratia

423 1448 504 1483 sola,
520 1447 694 1485 secundum
717 1457 758 1478 ex
772 1447 884 1488 gratia
907 1452 938 1477 et
960 1447 1060 1478 libero
1085 1447 1232 1478 arbitrio.
1257 1446 1290 1478 Si
1307 1447 1394 1477 enim
1410 1452 1457 1477 est
1473 1457 1491 1477 a

424 1492 492 1522 sola
514 1493 612 1532 gratia
627 1497 663 1522 ut
679 1491 880 1531 distinguitur
903 1497 1014 1522 contra
1036 1491 1173 1522 liberum
1189 1491 1363 1528 arbitrium,
1383 1492 1490 1532 sequi-

424 1542 475 1566 tur
491 1535 581 1576 quod
603 1545 671 1566 non
694 1536 733 1566 sit
749 1546 767 1566 a
781 1537 879 1576 gratia
902 1541 933 1566 et
949 1546 967 1566 a
982 1536 1073 1567 liberi
1097 1536 1214 1566 arbitrii
1237 1541 1311 1567 actu
1333 1536 1488 1567 virtuoso.

480 1580 517 1610 ΙΙ.
541 1579 592 1610 Ad
615 1581 678 1611 hoc
701 1580 816 1611 dicitur
839 1580 939 1620 quod,
964 1580 1122 1621 quidquid
1145 1580 1197 1611 alii
1221 1579 1303 1611 forte
1326 1581 1491 1611 somnient

425 1623 649 1664 distinguendo
673 1625 706 1655 in
729 1626 897 1665 proposito
922 1634 1117 1656 concursum
1140 1625 1230 1656 liberi
1246 1625 1364 1655 arbitrii
1387 1626 1489 1656 active

424 1669 475 1699 vel
498 1678 578 1708 pure
599 1669 733 1709 passive,
757 1674 846 1699 actus
868 1669 959 1700 liberi
975 1669 1092 1700 arbitrii
1107 1670 1141 1700 in
1156 1669 1382 1700 iustificatione
1397 1670 1490 1710 impii

426 1718 661 1750 concurrentes,
685 1714 751 1744 sive
773 1714 807 1744 in
830 1714 937 1744 Deum
960 1714 1026 1744 sive
1048 1715 1083 1744 in
1105 1719 1293 1754 peccatum,
1318 1719 1393 1745 sunt
1414 1723 1490 1745 vere

426 1762 514 1787 actus
529 1767 598 1788 non
613 1757 719 1788 solum
734 1757 824 1788 liberi
842 1758 970 1795 arbitrii,
987 1757 1043 1789 sed
1058 1768 1076 1789 a
1091 1758 1192 1789 libero
1208 1759 1347 1789 arbitn'o.
1372 1758 1488 1790 Suavi-

425 1807 474 1832 ter
489 1802 575 1832 enim
591 1802 701 1832 omnia
716 1801 887 1842 disponens
903 1802 1009 1833 divina
1024 1802 1186 1843 Sapientia
1196 1803 1213 1820 ³*
1228 1820 1249 1826 -
1266 1812 1349 1844 quae
1365 1799 1489 1834 creabit

426 1855 476 1876 me
497 1845 567 1876 sine
589 1856 639 1876 me
654 1847 680 1882 ’ᾗ
704 1856 772 1876 non
790 1847 923 1886 passive,
949 1847 1104 1887 quoniam
1121 1848 1239 1878 creatio
1254 1848 1289 1878 in
1304 1857 1357 1878 me
1379 1847 1488 1878 termi-

424 1895 497 1920 nata
521 1895 577 1926 est,
601 1890 656 1921 sed
671 1891 738 1921 sine
753 1900 806 1921 me
822 1897 1032 1932 cooperante:
1058 1901 1122 1922 non
1138 1892 1246 1923 salvat
1259 1901 1309 1922 me
1323 1892 1393 1923 sine
1409 1901 1459 1923 me
1470 1893 1487 1910 ¹*

1542 964 1739 999 cooperante
1760 977 1784 982 -
1805 965 1916 990 movet
1939 969 1996 1000 per
2019 961 2152 1001 gratiam
2175 970 2267 992 suam
2290 961 2427 992 liberum
2448 962 2614 994 arbitrium

1542 1002 1583 1034 ad
1605 1003 1854 1044 obsequendum
1875 1005 2004 1044 gratiae,
2027 1014 2085 1045 per
2107 1005 2171 1036 hoc
2195 1005 2286 1046 quod
2307 1006 2408 1037 utitur
2422 1006 2476 1037 illa
2498 1017 2613 1038 secun-

1542 1047 1621 1078 dum
1643 1048 1732 1079 illam
1747 1047 1923 1089 operando.
1947 1049 1989 1079 Et
2006 1054 2177 1090 propterea
2192 1055 2281 1080 actus
2297 1050 2387 1081 liberi
2403 1051 2531 1088 arbitrii,
2547 1057 2614 1082 tam

1541 1097 1690 1132 respectu
1713 1093 1775 1123 Dei
1798 1102 1897 1133 quam
1918 1098 2067 1133 respectu
2089 1094 2231 1134 peccati,
2258 1095 2292 1125 in
2314 1094 2542 1127 iusu’fican‘one
2564 1097 2614 1127 in-

1541 1136 1630 1167 venti
1660 1142 1736 1167 sunt
1766 1135 1898 1168 effectus
1928 1138 2047 1178 gratiae
2070 1139 2249 1178 operantis,
2283 1143 2315 1169 et
2337 1149 2406 1170 non
2428 1145 2557 1180 ponunt
2579 1141 2614 1172 in

1541 1190 1716 1211 numerum
1739 1190 1816 1212 cum
1838 1181 1908 1222 ipsa
1929 1182 2028 1222 gratia
2051 1187 2214 1222 operante.
2249 1182 2292 1213 Et
2314 1189 2485 1224 propterea
2514 1183 2612 1216 dictio

1543 1224 1705 1255 exclusiva
1727 1224 1834 1256 addita
1855 1226 1974 1265 gratiae
1998 1235 2067 1256 non
2090 1225 2230 1258 excludit
2252 1227 2440 1258 huiusmodi
2463 1233 2552 1259 actus
2574 1229 2613 1259 li-

1542 1269 1610 1300 beri
1633 1269 1761 1306 arbitrii,
1785 1274 1900 1310 utpote
1923 1279 1999 1300 suos
2019 1269 2161 1301 effectus.
2187 1270 2274 1302 Cum
2290 1271 2377 1302 enim
2392 1270 2517 1309 dicitur,
2534 1272 2614 1304 Sola

1542 1322 1643 1344 causa
1658 1314 1750 1356 facit
1770 1313 1842 1350 hoc,
1865 1323 1934 1345 non
1951 1314 2129 1345 excluditur
2152 1315 2232 1355 quin
2247 1314 2342 1346 faciat
2355 1315 2437 1347 illud
2451 1315 2614 1348 mediante

1543 1358 1653 1398 aliquo
1677 1368 1737 1389 suo
1762 1357 1889 1389 effectu.
1912 1377 1934 1381 —
1952 1358 1994 1389 Et
2015 1359 2104 1390 hunc
2135 1368 2203 1390 esse
2226 1369 2358 1391 sensum
2379 1360 2531 1392 Auctoris
2557 1370 2614 1402 ap-

1541 1408 1632 1443 paret
1654 1402 1689 1433 in
1712 1402 1799 1434 calce
1813 1403 1910 1434 huius
1925 1403 2050 1434 articuli
2065 1404 2095 1441 *2
2116 1403 2173 1434 ubi
2189 1403 2304 1435 dicitur
2322 1403 2413 1445 quod
2427 1409 2521 1436 actus
2532 1415 2614 1447 poe-

1543 1447 1697 1478 nitentiae
1719 1447 1849 1478 virtutis
1871 1447 1966 1478 habet
1990 1447 2078 1488 quod
2098 1447 2169 1479 sine
2191 1457 2229 1479 eo
2254 1458 2320 1479 non
2337 1449 2446 1490 possit
2455 1449 2540 1492 fieri
2562 1460 2614 1482 re-

1542 1492 1652 1523 missio
1672 1492 1796 1532 culpae,
1816 1491 2007 1533 inquantum
2022 1497 2070 1523 est
2084 1492 2310 1533 inseparabilis
2325 1493 2457 1535 effectus
2470 1494 2613 1536 gratiae.

1597 1536 1667 1567 Nec
1690 1536 1818 1567 obstant
1840 1536 1973 1576 allegata
1991 1537 2025 1567 in
2040 1537 2240 1577 oppositum.
2264 1537 2431 1576 Quonim
2445 1538 2491 1569 ibi
2505 1538 2614 1580 loqui-

1541 1586 1594 1612 tur
1617 1580 1657 1612 de
1679 1581 1778 1622 gratia
1800 1586 1837 1612 ut
1859 1580 2063 1622 distinguitur
2086 1586 2197 1612 contra
2219 1582 2357 1613 liberum
2377 1582 2543 1614 arbitrium
2558 1583 2614 1614 ab-

1542 1625 1665 1656 solute:
1700 1630 1732 1656 et
1753 1634 1822 1656 non
1855 1630 1967 1656 contra
1989 1625 2126 1656 liberum
2149 1626 2315 1657 arbitrium
2345 1632 2383 1658 ut
2406 1632 2454 1658 est
2480 1624 2613 1660 effeetus

2639 730 2650 741 ·
2659 729 2707 758 Qu.
2713 733 2856 758 mmmm

2639 762 2662 784 7,
2677 756 2707 778 ad

1541 1670 1642 1710 ipsius
1665 1670 1793 1711 gratiae.
1828 1669 1923 1701 Unde
1953 1670 2106 1710 opposito
2132 1669 2234 1701 modo
2263 1670 2412 1702 videntur
2438 1680 2473 1702 se
2494 1672 2613 1704 habere
2651 1678 2655 1684 “

1542 1719 1632 1746 actus
1653 1714 1746 1745 liberi
1768 1714 1887 1745 arbitrii
1909 1719 1942 1746 et
1962 1715 2062 1755 gratia
2086 1724 2187 1755 penes
2209 1714 2412 1756 operandum
2435 1721 2468 1747 et
2489 1725 2612 1759 coope-

1541 1758 1688 1790 randum.
1704 1759 1789 1790 Nam
1803 1759 1838 1790 in
1852 1759 1952 1799 gratia
1962 1764 2116 1800 operante
2131 1759 2270 1790 liberum
2285 1760 2451 1792 arbitrium
2465 1770 2500 1792 se
2514 1761 2613 1801 habet

1541 1809 1579 1834 ut
1601 1812 1794 1844 cooperans:
1817 1803 1852 1834 in
1866 1804 1966 1844 gratia
1979 1813 2057 1834 vero
2074 1809 2270 1844 cooperante
2292 1803 2431 1836 liberum
2445 1804 2611 1837 arbitrium

1541 1857 1575 1878 se
1604 1847 1700 1879 habet
1731 1848 1822 1888 quasi
1851 1853 1888 1879 ut
1917 1857 2071 1889 operans,
2103 1853 2135 1879 et
2160 1853 2331 1889 propterea
2360 1854 2611 1881 connumeratur

1540 1892 1669 1933 gratiae.

2723 763 2742 783 ι,
2756 762 2777 778 ².
