2918 4088
458 198 532 242 276
973 237 975 239 ,
1094 197 1356 244 QUAESTIO
1386 197 1594 242 LXXXIII,
1629 195 1921 234 ARTICULUS
1949 197 2000 233 IV

312 287 327 303 τ
453 276 532 311 vini
556 275 687 311 virtute
714 275 946 324 aeruginem,
970 276 1115 324 pariter
1143 281 1175 312 et
1195 281 1208 296 τ
1237 277 1413 312 vomitum
1428 286 1518 323 pro-

453 333 570 364 vocat.
610 327 747 364 Nullus
780 333 902 364 autem
931 329 968 363 in
997 328 1122 377 ligneo
1156 340 1219 364 seu
1254 330 1370 366 vitreo
1405 328 1520 364 calice

453 386 606 417 cantare
627 386 845 429 praesumat
873 382 1042 417 missam:
1079 380 1170 429 quia
1198 380 1336 417 scilicet
1372 380 1519 428 lignum

452 445 640 482 porosum
655 441 720 480 est,
737 441 772 470 et
791 433 944 481 sanguis
963 441 1205 470 consecratus
1220 433 1259 470 in
1279 445 1325 470 eo
1345 445 1517 470 remane-

453 493 525 532 ret;
562 486 705 523 vitrum
733 494 862 523 autem
891 486 1017 534 fragile
1055 494 1120 532 est,
1149 494 1185 523 et
1211 494 1341 535 posset
1371 486 1518 523 fractio-

452 539 511 576 nis
537 539 754 588 periculum
782 538 995 576 imminere.
1026 540 1074 575 Et
1102 540 1238 576 eadem
1269 538 1363 576 ratio
1392 546 1447 575 est
1470 539 1517 575 de

452 591 588 641 lapide.
618 593 666 629 Et
694 592 792 639 ideo,
813 600 970 641 propter
997 591 1250 629 reverentiam
1279 591 1516 639 sacramenti,

452 652 636 682 statutum
664 652 719 682 est
747 653 789 681 ut
817 657 863 681 ex
891 644 1092 694 praedictis
1122 644 1290 682 materiis
1316 644 1411 681 calix
1438 644 1515 681 fiat.

504 699 561 734 AD
590 710 768 735 SEPTIMUM
803 710 985 735 DICENDUM
1020 698 1146 746 quod,
1176 697 1243 734 ubi
1279 697 1404 746 potuit
1436 697 1516 734 sine

451 750 622 800 periculo
659 750 764 796 fieri,
793 750 962 787 Ecclesia
999 750 1125 787 statuit
1161 750 1259 788 circa
1288 751 1363 787 hoc
1394 762 1516 787 sacra-

451 811 628 840 mentum
656 803 695 840 id
723 804 830 853 quod
858 803 1072 853 expressius
1092 810 1349 852 repraesentat
1374 803 1516 852 passio-

451 869 544 893 nem
574 856 723 893 Christi.
754 858 846 894 Non
875 864 1005 893 autem
1033 863 1112 892 erat
1131 863 1280 893 tantum
1299 855 1516 905 periculum

451 909 551 946 circa
587 922 747 958 corpus,
778 909 886 958 quod
921 909 1079 958 ponitur
1114 908 1154 945 in
1182 908 1390 958 corporali,
1420 908 1516 946 sicut

450 962 549 999 circa
586 962 832 1010 sanguinem,
871 962 938 1010 qui
976 962 1192 999 continetur
1228 961 1266 998 in
1302 961 1428 998 calice.
1467 963 1516 999 Et

450 1015 550 1061 ideo,
579 1015 664 1051 licet
691 1015 787 1052 calix
814 1027 894 1051 non
921 1014 988 1051 fiat
1016 1015 1064 1050 de
1083 1022 1207 1063 petra,
1237 1015 1435 1062 corporale
1464 1022 1514 1051 ta-

449 1079 541 1103 men
568 1067 612 1103 fit
639 1068 686 1104 de
710 1079 840 1116 panno
870 1066 982 1112 lineo,
1009 1078 1088 1115 quo
1117 1079 1258 1115 corpus
1288 1066 1427 1103 Christi
1447 1067 1515 1104 fuit

209 1110 399 1163 {xffiff'iffl'rsfii'
402 1124 408 1160 Ξ
449 1119 667 1157 involutum
685 1119 716 1156 ²¹⁶.
746 1119 857 1157 Unde
878 1119 917 1156 in
936 1119 1107 1167 Epistola
1127 1118 1295 1156 Silvestri
1315 1120 1453 1167 Papae⁷
1475 1119 1514 1155 in

210 1163 279 1184 Marc.
298 1168 349 1189 cap.
366 1168 395 1182 xv
402 1177 407 1187 ‚

209 1188 406 1215 vers.46;1.uc.
448 1173 585 1210 eadem
618 1172 857 1210 distinctione
876 1171 914 1217 ³3,
944 1171 1096 1219 legitur:
1138 1171 1313 1208 Consulto
1346 1174 1513 1208 omnium

208 1222 258 1243 cap.
268 1221 333 1241 xxm,
348 1220 407 1235 vers.

207 1249 246 1270 53:
270 1243 333 1263 ioan.
357 1247 406 1267 cap.
447 1227 697 1262 constituimus
724 1231 762 1262 ut
788 1226 1014 1273 sacrificium
1049 1225 1178 1261 altaris
1215 1237 1289 1261 non
1328 1226 1365 1260 in
1393 1226 1512 1261 serico

208 1274 419 1316 &gfflfflggnss‘g-Im,
441 1292 585 1329 panno,
606 1285 669 1315 aut
687 1280 837 1315 intincto
862 1279 1059 1327 ¹quisquam
1089 1277 1279 1333 celebrare
1296 1284 1515 1326 praesumat

499 1395 525 1429 τ)
541 1395 648 1427 pariter
675 1398 709 1420 et.
735 1408 754 1413 —
777 1394 855 1426 parit
873 1397 899 1418 et
919 1393 990 1422 FGa.
1014 1393 1126 1425 paritur
1145 1397 1171 1418 et
1189 1393 1222 1424 H,
1247 1394 1385 1424 (virtulem
1413 1397 1439 1419 et
1463 1401 1514 1426 per

445 1431 613 1464 aeruginem)
627 1430 736 1462 pariter
755 1430 772 1460 l,
787 1429 865 1462 parit
882 1430 1042 1462 pariterque
1061 1430 1088 1454 Ρ.

1574 276 1723 311 missam
1744 280 1781 319 υ,
1814 274 1879 311 sed
1909 275 1946 310 in
1970 286 2070 323 puro
2105 275 2202 311 lineo
2238 276 2285 312 ab
2313 276 2483 324 episcopo
2510 287 2636 312 conse-

1573 333 1697 364 erato.-
1721 329 1812 364 sicut
1830 338 1964 375 corpus
1986 328 2122 364 Christi
2147 329 2184 363 in
2203 327 2358 365 sindone
2379 328 2478 365 linea
2497 328 2636 365 munda

1572 380 1752 430 sepultum
1771 381 1859 428 fuit.
1891 402 1916 406 -
1945 379 2139 428 Competit
2171 379 2284 417 etiam
2320 392 2473 429 pannus
2500 380 2635 427 lineus,

1573 440 1729 483 propter
1765 433 1824 469 sui
1862 432 2112 479 munditiam,
2142 432 2191 470 ad
2223 432 2519 481 significandum
2546 445 2636 470 con-

1573 486 1750 524 scientiae
1769 485 1993 535 puritatem;
2019 493 2066 532 et,
2086 492 2243 534 propter
2261 485 2511 534 multiplicem
2532 486 2636 523 labo-

1573 551 1656 576 rem
1676 551 1755 588 quo
1784 538 1866 576 talis
1884 550 2039 587 pannus
2066 545 2327 587 praeparatur,
2348 538 2396 575 ad
2424 537 2636 586 significan-

1572 592 1664 629 dam
1692 591 1914 641 passionem
1943 590 2094 628 Christi.

1625 646 1681 682 AD
1711 657 1882 682 OCTAVUM
1910 656 2092 682 DICENDUM
2121 644 2228 692 quod
2257 643 2489 693 dispensatio
2515 655 2637 681 sacra-

1572 705 1795 735 mentorum
1831 697 1993 747 pertinet
2021 697 2070 734 ad
2098 697 2291 734 ministros
2328 696 2540 744 Ecclesiae,
2570 696 2638 733 sed

1571 750 1807 788 consecratio
1836 761 1974 787 eorum
2002 757 2058 787 est
2076 750 2124 787 ab
2144 749 2228 799 ipso
2256 751 2353 787 Deo.
2383 750 2432 787 Et
2450 749 2538 787 ideo
2566 748 2637 786 rni-

1571 803 1678 840 nistri
1706 802 1898 854 Ecclesia-e
1918 815 1998 840 non
2018 803 2161 840 habent
2189 803 2332 852 aliquid
2352 810 2515 839 statuere
2539 801 2637 839 circa

1570 857 1737 893 sormam
1774 855 2090 893 consecrationis:
2130 856 2197 893 sed
2234 856 2334 893 circa
2360 867 2476 893 usum
2515 867 2637 892 sacra·

1565 909 1690 946 menti
1718 917 1755 946 et
1782 909 1949 946 modum
1967 915 1982 938 φ
2011 909 2239 946 celebrandi.
2269 910 2318 946 Et
2344 908 2444 954 ideo,
2465 907 2496 945 si
2515 919 2637 945 sacer-

1570 962 1641 999 dos
1669 962 1789 999 verba
1817 961 2114 999 consecrationis
2142 963 2308 1011 proferat
2336 973 2452 1010 super
2478 960 2638 998 materia

1570 1014 1698 1051 debita
1716 1027 1808 1064 cum
1827 1014 2035 1051 intentione
2055 1015 2317 1060 consecrandi,
2337 1016 2484 1064 absque
2512 1013 2636 1051 omni-

1569 1067 1643 1104 bus
1671 1067 1892 1116 praedictis,
1922 1067 2061 1104 scilicet
2088 1068 2208 1104 domo
2236 1075 2273 1105 et
2301 1068 2427 1114 altari,
2456 1067 2572 1105 calice
2601 1074 2638 1104 et

1569 1120 1758 1168 corporali
1795 1119 2043 1166 consecratis,
2073 1127 2108 1156 et
2143 1120 2275 1157 ceteris
2307 1119 2534 1158 huiusmodi
2567 1131 2638 1169 per

1569 1171 1781 1209 Ecclesiam
1809 1172 1997 1217 institutis,
2027 1181 2224 1209 consecrat
2243 1172 2404 1222 quidem
2431 1173 2471 1210 in
2498 1172 2553 1209 rei
2570 1185 2636 1209 ve-

1569 1223 1675 1261 ritate
1707 1235 1850 1273 corpus
1879 1224 2030 1270 Christi,
2059 1233 2192 1273 peccat
2218 1233 2349 1262 tamen
2376 1225 2560 1273 graviter,
2589 1224 2637 1262 ri-

1569 1284 1654 1314 tum
1682 1277 1874 1314 Ecclesiae
1901 1289 1985 1320 non
2013 1290 2181 1315 servans.

1621 1392 1647 1427 u)
1662 1396 1822 1425 praesumat
1847 1393 1965 1418 missam.
1982 1405 2003 1411 ·-
2020 1392 2127 1417 missam
2151 1396 2310 1424 praesumat
2327 1393 2356 1418 P.
2377 1392 2427 1417 Pro
2441 1399 2522 1424 puro,
2543 1400 2638 1425 panno

1568 1428 1629 1453 FsG
1648 1434 1673 1453 et
1692 1428 1828 1454 editiones,

1622 1463 1650 1497 φ)
1670 1467 1696 1489 et
1715 1464 1832 1489 modum.
1850 1477 1869 1482 —
1887 1463 1989 1493 Tertia3
2009 1467 2035 1488 et
2052 1463 2229 1488 commodum.

1123 1554 1462 1587 commentaria.
1484 1553 1739 1586 cardinalis
1761 1552 1965 1586 Caietam

478 1653 498 1673 N
521 1643 653 1673 articulo
677 1642 769 1672 tertio
805 1642 999 1682 quaestionis
1027 1641 1364 1681 octogesimaetertiae,
1389 1639 1428 1670 ad
1451 1645 1512 1671 ter-

478 1687 576 1723 tium,
601 1686 736 1717 dubium
766 1686 904 1716 occurrit
927 1684 966 1715 de
989 1685 1104 1715 virtute
1136 1685 1256 1720 altaris,
1289 1685 1457 1720 ecclesiae,
1482 1689 1513 1715 et

447 1731 584 1762 aliorum
616 1731 864 1760 inanimatorum
895 1735 1174 1760 consecratorum:
1209 1739 1248 1759 an
1276 1729 1316 1759 sit
1345 1728 1451 1759 solum
1476 1738 1513 1758 ex

447 1781 535 1816 parte
565 1775 682 1811 nostri,
707 1775 763 1814 qui
793 1774 867 1804 inde
892 1774 1093 1813 concipimus
1123 1773 1332 1803 reverentiam
1356 1782 1392 1803 ac
1416 1772 1514 1803 devo-

448 1820 588 1856 tionem;
612 1829 653 1849 an
676 1829 714 1849 ex
737 1824 825 1858 parte
848 1818 903 1848 rei.
927 1818 968 1848 Et
983 1818 1010 1848 si
1026 1827 1063 1848 ex
1079 1822 1168 1857 parte
1192 1818 1247 1853 rei,
1265 1827 1305 1848 an
1329 1817 1368 1847 sit
1388 1817 1421 1847 in
1437 1817 1514 1857 ipsis

448 1864 542 1894 rebus
566 1864 663 1893 virtus
687 1863 793 1902 aliqua
823 1862 1012 1903 spiritualis;
1044 1872 1084 1892 an
1107 1862 1175 1892 sola
1199 1861 1305 1892 divina
1328 1861 1512 1891 assistentia.

448 1908 490 1938 Et
512 1917 551 1937 an
574 1907 713 1948 generali
737 1906 836 1937 modo
860 1911 1004 1943 tanturm
1029 1916 1069 1936 an
1093 1906 1222 1946 speciali
1246 1905 1388 1946 quodam
1411 1905 1512 1936 modo

448 1951 555 1982 divina
577 1952 621 1981 ibi
643 1952 741 1981 virtus
765 1951 895 1980 assistat.

503 1996 540 2026 II.
564 1995 615 2026 Ad
638 1996 755 2025 horum
779 1994 984 2030 evidentiam,
1009 1994 1175 2024 sciendum
1200 1999 1246 2024 est
1270 1993 1359 2034 quod
1382 1998 1457 2023 sunt
1478 1994 1512 2024 in

447 2041 507 2070 hac
530 2050 563 2070 re
586 2038 676 2069 modi
700 2038 825 2069 dicendi
849 2038 915 2069 duo
939 2039 1081 2069 extremi.
1105 2038 1203 2071 Alter.
1221 2038 1311 2078 quod
1326 2037 1513 2068 huiusmodi

448 2084 704 2115 consecrationes
734 2084 772 2113 ab
803 2083 945 2113 Ecclesia
975 2081 1163 2113 adinventae
1194 2092 1231 2113 ex
1260 2087 1350 2122 parte
1388 2087 1512 2112 tantum

447 2134 554 2158 nostra
578 2137 611 2158 se
626 2132 753 2157 tenent:
778 2127 821 2157 ita
837 2126 927 2167 quod
943 2126 1072 2157 devotio
1096 2132 1204 2157 nostra
1220 2132 1267 2157 est
1283 2135 1364 2166 quae
1382 2125 1512 2156 effectus

448 2172 572 2202 divinae
594 2172 717 2201 virtutis
748 2176 903 2211 provocat
933 2180 1084 2211 apparere
1106 2171 1151 2201 ibi
1175 2171 1275 2211 magis
1300 2179 1397 2211 quam
1422 2170 1512 2206 alibi;

448 2217 602 2256 quoniam
626 2215 713 2245 Deus
736 2215 827 2245 nullo
856 2215 985 2255 speciali
1014 2214 1115 2245 modo
1140 2221 1186 2245 est
1209 2215 1242 2245 in
1265 2215 1314 2245 his
1336 2219 1411 2255 post
1435 2224 1512 2244 con-

447 2261 656 2291 secrationem
689 2269 755 2299 quo
785 2260 872 2299 prius
895 2268 963 2289 non
991 2265 1065 2289 erat.
1098 2259 1139 2289 Et
1161 2259 1240 2289 ratio
1266 2264 1312 2289 est
1335 2259 1410 2299 quia
1434 2268 1512 2289 con-

447 2305 638 2335 secrationes
661 2305 738 2334 istae
761 2309 836 2334 sunt
857 2304 999 2334 humana
1022 2312 1130 2343 opera,
1147 2303 1226 2334 nihil
1251 2303 1451 2334 conferentes
1467 2304 1512 2333 rei

448 2354 649 2379 consecratae
673 2347 852 2378 secundum
874 2357 952 2378 rem.

502 2393 601 2428 Alter,
619 2392 708 2432 quod
730 2401 787 2432 per
805 2391 991 2422 huiusmodi
1015 2392 1271 2423 consecrationes
1295 2391 1513 2432 adipiscuntur

448 2446 497 2467 res
512 2437 599 2477 ipsae
620 2435 781 2476 quandam
796 2437 946 2467 virtutem
969 2436 1176 2476 spiritualem,
1193 2445 1276 2475 quae
1293 2441 1339 2466 est
1355 2435 1512 2476 quaedam

448 2481 582 2521 qualitas
611 2480 844 2516 intendonalis,
869 2480 957 2510 velut
983 2481 1119 2510 intentio
1149 2480 1265 2510 coloris
1295 2481 1329 2510 in
1353 2489 1433 2510 aere.
1472 2479 1513 2510 Et

448 2534 544 2565 super
565 2525 660 2555 verba
683 2524 803 2554 litterae
826 2524 921 2554 huius
945 2523 1106 2554 fundatur.

504 2569 554 2598 III.
578 2569 722 2608 Uterque
745 2574 853 2598 autern
874 2568 991 2598 modus
1015 2567 1162 2598 vitandus
1181 2567 1315 2598 videtur.
1340 2568 1390 2605 Et,
1407 2567 1513 2598 media

448 2613 499 2643 via
522 2612 767 2653 progrediendo,
785 2611 957 2643 dicendum
982 2618 1028 2642 est
1052 2611 1141 2652 quod
1160 2622 1218 2653 per
1232 2612 1419 2643 huiusmodi
1435 2622 1513 2643 con-

449 2658 640 2688 secrationes
664 2656 882 2696 adipiscuntur
906 2662 1108 2687 consecratae
1131 2666 1180 2686 res
1203 2657 1399 2697 spiritualem
1415 2657 1513 2687 virtu-

448 2706 515 2731 tem
539 2701 737 2732 inchoative:
759 2706 790 2731 et
813 2701 847 2731 in
869 2701 932 2732 hoc
955 2701 1027 2741 ipso
1055 2701 1230 2731 sortiuntur
1260 2700 1400 2740 divinam
1422 2710 1512 2741 prae-

448 2745 583 2776 sentiam
605 2745 734 2786 speciali
756 2744 868 2775 modo.
893 2745 1160 2775 Consecrationes
1183 2744 1342 2785 siquidem
1367 2745 1514 2776 ecclesia-

1568 1641 1663 1671 sticae
1686 1650 1756 1671 non
1778 1645 1852 1670 sunt
1874 1640 2016 1670 humana
2038 1645 2164 1671 tantum
2188 1650 2296 1680 opera,
2315 1639 2372 1670 sed
2394 1645 2469 1670 sunt
2492 1639 2636 1671 efficaces

1569 1694 1607 1714 ex
1623 1684 1742 1715 Christi
1765 1683 1960 1724 sacerdotio:
1986 1694 2004 1714 a
2020 1693 2086 1724 quo
2110 1684 2193 1714 sicut
2215 1694 2272 1725 per
2296 1685 2438 1724 seipsum
2462 1683 2636 1716 efficaciam

1567 1729 1686 1759 habent
1708 1728 1950 1759 sacramentales
1974 1728 2177 1768 operationes
2200 1729 2276 1768 quia
2299 1729 2338 1759 ab
2356 1729 2428 1768 ipso
2451 1727 2636 1760 immediate

1568 1778 1643 1803 sunt
1665 1773 1808 1803 instituta
1831 1777 2036 1809 sacramenta,
2053 1773 2096 1803 ita
2111 1773 2336 1812 participatum
2351 1772 2384 1803 in
2400 1772 2550 1803 ministris
2570 1772 2635 1804 suis

1569 1816 1743 1847 efficaciam
1766 1817 1896 1857 praebet
1915 1817 2209 1847 consecrationibus
2225 1826 2307 1857 quae
2323 1817 2362 1847 ab
2378 1817 2455 1857 ipsis
2473 1816 2564 1848 flunt.
2589 1817 2636 1857 Ita

1568 1861 1658 1901 quod
1682 1871 1719 1891 ex
1736 1860 1853 1891 Christi
1876 1860 2054 1891 sacerdotio
2079 1860 2194 1892 diffuso
2219 1866 2250 1891 et
2273 1861 2460 1901 participato
2483 1861 2518 1892 in
2540 1861 2635 1897 nobis

1568 1915 1617 1936 res
1641 1911 1843 1935 consecratae
1866 1905 1986 1936 habiles
2009 1904 2185 1935 redduntur
2208 1905 2248 1935 ad
2271 1904 2469 1936 excitandam
2491 1905 2526 1936 in
2540 1905 2634 1937 nobis

1567 1950 1777 1980 reverentiam
1801 1954 1833 1979 et
1856 1948 2079 1979 devotionem:
2110 1949 2194 1979 sicut
2222 1958 2324 1989 aquae
2353 1958 2391 1979 ex
2413 1953 2501 1980 tactu
2532 1949 2635 1980 carnis

1568 1993 1685 2024 Christi
1700 1993 1840 2023 redditae
1855 1998 1930 2024 sunt
1944 1993 2065 2023 habiles
2084 1992 2124 2023 ad
2140 1993 2334 2033 baptismum
2344 1993 2371 2023 ’ἢ
2390 1992 2432 2023 Et
2447 1991 2635 2024 huiusmodi

1567 2038 1711 2068 habilitas
1734 2042 1868 2068 vocatur
1890 2037 2060 2078 spiritualis
2083 2037 2182 2067 virtus
2204 2037 2396 2068 inchoative.

1622 2081 1663 2112 Et
1685 2082 1761 2112 hinc
1784 2087 1916 2122 apparet
1938 2081 2028 2121 quod
2056 2081 2158 2118 Deus,
2183 2082 2239 2121 qui
2262 2087 2336 2111 ante
2359 2081 2636 2112 consecrationem

1567 2131 1632 2156 erat
1657 2126 1809 2156 ecclesiae
1825 2135 1991 2165 praesen5‚
2015 2126 2098 2156 sicut
2121 2125 2189 2156 aliis
2211 2125 2316 2161 rebu5‚
2332 2134 2390 2166 per
2411 2126 2634 2169 praesentiam,

1568 2170 1737 2201 essentiam
1753 2175 1784 2200 et
1799 2170 1988 2210 potentiam,
2004 2169 2041 2200 fit
2060 2175 2174 2210 postea
2194 2179 2344 2210 praesens
2366 2169 2464 2206 altari,
2481 2169 2634 2201 ecclesiae

1567 2220 1599 2245 et
1621 2214 1689 2244 aliis
1711 2213 1899 2244 huiusmodi
1921 2213 2051 2254 speciali
2073 2213 2185 2250 modo,
2205 2214 2287 2244 sicut
2309 2222 2397 2244 novo
2420 2213 2634 2245 instrumento

1567 2258 1606 2289 ad
1631 2258 1829 2289 excitandam
1858 2258 2068 2288 reverentiam
2092 2263 2123 2288 et
2146 2257 2354 2288 devotionem
2384 2258 2467 2289 circa
2489 2257 2634 2289 divinum

1567 2303 1700 2333 cultum.
1731 2302 1919 2333 Perducitur
1947 2308 2055 2333 autern
2078 2301 2118 2332 ad
2141 2301 2418 2342 complementum
2446 2301 2634 2333 huiusmodi

1565 2347 1664 2378 virtus
1697 2356 1772 2377 cum
1801 2346 1907 2377 divina
1929 2346 2116 2376 huiusmodi
2145 2346 2321 2376 assistentia
2349 2345 2512 2376 actualiter
2534 2346 2634 2378 utitur

1566 2401 1600 2422 re
1617 2396 1802 2422 consecrata
1824 2390 1864 2421 ad
1887 2390 2086 2422 excitandam
2109 2389 2326 2427 devotionem,
2346 2390 2565 2427 reverentiam,
2581 2390 2635 2422 vel

1567 2436 1707 2475 aliquem
1730 2435 1830 2466 alium
1859 2434 2010 2466 effectum
2033 2434 2073 2465 ad
2096 2443 2195 2475 quem
2217 2444 2266 2465 res
2297 2439 2480 2466 consecrata
2510 2439 2558 2465 est
2586 2433 2633 2469 fa-

1568 2479 1729 2510 ciendum.
2467 2511 2470 2517 ,

1623 2523 1811 2554 Consonare
1844 2528 1951 2554 autem
1984 2522 2162 2554 doctrinam
2194 2523 2276 2553 hanc
2306 2532 2402 2563 supra
2422 2523 2439 2539 ¹·
2463 2521 2570 2559 dictis,
2602 2528 2634 2555 et

1567 2568 1689 2599 litterae
1710 2568 1797 2603 huic,
1814 2572 1845 2597 et
1863 2567 1911 2597 his
1935 2577 2018 2607 quae
2042 2567 2258 2598 communiter
2281 2567 2452 2607 opinamur
2476 2565 2516 2597 de
2538 2566 2634 2598 rebus

1567 2612 1747 2642 inanimatis
1771 2612 1971 2647 consecratis,
1988 2611 2080 2642 facile
2095 2617 2183 2652 patet
2198 2611 2407 2652 applicando:
2431 2616 2555 2651 praeter
2569 2611 2634 2642 hoe

1569 2656 1658 2697 quod
1680 2656 1853 2696 probabilis
1875 2655 1967 2686 valde
1991 2661 2047 2686 est.
2532 2675 2535 2678 -
2623 2691 2627 2693 ,

1623 2700 1664 2731 Et
1686 2701 1764 2730 haec
1789 2699 1828 2730 de
1851 2700 2049 2731 Eucharistia
2071 2699 2155 2731 dicta
2177 2709 2237 2740 pro
2261 2709 2348 2731 nunc
2375 2699 2543 2731 sufficiant.
2576 2735 2580 2740 Α

1227 2898 1546 2941 ARTICULUS
1576 2899 1852 2950 QUARTUS

565 2993 723 3024 UTRUM
746 2992 1091 3023 CONVENIENTER
1115 2992 1404 3024 ORDINENTUR
1426 2993 1484 3024 EA
1508 2993 1629 3032 QUAE
1654 2993 1787 3024 ClRCA
1809 2993 1903 3025 Hoc
1927 2993 2262 3031 sAcRAMENTUM
2285 2992 2512 3025 DICUNTUR

615 3071 648 3096 IV
668 3071 750 3100 Sent„
771 3071 829 3095 dist.
847 3078 865 3100 1,
885 3078 930 3104 qu.
949 3079 966 3103 1,
986 3076 1033 3096 art.
1054 3071 1077 3103 5,
1097 3071 1146 3104 qu*
1167 3078 1191 3103 1,
1210 3072 1242 3096 ad
1262 3078 1292 3102 23
1312 3072 1370 3131 dilst.
1382 3079 1453 3132 ἔιιῖἵ
1462 3072 1557 3106 Expos.
1576 3073 1647 3132 litt.;¹
1656 3073 1716 3098 dist.
1735 3079 1788 3103 xm,
1807 3073 1906 3106 Expos.
1923 3072 1985 3104 litt.;
2005 3072 2063 3098 dist.
2081 3080 2122 3103 xv,
2141 3079 2185 3105 qu.
2204 3079 2239 3110 ry.
2257 3076 2305 3097 art.
2324 3070 2348 3102 3,
2368 3071 2418 3104 qu*
2438 3078 2449 3097 1
2459 3079 2467 3103 ;

1362 3114 1379 3132 a
1455 3115 1497 3137 m.‚
1517 3115 1574 3140 cap.
1592 3115 1619 3139 u,
1650 3113 1698 3133 eet.
1717 3115 1735 3134 1.

484 3192 544 3234 'aa‘
571 3200 638 3245 JK<
660 3190 682 3215 n
698 3190 871 3220 QUARTUM
890 3190 942 3215 s1c
961 3190 1199 3216 pnoennrrun.
1222 3178 1385 3216 Videtur
1405 3179 1514 3228 quod

478 3219 651 3295 ᾖξ’ᾼὲἔ
662 3230 976 3267 inconvenienter
990 3231 1216 3268 ordinentur
1235 3243 1280 3268 ea
1299 3243 1399 3281 quae
1414 3231 1513 3269 circa

528 3297 579 3315 *V

469 3285 651 3370 &A
661 3283 1513 3374 issccrssfiffiffiffltffib‘isscfflssfi¹³35.ssssssOE

250 3432 255 3437 ψ
452 3394 532 3424 tur:
562 3394 605 3424 ut
632 3387 859 3425 Ambrosius
887 3387 991 3435 dicit,
1020 3388 1060 3425 in
1087 3389 1184 3426 libro
1220 3390 1265 3426 de
1292 3391 1512 3427 Sacramen-

214 3431 429 3480 ἓῐῆὼὶᾞίοῧὲᾱέιᾝ
453 3441 496 3476 tis
513 3439 544 3476 ³⁸.
573 3440 665 3476 Non
693 3452 782 3488 ergo
811 3440 951 3477 debent
979 3440 1106 3490 aliqua
1131 3441 1202 3478 alia
1230 3441 1269 3478 in
1297 3442 1373 3479 hoc
1392 3454 1513 3479 sacra-

214 3488 258 3511 est,
267 3484 297 3506 de
305 3484 416 3506 Consecr.

215 3512 269 3533 dm.
285 3511 312 3533 11.
417 3501 425 3511 '
453 3500 585 3529 mento
613 3492 686 3529 dici
713 3505 830 3542 quam
862 3493 978 3530 verba
999 3493 1148 3531 Christi.

1621 3191 1655 3216 2.
1685 3180 1919 3226 PRAETEREA,
1939 3179 2058 3216 verba
2085 3179 2236 3223 etfacta
2265 3178 2404 3216 Christi
2432 3178 2544 3217 nobis
2563 3191 2633 3229 per

1566 3232 1822 3280 Evangelium
1848 3231 2103 3269 innotescunt.
2135 3231 2211 3268 Sed
2239 3232 2433 3281 quaedam
2453 3232 2634 3270 dicuntur

1566 3283 1665 3322 circa
1693 3284 2022 3322 consecrationem
2058 3283 2174 3322 huius
2202 3284 2429 3322 sacramenti
2463 3297 2564 3334 quae
2591 3285 2633 3324 in

1567 3337 1783 3385 Evangeliis
1811 3349 1891 3374 non
1919 3344 2128 3386 ponuntur.
2176 3338 2269 3374 Non
2297 3337 2402 3375 enim
2430 3338 2565 3388 legitur
2591 3338 2631 3376 in

1567 3390 1776 3438 Evangelio
1815 3390 1924 3439 quod
1958 3389 2131 3427 Christus
2165 3389 2206 3427 in
2242 3389 2477 3430 institutione
2514 3391 2632 3430 huius

1567 3442 1794 3480 sacramenti
1823 3443 1956 3479 oculos
1984 3443 2033 3480 ad
2061 3443 2209 3480 caelum
2231 3444 2431 3491 levaverit;
2461 3444 2633 3482 similiter

1567 3495 1681 3532 etiam
1717 3495 1758 3532 in
1785 3494 2001 3543 Evangeliis
2019 3495 2039 3518 ’¹‘
2066 3495 2222 3543 dicitur,
2251 3498 2416 3548 Accipite
2449 3503 2483 3535 et
2509 3510 2630 3536 come-

2661 1994 2875 2024 ‘Qum-xviam&

2661 2026 2710 2050 ιτς.
2718 2027 2737 2050 4
2812 2027 2874 2051 resp.

2660 2529 2873 2578 aeneam-⁴2

2658 3436 2799 3485 223:“;8⁸⁹·
2806 3441 2871 3486 ’ὸῗῖ

2658 3489 2692 3512 ad
2701 3489 2765 3517 Cor..
2776 3495 2827 3518 etp.
2837 3494 2871 3517 ιι,

2657 3522 2719 3539 ven.
2733 3521 2770 3544 24.
