2878 4088
391 177 462 223 184
1059 176 1322 223 QUAESTIO
1352 175 1507 221 LXXX,
1536 173 1829 211 ARTICULUS
1857 175 1892 211 v

387 265 499 286 omnes
525 260 628 295 partes
653 254 758 285 fluunt
783 261 813 285 et
837 254 976 286 refluunt
1000 256 1178 286 secundum
1209 256 1374 286 materiam
1398 252 1453 283 sed
1507 258 1692 292 generatur:
1717 253 1778 282 nisi
1801 253 1834 282 in
1862 253 1918 283 illo
1952 254 2170 283 contineretur
2199 252 2321 293 aliquid
2351 253 2440 293 quod
2463 253 2573 283 fuisset

386 305 518 330 manent
533 299 712 330 secundum
728 301 879 339 speciem,
896 306 1005 330 manet
1019 301 1229 331 nihilominus
1245 300 1346 329 homo
1366 297 1452 327 idem
1508 296 1547 326 de
1571 297 1745 327 substantia
1768 298 1929 327 seminum
1961 298 1994 328 in
2024 298 2085 327 illis
2116 306 2153 327 ex
2184 306 2324 336 quorum
2348 298 2495 328 carnibus
2519 307 2573 328 co-
2601 316 2603 318 f

387 353 534 374 numero.

441 387 504 419 Sed
528 389 680 419 convenit
702 389 794 419 tertia
818 398 894 419 cum
918 388 1058 419 secunda
1083 389 1238 428 opinione
1262 387 1336 425 quia
1359 385 1452 425 ponit

388 432 478 472 quod
501 438 606 472 partes
630 433 774 463 secundo
805 433 1010 464 advenientes
1033 442 1101 463 non
1125 433 1167 462 ita
1189 430 1330 471 perfecte
1359 429 1451 458 attin-

387 482 468 517 gunt
491 477 531 507 ad
553 478 719 508 veritatem
750 478 868 518 speciei
891 478 973 507 sicut
1003 487 1085 517 quae
1109 477 1213 516 primo
1244 473 1450 504 advenerunt.

388 521 429 553 Et
459 521 534 551 ideo
558 521 644 552 idem
675 522 765 562 quod
788 523 881 562 ponit
908 530 1070 560 resurgere
1093 521 1126 549 in
1156 519 1288 549 homine
1312 516 1452 547 secunda

389 566 512 606 opinio,
536 567 629 606 ponit
651 567 760 598 tertia:
787 566 842 597 sed
866 576 932 596 non
948 566 1075 605 penitus
1100 563 1211 593 eadem
1231 563 1365 592 ratione.
1390 561 1452 591 Po-

1507 341 1615 370 mestis
1639 350 1750 371 semen
1772 347 1959 381 generatum
1984 348 2047 378 est;
2073 342 2149 381 quia
2171 341 2235 371 hoc
2258 347 2434 382 resurgeret
2456 343 2488 372 in
2509 342 2573 382 pri—

1507 394 1574 420 mo,
1599 390 1630 415 et
1652 395 1720 416 non
1743 386 1777 416 in
1800 386 1954 417 secundo.
1979 385 2157 416 Residuum
2181 391 2288 416 autem
2305 387 2449 416 carnium
2465 395 2573 416 come-

1475 439 1483 458 ς
1507 434 1637 466 starum,
1662 430 1752 470 quod
1775 440 1843 461 non
1867 436 1913 461 est
1937 439 2130 461 conversum
2154 431 2188 460 in
2203 439 2324 466 semen,
2345 436 2469 461 constat
2485 430 2573 470 quod

1507 479 1684 514 resurgeret
1711 475 1745 505 in
1775 476 1898 515 primo,
1931 475 2059 515 utrique
2091 474 2198 504 divina
2226 475 2371 514 potentia
2403 475 2573 515 supplente

1508 517 1598 558 quod
1622 518 1719 549 deest.
2376 524 2378 527 ’

1562 562 1667 593 Prima
1699 568 1807 593 autem
1837 563 1949 604 opinio
1970 564 1987 580 θ’
2014 563 2074 593 hac
2106 563 2289 593 obiectione
2320 573 2388 593 non
2418 568 2572 593 arctatur:

152 1144 161 1152 '
184 1141 241 1163 Gen.
263 1147 313 1169 cap.
337 1147 362 1167 n,

151 1174 210 1216 ῗεΐῐςιὶ
226 1175 314 1222 7eorp.,
337 1194 365 1215 Ut

153 1227 220 1250 ergo.

155 1497 161 1505 ·
178 1495 234 1517 ibid.

154 1727 162 1735 ·
179 1724 202 1745 Iu
223 1729 286 1750 corp.
296 1739 301 1746 .
316 1723 364 1744 Alii

154 1757 221 1775 vero,
244 1754 264 1770 et
281 1750 362 1771 Tertia

153 1778 238 1805 opint'o.

155 2614 165 2623 '
189 2612 213 2633 In
236 2619 312 2641 corp,
338 2613 364 2635 Ut

156 2645 222 2666 ergo*

156 2743 165 2753 ‘
181 2742 205 2763 ln
226 2748 290 2770 corp.
319 2743 369 2764 Atii

156 2774 224 2794 vero,
245 2773 267 2790 et
286 2759 364 2791 1²ertia

156 2795 243 2822 opinio.

155 3092 163 3100 ·
173 3089 252 3116 Corp.,
260 3089 309 3111 Sed
318 3095 369 3110 con-

155 3116 219 3137 venit
235 3119 256 3138 et
270 3116 293 3138 in
306 3122 367 3143 resp.

153 3142 183 3163 ad
198 3150 218 3171 3.

388 611 435 641 nit
451 611 537 641 enim
553 616 659 641 totum
675 611 755 642 illud
778 610 867 651 quod
884 620 921 640 ex
938 610 1059 638 semine
1083 612 1271 647 generatum
1287 611 1334 636 est
1349 615 1452 635 resur-

388 663 472 694 gere,
489 664 557 686 non
573 657 649 695 quia
672 655 730 686 alia
747 656 869 685 ratione
886 654 1041 693 pertineat
1057 651 1096 681 ad
1112 652 1276 681 veritatem
1292 651 1452 680 humanae

388 705 520 730 naturae
544 709 642 739 quarn
665 701 728 730 hoc
753 698 842 739 quod
865 703 976 737 postea
1001 696 1144 726 advenit:
1170 695 1226 725 sed
1250 695 1325 735 quia
1348 693 1452 735 perfe-

390 744 473 775 ctius
495 745 659 774 veritatem
675 744 792 783 speciei
816 742 991 782 participat.
1017 740 1124 778 Quem
1141 740 1288 770 ordinem
1312 739 1454 779 ponebat

390 788 531 819 secunda
547 789 658 829 opinio
682 789 715 818 in
738 788 786 818 his
804 795 885 826 quae
908 791 1021 825 postea
1044 784 1218 815 adveniunt
1234 794 1272 815 ex
1288 784 1452 814 alimento.

391 832 426 864 ln
450 842 517 873 quo
544 834 640 863 etiam
662 833 740 862 haec
765 831 876 870 opinio
908 828 1083 859 concordat
1107 838 1182 859 curn
1205 829 1268 859 illa.

445 878 495 908 AD
519 887 635 907 PRIMUM
659 885 741 906 ERGO
765 884 923 905 DICENDUM
950 873 1040 913 quod
1065 883 1115 904 res
1138 874 1288 904 naturalis
1316 883 1384 903 non
1409 878 1455 902 est

390 921 422 952 id
446 921 535 962 quod
566 926 612 951 est
642 930 680 950 ex
710 929 767 949 sua
798 918 947 954 materia,
972 917 1027 948 sed
1058 927 1096 948 ex
1127 928 1184 948 sua
1211 918 1324 948 forma.
1349 916 1453 953 Unde,

392 966 536 1006 quamvis
562 964 640 995 illud
663 964 813 994 materiae
837 962 926 1002 quod
950 962 1148 1002 quandoque
1172 962 1232 993 fuit
1264 963 1323 992 sub
1351 961 1455 992 forma

392 1010 492 1040 carnis
515 1009 660 1043 bovinae,
685 1012 826 1047 resurgat
848 1008 881 1036 in
905 1007 1037 1037 homine
1062 1008 1120 1037 sub
1144 1006 1247 1037 forma
1271 1006 1372 1037 carnis
1395 1006 1455 1036 hu-

391 1063 513 1089 manae,
537 1063 605 1083 non
628 1052 771 1091 sequitur
795 1050 884 1091 quod
907 1057 1049 1091 resurgat
1073 1061 1146 1081 caro
1170 1051 1272 1087 bovis,
1297 1050 1352 1081 sed
1381 1060 1454 1080 caro

391 1098 539 1128 hominis.
565 1097 609 1127 Ita
633 1097 719 1126 enim
744 1096 839 1126 etiam
862 1101 972 1136 posset
996 1095 1147 1126 concludi
1172 1095 1262 1135 quod
1280 1099 1457 1135 resurgeret

390 1143 485 1173 limus
501 1141 540 1171 de
556 1150 622 1180 quo
640 1140 813 1171 formatum
831 1145 877 1170 est
893 1150 1010 1180 corpus
1026 1140 1116 1171 Adae
1128 1141 1154 1170 ἢ
1171 1159 1194 1163 -
1212 1140 1338 1170 Tamen
1354 1139 1456 1179 prima

391 1186 504 1226 opinio
520 1186 537 1202 ³*
561 1184 709 1215 concedit
732 1185 815 1215 hanc
837 1185 1006 1215 rationem.

443 1231 494 1260 Ar>
522 1239 683 1259 SECUNDUM
713 1239 874 1260 maurinum
905 1229 995 1269 quod
1029 1234 1117 1259 costa
1147 1228 1200 1259 illa
1229 1238 1297 1259 non
1330 1227 1391 1258 fuit
1422 1228 1456 1258 in

390 1274 493 1305 Adam
517 1273 556 1304 de
579 1273 778 1314 perfectione
801 1273 967 1310 individui,
993 1273 1049 1304 sed
1072 1273 1216 1304 ordinata
1239 1273 1279 1304 ad
1301 1272 1456 1313 multipli-

391 1319 550 1350 cationem
574 1319 702 1358 speciei.
734 1317 828 1349 Unde
858 1328 927 1348 non
955 1323 1097 1358 resurget
1126 1318 1158 1348 in
1192 1317 1316 1354 Adam,
1341 1317 1397 1347 sed
1423 1317 1456 1347 in

391 1363 496 1393 Heva:
522 1364 604 1393 sicut
627 1368 658 1393 et
681 1372 791 1394 semen
821 1372 890 1393 non
920 1368 1062 1403 resurget
1089 1363 1123 1392 in
1146 1367 1327 1403 generante,
1345 1361 1400 1392 sed
1423 1362 1457 1391 in

390 1412 550 1447 generato.

444 1452 494 1482 AD
519 1461 653 1482 TERTIUM
676 1461 836 1482 mcuNDUM
859 1451 949 1491 quod
973 1450 1152 1482 secundum
1175 1452 1313 1492 primam
1329 1451 1457 1491 opinio—

390 1505 465 1527 nem
482 1497 498 1512 *
522 1495 614 1526 facile
631 1501 677 1526 est
697 1495 737 1527 ad
752 1496 815 1526 hoc
831 1495 1035 1536 respondere.
1061 1495 1146 1534 Quia
1170 1506 1279 1526 carnes
1296 1500 1457 1526 comestae

390 1550 558 1580 nunquam
574 1546 648 1571 sunt
665 1539 704 1570 de
719 1541 850 1571 veritate
873 1541 1034 1571 humanae
1050 1545 1181 1571 naturae
1196 1541 1229 1570 in
1246 1540 1456 1576 comedente;

391 1584 520 1615 fuerunt
543 1589 651 1616 autem
675 1584 715 1615 de
738 1585 868 1615 veritate
891 1586 1050 1616 humanae
1074 1590 1205 1615 naturae
1228 1586 1262 1615 in
1293 1594 1333 1615 eo
1365 1585 1457 1615 cuius

391 1638 500 1660 carnes
525 1628 749 1660 comeduntur.
775 1629 816 1660 Et
839 1630 882 1660 ita
905 1635 1070 1670 resurgent
1092 1630 1125 1659 in
1149 1630 1266 1670 primo,
1287 1635 1318 1660 et
1340 1629 1458 1660 nonin

391 1672 546 1704 secundo.

446 1717 508 1748 Sed
532 1717 710 1749 secundum
727 1717 902 1749 secundam
919 1719 1109 1759 opinionem
1126 1723 1157 1748 et
1173 1719 1298 1748 tertiam
1314 1719 1341 1754 *,
1358 1727 1457 1748 unus-

392 1762 530 1802 quisque
554 1763 588 1792 in
610 1762 666 1793 illo
690 1767 833 1802 resurget
855 1763 889 1794 in
914 1772 980 1803 quo
1004 1763 1104 1803 magis
1129 1763 1259 1793 accessit
1283 1761 1322 1793 ad
1353 1762 1458 1802 perfe-

392 1811 476 1838 ctam
499 1807 777 1846 participationem
799 1807 923 1838 virtutis
946 1808 1075 1847 speciei.
1107 1807 1148 1837 Et
1170 1807 1197 1837 si
1220 1807 1394 1847 aequaliter
1423 1807 1458 1837 in

391 1856 531 1891 utroque
561 1852 746 1888 accesserit,
771 1857 913 1892 resurget
944 1852 978 1882 in
1007 1851 1063 1882 illo
1094 1852 1129 1882 in
1159 1861 1226 1892 quo
1250 1852 1355 1891 primo
1380 1850 1456 1882 fuit:

392 1896 467 1936 quia
489 1896 523 1925 in
547 1905 586 1926 eo
611 1896 716 1935 primo
747 1895 858 1926 habuit
889 1896 1036 1927 ordinem
1060 1896 1100 1926 ad
1129 1896 1396 1926 resurrectionem
1420 1905 1458 1926 ex

392 1940 624 1970 coniunctione
654 1939 694 1970 ad
724 1941 863 1971 animam
893 1941 1083 1972 rationalem
1115 1940 1199 1971 illius
1231 1940 1382 1970 hominis.
1418 1940 1459 1970 Et

391 1983 476 2020 ideo,
501 1984 527 2014 si
550 1984 584 2014 in
607 1985 755 2015 carnibus
779 1986 929 2015 comestis
954 1985 1013 2015 fuit
1036 1985 1143 2025 aliqua
1159 1983 1359 2024 superfluitas
1376 1993 1459 2024 quae

391 2037 459 2059 non
482 2029 654 2068 pertineret
678 2028 717 2059 ad
740 2029 904 2060 veritatem
934 2029 1094 2060 humanae
1126 2034 1258 2059 naturae
1285 2029 1318 2059 in
1342 2029 1458 2069 primo,

391 2082 554 2112 resurgere
577 2073 695 2113 poterit
717 2073 751 2103 in
775 2073 929 2104 secundo.
955 2073 1051 2110 Alias,
1067 2073 1148 2104 illud
1171 2073 1262 2113 quod
1282 2074 1460 2113 pertinebat

392 2117 431 2148 ad
454 2117 721 2148 resurrectionem
745 2118 778 2148 in
801 2118 918 2158 primo,
942 2123 1085 2158 resurget
1107 2118 1141 2148 in
1165 2127 1205 2148 eo
1230 2123 1261 2148 et
1279 2127 1346 2148 non
1362 2118 1395 2148 in
1411 2127 1460 2148 se-

393 2161 517 2192 cundo:
543 2161 598 2192 sed
621 2162 655 2192 in
677 2161 753 2192 loco
770 2162 838 2193 eius
855 2168 1034 2193 sumeretur
1049 2162 1100 2192 vel
1116 2161 1237 2202 aliquid
1253 2161 1292 2193 de
1309 2172 1349 2193 eo
1371 2161 1460 2202 quod

1508 616 1584 637 cum
1607 617 1674 637 non
1698 614 1799 647 ponat
1828 617 1939 638 semen
1970 617 2038 638 esse
2069 617 2107 638 ex
2138 606 2302 647 superfluo
2327 608 2479 638 alimenti.
2511 607 2574 638 Sed

1469 659 1494 675 ¹⁰
1508 651 1586 681 aliae
1620 652 1740 682 multae
1771 652 1909 682 rationes
1939 657 2013 682 sunt
2044 657 2155 682 contra
2184 661 2271 682 eam:
2305 657 2341 682 ut
2370 653 2403 682 in
2428 651 2454 681 ΙΙ
2482 652 2573 687 libro,

1509 695 1579 726 dist.
1596 706 1656 726 xxx
1673 697 1699 732 ⁴⁹,
1724 697 1836 736 patuit.

1652 771 1752 802 ART.
1769 772 1807 802 V.
1825 781 1930 802 UTRUM
1946 782 2100 802 amodum
2117 781 2188 802 ποι-ι’
2204 781 2431 802 mammarum

1626 826 1657 845 IN
1681 826 1813 847 MEMBRIS
1835 826 1974 852 HOMINIS,
1999 826 2105 847 TOTUM
2128 826 2389 846 RESURRECTURUM
2412 826 2457 846 SIT

1923 866 1949 888 In
1964 867 2057 894 Mami„
2073 872 2123 894 cap.
2139 873 2160 887 x.

1511 927 1595 989 ΑΙ)
1625 927 1764 948 αυιΝΤυΜ
1780 928 1826 950 sic
1841 927 2046 948 Pnocnnirun.
2071 917 2206 948 Videtur
2227 917 2317 958 quod
2342 917 2500 958 quidquid
2516 917 2576 948 fuit

1574 962 1777 992 materialiter
1799 963 1833 993 in
1856 963 2008 993 membris
2030 963 2189 999 hominis,
2212 968 2318 993 totum
2341 967 2493 1002 resurget.
2515 962 2575 992 Mi—

1509 1015 1571 1035 nus
1588 1006 1674 1036 enim
1685 1006 1834 1036 videntur
1849 1007 2007 1047 pertinere
2024 1006 2063 1037 ad
2078 1008 2344 1038 resurrectionem
2357 1007 2462 1047 capilli
2479 1016 2576 1047 quam

1510 1050 1570 1079 alia
1593 1051 1746 1080 membra.
1771 1050 1834 1081 Sed
1851 1050 2009 1091 quidquid
2027 1050 2088 1081 fuit
2103 1052 2136 1082 in
2153 1051 2285 1092 capillis,
2301 1057 2408 1082 totum
2423 1056 2575 1091 resurget,

1471 1105 1497 1119 πο
1512 1095 1570 1124 etsi
1592 1104 1659 1124 non
1683 1095 1717 1124 in
1741 1095 1879 1134 capillis,
1903 1095 2016 1125 saltem
2039 1096 2071 1125 in
2096 1096 2164 1126 aliis
2187 1097 2329 1136 partibus
2353 1096 2516 1136 corporis:
2540 1101 2577 1127 ut

1510 1138 1711 1178 Augustinus
1735 1138 1820 1174 dicit,
1837 1139 1870 1169 in
1893 1139 1996 1169 littera
2011 1140 2037 1169 *.
2062 1139 2148 1179 Ergo
2164 1140 2268 1170 multo
2286 1140 2399 1173 fortius
2419 1139 2577 1181 quidquid
2605 1147 2614 1155 '

1510 1183 1544 1213 in
1568 1183 1636 1213 aliis
1659 1183 1811 1213 membris
1834 1183 2038 1214 materialiter
2060 1182 2130 1219 fuit,
2154 1189 2261 1214 totum
2283 1184 2435 1224 resurget.

1569 1237 1598 1257 2.
1622 1227 1826 1263 Prummu,
1850 1228 1933 1258 sicut
1959 1233 2063 1268 partes
2095 1229 2196 1258 carnis
2226 1228 2406 1259 secundum
2436 1229 2577 1268 speciem

1511 1271 1721 1311 perficiuntur
1744 1272 1783 1302 ab
1806 1273 1913 1303 anima
1935 1273 2092 1308 rationali,
2117 1273 2161 1303 ita
2183 1278 2288 1313 partes
2311 1272 2491 1303 secundum
2510 1282 2578 1304 ma·
2615 1277 2620 1282 '
2640 1292 2646 1299 ·

1471 1326 1495 1347 ις
1511 1317 1632 1347 teriam.
1658 1316 1721 1347 Sed
1745 1326 1863 1357 corpus
1886 1317 2067 1347 humanum
2089 1317 2185 1347 habet
2207 1316 2355 1348 ordinem
2379 1317 2418 1347 ad
2441 1326 2579 1348 resurre-

1512 1361 1654 1391 ctionem
1687 1370 1725 1391 ex
1755 1362 1818 1391 hoc
1842 1361 1932 1401 quod
1955 1360 2016 1391 fuit
2045 1362 2152 1392 anima
2179 1362 2326 1392 rationali
2355 1361 2535 1402 perfectum
2550 1363 2577 1392 *.

1512 1405 1598 1446 Ergo
1626 1415 1694 1436 non
1726 1406 1833 1436 solum
1864 1411 1969 1446 partes
1992 1405 2172 1436 secundum
2195 1407 2354 1447 speciem,
2379 1406 2435 1438 sed
2465 1415 2578 1438 omnes

1511 1455 1615 1490 partes
1639 1450 1818 1480 secundum
1841 1451 2008 1480 materiam
2031 1456 2206 1490 resurgent.

1568 1494 1598 1525 3.
1622 1495 1818 1530 PRAETEREA,
1837 1504 1874 1525 ex
1897 1500 1988 1535 parte
2010 1494 2063 1526 illa
2086 1494 2201 1526 accidit
2224 1496 2354 1536 corpori
2380 1495 2518 1526 totalitas
2541 1505 2579 1526 ex

1473 1548 1498 1568 ³⁰
1512 1548 1577 1579 qua
1599 1545 1688 1579 parte
1712 1539 1827 1570 accidit
1850 1540 1879 1570 ei
1896 1539 2010 1570 divisio
2026 1540 2060 1570 in
2075 1545 2190 1580 partes.
2215 1538 2279 1571 Sed
2294 1539 2408 1570 divisio
2425 1540 2459 1570 in
2474 1545 2580 1580 partes

1511 1583 1625 1614 accidit
1649 1584 1778 1624 corpori
1801 1583 1980 1614 secundum
2008 1585 2191 1621 materiam,
2216 1585 2308 1615 cuius
2336 1584 2503 1625 dispositio
2534 1591 2580 1615 est

1512 1629 1682 1668 quantitas,
1706 1628 1886 1659 secundum
1903 1638 2000 1668 quam
2020 1628 2180 1659 dividitur.
2205 1629 2292 1669 Ergo
2309 1634 2340 1659 et
2355 1629 2493 1660 totalitas
2508 1638 2579 1659 cor-

1511 1674 1598 1713 poris
1622 1672 1795 1704 attenditur
1817 1672 1996 1704 secundum
2020 1679 2124 1713 partes
2151 1674 2312 1704 materiae.
2344 1673 2378 1704 Si
2407 1683 2482 1714 ergo
2511 1683 2579 1704 non

1512 1727 1626 1748 omnes
1649 1723 1753 1758 partes
1776 1718 1926 1748 materiae
1950 1723 2131 1758 resurgent,
2155 1727 2223 1749 non
2247 1723 2353 1748 totum
2385 1727 2502 1758 corpus
2531 1727 2581 1749 re-

1474 1770 1496 1790 35
1512 1767 1628 1802 surget.
1653 1762 1752 1800 Quod
1777 1767 1824 1792 est
1846 1762 2088 1792 inconveniens.

1569 1806 1631 1837 San
1656 1816 1794 1842 CONTRA,
1819 1811 1924 1846 partes
1948 1806 2128 1837 secundum
2154 1807 2321 1838 materiam
2350 1816 2419 1838 non
2448 1812 2580 1837 manent

1513 1852 1546 1882 in
1570 1860 1717 1891 corpore,
1734 1851 1791 1881 sed
1805 1850 1912 1881 fluunt
1927 1856 1958 1881 et
1973 1850 2130 1882 refluunt:
2155 1856 2191 1882 ut
2214 1857 2301 1891 patet
2323 1861 2381 1892 per
2395 1851 2475 1882 illud
2491 1851 2580 1892 quod

1513 1895 1629 1927 dicitur
1650 1896 1684 1926 in
1715 1895 1728 1926 1
1751 1895 1790 1926 de
1814 1895 1965 1926 Generat.
1982 1897 1999 1913 ⁴*
2023 1895 2056 1926 Si
2079 1905 2156 1936 ergo
2188 1905 2302 1926 omnes
2331 1901 2436 1936 partes
2465 1905 2581 1927 secun-

1514 1939 1593 1970 dum
1615 1940 1781 1970 materiam
1805 1946 1980 1980 resurgent,
1996 1940 2048 1970 vel
2072 1941 2129 1970 erit
2152 1950 2270 1980 corpus
2290 1941 2483 1980 resurgentis
2503 1940 2581 1971 den-

1473 1991 1500 2012 40
1514 1985 1692 2021 sissimum;
1716 1985 1767 2014 vel
1791 1985 1849 2014 erit
1871 1984 2102 2015 immoderatae
2125 1985 2319 2025 quantitatis.

1571 2038 1601 2059 2.
1625 2029 1822 2064 Prummu,
1839 2028 1998 2068 quidquid
2013 2034 2061 2059 est
2076 2028 2116 2059 de
2131 2030 2262 2061 veritate
2277 2030 2438 2060 humanae
2448 2035 2580 2060 naturae

1514 2073 1545 2103 in
1571 2082 1639 2103 uno
1662 2073 1806 2109 homine,
1830 2078 1936 2103 totum
1959 2078 2067 2113 potest
2090 2083 2158 2104 esse
2181 2083 2254 2114 pars
2276 2074 2426 2106 materiae
2456 2074 2490 2104 in
2517 2074 2580 2105 alio

1514 2117 1647 2148 homine
1671 2117 1727 2157 qui
1751 2118 1819 2148 eius
1843 2118 1990 2148 carnibus
2013 2118 2161 2148 vescitur.
2186 2118 2219 2149 Si
2243 2127 2319 2158 ergo
2343 2127 2457 2149 omnes
2477 2123 2581 2159 partes

1515 2161 1695 2193 secundum
1717 2162 1884 2192 materiam
1914 2168 2079 2202 resurgant
2101 2163 2136 2193 in
2159 2163 2286 2203 aliquo,
2311 2168 2463 2203 sequetur
2491 2162 2582 2204 quod

393 2216 430 2237 ex
453 2206 521 2237 aliis
545 2206 624 2236 cibis
653 2206 688 2236 in
720 2215 849 2238 carnem
879 2206 1014 2238 secundi
1040 2216 1233 2238 conversum
1263 2212 1325 2243 est;
1349 2207 1410 2243 vel,
1435 2207 1461 2237 si
1474 2219 1499 2239 45
1515 2212 1658 2247 resurget
1679 2207 1713 2236 in
1737 2216 1804 2237 uno
1828 2206 1860 2237 id
1884 2205 1974 2246 quod
1997 2212 2044 2237 est
2067 2206 2106 2237 de
2130 2207 2259 2238 veritate
2275 2207 2435 2238 humanae
2450 2213 2582 2240 naturae

391 2250 482 2281 nullo
507 2250 580 2281 cibo
604 2260 750 2290 unquam
773 2256 882 2291 pastus
906 2250 1017 2282 fuisset
1039 2252 1101 2282 nisi
1125 2251 1272 2282 carnibus
1299 2251 1459 2287 humanis,

392 2295 498 2325 divina
520 2295 637 2326 virtute
660 2294 788 2326 aliunde
811 2295 1014 2336 suppleretur
1033 2301 1191 2337 quantum
1211 2295 1406 2336 indigeretur
1421 2295 1461 2327 ad

392 2339 624 2380 perfectionem
648 2340 848 2380 quantitatis;
873 2341 955 2370 sicut
978 2341 1074 2371 etiam
1102 2340 1231 2380 supplet
1253 2341 1288 2370 in
1314 2340 1375 2371 illis
1404 2341 1460 2380 qui

393 2390 465 2414 ante
488 2383 663 2423 perfectam
688 2389 823 2415 aetatem
855 2384 1026 2416 decedunt.
1054 2385 1124 2416 Nec
1154 2394 1212 2425 per
1243 2385 1306 2415 hoc
1339 2384 1461 2425 aliquid

1515 2252 1548 2282 in
1572 2251 1645 2282 alio.
1671 2250 1771 2289 Quod
1795 2249 1842 2282 est
1863 2251 2106 2282 inconveniens.

1570 2295 1760 2326 Rusponnno
1782 2305 1942 2326 mensuum
1973 2295 2063 2336 quod
2093 2296 2172 2326 illud
2196 2295 2285 2336 quod
2309 2301 2356 2326 est
2383 2297 2416 2326 in
2448 2296 2582 2327 homine

1514 2340 1733 2376 materialiter,
1757 2350 1825 2370 non
1857 2340 1953 2370 habet
1982 2340 2128 2371 ordinem
2159 2340 2199 2371 ad
2227 2341 2493 2372 resurrectionem
2520 2341 2582 2371 nisi

1515 2384 1695 2415 secundum
1719 2384 1810 2425 quod
1833 2385 1970 2424 pertinet
1994 2384 2032 2415 ad
2057 2385 2221 2416 veritatem
2245 2385 2406 2416 humanae
2432 2390 2580 2416 naturae:

392 2428 626 2468 praeiudicatur
649 2428 805 2459 identitati
821 2430 855 2460 in
870 2439 1026 2460 numero:
1051 2430 1134 2460 sicut
1149 2439 1210 2460 nec
1225 2429 1460 2469 praeiudicatur
1476 2439 1501 2460 50
1515 2430 1590 2470 quia
1606 2429 1784 2460 secundum
1795 2430 1859 2460 hoc
1871 2429 1967 2460 habet
1982 2429 2130 2460 ordinem
2145 2429 2185 2460 ad
2201 2430 2341 2460 animam
2356 2430 2544 2460 rationalem
2553 2430 2580 2460 ⁴⁸.

392 2482 448 2547 ger
471 2473 534 2503 hoc
567 2472 655 2513 quod
683 2478 787 2513 partes
818 2473 1000 2505 secundum
1027 2474 1195 2505 materiam
1224 2473 1331 2505 fluunt
1358 2480 1389 2505 et
1411 2484 1459 2505 re-

415 2522 506 2548 uunt

446 2562 497 2591 An
527 2572 675 2593 QUARTUM
705 2571 865 2593 mmmmm
892 2562 982 2602 quod
1012 2561 1191 2594 secundum
1221 2563 1358 2603 primam
1390 2563 1460 2604 opi-

392 2606 525 2636 nionem
541 2606 558 2622 ⁴*
582 2605 674 2637 facile
698 2611 745 2636 est
768 2606 902 2636 solvere.
928 2606 1013 2645 Quia
1035 2608 1129 2647 ponit
1153 2607 1243 2647 quod
1266 2616 1377 2638 semen
1391 2617 1460 2638 non

1515 2474 1597 2505 Illud
1621 2479 1729 2505 autem
1752 2479 1858 2505 totum
1882 2473 1971 2514 quod
1995 2479 2042 2504 est
2064 2475 2098 2504 in
2121 2474 2254 2505 homine
2277 2475 2490 2511 materialiter,
2510 2483 2581 2515 per-

1514 2520 1594 2549 tinet
1617 2518 1749 2559 quidem
1772 2518 1812 2549 ad
1834 2519 2000 2549 veritatem
2022 2518 2183 2549 humanae
2206 2524 2337 2549 naturae
2361 2525 2519 2559 quantum
2542 2518 2581 2550 ad

1514 2563 1547 2594 id
1571 2562 1660 2604 quod
1683 2563 1779 2593 habet
1803 2562 1842 2593 de
1865 2563 1982 2603 specie,
2007 2562 2063 2593 sed
2086 2573 2154 2594 non
2178 2569 2285 2594 totum
2301 2563 2499 2594 considerata
2514 2573 2581 2594 ma-

1514 2608 1611 2638 teriae
1634 2607 1806 2644 totalitate,
1831 2608 1906 2647 quia
1929 2613 1997 2638 tota
2019 2608 2151 2638 materia
2175 2617 2258 2648 quae
2281 2607 2342 2638 fuit
2365 2609 2398 2638 in
2414 2609 2548 2639 homine
2563 2618 2582 2639 a

394 2655 440 2680 est
456 2660 493 2680 ex
509 2649 674 2690 superfluo
691 2650 843 2681 alimenti.
864 2650 957 2682 Unde
974 2661 1083 2682 carnes
1099 2657 1261 2682 comestae
1277 2661 1345 2682 non
1360 2658 1460 2683 trans-
1476 2662 1498 2682 ςς
1514 2652 1673 2693 principio
1697 2653 1780 2682 vitae
1804 2661 1907 2692 usque
1931 2651 1971 2683 ad
1993 2651 2103 2689 finem,
2120 2652 2286 2683 excederet
2301 2653 2511 2693 quantitatem
2527 2652 2582 2684 de-

394 2700 470 2725 eunt
493 2695 526 2725 in
550 2704 670 2731 semen,
695 2705 733 2726 ex
758 2705 824 2735 quo
849 2704 930 2735 puer
953 2701 1132 2735 generatur.

448 2738 511 2769 Sed
542 2739 722 2770 secundum
751 2740 827 2770 alias
857 2739 936 2770 duas
965 2741 1136 2780 opiniones
1151 2741 1185 2777 *,
1209 2740 1382 2772 dicendum
1414 2746 1460 2772 est

394 2783 483 2823 quod
506 2793 573 2815 non
598 2789 645 2814 est
667 2784 820 2824 possibile
845 2784 934 2824 quod
957 2790 1064 2815 totum
1081 2784 1171 2825 quod
1187 2784 1248 2816 fuit
1263 2785 1296 2815 in
1313 2785 1460 2816 carnibus

394 2828 543 2858 comestis
566 2829 599 2859 in
623 2838 734 2860 semen
759 2834 979 2859 convertatur:
1005 2830 1080 2869 quia
1102 2834 1177 2870 post
1199 2829 1335 2860 multam
1358 2829 1459 2870 depu-

1514 2697 1613 2728 bitam
1637 2697 1772 2737 speciei:
1797 2702 1833 2727 ut
1863 2697 1955 2727 tertia
1984 2697 2098 2737 opinio
2114 2697 2131 2713 ⁸
2155 2697 2247 2733 dicit,
2272 2707 2354 2738 quae
2385 2697 2582 2737 probabilior

1514 2742 1597 2772 inter
1621 2746 1739 2772 ceteras
1769 2741 1849 2772 mihi
1878 2740 2014 2772 videtur.
2047 2741 2088 2772 Et
2116 2741 2192 2772 ideo
2223 2746 2330 2772 totum
2362 2741 2451 2782 quod
2479 2747 2527 2772 est
2548 2742 2582 2773 in

1514 2786 1647 2816 homine
1670 2791 1812 2826 resurget
1836 2785 2033 2816 considerata
2053 2786 2209 2817 totalitate
2232 2786 2360 2827 speciei,
2378 2795 2461 2826 quae
2481 2791 2582 2817 atten-

1515 2829 1599 2861 ditur
1622 2829 1801 2861 secundum
1825 2830 2052 2871 quantitatem,
2076 2829 2229 2870 figuram,
2254 2831 2351 2861 situm
2375 2836 2406 2861 et
2436 2830 2582 2861 ordinem

394 2872 550 2902 rationem
575 2873 636 2903 cibi
659 2873 844 2913 pervenitur
871 2872 911 2904 ad
941 2873 1168 2905 decoctionem
1195 2874 1345 2910 seminis,
1370 2874 1460 2914 quod
1474 2881 1500 2902 60
1514 2875 1670 2915 partium:
1694 2884 1762 2905 non
1786 2880 1893 2905 autem
1917 2880 2059 2915 resurget
2082 2880 2190 2906 totum
2213 2874 2411 2906 considerata
2426 2875 2580 2906 totalitate

395 2921 441 2946 est
463 2916 663 2956 superfluitas
687 2917 792 2948 ultimi
816 2918 888 2948 cibi.
914 2917 995 2949 Illud
1018 2924 1126 2949 autem
1151 2917 1241 2959 quod
1257 2918 1296 2948 de
1313 2919 1460 2950 carnibus

395 2961 544 2991 comestis
566 2961 599 2990 in
623 2971 733 2993 semen
750 2962 955 2998 convertitur,
971 2963 1109 3003 pertinet
1124 2963 1225 3003 magis
1241 2962 1280 2994 ad
1295 2964 1459 2995 veritatem

394 3004 553 3035 humanae
576 3011 706 3036 naturae
730 3006 763 3036 in
788 3016 827 3036 eo
853 3006 943 3047 quod
967 3016 1005 3037 ex
1028 3007 1150 3039 semine
1180 3007 1336 3044 nascitur,
1362 3017 1459 3048 quam

394 3049 427 3079 in
450 3048 506 3078 illo
531 3058 569 3079 ex
593 3050 683 3080 cuius
708 3051 854 3081 carnibus
879 3060 989 3082 semen
1013 3056 1060 3082 est
1083 3057 1282 3092 generatum.
1307 3052 1348 3083 Et
1373 3051 1458 3088 ideo,

1513 2920 1673 2950 materiae.

1570 2963 1719 2994 Secunda
1749 2969 1857 2994 autem
1888 2964 2000 3004 opinio
2032 2969 2063 2994 et
2092 2964 2196 3004 prima
2215 2965 2232 2980 ⁴*
2261 2973 2330 2994 non
2359 2968 2493 2994 utuntur
2521 2963 2581 2993 hac

1515 3007 1730 3043 distinctione,
1753 3006 1810 3038 sed
1832 3007 2032 3048 distinguunt
2055 3008 2137 3039 inter
2159 3013 2264 3049 partes
2287 3016 2423 3048 quarum
2446 3012 2581 3047 utraque

1514 3053 1610 3083 habet
1633 3053 1774 3092 speciem
1798 3057 1830 3083 et
1851 3052 2027 3083 materiam.
2053 3052 2262 3083 Conveniunt
2284 3057 2392 3082 autern
2415 3051 2475 3082 hae
2498 3050 2581 3082 duae

395 3092 573 3123 secundum
606 3094 749 3133 regulam
779 3095 867 3134 prius
883 3096 900 3112 ⁴*
924 3095 1049 3132 datam,
1073 3096 1137 3127 hoc
1167 3095 1257 3137 quod
1286 3096 1320 3127 in
1350 3106 1460 3127 semen
1474 3103 1499 3129 ες
1515 3097 1687 3137 opiniones
1710 3097 1743 3127 in
1766 3097 1831 3127 hoc
1854 3096 1944 3137 quod
1967 3102 2103 3137 utraque
2126 3096 2203 3127 dicit
2225 3094 2314 3136 quod
2329 3094 2409 3126 illud
2425 3095 2514 3136 quod
2534 3101 2582 3126 est

396 3145 600 3182 conversum·
620 3144 683 3173 est,
708 3145 849 3179 resurget
879 3140 912 3171 in
938 3138 983 3170 eo
1013 3140 1069 3180 qui
1093 3150 1131 3171 ex
1154 3141 1276 3172 semine
1299 3141 1458 3178 nascitur;

396 3180 559 3212 residuum
583 3187 690 3213 autern
713 3184 863 3214 materiae
892 3190 1035 3224 resurget
1064 3185 1097 3215 in
1128 3185 1183 3216 illo
1209 3195 1246 3216 ex
1271 3186 1362 3216 cuius
1394 3195 1460 3217 car-

395 3225 490 3256 nibus
514 3227 663 3256 comestis
686 3236 796 3258 semen
820 3233 866 3258 est
889 3234 1085 3268 generatum.

451 3269 502 3299 An
528 3280 666 3302 dumi-um
689 3281 848 3302 mensuum
877 3273 966 3312 quod
994 3273 1124 3314 embrya
1146 3283 1214 3304 non
1237 3274 1398 3314 pertinent
1421 3274 1461 3305 ad

1516 3151 1554 3172 ex
1577 3142 1699 3172 semine
1723 3147 1920 3181 generatum,
1937 3146 2043 3172 totum
2059 3145 2210 3180 resurget,
2228 3140 2323 3170 etiam
2338 3139 2493 3170 totalitate
2513 3149 2581 3171 ma-

1515 3186 1612 3216 teriae
1637 3185 1844 3216 considerata.
1868 3184 2028 3216 Differunt
2055 3190 2163 3215 autem
2192 3185 2226 3214 in
2257 3184 2321 3214 hoc
2351 3183 2440 3224 quod
2470 3184 2510 3215 de
2540 3194 2580 3215 eo

1516 3229 1606 3270 quod
1629 3240 1667 3261 ex
1691 3230 1844 3260 alimento
1867 3234 2045 3269 generatur,
2069 3228 2149 3259 nihil
2171 3237 2334 3268 resurgere
2358 3229 2452 3269 ponit
2478 3229 2581 3269 prima

1516 3274 1645 3314 opinio3
1670 3273 1811 3305 secunda
1833 3283 1910 3304 vero
1934 3272 2054 3313 aliquid
2077 3273 2146 3303 eius
2168 3281 2331 3313 resurgere
2346 3274 2449 3313 ponit,
2467 3278 2498 3304 et
2512 3283 2580 3304 non

395 3314 661 3346 resurrectionem
685 3321 757 3345 ante
781 3316 1010 3347 animationem
1025 3326 1083 3357 per
1098 3318 1238 3349 animam
1261 3318 1460 3350 rationalem.
1475 3331 1502 3352 70
1515 3323 1632 3355 totum,
1656 3323 1693 3349 ut
1715 3328 1754 3348 ex
1777 3317 1868 3348 dictis
1883 3318 1900 3334 ⁴*
1922 3322 2019 3358 patet.

396 3357 433 3390 In
456 3367 522 3398 quo
547 3363 630 3388 statu
653 3359 715 3390 iam
739 3359 878 3390 multum
902 3360 1029 3391 advenit
1052 3371 1147 3401 supra
1177 3362 1384 3394 substantiam
1412 3373 1462 3395 se—

395 3402 490 3433 minis
514 3401 553 3433 de
577 3403 751 3433 substantia
775 3405 971 3439 nutrimenti,
996 3414 1060 3444 qua
1083 3415 1164 3446 puer
1187 3407 1220 3438 in
1244 3412 1336 3438 utero
1353 3408 1461 3438 matris

395 3447 542 3477 nutritur.
568 3447 609 3477 Et
631 3446 723 3482 ideo,
748 3448 774 3478 si
797 3448 910 3488 aliquis
935 3450 1072 3490 embryis
1095 3456 1257 3486 vescatur,
1283 3456 1314 3481 et
1342 3461 1379 3482 ex
1408 3461 1461 3482 su-

395 3490 521 3530 perfluo
546 3491 629 3522 illius
658 3491 721 3522 cibi
752 3497 921 3531 generetur
952 3493 1082 3532 aliquis,
1106 3494 1186 3524 illud
1217 3495 1307 3534 quod
1339 3496 1396 3526 erit
1427 3496 1460 3526 in

1570 3362 1621 3394 An
1644 3372 1762 3393 ramum
1783 3371 1866 3392 noo
1890 3370 2051 3392 mmmmm
2066 3360 2166 3401 quod,
2190 3361 2272 3392 sieut
2296 3361 2454 3402 quidquid
2477 3367 2525 3393 est
2546 3363 2580 3393 in

1516 3406 1583 3438 aliis
1607 3407 1749 3447 partibus
1773 3406 1916 3446 corporis
1939 3410 2081 3445 resurget
2105 3405 2303 3436 considerata
2326 3406 2480 3437 totalitate
2508 3416 2580 3447 spe—

1516 3452 1586 3486 ciei,
1610 3460 1678 3482 non
1702 3455 1809 3481 autem
1834 3449 2031 3480 considerata
2053 3449 2208 3480 totalitate
2231 3451 2391 3487 materiae,
2415 3451 2458 3481 ita
2485 3451 2579 3482 etiam

1516 3500 1562 3525 est
1585 3494 1624 3525 de
1649 3494 1780 3534 capillis.
1805 3493 1840 3524 In
1863 3494 1931 3524 aliis
1955 3499 2062 3524 autem
2086 3494 2227 3534 partibus
2251 3493 2378 3525 advenit
2399 3494 2519 3535 aliquid
2542 3504 2579 3526 ex

395 3535 568 3566 substantia
593 3535 732 3572 seminis,
757 3542 897 3575 resurget
921 3536 1052 3576 quidem
1075 3538 1108 3568 in
1133 3547 1172 3568 eo
1197 3540 1252 3578 qui
1277 3549 1315 3569 ex
1338 3540 1460 3570 semine
1475 3552 1499 3572 75
1515 3539 1712 3569 nutrimento
1737 3537 1826 3578 quod
1850 3537 1924 3568 facit
1948 3543 2171 3578 augmentum:
2198 3544 2229 3568 et
2244 3539 2307 3569 hoc
2324 3544 2529 3579 computatur
2544 3545 2580 3570 ut

2603 569 2611 579 ·
2631 567 2657 589 In
2681 574 2761 596 corp.,
2787 568 2817 590 Ut

2602 600 2629 615 er
2647 600 2670 615 o.

2602 622 2612 632 ·
2649 627 2672 643 u.
2687 627 2716 647 n,
2732 625 2773 643 art.
2792 628 2814 647 ις

2602 647 2631 669 cf.
2643 653 2709 675 corp.
2729 647 2761 670 ΕΙ
2770 648 2818 670 hae

2602 676 2660 696 tres.
2672 685 2683 692 -
2697 663 2735 697 di.
2754 674 2814 697 Part.

2602 702 2666 728 Lqu.
2677 706 2787 727 cxnxmn.
2795 709 2816 723 ι.

2606 1362 2616 1373 ·
2631 1361 2667 1384 Cf.
2683 1365 2725 1383 m.
2738 1367 2760 1386 ιε
2775 1363 2817 1382 an.

2605 1394 2626 1417 3¹
2636 1394 2662 1410 ⁸¹*
2679 1403 2685 1409 ·
2699 1394 2724 1416 33
2739 1391 2781 1409 ²¹1·
2793 1394 2821 1414 4⁷

2606 1420 2654 1442 arg.
2684 1415 2715 1436 ed
2726 1416 2821 1436 conm-

2607 1897 2699 1974 ἐξα-..ὲ
2707 1904 2827 1947 yfle'ldgis

2609 2432 2620 2443 ”
2629 2430 2666 2454 ef.
2676 2431 2728 2453 Ιοοι
2742 2430 2781 2453 cit.
2795 2430 2822 2453 in

2608 2463 2656 2486 arg.
2670 2463 2691 2480 2.

2609 2696 2822 2750 mnas-..rw

2609 2967 2618 2976 '
2627 2964 2663 2987 Cf.
2672 2965 2737 2997 ibid„
2746 2964 2776 2987 Ut
2782 2971 2821 2987 er-

2605 2998 2649 3020 go,
2658 2995 2680 3014 et
2693 2991 2743 3014 Aln‘
2755 2997 2821 3014 vero.

2607 3312 2726 3367 232³,
2738 3311 2821 3362 ira:

2607 3366 2684 3389 cunda
2698 3368 2784 3389 man.
