2878 4088
148 661 157 670 ·
174 658 238 681 Vers.
256 666 283 686 ¹4
298 666 349 687 sqq.

392 195 462 220 122

440 263 490 293 An
515 272 631 292 PRIMUM
654 272 736 292 aneo
761 272 921 292 memnon
937 262 1027 302 quod
1045 264 1161 294 servire
1177 273 1245 293 non
1262 269 1308 293 est
1332 262 1453 302 aliquid

384 309 607 347 incompetens
631 306 828 337 Christianae
854 307 1017 347 religionis
1047 307 1254 347 perfectioni,
1280 316 1362 347 quae
1386 316 1453 336 ma-

385 353 469 382 xime
485 351 697 381 humilitatem
720 351 898 391 profitetur.
924 351 987 382 Sed
1010 352 1162 392 obligatio
1187 351 1382 382 matrimonii
1398 350 1453 380 ali-

386 396 463 437 quid
487 395 618 436 derogat
640 395 831 436 perfectioni
853 396 936 426 vitae
953 396 1161 432 Christianae,
1178 397 1269 426 cuius
1289 403 1453 425 summum

385 446 501 471 statum
525 440 726 470 continentes
748 439 923 480 possident.
959 441 1000 471 Et
1023 440 1096 470 ideo
1121 450 1188 470 non
1212 445 1258 470 est
1281 439 1384 469 simile
1413 437 1452 468 de

386 491 535 525 utroque.

440 530 481 559 Et
497 534 658 569 praeterea
681 538 765 559 unus
790 529 967 569 coniugum
983 539 1050 559 non
1067 529 1225 568 obligatur
1249 527 1337 558 alteri
1362 527 1452 566 quasi

386 574 545 614 possessio
570 574 648 609 eius,
673 574 754 603 sicut
778 573 911 603 domino
940 583 1058 608 servm,
1083 572 1139 602 sed
1161 582 1218 612 per
1241 571 1377 602 modum
1401 580 1452 600 so-

387 619 506 649 cietatis
530 617 713 648 cuiusdam:
739 627 822 658 quae
845 627 912 647 non
936 627 1078 657 congrue
1099 622 1146 647 est
1167 616 1268 646 fidelis
1285 615 1324 646 ad
1340 614 1452 645 infide-

386 663 460 699 lem,
477 668 513 693 ut
528 667 615 702 patet
634 662 660 692 11
680 662 757 692 Cor.
772 672 805 692 vr
821 662 846 691 *.
872 662 913 692 Et
927 661 1001 692 ideo
1025 671 1093 692 non
1117 667 1163 692 est
1186 661 1289 691 simile
1305 659 1344 690 de
1361 669 1452 690 servo
1468 671 1476 684 ι

387 713 418 737 et
441 717 539 737 coniu
563 716 590 737 e.

441 752 492 782 An
516 716 678 781 sagcuunum
702 760 861 780 mmmmm
885 749 974 790 quod
998 760 1079 780 uxor
1101 759 1169 780 non
1192 750 1329 780 habebat
1352 749 1401 778 ius
1419 748 1453 778 in

387 805 523 836 corpore
546 796 604 825 viri
627 795 686 825 nisi
711 794 854 835 quandiu
876 795 910 824 in
925 795 989 824 vita
1007 795 1060 825 illa
1080 795 1229 824 manebat
1243 794 1278 824 in
1294 803 1359 833 qua
1375 802 1452 823 con-

1058 184 1322 231 QUAESTIO
1351 184 1762 230 L1X‚ART1CULUS
1790 185 1835 230 v,
1858 185 1907 221 V1

1510 263 1595 302 Ergo
1620 263 1862 292 matrimonium
1886 263 1919 292 in
1942 261 2127 293 infidelitate
2157 269 2358 294 contractum
2387 270 2494 304 potest
2517 263 2580 295 dis-

1509 307 1599 336 solvi.
1625 307 1666 336 Et
1688 307 1740 342 ita,
1758 307 1864 337 soluto
1888 307 2115 337 matrimoniali
2137 307 2279 344 vinculo,
2300 308 2374 338 licet
2393 309 2462 339 viro
2485 308 2579 339 aliam

1510 350 1626 380 ducere
1649 351 1682 381 in
1706 360 1850 381 uxorem.

1566 404 1595 424 2.
1620 395 1822 431 PRAETEREA,
1846 395 1893 425 vir
1916 404 1984 425 non
2008 394 2104 425 debet
2130 395 2314 426 cohabitare
2342 397 2436 427 uxori
2458 396 2580 428 infideli

1508 439 1632 468 nolenti
1656 439 1837 469 cohabitare
1861 439 1929 469 sine
1953 439 2150 469 contumelia
2174 439 2344 471 Creatoris.
2369 440 2403 471 Si
2418 450 2495 480 ergo
2511 450 2579 471 non

1508 483 1617 513 liceret
1646 483 1675 513 ei
1703 483 1797 513 aliam
1825 483 1959 519 ducere,
1985 489 2153 524 cogeretur
2183 484 2415 515 continentiam
2444 494 2578 515 servare.

1508 527 1608 564 Quod
1631 527 1757 557 videtur
1779 528 2029 558 inconveniens:
2057 529 2133 568 quia
2156 528 2202 558 sic
2225 538 2263 558 ex
2287 529 2499 560 conversione
2521 538 2580 560 sua

1507 571 1755 602 incommodum
1779 577 1963 612 reportaret.

1562 616 1751 646 Rssspownno
1776 626 1936 646 meatuum
1960 616 2059 657 quod,
2085 616 2216 656 quando
2240 617 2318 648 alter
2342 618 2520 658 coniugum
2539 617 2580 648 ad

1507 659 1605 690 fidem
1637 661 1847 697 convertitur,
1872 661 1971 691 altero
1999 661 2033 691 in
2060 661 2247 692 infidelitate
2276 667 2444 698 manente,
2469 661 2579 692 disn‘n-

1507 704 1673 745 guendum
1697 710 1753 735 est.
1778 704 1864 743 Quia
1883 706 1909 735 si
1923 704 2060 736 infidelis
2083 706 2154 736 vult
2176 707 2358 737 cohabitare
2373 707 2444 738 sine
2466 711 2579 737 contu-

1507 749 1603 779 melia
1634 750 1818 785 Creatoris‚
1847 749 1944 786 idest,
1977 750 2045 780 sine
2074 750 2138 780 hoc
2168 750 2258 790 quod
2287 750 2327 781 ad
2357 750 2578 782 infidelitatem

1506 793 1647 830 inducat,
1671 799 1779 834 potest
1800 793 1902 824 fidelis
1925 794 2024 825 libere
2048 794 2220 831 discedere,
2242 795 2298 826 sed
2321 795 2487 826 discedens
2510 805 2579 826 non

2762 1025 2818 1052 del..
2872 1023 2878 1040 -'

146 2265 154 2274 ·
171 2263 205 2285 Cf.
222 2269 261 2291 qu.
278 2269 352 2287 vau,

145 2294 187 2311 art.
205 2297 222 2311 ι.

149 2837 158 2846 ·
179 2835 237 2862 Cap.
263 2834 357 2857 Gaude-

148 2868 206 2888 mus,
221 2862 250 2883 de
264 2862 358 2886 Divort.

154 3488 163 3499 ·
170 3486 205 3510 Cf.
214 3493 264 3515 cap.
271 3486 366 3514 Quanto

155 3515 178 3535 te
195 3514 301 3535 novimus
307 3530 316 3541 ,
336 3513 366 3534 de

154 3540 247 3562 Dtvort.

386 845 558 870 traxerant:
584 840 659 879 quia
675 840 780 874 etiam,
798 843 926 869 mortuo
951 839 1032 874 viro,
1051 848 1138 869 uxor
1157 839 1265 869 soluta
1282 843 1328 868 est
1343 837 1452 878 alege
1507 843 1613 878 potest
1637 839 1724 869 alteri
1748 839 1880 869 nubere.
1909 838 1942 870 Si
1965 845 2073 870 autem
2096 839 2234 870 infidelis
2257 850 2326 870 non
2349 839 2425 870 velit
2448 840 2579 871 cohabi-

148 880 158 890 “
172 879 240 901 Vm·
255 885 275 900 ²·
387 884 458 920 viri,
476 889 511 914 ut
534 890 621 924 patet
643 884 735 913 Rom.
753 893 796 912 vn
811 883 838 913 θ’.
869 883 910 912 Et
933 883 1006 913 ideo
1031 884 1066 919 si,
1086 888 1258 923 postquam
1282 883 1328 912 vir
1351 886 1453 912 mutat
1468 891 1490 911 15
1507 889 1572 923 tare
1597 883 1665 913 sine
1688 883 1885 913 contumelia
1908 883 2078 920 Creatoris‚
2095 885 2129 914 in
2152 885 2248 914 verba
2271 883 2488 925 blasphemiae
2503 893 2579 924 pro·

386 929 483 958 vitam
506 929 646 958 moriens
669 928 768 967 priori
791 927 887 962 vitae,
912 928 950 957 ab
976 937 1012 957 ea
1036 927 1190 963 discedat,
1215 927 1341 957 nullum
1366 925 1401 956 fit
1424 926 1453 955 ei
1507 937 1660 967 rumpens
1683 932 1714 957 et
1736 937 1858 957 nornen
1883 927 2001 958 Christi
2024 928 2134 959 audire
2157 929 2282 966 nolens,
2299 934 2388 965 tunc,
2405 930 2431 959 si
2451 928 2490 959 ad
2505 927 2578 959 infi-

385 972 626 1013 praeiudicium.
1508 971 1670 1002 delitatem
1699 972 1880 1011 pertrahere
1910 973 2044 1009 nitatur,
2068 973 2116 1003 vir
2143 972 2246 1004 fidelis
2277 973 2442 1004 discedens
2471 978 2579 1014 potest

441 1017 611 1046 Transiens
635 1021 743 1045 autem
767 1015 806 1045 ad
830 1015 1019 1054 religionem
1048 1015 1184 1045 moritur
1213 1020 1339 1045 tanturn
1362 1014 1452 1053 spiri·
1507 1016 1596 1046 alteri
1619 1025 1677 1055 per
1699 1016 1942 1047 matrimonium
1966 1017 2111 1057 copulari
2126 1018 2153 1048 ἕ.
2606 1025 2716 1047 ·(;ιιι..ςι·
2875 1032 2878 1051 ;

385 1061 462 1091 tuali
485 1065 604 1095 morte,
629 1069 696 1089 non
721 1065 828 1089 autem
859 1059 1028 1098 corporali.
1058 1059 1100 1089 Et
1122 1058 1214 1094 ideo,
1239 1059 1264 1088 si
1288 1058 1452 1088 matrimo-
1559 1059 1611 1089 An
1627 1069 1744 1098 pamma
1759 1069 1843 1090 aneo
1859 1070 2019 1091 meatuum
2035 1061 2125 1101 quod
2140 1063 2383 1093 matrimonium
2398 1061 2578 1093 infidelium
2605 1051 2819 1107 fissuafflhdflss

384 1106 475 1134 nium
505 1104 543 1133 sit
576 1108 852 1139 consummatum,
885 1112 952 1133 non
982 1108 1089 1143 potest
1116 1104 1163 1132 vir
1193 1103 1261 1132 sine
1292 1110 1452 1132 consensu
1466 1110 1493 1125 ²⁰
1507 1109 1554 1134 est
1565 1103 1901 1143 imperfectum*:sed
1913 1106 2155 1136 matrimonium
2171 1106 2316 1137 fidelium
2329 1112 2376 1137 est
2387 1106 2577 1147 perfectum,
2605 1105 2820 1154 gmm‘ssg

385 1149 491 1179 uxoris
507 1148 547 1178 ad
562 1148 750 1187 religionem
773 1148 913 1177 transire.
938 1147 1047 1177 Potest
1071 1152 1178 1177 autem
1203 1153 1275 1177 ante
1293 1145 1452 1176 carnalem
1507 1153 1538 1178 et
1561 1148 1604 1177 ita
1628 1153 1675 1177 est
1697 1147 1830 1178 firmius.
1859 1148 1993 1188 Semper
2015 1155 2122 1180 autem
2147 1150 2270 1180 firmius
2293 1151 2460 1182 vinculum
2483 1151 2579 1182 solvit
2606 1158 2700 1180 Dium-t.
2752 1148 2761 1159 '
2867 1161 2878 1173 ⁴2

385 1193 552 1232 copulam,
578 1191 708 1232 quando
734 1197 780 1221 est
803 1197 928 1221 tantum
956 1191 1074 1231 copula
1102 1191 1281 1231 spiritualis.
1313 1189 1376 1221 Sed
1398 1189 1452 1219 ille
1505 1192 1613 1222 minus
1636 1191 1777 1227 firmum,
1794 1193 1820 1222 si
1843 1193 1883 1222 sit
1907 1193 1936 1223 ei
1959 1194 2165 1224 contrarium.
2190 1195 2231 1224 Et
2246 1195 2320 1226 ideo
2335 1196 2578 1226 matrimonium
2606 1185 2666 1208 'Cf'
2681 1187 2761 1207 “L’'

385 1238 439 1277 qui
464 1236 503 1266 ad
526 1237 720 1276 baptismum
745 1235 876 1271 accedit,
894 1236 1102 1276 corporaliter
1124 1236 1220 1266 etiam
1237 1234 1453 1274 consepelitur
1507 1235 1597 1276 quod
1620 1241 1694 1275 post
1716 1236 1750 1266 in
1773 1235 1837 1266 fide
1853 1236 1972 1267 Christi
1995 1238 2202 1275 contrahitur,
2219 1239 2314 1269 solvit
2335 1239 2579 1271 matrimonium

147 1281 203 1302 'Ad
217 1281 290 1308 Rom„
305 1287 357 1308 cap.
387 1281 514 1311 Christo
540 1281 571 1310 in
596 1285 730 1310 mortem
747 1281 773 1310 *.
799 1280 839 1310 Et
855 1280 928 1310 ideo
953 1290 971 1310 a
994 1279 1103 1310 debito
1127 1279 1290 1310 reddendo
1315 1278 1451 1309 absolvi·
1507 1280 1597 1320 quod
1619 1281 1708 1319 prius
1731 1281 1764 1311 in
1787 1279 1974 1314 infidelitate
1998 1287 2200 1313 contractum
2223 1282 2336 1314 fuerat.
2361 1283 2455 1314 Unde
2470 1285 2579 1314 matri-

147 1313 175 1334 v'’
192 1314 250 1329 γεω
264 1315 287 1334 ⁴'
383 1332 443 1362 tur,
469 1326 563 1355 etiam
587 1330 661 1365 post
683 1325 925 1354 matrimonium
949 1329 1220 1355 consummatum.
1467 1335 1489 1355 ²5
1506 1325 1655 1355 monium
1679 1324 1859 1355 infidelium
1882 1335 1950 1356 non
1974 1331 2022 1356 est
2045 1328 2180 1357 omnino
2197 1326 2328 1358 firmum
2344 1333 2375 1358 et
2390 1333 2506 1364 ratum,
2522 1327 2579 1359 sed

438 1370 497 1400 Vel
522 1369 694 1399 dicendum
718 1369 807 1409 quod
831 1379 868 1399 ex
893 1369 987 1409 culpa
1019 1379 1075 1399 sua
1106 1379 1188 1399 uxor
1216 1367 1451 1409 praeiudicium
1506 1368 1678 1400 ratificatur
1701 1369 1913 1409 postmodum
1936 1379 1994 1410 per
2016 1369 2115 1402 fidem
2139 1370 2267 1402 Christi.

383 1415 510 1455 patitur,
535 1423 617 1454 quae
642 1414 785 1443 converti
809 1415 997 1444 contemnit.
1561 1414 1612 1443 Ar>
1643 1423 1806 1444 sactmmm
1836 1423 1996 1444 meantum
2027 1415 2117 1455 quod
2149 1417 2270 1447 crimen
2299 1418 2409 1447 uxoris
2437 1417 2578 1448 nolentis

438 1459 487 1488 An
512 1468 646 1488 marmur
670 1468 828 1488 DICENDUM
853 1458 943 1497 quod
966 1458 1129 1498 disparitas
1153 1458 1258 1488 cultus
1282 1456 1357 1487 facit
1380 1466 1451 1496 per·
1507 1458 1689 1488 cohabitare
1724 1458 1792 1489 sine
1822 1459 2020 1490 contumelia
2051 1459 2229 1497 Creatoris‚
2261 1461 2398 1492 absolvit
2425 1461 2532 1492 virum
2559 1471 2579 1492 a

384 1513 496 1533 sonam
520 1502 705 1542 simpliciter
727 1502 942 1542 illegitimam:
967 1512 1036 1533 non
1059 1508 1166 1533 autem
1191 1501 1335 1533 conditio
1355 1501 1451 1532 servi·
1506 1503 1657 1533 servitute
1687 1512 1752 1543 qua
1781 1503 1950 1533 tenebatur
1977 1505 2070 1534 uxori
2098 1510 2134 1535 ut
2161 1515 2229 1536 non
2256 1511 2367 1546 posset
2390 1515 2427 1537 ea
2450 1506 2578 1538 vivente

148 1551 205 1573 'Cf-
219 1552 263 1573 loc·
279 1552 316 1573 cit·
332 1552 355 1574 in
383 1548 468 1583 tutis,
493 1546 548 1577 sed
571 1547 678 1577 solum
705 1546 836 1586 quando
864 1547 1008 1586 ignorata
1031 1553 1078 1577 est
1093 1548 1120 1577 ἦ
1151 1547 1192 1577 Et
1214 1546 1288 1577 ideo
1313 1555 1381 1576 non
1405 1551 1452 1576 est
1467 1556 1492 1576 ιο
1506 1547 1601 1577 aliam
1625 1546 1757 1583 ducere,
1782 1547 1838 1578 sed
1861 1547 2008 1578 nondum
2033 1549 2128 1579 solvit
2150 1550 2411 1581 matrimonium:
2437 1551 2528 1592 quia,
2550 1551 2578 1582 si

145 1583 191 1605 πε·
380 1592 492 1622 similis
515 1592 594 1621 ratio
619 1591 659 1621 de
682 1590 803 1621 infideli
827 1596 858 1621 et
882 1592 1005 1622 ancilla.
1506 1591 1692 1631 blasphema
1721 1592 1775 1622 illa
1806 1597 2046 1623 converteretur
2075 1599 2250 1634 antequam
2278 1595 2332 1626 ille
2360 1595 2447 1626 aliud
2469 1596 2578 1627 matii-

437 1637 487 1666 An
513 1645 661 1666 euanrum
684 1645 844 1665 mmmmm
860 1635 950 1675 quod
972 1636 1079 1676 proles
1095 1641 1150 1666 aut
1165 1635 1310 1676 pervenit
1325 1634 1364 1665 ad
1380 1644 1451 1674 per·
1505 1636 1655 1666 monium
1676 1637 1886 1673 contraheret,
1903 1637 2087 1668 redderetur
2103 1639 2132 1668 ei
2147 1639 2194 1669 vir
2217 1649 2294 1670 suus
2310 1640 2336 1670 *.
2364 1639 2428 1671 Sed
2444 1640 2578 1671 solvitur
2604 1649 2615 1660 ·
2639 1647 2697 1676 enp-
2711 1647 2817 1680 vaude-

383 1680 499 1710 fectam
523 1685 674 1710 aetatem:
701 1685 732 1710 et
755 1685 832 1710 tunc
855 1681 973 1720 poterit
996 1681 1094 1710 libere
1118 1681 1209 1720 sequi
1233 1685 1355 1720 patrem
1372 1678 1450 1709 fide·
1505 1689 1563 1720 per
1585 1681 1827 1712 matrimonium
1851 1691 2000 1721 sequens,
2018 1682 2057 1713 ad
2074 1682 2164 1722 quod
2187 1685 2354 1723 pervenire
2376 1694 2445 1715 non
2467 1689 2578 1725 posset
2604 1680 2664 1702 '⁸⁸⁸'
2678 1673 2817 1697 “m“

382 1725 447 1755 lem
470 1725 520 1754 vel
544 1730 678 1754 matrem
700 1723 875 1754 infidelem.
900 1724 959 1755 Vel
982 1730 1029 1755 est
1051 1725 1085 1754 in
1108 1725 1226 1755 minori
1250 1729 1350 1755 aetate
1373 1733 1451 1754 con-
1505 1725 1552 1755 vir
1574 1724 1677 1756 fidelis
1698 1726 1759 1756 nisi
1788 1726 1912 1756 solutus
1929 1736 1947 1756 a
1962 1729 2112 1757 servitute
2135 1728 2243 1758 uxoris
2261 1738 2319 1768 per
2345 1729 2475 1769 culpam
2497 1729 2576 1760 eiua.

384 1770 520 1799 stitutus.
545 1769 585 1799 Et
608 1774 685 1798 tunc
710 1768 803 1798 debet
827 1768 892 1798 dari
915 1768 1012 1804 fideli,
1029 1779 1097 1799 non
1121 1770 1266 1799 obstante
1290 1767 1380 1808 quod
1402 1768 1451 1798 in-
1467 1777 1489 1798 35
1560 1769 1611 1799 An
1635 1779 1771 1800 raa-rum
1794 1780 1954 1801 erasmum
1970 1771 2070 1811 quod,
2087 1777 2261 1812 postquam
2283 1772 2387 1804 fidelis
2410 1773 2576 1810 contraxit,

145 1815 227 1862 '52³3-
242 1814 279 1863 ξπ
294 1814 356 1836 litte·
384 1813 469 1854 diget
491 1814 598 1843 matris
623 1813 780 1852 obsequio
805 1812 844 1843 ad
867 1813 1092 1843 educationem
1107 1814 1134 1844 ἢ
1506 1813 1650 1844 solutum
1674 1819 1720 1844 est
1743 1815 1910 1845 vinculum
1933 1816 2130 1846 matrimonii
2153 1826 2192 1847 ex
2214 1822 2351 1857 utraque
2370 1823 2476 1857 parte:
2501 1818 2578 1858 quia

144 1847 236 1895 ῗῖἃαῇ,
262 1847 356 1863 envers.
438 1858 488 1888 An
514 1867 653 1888 omarum
683 1867 842 1887 mem-mum
873 1857 963 1897 quod
993 1857 1116 1888 adulter
1139 1867 1196 1898 per
1219 1857 1451 1897 poenitentiam
1506 1858 1748 1889 matrimonium
1778 1869 1845 1889 non
1875 1859 2032 1891 claudicat
2062 1866 2220 1900 quantum
2243 1861 2283 1892 ad
2304 1862 2482 1893 vinculum.
2513 1861 2578 1893 Sed

383 1912 450 1932 non
473 1902 582 1932 transit
598 1901 637 1932 ad
653 1901 746 1932 aliam
770 1901 877 1937 vitam,
900 1902 982 1932 sicut
1004 1901 1141 1932 infidelis
1165 1911 1222 1942 per
1244 1902 1450 1942 baptismum.
1507 1902 1705 1942 quandoque
1721 1903 1878 1934 claudicat
1888 1909 2052 1943 quantum
2069 1904 2109 1935 ad
2124 1904 2275 1936 effectum
2287 1907 2314 1937 “.
2338 1906 2432 1937 Unde
2445 1907 2481 1937 'in
2497 1915 2578 1947 poe-
2603 1913 2615 1924 ·
2629 1911 2710 1935 Gne-n.
2725 1911 2750 1934 in
2765 1918 2818 1934 mn.

384 1947 424 1976 Et
447 1946 520 1976 ideo
544 1956 612 1976 non
637 1951 683 1976 est
706 1946 815 1976 similis
839 1947 929 1976 ratio.
1506 1956 1581 1976 nam
1605 1948 1712 1977 uxoris
1735 1947 1872 1978 infidelis
1889 1949 1918 1978 ei
1933 1948 2084 1996 indicitur
2107 1949 2197 1989 quod
2212 1959 2280 1980 non
2296 1950 2398 1991 possit
2420 1960 2497 1981 cum
2512 1951 2576 1982 alio
2604 1938 2819 1994 {Wffffaffi'fft

427 2012 526 2042 ART.
550 2012 589 2042 V.
617 2021 721 2041 urania
747 2022 866 2042 rmams
891 2022 1057 2042 mscanmzs
1080 2022 1119 2041 AB
1143 2021 1246 2042 uxom:
1270 2021 1407 2041 mamam
1465 1998 1492 2018 ⁴⁰
1507 1991 1710 2027 contrahere’
1734 1993 1835 2032 magis
1859 2001 1958 2032 quam
1981 1994 2098 2024 Viftme
2120 1995 2318 2024 matrimonii
2347 1994 2576 2034 praecedenti*

633 2065 735 2085 Possm·
759 2065 854 2085 ALIAM
878 2066 998 2085 DUCERE
1021 2066 1053 2085 IN
1076 2065 1203 2086 UXOREM

447 2132 466 2151 1)
498 2131 637 2152 nmmum
666 2131 711 2151 sic
741 2131 945 2151 paocnnrrua.
982 2121 1116 2152 Videtur
1144 2121 1234 2161 quod
1256 2121 1358 2152 fidelis
1387 2121 1449 2152 dis-

385 2136 562 2196 Acedens
589 2166 627 2196 ab
652 2175 752 2196 uxore
780 2165 901 2196 infideli
929 2175 998 2196 non
1025 2167 1127 2206 possit
1153 2166 1247 2196 aliam
1275 2165 1392 2196 ducere
1417 2166 1451 2196 in

382 2220 525 2241 uxorem.
557 2210 642 2248 Quia
670 2209 928 2240 indissolubilitas
953 2216 1000 2240 est
1023 2210 1062 2240 de
1086 2211 1209 2241 ratione
1237 2211 1449 2241 matrimonii:
1465 2218 1488 2238 45

383 2265 457 2285 cum
473 2254 643 2295 repudium
659 2255 767 2285 uxoris
784 2255 823 2284 sit
840 2260 951 2285 contra
966 2255 1071 2294 legem
1090 2260 1221 2285 naturae
1237 2256 1265 2285 *.
1291 2254 1354 2285 Sed
1369 2255 1450 2285 inter

381 2299 525 2329 infideles
550 2304 614 2329 erat
637 2300 1025 2337 verumeatrimonium.
1050 2299 1136 2340 Ergo
1160 2299 1251 2330 nullo
1273 2299 1374 2330 modo
1391 2309 1450 2339 po-

382 2349 442 2374 test
464 2343 544 2374 illud
567 2344 809 2374 matrimonium
833 2343 923 2374 solvi.
954 2343 1030 2380 Sed,
1054 2350 1205 2374 manente
1228 2343 1359 2374 vinculo
1383 2353 1451 2374 ma—

381 2389 523 2418 trimonii
539 2387 578 2418 ad
594 2397 702 2423 unam,
718 2397 786 2418 non
802 2393 908 2428 potest
932 2388 1046 2428 aliquis
1069 2398 1145 2419 cum
1169 2389 1230 2419 alia
1252 2389 1450 2419 contrahere.

382 2433 468 2472 Ergo
492 2432 593 2462 fidelis
618 2432 782 2463 discedens
805 2442 873 2463 non
896 2439 1002 2472 potest
1026 2443 1101 2463 cum
1125 2433 1184 2464 alia
1208 2434 1405 2464 contrahere.

439 2486 469 2507 2.
493 2477 696 2513 Pammeni,
727 2477 848 2507 crimen
881 2478 1109 2517 superveniens
1140 2478 1348 2508 matrimonio
1382 2487 1451 2508 non

383 2521 478 2551 solvit
500 2522 752 2551 matrimonium.
787 2521 866 2557 Sed,
890 2522 916 2551 si
939 2522 1055 2552 mulier
1078 2522 1154 2553 velit
1177 2522 1359 2553 cohabitare
1383 2522 1451 2552 sine

384 2565 579 2596 contumelia
602 2565 779 2602 Creatoris‚
803 2575 870 2596 non
902 2572 949 2596 est
978 2566 1122 2597 solutum
1149 2567 1316 2597 vinculum
1344 2567 1451 2597 matri—

384 2610 501 2640 monii:
527 2610 603 2649 quia
625 2610 672 2640 vir
693 2620 761 2640 non
783 2615 889 2650 potest
915 2611 1008 2641 aliam
1031 2611 1158 2642 ducere.
1179 2611 1265 2651 Ergo
1282 2616 1452 2652 peccatum

384 2655 491 2684 uxoris
507 2663 590 2694 quae
606 2663 673 2684 non
688 2655 757 2684 vult
773 2655 953 2685 cohabitare
974 2656 1042 2686 sine
1066 2655 1263 2686 contumelia
1279 2655 1450 2692 Creatoris‚
1467 2665 1489 2685 55

384 2708 451 2728 non
471 2698 565 2728 solvit
587 2699 838 2736 matrimonium,
855 2705 890 2730 ut
905 2699 1004 2730 libere
1027 2701 1128 2740 possit
1143 2701 1190 2731 vir
1206 2700 1300 2731 aliam
1317 2709 1452 2731 uxorem

386 2742 511 2773 ducere.

441 2787 469 2817 3.
494 2787 690 2823 Phameam,
706 2788 753 2818 vir
773 2794 803 2818 et
819 2798 900 2819 uxor
923 2794 997 2819 sunt
1019 2799 1111 2829 pares
1134 2789 1167 2820 in
1190 2789 1321 2820 vinculo
1345 2789 1451 2820 matri-

384 2831 486 2861 monii
501 2832 527 2862 ’ἱ
553 2831 638 2862 Cum
655 2841 731 2872 ergo
753 2833 844 2863 uxori
864 2832 986 2863 infideli
1008 2843 1076 2864 non
1100 2834 1204 2870 liceat,
1220 2834 1347 2864 vivente
1370 2834 1450 2870 viro,

385 2876 483 2906 alium
506 2876 609 2906 virum
633 2876 765 2913 ducere,
790 2877 914 2907 videtur
938 2878 1027 2918 quod
1050 2888 1111 2909 nec
1134 2878 1221 2909 fideli
1244 2878 1347 2909 liceat.

439 2929 470 2958 4.
494 2920 689 2957 Pam-raam,
708 2920 911 2958 favorabilius
928 2928 975 2952 est
991 2923 1207 2953 continentiae
1222 2928 1336 2953 votum
1353 2932 1452 2963 quam

385 2965 579 2994 matrimonii
603 2971 793 2996 contractus.
818 2966 881 2997 Sed
900 2967 967 2997 viro
991 2966 1077 2997 fideli
1100 2968 1208 2998 uxoris
1231 2967 1368 2998 infidelis
1383 2977 1452 2998 non

385 3008 468 3044 licet,
492 3014 528 3039 ut
550 3008 685 3046 videtur,
709 3015 822 3040 votum
847 3011 1062 3042 continentiae
1086 3012 1249 3042 emittere:
1275 3012 1351 3052 quia
1373 3017 1451 3042 tunc

386 3062 467 3082 uxor
481 3051 677 3084 fraudaretur
700 3055 905 3085 matrimonio
925 3056 951 3085 si
966 3056 1178 3096 postmodum
1202 3062 1450 3087 converteretur.

386 3097 471 3136 Ergo
483 3097 586 3127 multo
598 3098 704 3128 minus
715 3099 789 3129 licet
800 3100 829 3129 ei
841 3100 1083 3131 matrimonium
1095 3101 1283 3131 contrahere
1295 3111 1371 3132 cum
1381 3101 1441 3131 alia
1465 3107 1490 3134 65

444 3141 473 3171 5.
498 3141 700 3178 Pnaa‘rnnaa,
725 3142 808 3173 filius
840 3144 896 3183 qui
926 3150 1069 3175 remanet
1092 3145 1126 3175 in
1149 3144 1336 3176 infidelitate
1362 3150 1452 3187 patre

389 3194 560 3220 converso,
586 3186 700 3216 amittit
729 3187 779 3217 ius
809 3193 959 3227 paternae
987 3188 1185 3220 hereditatis:
1218 3195 1249 3220 et
1275 3196 1402 3227 tamen,
1426 3190 1452 3220 si

388 3234 499 3268 postea
523 3231 727 3267 convertitur,
744 3231 885 3262 redditur
905 3233 934 3262 ei
955 3233 1111 3264 hereditas
1134 3243 1202 3270 sua,
1219 3235 1315 3265 etiam
1331 3235 1356 3265 si
1372 3235 1452 3265 alius

389 3273 422 3302 in
445 3274 681 3312 possessionem
705 3275 773 3305 eius
796 3276 932 3306 intravit.
956 3277 1042 3317 Ergo
1066 3278 1192 3308 videtur
1207 3288 1225 3308 a
1240 3279 1335 3309 simili
1352 3278 1451 3319 quod,

390 3317 414 3346 si
430 3326 510 3346 uxor
532 3317 668 3348 infidelis
687 3324 762 3358 post
785 3326 997 3357 convertatur,
1015 3322 1104 3361 quod
1128 3323 1166 3352 sit
1189 3323 1249 3353 sibi
1272 3323 1453 3354 reddendus
1467 3334 1479 3355 7

389 3361 436 3390 vir
455 3370 541 3397 suus,
558 3362 653 3392 etiam
677 3363 702 3392 si
726 3372 800 3394 cum
824 3364 883 3394 alia
907 3367 1107 3397 contraxerit.
1132 3366 1231 3404 Quod
1254 3377 1321 3397 non
1344 3373 1454 3408 posset

391 3413 458 3434 esse
481 3405 507 3434 si
529 3405 707 3436 secundum
737 3408 977 3439 matrimonium
1000 3419 1112 3441 verum
1143 3417 1233 3441 esset.
1269 3411 1355 3452 Ergo
1385 3422 1453 3443 non

391 3453 496 3487 potest
519 3449 704 3480 contrahere
728 3460 803 3480 cum
827 3451 895 3482 alia.

447 3491 509 3521 San
534 3502 672 3529 eom-aa,
696 3495 936 3525 matrimonium
959 3506 1027 3527 non
1051 3503 1098 3528 est
1124 3503 1228 3529 ratum
1256 3500 1325 3531 sine
1352 3510 1454 3531 sacra-

1506 2034 1579 2071 Sed,
1599 2035 1626 2065 si
1649 2041 1761 2075 postea
1785 2042 1998 2073 convertatur,
2022 2043 2130 2077 potest
2153 2039 2182 2068 ei
2205 2038 2341 2069 concedi
2364 2038 2578 2079 dispensative

1505 2084 1542 2109 ut
1564 2079 1653 2110 alteri
1676 2080 1786 2116 nubat,
1811 2081 1837 2110 si
1859 2081 1907 2111 vir
1930 2081 1998 2112 eius
2022 2082 2116 2112 aliam
2139 2092 2275 2113 uxorem
2299 2082 2398 2114 duxit.

1559 2123 1612 2153 Ar>
1636 2132 1786 2154 ausurum
1809 2134 1969 2156 DICRNDUM
1993 2126 2093 2166 quod,
2110 2127 2136 2157 si
2158 2132 2233 2167 post
2256 2128 2503 2159 conversionem
2517 2128 2579 2160 vini

1505 2167 1545 2197 sit
1564 2167 1671 2208 aliqua
1693 2169 1867 2208 probabilis
1883 2179 1955 2209 spes
1971 2169 2011 2200 de
2027 2172 2240 2202 conversione
2263 2172 2382 2208 uxoris,
2397 2181 2467 2203 non
2482 2171 2579 2204 debet

1506 2216 1618 2242 votum
1651 2213 1868 2244 continentiae
1891 2215 1939 2244 vir
1963 2215 2123 2252 emittere,
2146 2225 2208 2246 nec
2231 2215 2271 2246 ad
2299 2215 2386 2247 aliud
2411 2217 2578 2248 matrimo-

1505 2256 1597 2286 nium
1613 2258 1760 2288 transire:
1786 2259 1862 2298 quia
1886 2258 2044 2290 difficilius
2069 2265 2308 2291 converteretur
2322 2270 2405 2292 uxor
2424 2261 2493 2292 viro
2515 2270 2577 2294 suo

1505 2301 1608 2331 sciens
1625 2311 1658 2332 se
1674 2302 1830 2342 privatam
1854 2312 1932 2334 esse.
1957 2303 1989 2334 Si
2013 2309 2122 2335 autem
2144 2314 2214 2335 non
2236 2305 2276 2336 sit
2298 2315 2371 2345 spes
2387 2305 2427 2336 de
2443 2315 2578 2338 conver-

1505 2345 1607 2381 sione,
1627 2351 1734 2386 potest
1749 2346 1788 2377 ad
1805 2357 1912 2378 sacros
1935 2347 2063 2379 ordines
2078 2349 2130 2380 vel
2146 2348 2186 2379 ad
2200 2349 2389 2390 religionem
2414 2350 2577 2389 accedere,

1505 2390 1594 2429 prius
1616 2391 1768 2431 requisita
1783 2401 1884 2422 uxore
1900 2392 1991 2432 quod
2016 2399 2220 2424 convertatur
2235 2394 2262 2424 *.
2286 2394 2328 2424 Et
2342 2400 2420 2425 tunc
2436 2395 2472 2431 si,
2489 2400 2578 2436 post-

1507 2442 1605 2474 quam
1627 2435 1675 2465 vir
1697 2445 1804 2466 sacros
1828 2435 1956 2468 ordines
1979 2438 2136 2478 suscepit,
2161 2448 2243 2469 uxor
2266 2444 2484 2475 convertatur,
2507 2449 2577 2471 non

1507 2484 1554 2509 est
1577 2479 1636 2509 sibi
1659 2480 1706 2510 vir
1729 2490 1806 2511 suus
1838 2480 2037 2512 reddendus:
2068 2482 2123 2513 sed
2155 2482 2250 2513 debet
2278 2483 2438 2523 imputare
2461 2484 2520 2515 sibi
2542 2485 2578 2516 in

1506 2532 1648 2564 poenam
1671 2524 1778 2555 tardae
1801 2526 2021 2557 conversionis
2045 2527 2136 2567 quod
2157 2527 2228 2557 viro
2250 2537 2312 2558 suo
2335 2528 2487 2568 privatur.

1561 2568 1613 2598 An
1638 2579 1778 2600 num‘rtm
1801 2579 1962 2601 nxeannuu
1986 2570 2076 2612 quod
2098 2571 2266 2603 vinculum
2289 2573 2486 2612 paternitatis
2507 2582 2578 2605 non

1506 2612 1640 2643 solvitur
1663 2622 1721 2653 per
1744 2613 1903 2654 disparem
1926 2615 2062 2652 cultum,
2079 2616 2162 2646 sicut
2179 2617 2346 2647 vinculum
2369 2617 2576 2649 matrimonii.

1506 2656 1548 2687 Et
1570 2656 1644 2688 ideo
1667 2667 1736 2688 non
1760 2664 1807 2689 est
1830 2659 1933 2690 simile
1957 2659 1996 2690 de
2020 2660 2194 2692 hereditate
2218 2667 2250 2692 et
2271 2671 2383 2692 uxore.

1581 2731 1681 2762 ART.
1706 2732 1759 2763 VI.
1784 2743 1889 2764 uranu
1912 2744 1985 2764 aua
2006 2744 2092 2765 wrm
2115 2745 2255 2766 sonvawr
2278 2745 2499 2767 marmor-mm

1818 2788 1922 2808 SICUT
1957 2789 1999 2809 ET
2030 2789 2266 2810 INFIDELITAS

1802 2828 1834 2849 1v
1848 2828 1927 2856 δεμ,
1947 2829 2000 2852 din.
2021 2836 2095 2856 xxxv,
2114 2834 2157 2852 art.
2174 2837 2197 2857 ι,
2217 2830 2246 2852 ad
2263 2837 2283 2860 3.

1508 2889 1592 2952 An
1616 2889 1736 2910 sax-rim
1759 2890 1804 2910 src
1827 2890 2033 2912 PRocam‘run.
2058 2881 2193 2913 Videtur
2215 2882 2306 2923 quod
2329 2883 2390 2914 alia
2411 2883 2488 2914 vitia
2513 2883 2578 2914 sol-

1572 2929 1647 2954 vant
1658 2925 1902 2956 matrimonium
1920 2926 2003 2956 sicut
2019 2932 2050 2957 et
2065 2926 2245 2957 infidelitas.
2269 2926 2474 2958 Adulterium
2490 2928 2578 2960 enim

1506 2967 1632 2999 videtur
1655 2979 1723 3000 esse
1747 2968 1896 3000 directius
1921 2976 2032 3002 contra
2054 2971 2298 3002 matrimonium
2320 2981 2419 3011 quam
2441 2971 2578 3004 infideli-

1506 3017 1563 3043 tas.
1603 3012 1666 3044 Sed
1695 3013 1866 3044 infidelitas
1895 3015 1991 3046 solvit
2019 3016 2263 3046 matrimonium
2288 3016 2323 3046 in
2348 3015 2459 3056 aliquo
2482 3026 2577 3054 casu,

1506 3062 1543 3087 ut
1564 3057 1658 3088 liceat
1681 3058 1721 3089 ad
1747 3058 1834 3089 aliud
1857 3059 2100 3091 matrimonium
2121 3060 2253 3091 transire
2268 3061 2295 3091 ⁹.
2323 3060 2410 3100 Ergo
2434 3066 2467 3091 et
2488 3060 2579 3092 adul-

1506 3102 1623 3132 terium
1645 3102 1732 3134 idem
1755 3102 1840 3134 facit.

1565 3156 1594 3177 2.
1619 3147 1817 3184 Paaaraaaa,
1830 3148 1913 3179 sicut
1927 3147 2098 3180 infidelitas
2114 3153 2162 3179 est
2177 3147 2347 3180 fornicatio
2363 3149 2534 3189 spiritualis
2549 3150 2568 3167 ⁸

1507 3236 1750 3267 matrimonium
1773 3236 1869 3268 solvit
1891 3237 1975 3278 quia
1990 3242 2038 3268 est
2056 3236 2226 3268 fornicatio
2249 3237 2429 3278 spiritualis,
2446 3239 2514 3279 pari
2528 3248 2578 3270 ra-

1508 3280 1597 3310 tione
1621 3280 1790 3320 quodlibet
1812 3287 1982 3321 peccatum
2004 3282 2248 3312 matrimonium
2270 3282 2383 3313 solvet.

1565 3324 1595 3355 3.
1619 3325 1816 3361 Pani-anna,
1841 3325 1953 3356 Matth.
1969 3335 2046 3356 xvm
2060 3326 2077 3343 ⁴*
2101 3325 2234 3357 dicitur:
2264 3326 2300 3357 Si
2321 3326 2439 3358 dextra
2462 3336 2579 3359 manus

1509 3373 1566 3399 tua
1587 3369 1789 3410 scandalizat
1811 3374 1850 3406 te,
1867 3370 1994 3401 abscide
2016 3379 2087 3401 eam
2111 3375 2143 3402 et
2158 3371 2286 3411 proiice
2308 3371 2365 3402 abs
2381 3376 2433 3402 te:
2455 3376 2487 3402 et
2502 3371 2579 3403 dicit

392 3541 502 3565 mento
518 3536 666 3576 baptismi
682 3537 708 3567 ἢ
733 3537 795 3568 Sed
811 3539 900 3578 quod
915 3549 983 3570 non
1000 3546 1046 3571 est
1061 3547 1175 3579 ratum,
1192 3549 1298 3582 potest
1314 3543 1453 3576 dissolvi.
1468 3554 1492 3575 π
1509 3552 1680 3586 peccatum
1703 3552 1810 3588 potest
1831 3547 2075 3578 matrimonium
2098 3547 2238 3580 dissolvi.

2605 2402 2697 2453 2:1⁰4*
2706 2401 2819 2453 ’ἐμέ

2604 2436 2717 2486 mim-{⁰2⁸2
2729 2434 2816 2479 ε’ὲὶηιῖ

2604 2483 2646 2507 ιιι.
2655 2483 2699 2511 ιν.
2707 2483 2744 2507 ιιι.
2753 2489 2778 2510 ι.
2788 2483 2820 2506 ae

2604 2509 2790 2538 mannua

2604 3070 2804 3099 ·an.pmo·a.

2605 3151 2616 3162 ·
2636 3149 2674 3172 α.
2693 3155 2745 3173 ean.
2763 3149 2819 3172 110-

1507 3191 1550 3221 ita
1566 3196 1598 3221 et
1614 3191 1783 3231 quodlibet
1804 3197 1986 3233 peccatum.
2010 3192 2044 3224 Si
2067 3202 2143 3234 ergo
2167 3198 2300 3234 propter
2321 3193 2385 3224 hoc
2408 3173 2578 3226 infidelita}
2604 3176 2817 3232 ffxuffi'quff‘l'f'

2672 3351 2679 3358 .
2684 3341 2708 3363 v,
2713 3340 2774 3358 ven.
2779 3341 2817 3365 ³⁰-

2678 3367 2732 3411 ξαρ.
2746 3367 2804 3384 am·
2810 3378 2817 3389 ,

2605 3334 2670 3384 :⁶0¹8

1510 3412 1625 3444 Glossa
1640 3414 1657 3431 ⁴*
1680 3413 1771 3455 quod
1799 3414 1832 3445 in
1857 3423 1955 3445 manu
1984 3419 2015 3446 et
2040 3414 2157 3446 dextro
2187 3415 2283 3446 oculo
2305 3420 2447 3456 possunt
2475 3416 2579 3458 accipi
2604 3419 2819 3469 &erg-⁸2⁰3·-

1499 3458 1640 3499 fratres,
1659 3467 1754 3494 uxor,
1766 3458 1946 3500 propinqui
1968 3463 2000 3489 et
2010 3459 2091 3500 filii.
2116 3458 2179 3490 Sed
2202 3469 2260 3500 per
2283 3459 2450 3500 quodlibet
2464 3469 2578 3501 pecca·
2605 3463 2718 3499 1121,ss
2731 3479 2817 3502 apa.

1508 3507 1579 3532 tum
1595 3501 1777 3533 efficiuntur
1791 3503 1886 3534 nobis
1901 3503 2144 3543 impedimento.
2161 3504 2247 3544 Ergo
2263 3510 2396 3546 propter
2411 3504 2579 3545 quodlibet
2604 3505 2665 3522 Μ’·
2678 3505 2716 3528 ³⁹·
2729 3505 2767 3529 ³⁰·
