2918 4088
1013 171 1275 220 QUAESTIO
1303 170 1474 217 LXXIII,
1504 168 1795 207 ARTICULUS
1823 169 1874 206 IV

350 248 478 291 valere
505 253 554 291 ad
581 253 680 291 vitae
710 253 1042 291 conservationem
1074 252 1300 289 alimentum
1327 261 1409 287 cor-

350 308 482 356 porale
506 305 577 343 nisi
605 306 753 343 realiter
771 314 956 343 sumatur.
988 306 1064 343 Sed
1089 305 1313 342 alimentum
1335 302 1410 352 spi·

351 359 484 396 rituale
511 359 698 396 convertit
717 358 942 396 hominem
933 370 972 395 in
986 358 1172 407 seipsum.
1193 355 1409 393 secundum

316 411 444 450 illud
471 412 579 461 quod
606 412 842 460 Augustinus
870 411 970 456 dicit,
999 410 1039 447 in
1067 410 1162 447 libro
1190 409 1355 456 Confess.
1376 407 1407 454 ³³,

349 465 457 514 quod
483 463 592 514 quasi
613 465 759 502 audivit
777 476 916 503 vocem
937 462 1076 501 Christi
1095 461 1253 499 dicentis
1271 466 1304 497 γ;
1326 462 1410 497 Nec

348 523 387 554 tu
406 529 467 554 me
483 519 641 555 mutabis
668 519 705 555 in
734 524 779 564 te,
807 519 898 555 sicut
922 516 1046 553 cibum
1065 516 1190 552 carnis
1216 520 1321 551 tuae:
1346 514 1412 550 sed

347 576 386 607 tu
405 571 605 608 mutaberis
623 572 661 608 in
686 582 756 607 me.
786 571 916 607 Potest
933 576 1063 606 autem
1082 566 1218 616 aliquis
1237 566 1277 603 in
1299 566 1408 603 Chri-

348 630 452 660 stum
465 621 479 646 ⁶
498 623 638 660 mutari
652 631 689 660 et
707 623 741 660 ei
760 621 996 671 incorporari
1013 627 1106 658 voto
1125 619 1275 665 mentis,
1293 619 1407 656 etiam

348 676 430 713 sine
449 676 565 714 huius
594 675 820 713 sacramenti
847 673 1104 724 perceptione.
1140 673 1189 709 Et
1211 671 1298 709 ideo
1326 683 1407 709 non

347 737 404 766 est
431 729 564 766 simile.

398 843 425 877 γ)
445 843 566 869 dicentis.
582 857 602 862 -
619 843 670 868 sibi
688 842 786 867 addunt
804 841 875 866 PlsG
893 846 919 866 et
935 847 958 867 c.

2453 182 2519 218 141

1516 250 1574 285 An
1600 261 1759 286 τεκτῐυΜ
1787 261 1967 286 DICENDUM
2000 250 2107 308 quod
2140 250 2353 299 baptismus
2385 258 2440 288 est
2466 263 2524 288 sa-

1463 309 1704 339 cramentum
1718 301 1852 354 mortis
1866 309 1903 338 et
1916 301 2104 361 passionis
2120 302 2259 339 Christi
2273 311 2389 362 prout
2402 305 2523 342 homo

1463 362 1706 402 regeneratur
1732 345 1772 391 in
1792 353 1944 391 Christo
1963 354 2099 391 virtute
2117 355 2305 404 passionis
2324 356 2416 393 eius.
2448 357 2524 394 Sed

1463 407 1703 444 Eucharistia
1738 414 1794 444 est
1830 415 2114 444 sacramentum
2155 407 2342 456 passionis
2384 409 2524 446 Christi

1462 467 1578 509 prout
1614 461 1735 497 homo
1772 459 1968 510 perficitur
2002 460 2041 496 in
2069 459 2213 496 unione
2251 461 2300 496 ad
2328 461 2523 498 Christum

1461 524 1632 562 passum.
1662 513 1787 559 Unde,
1807 512 1904 549 sicut
1923 513 2137 562 baptismus
2156 512 2293 549 dicitur
2309 525 2523 550 sacramen-

1461 571 1538 602 tum
1555 566 1655 614 fidei
1670 565 1701 612 ²¹⁶,
1731 577 1831 614 quae
1849 573 1906 602 est
1933 566 2227 603 fundamentum
2248 565 2450 615 spiritualis
2468 566 2523 603 vi-

1460 626 1520 655 tae
1538 619 1574 664 *;
1610 618 1661 655 ita
1693 617 1931 655 Eucharistia
1965 618 2103 655 dicitur
2128 625 2403 655 sacramentum
2430 621 2523 656 cari-

1461 673 1560 717 tatis,
1595 683 1696 720 quae
1728 679 1784 708 est
1817 672 2005 708 vinculum
2032 672 2290 721 perfectionis,
2319 679 2361 708 ut
2388 671 2525 708 dicitur

1465 724 1603 761 Coloss.
1625 735 1657 760 111
1675 723 1706 760 *.

1514 838 1542 873 ὃ)
1563 839 1706 864 Gir-istum.
1725 852 1744 858 -
1763 839 1867 870 PEF1c;
1889 838 2004 864 aristo.

1021 920 1356 954 commentaria
1377 918 1632 953 cardinalis
1653 919 1856 952 Caietam

406 1012 512 1032 notus
536 1007 572 1033 ut
595 1007 696 1032 sonat.
719 1019 743 1025 -—
765 1001 800 1031 In
824 1010 976 1042 corpore,
1000 1001 1105 1041 primo
1135 999 1294 1031 distinctio
1314 999 1408 1040 poni·

348 1014 458 1077 Ttur
486 1046 690 1082 bimembris;
721 1045 882 1082 secundo,
905 1044 1119 1086 respondetur
1148 1045 1292 1085 quaesito
1320 1045 1408 1074 iuxta

345 1095 519 1131 utrumque
541 1091 734 1121 membrum.

400 1135 569 1165 Distinctio
593 1140 649 1165 est.
685 1134 760 1166 Duo
786 1139 862 1164 sunt
890 1134 924 1164 in
950 1138 1148 1165 sacramento
1175 1132 1406 1163 Eucharistiae:

294 1216 297 1218 ¹
345 1179 466 1217 scilicet
487 1184 730 1216 sacramentum,
755 1183 787 1209 et
808 1187 857 1208 res
881 1178 1077 1208 sacramenti.

399 1223 581 1263 Responsio
613 1223 755 1254 consistit
784 1223 818 1253 in
841 1222 940 1252 tribus
963 1221 1239 1253 conclusionibus:
1271 1230 1407 1261 quarum

344 1265 428 1298 duae
450 1266 571 1307 primae
594 1266 634 1297 ad
657 1265 834 1298 secundum
849 1266 1041 1303 membrum,
1057 1266 1148 1297 tertia
1163 1270 1270 1296 autem
1285 1264 1326 1295 ad
1343 1265 1407 1305 pri—

345 1320 438 1342 mum
459 1310 810 1351 speetatvdistinctionis
826 1310 1017 1341 membrum.
1041 1311 1146 1341 Prima
1162 1309 1328 1340 conclusio
1343 1314 1406 1340 est:

332 1354 591 1386 >Sacramentum
613 1355 850 1391 Eucharistiae,
865 1355 975 1395 quoad
990 1365 1058 1386 rem
1071 1353 1276 1389 sacramenti,
1300 1358 1348 1384 est
1369 1352 1408 1384 de

346 1399 533 1430 necessitate
546 1399 671 1430 salutis.
691 1399 855 1430 Probatur.
874 1399 938 1430 Res
953 1399 1140 1430 sacramenti
1157 1404 1203 1429 est
1218 1399 1322 1428 unitas
1338 1407 1408 1428 cor-

344 1444 433 1484 poris
447 1443 564 1474 Christi
574 1444 710 1484 mystici,
723 1444 790 1474 sine
803 1453 867 1483 qua
881 1452 949 1472 non
965 1448 1071 1483 potest
1083 1453 1151 1473 esse
1167 1442 1260 1472 salus.
1277 1441 1373 1481 Ergo.
1385 1459 1408 1463 —

345 1487 556 1523 Antecedens,
580 1497 639 1527 pro
663 1486 803 1518 secunda
825 1491 923 1527 parte,
948 1486 1122 1517 declaratur
1145 1496 1183 1516 ex
1202 1485 1407 1516 similitudine

345 1531 507 1566 Ecclesiae
530 1531 570 1561 ad
593 1540 698 1561 arcam
720 1530 802 1561 Noe.
829 1531 870 1561 Et
893 1530 1068 1561 similitudo
1094 1530 1248 1570 probatur
1270 1529 1407 1559 auctori-

343 1580 409 1606 tate
430 1575 514 1605 Petri
536 1575 694 1615 Apostoli.

389 1618 536 1650 Secunda
559 1618 725 1649 conclusio
750 1623 811 1648 est:
844 1619 928 1649 Ante
951 1618 1190 1658 perceptionem
1212 1617 1407 1647 sacramenti

342 1662 578 1698 Eucharistiae,
601 1667 709 1702 potest
733 1662 845 1692 haberi
867 1672 919 1693 res
941 1662 1136 1693 sacramenti
1163 1661 1406 1696 Eucharistiae,

343 1715 384 1738 ac
399 1716 464 1747 per
477 1706 539 1736 hoc
552 1706 652 1737 salus.
675 1706 831 1736 Probatur
847 1706 1024 1746 dupliciter.
1048 1706 1166 1742 Primo,
1184 1715 1222 1736 ex
1238 1705 1407 1735 universali

343 1750 468 1791 regula:
493 1750 540 1780 Ex
555 1755 633 1781 voto
649 1751 837 1782 sacramenti
859 1756 965 1791 potest
983 1751 1091 1780 haberi
1106 1759 1155 1781 res
1171 1750 1368 1780 sacramenti.
1383 1767 1407 1772 -

343 1794 505 1831 Secundo,
529 1803 567 1824 ex
590 1794 685 1825 simili
708 1794 871 1825 accidente
894 1795 928 1831 in
951 1795 1120 1835 baptismo.

399 1838 507 1869 Tertia
530 1839 695 1870 conclusio
720 1844 782 1869 est:
813 1838 1058 1870 Sacramentum
1083 1838 1310 1869 Eucharistiae
1340 1847 1405 1868 non

341 1882 404 1914 hoc
422 1882 517 1914 modo
541 1888 589 1914 est
609 1883 650 1914 de
672 1882 858 1914 necessitate
879 1883 995 1914 salutis
1017 1882 1101 1914 sicut
1121 1882 1305 1924 baptismus.
1329 1882 1406 1912 Pro-

343 1927 436 1967 batur
458 1927 642 1968 dupliciter:
667 1937 705 1958 ex
729 1927 850 1968 duplici
872 1927 992 1958 scilicet
1007 1926 1262 1958 dissimilitudine
1280 1927 1406 1958 Eucha-

342 1972 448 2002 ristiae
471 1971 511 2002 ad
533 1972 738 2012 baptismum.
762 1972 868 2002 Prima
890 1973 1035 2003 consistit
1049 1972 1083 2002 in
1097 1972 1172 2008 hoc,
1189 1971 1279 2012 quod
1296 1980 1406 2011 perce—

342 2016 411 2056 ptio
435 2016 583 2056 baptismi
605 2022 653 2046 est
666 2017 841 2047 necessaria
864 2015 904 2047 ad
919 2015 1133 2047 inchoandam
1148 2016 1246 2046 vitam
1262 2015 1406 2056 spiritua-

342 2059 422 2097 lem;
453 2061 619 2101 perceptio
645 2070 722 2092 vero
750 2060 967 2092 Eucharistiae
995 2066 1042 2091 est
1062 2061 1239 2091 necessaria
1265 2059 1306 2091 ad
1328 2069 1406 2090 con-

342 2104 567 2136 summandam
589 2105 686 2136 vitam
709 2105 914 2145 spiritualem.
950 2105 1035 2145 Ergo
1059 2104 1112 2135 ille
1139 2110 1186 2135 est
1210 2105 1406 2136 necessarius

341 2152 380 2179 ut
401 2149 610 2189 principium,
634 2149 712 2180 haec
735 2154 772 2179 ut
793 2148 879 2186 finis,
902 2149 1023 2179 scilicet
1045 2149 1078 2179 in
1101 2154 1190 2179 voto.
1213 2167 1237 2172 -
1259 2147 1407 2179 Secunda

342 2193 486 2230 consistit
508 2194 542 2223 in
564 2193 638 2224 hoc.
661 2194 842 2234 Baptismus
862 2203 931 2224 non
949 2198 1056 2233 potest
1073 2193 1181 2224 haberi
1196 2193 1230 2223 in
1247 2198 1326 2223 voto
1349 2202 1407 2233 per

340 2236 429 2268 aliud
451 2243 702 2268 sacramentum:
727 2237 924 2268 Eucharistia
939 2243 1046 2278 potest
1068 2237 1176 2268 haberi
1198 2237 1232 2267 in
1247 2242 1326 2268 voto
1348 2246 1406 2277 per

285 2309 288 2312 .
341 2280 429 2313 aliud
451 2287 695 2313 sacramentum.
725 2282 812 2322 Ergo
835 2283 927 2322 pueri
949 2291 1018 2313 non
1040 2287 1176 2322 possunt
1197 2282 1315 2312 habere
1337 2290 1406 2312 rem

341 2326 529 2356 sacramenti
551 2326 700 2366 baptismi
722 2327 790 2357 sine
813 2327 1020 2366 perceptione
1035 2326 1224 2356 sacramenti
1238 2326 1404 2366 baptismi:

339 2375 478 2410 possunt
494 2375 608 2412 autem
628 2371 745 2402 habere
760 2380 828 2401 rem
843 2371 1031 2402 sacramenti
1045 2370 1261 2401 Eucharistiae
1284 2370 1405 2410 absque

341 2413 550 2455 perceptione
573 2415 760 2445 sacramenti
782 2414 1008 2447 Eucharistiae.

397 2457 436 2488 Π.
459 2457 598 2489 Adverte
624 2459 677 2489 hic
705 2460 830 2499 primo,
855 2458 945 2500 quod
971 2459 1085 2490 harum
1107 2459 1269 2490 rationum
1291 2459 1404 2499 prima,

342 2509 427 2542 quae
449 2502 622 2533 attenditur
642 2512 741 2543 penes
759 2502 968 2534 differentiam
991 2504 1072 2534 inter
1086 2503 1203 2534 habere
1218 2513 1252 2534 se
1266 2509 1303 2534 ut
1317 2503 1404 2543 prin-

343 2545 466 2586 cipium
488 2551 520 2576 et
541 2547 657 2578 habere
679 2556 713 2578 se
735 2552 772 2578 ut
793 2546 882 2584 finis,
914 2547 954 2578 ad
976 2548 1040 2579 hoc
1061 2547 1164 2579 tendit
1190 2547 1280 2588 quod
1303 2548 1405 2587 bapti-

342 2598 432 2620 smus
461 2595 572 2630 suapte
599 2596 711 2622 natura
740 2596 788 2622 est
814 2593 1010 2623 necessarius
1039 2591 1219 2623 secundum
1248 2592 1405 2623 actualem

342 2634 442 2674 ipsius
467 2634 712 2666 exhibitionem:
744 2636 899 2675 quoniam
929 2636 1123 2677 principium
1151 2635 1330 2667 secundum
1353 2646 1405 2666 or-

343 2676 453 2708 dinem
476 2679 689 2718 generationis
712 2677 806 2710 debet
822 2689 889 2710 esse
913 2680 1091 2710 secundum
1114 2689 1182 2710 rem
1197 2681 1231 2710 in
1247 2689 1313 2710 esse
1330 2680 1406 2711 reali

344 2723 501 2754 exteriori.
525 2722 722 2754 Eucharistia
743 2732 821 2754 vero
844 2729 956 2764 suapte
971 2729 1083 2754 natura
1106 2730 1152 2754 est
1166 2725 1342 2755 necessaria
1357 2734 1405 2755 se-

1461 998 1605 1030 cundum
1627 1004 1757 1029 votum:
1782 999 1857 1039 quia
1880 998 1952 1029 finis
1974 999 2112 1030 salvatur
2135 999 2313 1030 secundum
2336 1009 2404 1030 esse
2427 1001 2460 1030 in
2476 1001 2523 1030 in-

1460 1044 1614 1074 tentione.
1639 1043 1684 1074 Ita
1701 1043 1790 1083 quod
1813 1044 1904 1084 quasi
1919 1043 1996 1074 dicit
2011 1044 2101 1084 quod
2116 1044 2290 1084 baptismus
2305 1054 2364 1085 per
2378 1054 2412 1075 se
2427 1044 2525 1075 salvat

1460 1087 1640 1119 secundum
1664 1088 1732 1118 eius
1755 1089 2006 1128 perceptionem,
2031 1094 2062 1119 et
2084 1098 2142 1129 per
2157 1088 2303 1119 accidens
2326 1094 2363 1119 ut
2377 1090 2412 1119 in
2425 1094 2522 1124 voto;

1460 1132 1658 1163 Eucharistia
1680 1138 1787 1163 autem
1810 1142 1879 1163 non
1893 1133 2000 1163 solum
2022 1142 2080 1172 per
2095 1142 2129 1163 se
2147 1133 2244 1164 salvat
2267 1132 2522 1164 consummando

1461 1176 1596 1207 salutem
1618 1175 1798 1213 secundum
1820 1177 1919 1216 ipsius
1942 1177 2193 1217 perceptionem,
2213 1176 2269 1208 sed
2292 1178 2387 1207 etiam
2408 1187 2467 1218 per
2489 1186 2523 1207 se

1461 1220 1559 1251 salvat
1581 1225 1617 1251 ut
1639 1221 1673 1251 in
1696 1225 1791 1257 voto;
1816 1221 1891 1261 quia
1913 1220 1965 1251 ille
1989 1221 2146 1262 principii,
2170 1221 2249 1252 haec
2271 1220 2344 1252 finis
2366 1221 2523 1252 rationem

1460 1264 1564 1295 habet.

1517 1309 1568 1339 111.
1592 1308 1731 1339 Adverte
1746 1308 1899 1345 secundo,
1917 1308 2007 1349 quod
2022 1308 2163 1340 secunda
2177 1311 2256 1340 ratio
2272 1319 2373 1349 penes
2386 1309 2522 1341 modum

1460 1353 1598 1384 habendi
1621 1363 1688 1384 rem
1711 1354 1898 1383 sacramenti
1915 1353 2103 1384 attenditur:
2127 1353 2206 1384 dum
2229 1355 2377 1394 baptismi
2391 1364 2441 1385 res
2463 1354 2522 1385 du-

1459 1398 1584 1438 pliciter
1598 1403 1723 1428 tantum
1738 1398 1847 1430 haberi
1860 1407 1955 1438 posse
1972 1396 2095 1434 dicitur,
2112 1398 2231 1429 scilicet
2249 1398 2300 1428 vel
2315 1397 2521 1438 percipiendo

1460 1447 1703 1478 sacramentum,
1727 1441 1778 1471 vel
1800 1451 1857 1481 per
1872 1447 1985 1471 votum
2001 1442 2185 1482 proprium;
2209 1451 2258 1472 res
2274 1447 2381 1472 autem
2396 1442 2522 1473 Eucha-

1459 1486 1564 1516 ristiae
1586 1491 1693 1526 potest
1715 1485 1878 1525 tripliciter
1899 1486 2017 1521 haberi,
2041 1486 2092 1516 vel
2115 1485 2322 1526 percipiendo
2345 1495 2522 1517 sacramen-

1459 1535 1540 1565 tum,
1563 1529 1614 1559 vel
1637 1538 1694 1569 per
1716 1535 1830 1559 votum
1852 1530 2030 1569 proprium,
2054 1529 2105 1559 vel
2128 1539 2185 1570 per
2208 1530 2398 1560 antecedens
2421 1540 2522 1561 sacra-

1459 1578 1616 1603 mentum.
1641 1573 1682 1603 Et
1704 1573 1755 1602 hic
1771 1573 1902 1603 ultimus
1916 1573 2033 1603 modus
2048 1573 2187 1604 habendi
2202 1580 2334 1604 vocatur
2349 1584 2406 1614 per
2421 1584 2522 1614 quan-

1461 1616 1535 1647 dam
1558 1616 1892 1647 accommodationem
1919 1617 2036 1647 habere
2064 1626 2133 1647 rem
2160 1619 2347 1648 sacramenti
2370 1619 2522 1649 Euchari-

1460 1661 1537 1691 stiae
1553 1670 1619 1701 per
1640 1665 1749 1691 votum
1771 1660 1956 1691 Ecclesiae:
1986 1662 2068 1691 sicut
2090 1661 2169 1691 fides
2192 1671 2367 1701 puerorum
2390 1668 2523 1693 vocatur

1449 1705 1538 1746 fides
1560 1705 1734 1735 Ecclesiae.
1770 1704 1943 1744 Sequendo
1975 1710 2082 1735 autem
2105 1706 2332 1745 proprietatem
2356 1708 2521 1742 sermonis,

1459 1755 1592 1780 vocatur
1614 1749 1729 1780 habere
1753 1758 1820 1779 rem
1844 1748 2059 1779 Eucharistiae
2090 1750 2122 1779 in
2145 1750 2198 1780 sui
2221 1750 2334 1780 initio:
2368 1752 2522 1791 quoniam

1459 1798 1693 1824 sacramentum
1715 1793 1864 1833 baptismi
1886 1794 2013 1824 initium
2037 1799 2084 1824 est
2106 1794 2275 1834 spiritualis
2297 1795 2389 1825 vitae.

1514 1838 1567 1868 IV.
1591 1837 1730 1868 Adverte
1760 1837 1871 1873 tertio,
1902 1837 1992 1878 quod
2021 1838 2055 1868 in
2081 1838 2184 1868 littera
2213 1848 2281 1868 non
2311 1839 2523 1880 respondetur

1460 1882 1604 1922 quaesito
1628 1881 1814 1922 simpliciter
1836 1886 1868 1911 et
1890 1881 2048 1918 absolute,
2077 1892 2117 1912 an
2141 1889 2374 1914 sacramentum
2397 1884 2522 1914 Eucha-

1458 1927 1563 1957 ristiae
1585 1926 1626 1957 sit
1647 1926 1861 1957 necessarium
1885 1926 1924 1957 ad
1940 1926 2084 1957 salutem.
2108 1926 2192 1958 Nam
2207 1927 2281 1958 licet
2297 1927 2521 1968 distinguatur,

1459 1977 1500 2007 et,
1518 1970 1627 2011 quoad
1644 1980 1713 2001 rem
1735 1971 1932 2006 sacramenti,
1957 1970 2187 2011 respondeatur
2202 1971 2347 2002 absolute
2371 1971 2461 2012 quod
2477 1978 2523 2002 est

1458 2016 1672 2046 necessarium
1695 2014 1735 2045 ad
1758 2015 1909 2051 salutem;
1933 2020 2051 2051 tamen,
2071 2015 2179 2055 quoad
2195 2022 2438 2052 sacramentum,
2454 2026 2522 2047 non

1458 2059 1670 2100 respondetur
1692 2059 1878 2099 simpliciter
1899 2065 1932 2090 et
1954 2059 2109 2096 absolute,
2126 2059 2182 2090 sed
2205 2059 2320 2091 dieitur
2343 2060 2433 2100 quod
2456 2071 2520 2091 non

1459 2109 1506 2135 est
1528 2103 1744 2135 necessarium
1766 2104 1850 2134 sicut
1871 2103 2054 2144 baptismus.
2090 2104 2235 2141 Verum,0
2253 2105 2279 2134 si
2308 2105 2522 2145 perspicacius

1459 2148 1625 2189 responsio
1648 2148 1733 2178 haec
1757 2147 1852 2179 fuerit
1882 2147 2088 2184 considerata,
2113 2149 2257 2178 continet
2278 2149 2522 2189 responsionem

1459 2193 1603 2223 absolute
1627 2193 1722 2223 etiam
1745 2191 1786 2223 de
1808 2193 1879 2233 ipso
1903 2198 2100 2223 sacramento
2124 2192 2349 2224 Eucharistiae.
2376 2193 2460 2224 Nam
2484 2203 2522 2224 ex

1457 2238 1522 2268 hoc
1545 2237 1616 2277 ipso
1641 2236 1731 2276 quod
1757 2242 1990 2267 sacramentum
2013 2237 2229 2267 Eucharistiae
2251 2246 2319 2268 non
2343 2243 2390 2268 est
2412 2237 2451 2268 ad
2474 2247 2522 2268 sa-

1458 2282 1560 2312 lutem
1582 2281 1797 2323 necessarium
1819 2282 1901 2312 sicut
1923 2286 2157 2312 sacramentum
2180 2281 2338 2321 baptismi,
2354 2281 2521 2313 manifeste

1458 2326 1592 2356 habetur
1615 2325 1720 2365 quod,
1744 2325 1930 2365 simpliciter
1952 2331 1984 2356 et
2005 2325 2151 2356 absolute
2173 2325 2357 2366 loquendo,
2384 2335 2453 2356 non
2476 2332 2523 2357 est

1458 2370 1674 2401 necessarium
1696 2368 1736 2400 ad
1758 2370 1903 2400 salutem.
1927 2369 1968 2400 Et
1990 2370 2053 2400 hoc
2075 2375 2237 2400 attestatur
2250 2370 2459 2410 parvulorum
2474 2380 2522 2401 sa-

1459 2414 1526 2445 lus:
1560 2414 1677 2454 quibus
1704 2414 1772 2444 sine
1798 2414 1947 2454 baptismi
1977 2419 2175 2444 sacramento
2198 2423 2266 2445 non
2290 2420 2337 2444 est
2359 2414 2459 2451 salus,
2492 2420 2523 2445 et

1460 2468 1535 2489 cum
1558 2458 1629 2488 solo
1653 2458 1802 2498 baptismi
1824 2463 2022 2488 sacramento
2047 2457 2138 2489 datur
2160 2458 2243 2489 salus
2267 2464 2403 2489 aeterna.

1514 2503 1553 2533 V.
1577 2502 1715 2533 Adverte
1738 2508 1864 2542 quarto,
1888 2502 1979 2542 quod
2000 2502 2142 2539 interim,
2165 2503 2200 2533 in
2222 2504 2410 2543 quaestione
2433 2508 2523 2534 octo-

1459 2547 1579 2587 gesima
1594 2548 1621 2583 *,
1645 2546 1845 2577 tractandum
1861 2553 1908 2577 est
1931 2546 1971 2577 de
1988 2547 2220 2578 communione
2234 2546 2406 2578 infantium
2421 2548 2522 2588 bapti-

1458 2597 1615 2628 zatorum,
1633 2601 1674 2622 an
1695 2591 1782 2622 licita
1799 2592 1848 2622 sit.
1872 2591 1935 2622 Ubi
1960 2591 2055 2622 etiam
2078 2601 2120 2622 an
2135 2591 2241 2622 debita
2257 2591 2377 2623 eisdem
2391 2592 2441 2628 sit,
2461 2592 2523 2622 dis-

1461 2636 1607 2666 cutietur.
1631 2635 1673 2666 Et
1695 2634 1770 2666 ideo
1793 2645 1881 2666 nunc
1904 2636 2140 2676 pertransimus.

1515 2679 1551 2710 In
1575 2685 1698 2720 quarto,
1716 2680 1840 2720 quinto,
1858 2685 1889 2710 et
1911 2685 2000 2711 sexto
2025 2680 2172 2717 articulis,
2189 2679 2268 2711 nihil
2287 2680 2426 2710 occurrit
2447 2681 2522 2711 scri-

1458 2723 1612 2754 bendum.

1117 2875 1436 2920 ARTICULUS
1473 2877 1749 2927 QUARTUS

544 2975 702 3008 UTRUM
725 2975 1071 3007 coNVENJENTER
1092 2975 1187 3007 Hoc
1210 2975 1545 3007 SACRAMENTUM
1567 2976 1776 3008 ptumus
1799 2976 2038 3007 NOMINIBUS
2061 2975 2325 3007 NOMINETUR

892 3064 967 3094 Infra,
985 3072 1030 3097 qu.
1048 3072 1130 3096 me,
1149 3070 1195 3090 art.
1216 3072 1239 3096 2,
1259 3065 1291 3090 ad
1311 3071 1342 3095 ις
1362 3065 1395 3090 lV
1414 3065 1498 3093 Sent..
1518 3064 1577 3089 dist.
1596 3072 1650 3094 vm.
1669 3072 1712 3097 qu.
1732 3071 1750 3095 1,
1768 3069 1816 3090 art.
1836 3071 1858 3094 1,
1879 3064 1929 3097 qu*
1950 3063 1972 3089 3.

394 3175 437 3211 ,ἦε
458 3174 530 3215 ‘xz‘
553 3166 577 3192 n
596 3165 770 3197 QUARTUM
789 3165 840 3191 stc
861 3165 1096 3191 PROCEDITUR.
1121 3152 1283 3190 Videtur
1300 3153 1407 3203 quod

343 3247 345 3249 ,
376 3215 423 3250 ψ
451 3210 525 3269 ⁶?
554 3207 872 3245 inconvenienter
899 3207 976 3244 hoc
1004 3213 1289 3244 sacramentum
1323 3207 1408 3256 plu-

527 3260 543 3273 θ

364 3255 430 3304 ,t
422 3260 480 3304 ἐν,
492 3248 523 3308 s
555 3259 660 3298 ribus
696 3259 921 3298 nominibus
958 3259 1192 3297 nominetur.
1235 3259 1409 3297 Nomina

369 3290 497 3350 Ᾰέῑῑψν
514 3309 543 3349 N.
555 3325 660 3351 emm
695 3313 842 3351 debent
883 3313 1116 3364 respondere
1155 3312 1282 3350 rebus.
1331 3312 1408 3350 Sed

341 3365 420 3403 hoc
434 3366 719 3404 sacramentum
733 3373 790 3403 est
803 3378 939 3412 unum,
955 3374 998 3403 ut
1006 3365 1160 3403 dictum
1175 3373 1231 3403 est
1244 3365 1275 3403 *.
1305 3366 1407 3414 Ergo

343 3430 425 3456 non
452 3418 566 3456 debet
592 3419 766 3469 pluribus
795 3418 1018 3456 nominibus
1046 3418 1250 3456 nominari.

399 3483 434 3508 2.
464 3472 704 3520 PRAETEREA‚
734 3471 879 3522 species
907 3484 988 3509 non
1020 3472 1240 3510 notificatur
1267 3484 1407 3509 conve-

1461 3152 1610 3190 nienter
1627 3165 1697 3202 per
1715 3152 1754 3190 id
1773 3152 1880 3203 quod
1900 3160 1955 3190 est
1974 3165 2184 3191 commune
2202 3153 2270 3190 toti
2289 3153 2428 3203 generi.
2444 3154 2523 3192 Sed

1462 3205 1701 3243 Eucharistia
1720 3213 1776 3243 est
1793 3214 2079 3244 sacramentum
2103 3218 2230 3243 novae
2254 3206 2355 3256 legis
2386 3207 2522 3245 Omni-

1459 3259 1534 3296 bus
1553 3266 1684 3296 autem
1707 3259 1953 3296 sacramentis
1980 3271 2191 3296 commune
2211 3267 2268 3296 est
2285 3260 2392 3310 quod
2410 3260 2451 3298 in
2470 3260 2523 3297 eis

1459 3312 1654 3350 confertur
1680 3311 1817 3361 gratia:
1847 3313 1955 3362 quod
1987 3311 2172 3361 significat
2203 3324 2350 3350 nomen
2376 3314 2522 3351 Eucha-

1461 3367 1595 3412 ristiae,
1616 3366 1724 3415 quod
1752 3373 1807 3402 est
1835 3365 1938 3403 idem
1966 3364 2074 3415 quod
2095 3368 2194 3403 bona
2211 3367 2348 3416 gratia.
2379 3365 2522 3404 Omnia

1461 3418 1575 3456 etiam
1613 3426 1851 3456 sacramenta
1885 3418 2102 3456 remedium
2139 3419 2251 3456 nobis
2288 3419 2452 3456 afferunt
2483 3419 2523 3456 in

1460 3471 1523 3509 via
1551 3471 1759 3521 praesentis
1787 3471 1902 3509 vitae:
1933 3472 2040 3521 quod
2068 3471 2231 3522 pertinet
2257 3472 2307 3509 ad
2335 3471 2523 3510 rationem

2550 575 2764 602 ·..‚qunxxxix

2550 605 2631 629 art.;5
2646 607 2763 629 qu.1.xv,1

2550 631 2603 676 «15.
2609 628 2673 676 ¹60¹1d
2690 635 2708 650 “”

2551 735 2561 745 ·
2575 734 2642 756 vers.
2659 741 2692 761 ¹4.

2550 2553 2560 2562 ·
2574 2552 2626 2573 Art.
2648 2556 2670 2578 9,
2691 2550 2764 2573 Com-

2551 2581 2621 2600 ment.
