2878 4088
416 199 486 236 188
903 219 906 221 -
1075 198 1337 246 QUAESTIO
1367 197 1552 243 LXXXII,
1573 195 1866 233 ARTICULUS
1894 197 1924 234 II

409 278 504 308 etiam
535 283 643 318 posset
674 276 761 309 idem
793 277 896 308 facere
918 277 959 308 de
988 286 1126 317 corpore
1157 278 1297 307 hominis
1326 277 1359 306 in
1388 279 1472 304 statu
1525 274 1709 314 principalis
1733 275 1862 314 agentis.
1888 275 1929 305 Et
1950 274 2024 306 ideo
2048 276 2082 306 in
2104 277 2294 316 corporibus
2309 283 2494 308 sanctorum
2516 284 2591 319 post

409 323 504 352 huius
527 323 618 351 vitae.
1351 363 1380 392 al
1451 361 1471 392 d
1526 319 1791 393 respirectgonerq
1813 319 1902 349 nulla
1925 319 2008 394 agtio
2031 320 2082 350 vel
2104 320 2211 360 passio
2239 322 2379 396 poteritll
2379 323 2549 362 provenire
2572 332 2590 353 a

172 366 382 388 ‘Cf-Halen⁸·Sum·
528 366 534 372 ·
657 366 674 371 “”
692 366 709 382 ⁴*
748 366 754 371 '
974 366 979 372 ”
1030 365 1036 372 ’
1219 374 1232 393 r
1275 364 1332 393 erit
1381 363 1391 392 i
1416 362 1450 392 ui
1548 372 1571 392 u
1604 362 1669 392 'tati
1691 373 1730 393 us
1759 373 1843 393 eem
1864 364 1944 393 ntari
1966 373 2004 394 us
2056 373 2116 394 uae
2139 365 2180 394 sit
2369 366 2375 372 “
2457 367 2488 373 ”’

171 392 382 447 ssfssiini'fss'eriig}
408 364 1218 450 ρτοῗίῒὶ)ἑῗιὲορέἐέἰοηὲιῃῗιυὲἑτὲἓῗιῗιῐιιῃςῑὲῗὲεὲἳυηῐὲ
1234 373 1354 437 {cilicet
1370 372 1470 436 niqate-
1526 371 1660 443 {nimam
1676 416 1760 447 quae
1783 373 1919 438 inteiadit
1939 373 2126 439 consegvare
2149 370 2317 449 corfaiirslfm
2378 371 2590 406 sposmonem

171 452 190 467 ²·
408 455 452 484 ria
476 454 579 494 quinti
595 454 749 494 corporis,
767 463 865 494 quam
880 459 1007 494 ponunt
1023 453 1130 483 venire
1145 452 1178 482 in
1199 451 1470 490 compositionem
1493 458 1502 479 5
1579 451 1630 480 An
1655 461 1804 482 ananum
1827 462 1995 488 mmmmm,
2012 452 2191 483 secundum
2210 453 2438 494 Augusfinum,
2454 455 2488 485 in
2512 454 2590 495 Epi-

409 499 540 529 humani
563 499 707 538 corporis
722 498 762 528 ad
785 497 1022 528 conciliandum
1039 497 1194 526 elementa
1217 495 1250 524 in
1271 494 1471 525 harmoniam
1525 494 1607 525 stola
1628 495 1672 526 ad
1696 496 1905 527 Consentium
1921 497 1947 532 *³
1965 495 2056 536 quod
2073 496 2183 528 divina
2193 498 2342 537 potentia
2365 499 2451 529 valet
2473 498 2512 529 de
2527 499 2589 529 ista
2616 503 2708 552 ἕξει.
2717 504 2787 532 ccv,
2798 506 2828 528 ιι.

409 542 579 583 quandam,
596 552 653 583 per
668 552 767 583 quam
783 547 917 582 possunt
933 551 1000 571 esse
1017 540 1121 570 debita
1136 539 1266 569 materia
1282 538 1407 568 animae
1422 548 1470 568 ra-
1525 539 1642 569 visibili
1663 545 1760 580 atque
1782 540 1946 571 tractabili
1968 545 2087 571 natura
2107 550 2291 582 corporum,
2309 542 2499 583 quibusdam
2521 552 2590 573 ma-
2617 563 2639 578 n.
2653 530 2720 584 4⁹¹¹
2740 537 2791 560 ⁶⁸⁹·
2808 538 2828 559 ¹¹

408 587 551 623 tionalis3
576 587 632 617 sed
647 592 754 618 tamen
770 587 804 616 in
819 591 901 616 statu
917 586 1011 615 huius
1027 585 1118 616 vitae.
1136 588 1266 622 propter
1287 582 1470 613 dominium
1525 583 1680 620 uentibus,
1698 585 1832 626 auferre
1854 594 1935 626 quas
1958 585 2099 615 voluerit
2120 586 2300 626 qualitates.
2325 586 2429 623 Unde,
2449 587 2531 617 sicut
2548 587 2589 617 ab

409 632 607 662 elementaris
629 637 769 666 naturae,
787 639 904 670 corpus
926 630 1103 659 humanum
1126 627 1244 666 patitur
1267 626 1307 656 ad
1322 626 1469 656 similitu·
1523 627 1598 667 igne
1622 627 1759 659 fornacis
1783 628 2021 660 Chaldaeorum
2049 630 2178 660 abstulit
2198 631 2350 661 virtutem
2377 630 2590 662 comburendi

408 675 516 706 dinem
540 676 676 706 aliorum
699 675 949 708 elementorum3
975 671 1029 702 sed
1052 672 1085 701 in
1108 671 1339 701 resurrectione
1366 670 1469 701 domi·
1485 683 1511 698 ιο
1525 677 1683 711 quantum
1699 673 1739 703 ad
1755 673 1885 714 aliquid,
1903 674 1979 714 quia
1994 683 2131 714 corpora
2154 683 2331 714 puerorum
2345 674 2454 705 illaesa
2468 680 2590 706 servata
2618 676 2623 681 '

407 720 533 750 nabitur
555 725 666 750 natura
682 719 785 759 quinti
807 718 961 757 corporis.
986 716 1026 745 Et
1050 715 1123 745 ideo
1150 724 1267 755 corpus
1290 715 1470 746 humanum
1523 721 1608 752 sunt,
1625 716 1681 747 sed
1704 718 1821 748 mansit
1844 724 2002 758 quantum
2021 717 2062 748 ad
2084 718 2216 758 aliquid,
2233 719 2309 759 quia
2323 719 2405 759 ignis
2427 719 2481 750 ille
2504 719 2590 760 ligna

407 763 556 795 reddetur
578 763 784 804 impassibile,
809 761 848 791 ad
871 759 1111 790 similitudinem
1141 760 1285 799 corporis
1315 760 1468 790 caelestis.
1524 761 1733 792 comburebat
1748 763 1782 798 *;
1806 763 1850 792 ita
1873 761 1994 793 auferet
2016 762 2056 792 ab
2079 763 2270 793 humoribus
2293 763 2541 803 passibilitatem,
2556 769 2590 794 et
2617 772 2626 782 ·
2641 771 2699 794 nnn.
2718 777 2770 800 etp.
2786 778 2828 799 m,

462 808 524 840 Sed
547 809 609 838 hoc
633 817 699 838 non
723 811 828 845 potest
850 810 940 834 stare.
976 804 1062 841 Quia
1085 813 1203 844 corpus
1227 804 1377 844 quintum
1401 813 1469 834 non
1523 804 1661 835 dimittet
1675 811 1832 837 naturam.
1861 806 1980 837 Modus
1995 812 2103 837 autern
2120 817 2186 847 quo
2210 808 2275 838 hoc
2289 806 2355 843 fiet,
2371 807 2476 838 dictus
2499 813 2546 838 est
2560 809 2588 839 ⁸.
2616 798 2787 853 Y‘ssss‘ssaer‘c.

408 853 493 883 venit
516 852 716 882 materialiter
739 849 778 880 ad
802 849 1073 889 compositionem
1096 849 1241 888 corporis
1264 849 1408 884 humani,
1432 853 1469 878 ut
1578 850 1629 879 An
1655 860 1794 881 nummu
1823 860 1984 881 memnon
2013 851 2103 891 quod
2132 852 2294 882 cicatrices
2323 852 2494 882 vulnerum
2520 861 2589 883 non

169 894 306 942 23¹⁵¹³va¹÷
324 899 380 941 Ἓξ,
407 898 439 927 in
464 897 490 926 II
513 897 594 926 libro
610 896 626 912 θ’
650 900 814 925 ostensum
838 899 894 923 est.
909 911 932 914 —
955 892 996 922 Et
1018 897 1181 932 praeterea
1199 893 1398 933 impossibile
1421 898 1468 922 est
1485 904 1507 924 15
1523 899 1616 924 erunt
1631 894 1666 924 in
1681 895 1806 931 sanctis,
1822 904 1883 926 nec
1898 896 1932 925 in
1951 894 2080 926 Christo
2103 895 2243 932 fuerunt,
2259 897 2453 936 inquantum
2468 897 2589 937 impor-

169 927 348 974 1,‹iu¹.'xc1‚'an.
361 935 380 972 ιζ
407 940 510 971 dicere
534 938 622 979 quod
646 939 750 978 aliqua
773 938 871 967 virtus
894 936 1054 973 naturalis,
1077 936 1180 976 qualis
1204 942 1251 967 est
1272 938 1371 967 virtus
1392 946 1464 967 cor·
1523 943 1591 968 tant
1613 939 1754 978 aliquem
1778 939 1956 970 defectum:
1989 939 2045 970 sed
2067 940 2262 980 inquantum
2291 946 2367 971 sunt
2396 941 2487 981 signa
2509 950 2589 971 con-

169 973 197 994 ³d
212 979 232 994 ²*
406 986 491 1024 poris
507 983 658 1018 caelestis,
675 981 839 1012 transferat
855 990 972 1020 corpus
988 981 1168 1011 humanum
1183 980 1224 1011 ad
1239 981 1468 1021 proprietatem
1522 982 1732 1013 stantissimae
1754 984 1895 1020 virtutis,
1920 993 1986 1024 qua
2008 985 2092 1025 passi
2120 990 2196 1015 sunt
2224 994 2284 1025 pro
2307 986 2426 1015 iustitia
2453 990 2485 1016 et
2506 984 2587 1022 fide,

405 1028 542 1068 gloriae,
568 1027 669 1066 qualis
702 1031 748 1056 est
770 1025 1003 1065 impassibilitas
1034 1025 1178 1065 corporis
1210 1025 1357 1065 gloriosi:
1393 1034 1468 1055 cum
1522 1031 1558 1056 ut
1581 1035 1619 1056 ex
1642 1027 1706 1057 hoc
1729 1032 1761 1057 et
1790 1028 1868 1067 ipsis
1889 1033 1923 1058 et
1945 1028 2013 1058 aliis
2042 1028 2197 1068 gaudium
2226 1034 2356 1060 crescat.
2390 1029 2484 1061 Unde
2511 1029 2589 1061 dicit

403 1071 661 1102 immutationem
678 1070 821 1110 corporis
839 1070 973 1100 humani
991 1069 1168 1109 Apostolus
1189 1069 1337 1099 attribuat
1359 1069 1467 1099 virtuti
1521 1070 1730 1110 Augustinus,
1746 1071 1834 1101 XXII
1854 1071 1893 1102 de
1911 1071 1978 1102 (Σίν.
1996 1073 2059 1103 Dei
2072 1074 2106 1103 *z
2131 1073 2248 1104 Nescio
2264 1074 2425 1114 quomodo
2445 1074 2492 1104 sic
2513 1074 2588 1115 affi-
2615 1080 2626 1090 ·
2641 1079 2700 1107 cup.
2713 1086 2828 1110 m,n.3‚

169 1122 178 1131 ·
193 1120 259 1141 Vers·
274 1119 311 1145 48-
406 1115 538 1151 Christi;
559 1115 634 1155 quia
648 1114 754 1155 qualis
770 1114 924 1149 caelestis,
942 1114 1022 1144 tales
1038 1118 1069 1144 et
1083 1114 1244 1149 caelestes,
1258 1113 1270 1143 1
1286 1113 1362 1143 Cor.
1379 1122 1420 1143 xv
1430 1114 1466 1149 *;
1482 1124 1508 1139 ιο
1521 1114 1627 1144 cimur
1640 1124 1753 1145 amore
1776 1120 1960 1156 marytrum
1976 1116 2142 1147 beatorum
2158 1122 2195 1148 ut
2210 1118 2343 1148 velimus
2359 1118 2392 1148 in
2409 1118 2466 1148 illo
2484 1128 2588 1160 regno
2615 1106 2645 1128 ⁸¹·
2660 1111 2710 1135 ⁰⁸⁹·
2725 1113 2766 1129 *ι’

168 1165 177 1175 ·
194 1164 259 1186 vers·
274 1168 307 1184 ²¹-
406 1165 436 1190 et
447 1160 580 1199 Philipp.
592 1169 627 1188 111
636 1159 663 1194 ἡ
676 1158 878 1200 Resormabit
894 1167 1012 1199 corpus
1023 1158 1213 1188 humilitatis
1223 1162 1366 1193 nostrae,
1378 1162 1468 1187 etc.-
1522 1158 1554 1188 in
1579 1168 1692 1189 eor-um
1716 1159 1907 1199 corporibus
1923 1160 2031 1190 videre
2053 1161 2225 1191 vulnerum
2246 1162 2414 1193 cicatrices
2427 1172 2512 1203 quae
2521 1173 2587 1203 pro

405 1204 445 1236 Et
467 1209 638 1244 praeterea,
659 1212 728 1234 non
750 1208 856 1242 potest
878 1208 990 1233 natura
1020 1202 1163 1233 caelestis
1186 1203 1229 1233 ita
1252 1202 1410 1233 dominari
1433 1202 1467 1231 in
1523 1202 1645 1234 Christi
1668 1203 1798 1234 nomine
1814 1204 2031 1244 pertulerunt.
2059 1205 2104 1235 Et
2116 1205 2267 1246 fortasse
2296 1206 2479 1238 videbimus.
2511 1207 2587 1238 Non

405 1258 539 1288 corpore
555 1248 698 1278 humano
716 1248 794 1287 quin
817 1252 930 1277 natura
950 1247 1149 1277 elementaris
1171 1252 1343 1282 remaneat,
1360 1246 1412 1276 cui
1429 1255 1467 1276 ex
1521 1247 1606 1277 enim
1618 1247 1809 1289 deformitas
1821 1248 1854 1278 in
1869 1249 1924 1284 eis,
1935 1248 1991 1279 sed
2001 1248 2145 1290 dignitas
2160 1250 2240 1287 erit‚·
2254 1254 2286 1280 et
2299 1250 2467 1290 quaedam,
2477 1259 2588 1291 quam-

405 1292 622 1323 essentialibus
645 1292 710 1322 suis
733 1292 896 1332 principiis
919 1292 1107 1332 passibilitas
1129 1291 1221 1321 inest.
1521 1291 1569 1322 vis
1592 1292 1625 1323 in
1650 1301 1796 1332 corpore,
1814 1293 1879 1323 no'n
1902 1293 2062 1333 corporis,
2083 1293 2140 1324 sed
2163 1294 2292 1325 virtutis
2309 1294 2498 1335 pulcritudo
2513 1295 2589 1336 fial-

459 1337 500 1367 Et
522 1335 596 1367 ideo
619 1336 708 1366 aliter
731 1335 905 1366 dicendum
921 1341 978 1371 est,
995 1335 1085 1376 quod
1109 1336 1215 1366 omnis
1230 1335 1335 1375 passio
1359 1333 1396 1365 fit
1409 1343 1467 1375 per
1481 1345 1505 1366 ας
1519 1336 1616 1377 gebit.
1634 1337 1702 1367 Nec
1718 1341 1834 1373 tamen,
1851 1337 1880 1368 si
1902 1338 2013 1378 aliqua
2029 1338 2229 1379 marty-ribus
2248 1343 2415 1379 amputata
2432 1343 2466 1370 et
2479 1338 2589 1370 ablata

403 1381 568 1411 victoriam
592 1381 712 1420 agentis
735 1389 830 1420 super
852 1380 994 1420 patiens:
1020 1380 1095 1410 alias
1118 1389 1185 1410 non
1201 1380 1337 1411 traheret
1359 1380 1466 1419 ipsum
1519 1385 1596 1411 sunt
1618 1381 1769 1417 membra,
1792 1381 1862 1412 sine
1886 1381 1963 1422 ipsis
1991 1382 2140 1413 membris
2168 1387 2266 1413 erunt
2288 1383 2320 1413 in
2352 1383 2590 1415 resurrectione

403 1424 443 1455 ad
474 1425 628 1455 terminos
658 1434 743 1455 suos
779 1425 978 1465 Impossibile
1009 1430 1056 1455 est
1084 1429 1192 1454 autem
1226 1423 1316 1464 quod
1346 1422 1466 1463 aliquid
1519 1430 1734 1461 mortuorum,
1750 1426 1864 1466 quibus
1879 1426 1999 1457 dictum
2014 1431 2078 1458 est:
2104 1439 2118 1453 -r
2139 1426 2287 1468 Capillus
2300 1427 2341 1458 de
2362 1427 2467 1468 capite
2482 1433 2588 1459 vestro

403 1468 585 1499 dominetur
608 1478 702 1509 supra
718 1469 841 1509 patiens
863 1470 924 1499 nisi
946 1474 1140 1509 inquantum
1159 1468 1339 1499 debilitatur
1361 1467 1466 1499 domi-
1520 1479 1585 1499 non
1603 1470 1724 1510 peribit
1741 1483 1769 1500 ι.

402 1514 493 1545 nium
516 1513 639 1544 formae
662 1514 810 1553 propriae
825 1523 920 1554 supra
942 1514 1108 1544 materiam
1124 1513 1282 1553 patientis,
1298 1511 1465 1553 loquendo

403 1557 442 1589 de
465 1558 613 1598 passione
629 1566 713 1597 quae
735 1563 784 1588 est
807 1563 917 1588 contra
933 1563 1089 1594 naturam,
1106 1557 1146 1588 de
1170 1566 1234 1597 qua
1249 1566 1337 1588 nunc
1359 1557 1466 1596 loqui·
1480 1568 1507 1590 ,ο

402 1612 489 1634 mur:
515 1612 583 1633 non
606 1602 692 1633 enim
720 1607 827 1641 potest
849 1603 980 1632 materia
1009 1602 1122 1633 subiici
1146 1603 1203 1632 uni
1233 1602 1466 1632 contrariorum

403 1647 470 1677 sine
493 1646 557 1677 hoc
581 1645 670 1686 quod
701 1646 831 1676 tollatur
864 1646 1046 1678 dominium
1069 1647 1197 1677 alterius
1220 1655 1316 1686 super
1345 1646 1464 1686 ipsam,
1585 1655 1606 1675 n
1622 1656 1786 1677 secuuntur
1808 1656 1855 1677 stc
1877 1655 2084 1678 nocituri-un.
2114 1640 2249 1678 Videtur
2272 1646 2363 1687 quod
2385 1647 2587 1688 impassibili-

402 1691 452 1722 vel
475 1691 587 1721 saltem
603 1690 807 1722 diminuatur.
831 1690 961 1731 Corpus
984 1697 1092 1722 autem
1111 1691 1300 1726 humanum,
1317 1696 1350 1720 et
1372 1690 1466 1730 quid·
1523 1658 1632 1720 Atas
1661 1691 1696 1721 in
1728 1691 1878 1721 omnibus
1908 1692 1967 1722 erit
2002 1691 2152 1732 aequalis.
2188 1691 2275 1730 Quia
2298 1691 2311 1722 1
2337 1691 2415 1722 Cor.
2442 1701 2483 1722 xv
2509 1691 2588 1723 dicit

402 1734 481 1775 quid
503 1735 537 1765 in
560 1744 600 1766 eo
625 1740 681 1770 est,
698 1734 839 1775 perfecte
863 1736 921 1765 erit
943 1736 1124 1766 subiectum
1154 1736 1279 1766 animae
1301 1734 1465 1771 rationali,
1521 1733 1638 1764 Glossa
1652 1735 1669 1751 ⁸*
1692 1734 1783 1774 quod
1812 1735 1987 1775 aequaliter
2014 1745 2128 1766 omnes
2158 1736 2277 1766 habent
2306 1736 2397 1776 quod
2426 1737 2493 1776 pati
2519 1744 2588 1767 non
2615 1739 2624 1750 ·
2645 1737 2682 1761 Cf·
2708 1737 2812 1788 auten-un.

402 1780 484 1812 sicut
506 1779 603 1809 etiam
626 1779 694 1819 ipsa
724 1778 864 1819 perfecte
886 1780 1031 1810 subiecta
1064 1780 1122 1810 erit
1148 1780 1230 1810 Deo.
1266 1779 1307 1809 Et
1336 1778 1410 1809 ideo
1434 1779 1465 1809 in
1483 1789 1506 1810 ις
1521 1784 1667 1818 possunt.
1701 1778 1764 1809 Sed
1787 1788 1825 1809 ex
1848 1780 1911 1810 hoc
1935 1781 1994 1811 erit
2015 1780 2050 1810 in
2073 1781 2118 1811 eis
2142 1779 2232 1820 quod
2254 1789 2323 1811 non
2345 1785 2483 1820 possunt
2508 1780 2586 1821 pati,
2613 1765 2725 1817 22⁴2.
2742 1771 2814 1795 ''m“

403 1832 538 1863 corpore
561 1823 703 1863 glorioso
725 1833 794 1853 non
825 1824 942 1863 poterit
971 1833 1038 1854 esse
1062 1824 1168 1864 aliqua
1197 1823 1332 1854 mutatio
1357 1828 1468 1854 contra
1521 1822 1612 1862 quod
1627 1823 1745 1854 habent
1768 1822 1879 1854 dotem
1892 1824 2163 1865 impassibilitatis.
2188 1825 2274 1864 Ergo
2290 1824 2525 1864 impassibilitas
2538 1830 2587 1855 est

402 1867 646 1907 dispositionem
664 1867 752 1898 illam
776 1877 840 1907 qua
861 1867 1025 1907 perficitur
1056 1869 1095 1898 ab
1119 1868 1234 1898 anima.
1267 1867 1308 1898 Et
1331 1868 1374 1897 ita
1397 1877 1467 1898 cor·
1521 1867 1662 1907 aequalis
1684 1868 1719 1897 in
1742 1868 1903 1900 omnibus.

401 1921 480 1952 pora
503 1911 556 1942 illa
580 1917 672 1942 erunt
694 1912 909 1951 impassibilia.
1577 1921 1607 1942 2.
1631 1911 1829 1948 annm,
1845 1913 2032 1952 negationes
2047 1922 2116 1943 non
2131 1913 2290 1953 recipiunt
2304 1913 2405 1953 magis
2420 1918 2453 1943 et
2467 1913 2584 1944 minus.

162 1955 309 2010 :ngur'iffi‘fif
322 1955 375 2010 gg·
455 1956 506 1985 Ar>
519 1966 635 1985 PRIMUM
652 1965 734 1986 unco
748 1966 908 1986 mmmmm
925 1956 1023 1996 quod,
1041 1955 1220 1986 secundum
1236 1955 1427 1986 Anselmum
1439 1957 1466 1991 ',
1522 1955 1585 1985 Sed
1607 1956 1841 1996 impassibilitas
1865 1962 1911 1987 est
1927 1956 2086 1997 quaedam
2109 1957 2237 1997 negatio
2261 1957 2312 1987 vel
2327 1958 2463 1998 privatio
2486 1958 2586 1998 passi-

1663 1535 1763 1567 ART.
1787 1535 1824 1566 11.
1849 1546 1954 1566 urium
1977 1546 2213 1567 massmmus
2236 1547 2269 1568 m
2292 1546 2427 1569 OMNIBUS

1869 1590 1991 1611 rurum
2018 1590 2064 1611 srr
2087 1591 2240 1611 asanais

163 2015 194 2031 ιι,
404 2014 417 2027 α
436 2000 574 2030 mortale
593 2013 606 2026 »
628 2000 767 2039 ponitur
789 2000 822 2030 in
846 1999 1032 2041 definitione
1049 2000 1190 2032 hominis
1215 2010 1236 2030 a
1254 2000 1465 2041 philosophis,
1481 2009 1508 2029 40
1521 1999 1658 2030 bilitatis.
1682 2000 1768 2040 Ergo
1785 2010 1852 2030 non
1870 2006 1978 2041 potest
2001 2011 2069 2032 esse
2085 2002 2188 2031 maior
2211 2002 2244 2031 in
2260 2011 2328 2032 uno
2345 2011 2444 2042 quam
2459 2002 2494 2032 in
2509 2003 2584 2033 alio.

399 2045 454 2085 qui
470 2053 534 2074 non
559 2043 766 2075 crediderunt
779 2044 940 2074 hominem
963 2049 1066 2075 totum
1081 2044 1258 2085 aliquando
1276 2053 1374 2084 posse
1397 2053 1467 2075 esse
1577 2043 1607 2074 3.
1631 2044 1828 2080 Pium-nm,
1843 2046 1946 2085 magis
1967 2045 2078 2076 album
2101 2044 2216 2075 dicitur
2232 2045 2322 2086 quod
2345 2051 2392 2076 est
2410 2046 2502 2086 nigro
2525 2047 2586 2080 im-

400 2088 630 2123 immortalem,
658 2089 733 2128 quia
755 2097 823 2118 non
845 2088 994 2119 viderunt
1023 2089 1171 2119 homines
1195 2089 1255 2119 nisi
1286 2088 1466 2119 secundum
1520 2088 1717 2127 permixtius.
1747 2087 1811 2119 Sed
1834 2089 1914 2119 nulli
1937 2098 2113 2129 corporum
2145 2094 2330 2120 sanctorum
2360 2089 2586 2121 admiscebitur

399 2133 494 2164 huius
516 2132 715 2163 mortalitatis
738 2137 866 2163 statum.
1521 2131 1641 2172 aliquid
1665 2131 1704 2162 de
1727 2133 1941 2172 passibilitate.
1965 2134 2052 2174 Ergo
2075 2134 2186 2165 omnia
2208 2138 2303 2164 erunt
2329 2135 2503 2175 aequaliter
2525 2135 2586 2166 im-

452 2177 513 2207 Vel
525 2181 631 2217 potest
643 2176 706 2207 dici
717 2176 817 2216 quod,
831 2176 1010 2207 secundum
1022 2177 1269 2217 Philosophum,
1282 2177 1315 2207 in
1325 2177 1382 2207 VII
1396 2177 1466 2207 Me·
1519 2176 1688 2216 passibilia.

162 2217 372 2266 'DssaTfflffi-”L‘
399 2221 524 2262 taphys.
542 2222 568 2257 ἕ,
590 2221 665 2261 quia
689 2220 883 2251 differentiae
900 2221 1081 2252 essentiales
1106 2227 1180 2252 sunt
1202 2221 1297 2251 nobis
1319 2222 1465 2262 incogni-
1479 2234 1503 2254 45
1576 2220 1638 2251 sm)
1663 2231 1801 2257 CONTRA,
1826 2222 1940 2252 merito
1964 2220 2060 2252 debet
2082 2221 2277 2263 respondere
2307 2223 2487 2263 praemium
2510 2231 2586 2263 pro-

160 2251 200 2298 11¹¹,
210 2251 239 2293 ἰι-ι
253 2260 272 2299 ἑ.
305 2250 370 2271 '⁰⁸⁹'
398 2272 458 2301 tae,
476 2266 596 2296 utimur
620 2264 817 2306 quandoque
838 2264 1023 2296 differentiis
1047 2265 1294 2296 accidentalibus
1311 2265 1350 2296 ad
1368 2267 1464 2306 signi-
1519 2265 1749 2305 portionaliter.
1773 2264 1838 2296 Sed
1860 2271 2045 2298 sanctorum
2061 2265 2192 2307 quidam
2216 2266 2347 2299 fuerunt
2365 2267 2434 2299 aliis
2456 2268 2587 2299 maioris

398 2309 561 2340 ficandum
585 2309 776 2340 differentias
799 2310 991 2345 essentiales,
1016 2319 1099 2350 quae
1122 2316 1197 2341 sunt
1219 2309 1465 2341 accidentalium
1518 2310 1633 2340 meriti.
1667 2309 1764 2350 Ergo,
1789 2319 1862 2340 cum
1887 2310 2121 2351 impassibilitas
2145 2311 2184 2342 sit
2207 2310 2371 2351 quoddam
2395 2312 2584 2351 praemium,

399 2363 522 2385 causae.
548 2353 642 2385 Unde
657 2354 795 2384 mortale
818 2355 851 2384 in
875 2354 1062 2385 definitione
1078 2355 1218 2385 hominis
1241 2364 1309 2384 non
1333 2355 1465 2394 ponitur
1519 2353 1644 2384 videtur
1667 2354 1757 2394 quod
1780 2355 1813 2384 in
1837 2354 2029 2394 quibusdam
2053 2356 2091 2386 sit
2114 2356 2216 2385 maior
2240 2364 2338 2396 quam
2361 2356 2395 2386 in
2418 2355 2495 2386 aliis.

399 2399 489 2439 quasi
505 2399 573 2438 ipsa
595 2398 769 2428 mortalitas
793 2398 832 2428 ad
856 2399 1026 2429 essentiam
1049 2399 1189 2430 hominis
1211 2399 1384 2439 pertineat:
1410 2399 1466 2430 sed
1576 2407 1605 2428 2.
1622 2398 1819 2435 Famam,
1836 2399 2069 2439 impassibilitas
2089 2399 2240 2430 dividitur
2262 2405 2374 2430 contra
2397 2399 2507 2431 dotem
2523 2401 2586 2433 cla-

399 2442 569 2483 quiaillud
586 2442 675 2482 quod
698 2452 785 2473 nunc
805 2448 852 2473 est
869 2452 964 2473 causa
979 2443 1191 2483 passibilitatis
1215 2449 1246 2473 et
1265 2443 1465 2474 mortalitatis
1481 2455 1506 2474 ςο
1519 2443 1627 2473 ritatis.
1652 2442 1715 2473 Sed
1739 2443 1791 2473 illa
1814 2453 1882 2474 non
1905 2444 1964 2474 erit
1986 2443 2128 2484 aequalis
2151 2444 2184 2474 in
2206 2444 2376 2480 omnibus,
2402 2450 2439 2476 ut
2461 2450 2549 2487 patet
2571 2445 2585 2476 1

399 2486 577 2519 secundum
602 2492 802 2526 praesentem
825 2492 959 2523 statum,
977 2488 1096 2518 scilicet
1120 2488 1315 2527 compositio
1332 2497 1370 2518 ex
1387 2497 1465 2518 con·
1521 2486 1599 2517 Cor.
1616 2497 1658 2518 xv
1672 2488 1698 2518 *.
1724 2487 1810 2528 Ergo
1833 2497 1893 2518 nec
1915 2488 2161 2528 impassibilitas.
2613 2485 2623 2495 '
2637 2482 2705 2516 ven.
2717 2489 2761 2510 ⁴¹¹
2773 2488 2810 2511 ⁴³·

399 2532 517 2566 trariis,
542 2536 588 2561 est
611 2530 651 2562 de
675 2532 809 2562 essentia
832 2532 982 2562 hominis.
1011 2531 1074 2563 Sed
1098 2538 1175 2563 tunc
1198 2541 1266 2562 non
1290 2532 1348 2562 erit
1370 2542 1465 2562 causa
1575 2531 1765 2562 Rusponnuo
1789 2542 1949 2562 mensuum
1972 2532 2062 2572 quod
2084 2532 2318 2572 impassibilitas
2347 2538 2454 2573 potest
2480 2533 2586 2574 dupli·

401 2576 468 2607 eius
491 2581 622 2615 propter
644 2576 812 2606 victoriam
835 2577 959 2607 animae
983 2586 1080 2616 super
1103 2585 1231 2616 corpus.
1520 2575 1598 2606 citer
1613 2575 1820 2606 considerari:
1846 2576 1896 2606 vel
1913 2576 2093 2608 secundum
2115 2586 2169 2613 se;
2193 2577 2244 2608 vel
2259 2576 2440 2609 secundum
2456 2587 2586 2609 causam

456 2620 505 2653 An
539 2629 701 2651 sacunnuu
732 2630 893 2651 memnon
933 2620 1023 2660 quod
1060 2620 1179 2660 duplex
1219 2626 1265 2650 est
1303 2620 1463 2660 potentia:
1519 2629 1620 2651 suam.
1645 2620 1679 2651 Si
1702 2620 1882 2652 secundum
1905 2630 1939 2651 se
1962 2620 2190 2657 consideretur,
2219 2622 2295 2661 quia
2317 2621 2420 2652 solam
2442 2622 2584 2662 negatio-

401 2663 503 2704 ligata‚
521 2669 551 2694 et
574 2664 681 2694 libera.
706 2664 747 2694 Et
762 2665 826 2695 hoc
848 2674 916 2695 non
932 2665 1039 2695 solum
1063 2670 1110 2695 est
1125 2674 1238 2695 verum
1261 2664 1301 2695 de
1322 2665 1465 2705 potentia
1481 2676 1503 2695 55
1519 2673 1596 2694 nem
1608 2664 1659 2695 vel
1674 2665 1887 2704 privationem
1903 2666 2064 2705 importat,
2077 2675 2145 2695 non
2161 2666 2293 2706 suscipit
2303 2666 2404 2706 magis
2420 2671 2452 2696 et
2467 2667 2584 2703 minus,

401 2709 517 2744 activa,
543 2708 599 2738 sed
622 2709 718 2739 etiam
750 2709 892 2748 passiva:
929 2708 1033 2739 forma
1061 2709 1148 2739 enim
1180 2709 1256 2749 ligat
1287 2710 1466 2749 potentiam
1520 2708 1576 2739 sed
1591 2710 1650 2740 erit
1672 2709 1813 2749 aequalis
1828 2710 1861 2740 in
1885 2710 2037 2740 omnibus
2053 2710 2162 2740 beatis.
2187 2709 2220 2740 Si
2240 2715 2348 2741 autem
2368 2710 2586 2741 consideretur

401 2753 559 2788 materiae,
576 2752 818 2784 determinando
841 2753 945 2793 ipsam
969 2753 1008 2784 ad
1030 2763 1148 2790 unum,
1172 2753 1352 2784 secundum
1376 2753 1466 2793 quod
1519 2752 1699 2784 secundum
1722 2763 1813 2784 suam
1837 2763 1983 2790 causam,
2007 2754 2051 2784 sie
2074 2755 2133 2786 erit
2155 2754 2189 2784 in
2213 2764 2280 2785 uno
2304 2755 2407 2785 maior
2431 2764 2529 2795 quam
2552 2756 2586 2786 in

402 2796 583 2828 dominatur
615 2807 710 2837 super
733 2806 814 2828 eam.
850 2798 891 2828 Et
919 2798 995 2838 quia
1021 2798 1056 2828 in
1079 2798 1174 2828 rebus
1205 2798 1465 2837 corruptibilibus
1520 2797 1593 2827 alio.
1619 2797 1724 2828 Causa
1747 2803 1855 2828 autem
1879 2799 1946 2829 eius
1974 2804 2021 2829 est
2044 2798 2226 2829 dominium
2248 2799 2374 2829 animae
2395 2808 2493 2839 super
2515 2808 2586 2830 cor-

401 2850 468 2872 non
491 2840 631 2881 perfecte
653 2841 837 2873 dominatur
860 2841 963 2872 forma
987 2851 1083 2882 supra
1105 2842 1280 2877 materiam,
1303 2851 1371 2872 non
1393 2852 1464 2882 per·
1519 2851 1580 2882 pus
1595 2842 1622 2872 ’ἢ
1646 2841 1746 2879 Quod
1762 2842 1894 2882 quidem
1909 2842 2091 2873 dominium
2107 2848 2254 2873 causatur
2269 2852 2308 2873 ex
2323 2843 2386 2874 hoc
2405 2843 2494 2884 quod
2507 2842 2586 2874 frui-
2612 2842 2674 2891 geff-
2693 2846 2736 2865 nrt.
2756 2849 2824 2871 pm-

402 2884 484 2916 fecte
507 2891 613 2925 potest
635 2885 731 2925 ligare
754 2886 867 2925 ipsam,
884 2887 964 2926 quin
987 2887 1119 2927 recipiat
1145 2885 1306 2917 interdum
1330 2895 1387 2926 per
1409 2886 1465 2919 ali-
1478 2894 1507 2914 60
1519 2891 1571 2916 tur
1595 2886 1666 2916 Deo
1690 2886 1906 2917 immobiliter.
1931 2887 2025 2918 Unde
2048 2888 2082 2918 in
2106 2887 2161 2918 illo
2186 2887 2243 2927 qui
2266 2887 2436 2927 perfectius
2460 2886 2584 2924 fruitur,
2657 2885 2664 2891 '

403 2938 500 2968 quam
531 2930 713 2969 passionem
736 2929 981 2970 dispositionem
1011 2931 1203 2962 contrariam
1233 2929 1366 2961 formae.
1403 2930 1466 2961 Sed
1520 2935 1568 2960 est
1590 2931 1693 2960 maior
1715 2931 1974 2970 impassibilitatis
1997 2941 2102 2962 causa.

403 2974 436 3003 in
463 2974 577 3003 sanctis
600 2979 674 3013 post
703 2975 968 3006 resurrectionem
992 2975 1128 3005 omnino
1158 2975 1265 3005 anima
1287 2974 1466 3006 dominabi-
1575 2974 1626 3004 An
1650 2985 1767 3005 ramum
1800 2985 1883 3006 aaoo
1910 2985 2071 3006 memnon
2101 2975 2192 3016 quod
2216 2975 2331 3006 Glossa
2360 2975 2413 3005 illa
2442 2975 2585 3015 loquitur

403 3022 454 3048 tur
477 3027 571 3058 supra
594 3027 727 3057 corpus:
752 3028 812 3050 nec
834 3018 913 3050 illud
937 3019 1119 3050 dominium
1141 3019 1251 3059 aliquo
1271 3018 1371 3050 modo
1393 3025 1467 3059 pot·
1521 3018 1561 3049 de
1593 3019 1843 3058 impassibilitate
1875 3019 2055 3052 secundum
2078 3029 2130 3056 se,
2155 3025 2186 3051 et
2208 3029 2276 3051 non
2298 3018 2478 3051 secundum
2509 3029 2584 3050 cau-

404 3062 461 3092 erit
475 3061 600 3097 auferri,
618 3063 693 3102 quia
708 3063 777 3102 ipsa
793 3063 851 3093 erit
865 3063 1106 3094 immutabiliter
1120 3064 1191 3094 Deo
1208 3064 1359 3100 subiecta,
1377 3062 1467 3104 quod
1521 3072 1588 3093 sam
1612 3072 1712 3093 suam.

402 3114 469 3134 non
495 3105 552 3135 fuit
575 3106 608 3136 in
632 3112 714 3136 statu
737 3107 950 3138 innocentiae.
975 3108 1016 3138 Et
1039 3107 1113 3138 ideo
1137 3108 1170 3138 in
1198 3108 1388 3148 corporibus
1406 3107 1466 3138 illis
1481 3113 1505 3140 ἐς
1575 3107 1627 3138 An
1661 3117 1824 3139 stcunnmi
1858 3118 2019 3139 memnon
2052 3106 2153 3148 quod,
2175 3107 2321 3148 quamvis
2344 3108 2530 3147 negationes
2553 3113 2585 3141 et

404 3155 510 3182 manet
526 3149 638 3181 eadem
660 3152 804 3190 potentia
819 3151 859 3183 ad
882 3151 1020 3183 formam
1043 3152 1137 3183 aliam
1156 3161 1241 3192 quae
1263 3162 1351 3185 nunc
1374 3152 1466 3188 inest,
1521 3151 1714 3192 privationes
1729 3151 1909 3182 secundum
1931 3162 1966 3183 se
1987 3161 2056 3183 non
2071 3151 2276 3182 intendantur
2290 3161 2351 3183 nec
2374 3152 2584 3188 remittantur,

405 3198 561 3233 quantum
583 3193 624 3226 ad
656 3195 863 3227 substantiam
895 3197 1075 3236 potentiae:
1110 3195 1166 3228 sed
1197 3197 1255 3229 erit
1286 3196 1381 3236 ligata
1410 3205 1467 3236 per
1521 3201 1629 3227 tamen
1651 3195 1862 3228 intenduntur
1892 3201 1925 3227 et
1955 3197 2160 3227 remittuntur
2188 3205 2226 3226 ex
2257 3196 2360 3227 causis
2388 3196 2469 3226 suis:
2503 3196 2586 3227 sicut

404 3237 569 3268 victoriam
591 3239 716 3270 animae
746 3249 840 3279 supra
872 3249 1009 3281 corpus,
1034 3246 1071 3273 ut
1100 3250 1270 3281 nunquam
1297 3241 1330 3274 in
1359 3245 1467 3274 aenam
1521 3239 1637 3271 dicitur
1667 3250 1736 3271 esse
1758 3240 1851 3271 locus
1882 3242 1982 3281 magis
2004 3241 2194 3271 tenebrosus
2226 3240 2283 3280 qui
2314 3240 2409 3270 habet
2439 3240 2531 3280 plura
2553 3245 2586 3271 et

405 3281 559 3321 passionis
582 3283 666 3313 exire
689 3283 798 3322 possit.
1520 3284 1643 3316 maiora
1665 3284 1829 3316 obstacula
1852 3284 1942 3315 lucis.

459 3325 509 3356 An
533 3336 667 3356 ram-mu
683 3337 842 3358 mmmmm
868 3328 959 3368 quod
979 3329 1146 3369 qualitates
1170 3329 1378 3362 elementares
1393 3333 1508 3363 sunt-10
1576 3329 1627 3358 An
1651 3338 1786 3358 'mamm
1818 3338 1978 3359 monimum
2010 3327 2099 3368 quod
2122 3328 2228 3369 aliqua
2251 3338 2319 3359 non
2351 3329 2458 3360 solum
2480 3329 2584 3360 inten-

166 3364 379 3413 's.c·1⁸·³1?.'1¹g‹':t¹.¹'v1⁵1‘.'
405 3369 612 3400 instrumenta
629 3371 768 3401 animae:
790 3377 824 3403 ut
840 3378 936 3411 patet,
953 3373 986 3403 in
1004 3373 1029 3402 11
1045 3373 1084 3404 de
1100 3374 1217 3404 Anima
1234 3374 1260 3410 *,
1275 3373 1365 3413 quod
1379 3373 1468 3406 calor
1521 3372 1641 3405 duntur
1669 3382 1727 3413 per
1757 3382 1919 3404 recessum
1942 3382 1960 3403 a
1983 3373 2144 3403 contrario
2156 3396 2163 3409 ‚
2188 3372 2243 3403 sed
2266 3382 2324 3413 per
2354 3382 2518 3403 accessum
2545 3372 2585 3404 ad

405 3413 486 3451 ignis
509 3414 542 3444 in
566 3423 701 3454 corpore
723 3414 866 3446 humano
890 3417 1050 3456 regulatur
1073 3418 1106 3448 in
1130 3423 1203 3450 actu
1226 3417 1388 3450 nutriendi
1410 3427 1468 3458 per
1521 3418 1710 3449 terminum:
1736 3417 1818 3447 sicut
1832 3417 1887 3447 lux
1901 3416 2086 3447 intenditur.
2111 3417 2152 3447 Et
2167 3422 2336 3458 propterea
2355 3418 2451 3448 etiam
2467 3418 2584 3457 impas-

406 3456 553 3487 virtutem
576 3459 710 3490 animae.
735 3458 874 3495 Quando
892 3466 999 3490 autem
1015 3471 1111 3500 agens
1135 3462 1310 3502 principale
1326 3467 1373 3493 est
1395 3471 1467 3502 per·
1521 3462 1651 3493 sibilitas
1674 3466 1722 3492 est
1744 3461 1847 3491 maior
1869 3462 1902 3491 in
1925 3470 1993 3492 uno
2017 3460 2107 3501 quod
2129 3462 2163 3492 in
2179 3461 2251 3497 alio,
2269 3462 2414 3502 quamvis
2436 3462 2470 3492 in
2493 3461 2584 3492 nullo

407 3499 536 3536 fectum,
554 3506 584 3530 et
607 3511 675 3533 non
698 3507 744 3532 est
767 3503 880 3542 aliquis
904 3503 1046 3536 defectus
1070 3506 1102 3536 in
1126 3507 1355 3542 instrumento,
1379 3506 1467 3538 nulla
1522 3506 1644 3546 aliquid
1666 3505 1879 3546 passibilitatis
1901 3511 2073 3536 remaneat.

407 3544 489 3574 actio
506 3544 650 3584 procedit
665 3546 703 3575 ab
720 3546 931 3579 instrumento
948 3549 1008 3578 nisi
1024 3549 1203 3580 secundum
1222 3550 1467 3590 dispositionem
1481 3563 1505 3583 ⁷5
