2918 4088
1118 708 1152 733 IN

52 870 64 881 ·
76 868 112 891 Cf.
130 875 170 897 qu.
186 874 264 896 uxiv,

51 895 140 919 huod.
400 866 688 903 remanentibus
715 865 756 903 in
784 867 860 904 hoc
888 873 1126 903 sacramento
1145 865 1176 902 *.

292 924 342 961 Et
368 924 468 962 circa
495 925 571 963 hoc
598 932 837 974 quaeruntur
864 932 963 962 octo.

345 985 496 1023 Primo:
525 994 657 1024 utrum
685 985 894 1024 accidentia
921 998 1022 1035 quae
1050 994 1262 1034 remanent,
1283 986 1356 1023 sint

397 1046 478 1084 sine
507 1047 691 1084 subiecto.

345 1109 546 1146 Secundo:
575 1116 708 1146 utrum
736 1108 925 1159 quantitas
952 1108 1168 1147 dimensiva
1195 1109 1241 1146 sit
1268 1110 1355 1147 sub-

397 1170 539 1208 iectum
567 1170 732 1208 aliorum
760 1170 1027 1208 accidentium.

299 808 508 914 Damni:
548 806 874 844 considerandum
915 814 970 843 est
1010 807 1058 844 de
1095 806 1356 844 accidentibus

337 1645 403 1691 ‘''itsi

316 1655 431 1746 ,ξμς
446 1702 473 1741 <a
504 1709 637 1741 mento
666 1701 747 1739 sine
775 1702 959 1740 subiecto.
989 1703 1097 1740 Nihil
1124 1703 1230 1741 enim
1253 1704 1355 1741 inor-

302 1739 392 1791 '1³⁶³
464 1752 493 1790 k
505 1754 681 1792 dinatum
713 1762 779 1792 aut
811 1755 922 1793 fallax
956 1756 1070 1793 debet
1102 1768 1184 1794 esse
1211 1756 1252 1794 in
1279 1757 1357 1795 hoc

260 1830 262 1834 v
289 1815 529 1847 sacramento
544 1807 721 1859 veritatis.
743 1808 820 1846 Sed
839 1809 1048 1846 accidentia
1067 1821 1149 1846 esse
1168 1809 1250 1847 sine
1269 1810 1356 1847 sub-

289 1859 388 1899 iecto
416 1868 472 1897 est
499 1868 632 1899 contra
658 1873 790 1899 rerum
814 1862 1004 1910 ordinem,
1025 1875 1144 1912 quem
1164 1864 1271 1901 Deus
1289 1876 1356 1901 na—

290 1922 398 1952 turae
425 1913 572 1951 indidit.
615 1914 777 1952 Videtur
804 1915 919 1952 etiam
951 1916 1000 1952 ad
1029 1917 1228 1966 quandam
1254 1916 1356 1954 salla-

149 1975 167 1992 ·
290 1966 392 2005 ciam
418 1967 626 2016 pertinere:
660 1979 752 2005 cum
780 1967 990 2006 accidentia
1017 1969 1091 2006 sint
1111 1975 1127 1991 α
1156 1969 1262 2018 signa
1290 1983 1356 2007 na-

290 2028 399 2058 turae
427 2020 596 2058 subiecti.
626 2021 728 2069 Ergo
753 2020 793 2058 in
812 2022 888 2059 hoc
907 2030 1147 2060 sacramento
1167 2035 1248 2061 non
1268 2032 1357 2061 sunt

290 2073 500 2112 accidentia
527 2074 608 2111 sine
637 2074 821 2112 subiecto.

345 2138 380 2164 2.
410 2127 643 2174 PRAETEREA,
671 2127 755 2164 fieri
783 2139 863 2165 non
882 2136 1017 2178 potest,
1047 2129 1163 2167 etiam
1190 2129 1355 2168 miracu-

289 2181 383 2227 lose,
403 2180 511 2229 quod
530 2179 702 2218 definitio
722 2180 776 2218 rei
795 2181 845 2218 ab
865 2194 910 2219 ea
929 2190 1145 2232 separetur;
1167 2185 1230 2220 vel
1249 2184 1356 2233 quod

289 2233 358 2271 uni
386 2233 440 2270 rei
468 2233 672 2271 conveniat
704 2233 877 2272 definitio
909 2235 1082 2282 alterius,
1117 2244 1212 2285 puta
1248 2237 1356 2286 quod

290 2287 424 2333 homo,
453 2298 616 2324 manens
643 2287 778 2333 homo,
808 2287 854 2324 sit
876 2288 1020 2326 animal
1037 2288 1265 2326 irrationale.
1295 2290 1356 2327 Ad

290 2340 367 2378 hoc
394 2339 499 2377 enim
531 2346 756 2390 sequeretur
787 2341 1080 2379 contradictoria
1108 2354 1190 2379 esse
1219 2343 1354 2380 simul:

3 2415 5 2437 ;
289 2393 360 2432 hoc
387 2392 620 2443 enim-,quod
643 2394 830 2444 significat
859 2407 994 2432 nomen
1014 2397 1080 2442 rei,
1110 2402 1162 2433 est
1180 2396 1355 2444 definitio,

48 2447 263 2473 ⁶8:11¹.qu-

113 2474 262 2504 ‚ffimmm
289 2453 334 2485 ut
350 2444 488 2484 dicitur
504 2442 546 2483 in
564 2447 615 2484 IV
628 2448 843 2497 Metaphys.
858 2446 879 2469 ’⁸
907 2447 985 2485 Sed
1013 2449 1061 2485 ad
1089 2449 1356 2487 definitionem

63 2501 130 2530 '2¹¹·
144 2507 167 2531 ⁹·
290 2499 495 2538 accidentis
522 2499 686 2549 pertinet
712 2501 820 2549 quod
849 2500 895 2537 sit
921 2501 961 2538 in
989 2501 1182 2540 subiecto:
1213 2503 1263 2540 ad
1290 2503 1355 2540 de-

289 2551 507 2590 finitionem
534 2564 629 2590 vero
657 2553 902 2602 substantiae,
931 2555 1040 2604 quod
1067 2567 1137 2604 per
1164 2568 1204 2592 se
1234 2556 1356 2593 subsi-

290 2611 362 2643 stat
389 2617 470 2643 non
498 2605 538 2642 in
566 2606 750 2644 subiecto.
793 2607 887 2644 Non
914 2615 1040 2657 potest
1067 2620 1158 2657 ergo
1192 2609 1357 2647 miracu-

290 2659 371 2696 lose
398 2657 483 2696 fieri
510 2659 617 2708 quod
637 2658 678 2696 in
696 2659 772 2698 hoc
791 2668 1031 2698 sacramento
1056 2661 1129 2699 sint
1148 2661 1357 2701 accidentia

291 2710 373 2749 sine
401 2711 585 2749 subiecto.

347 2764 381 2802 3.
418 2766 657 2809 Pmmeam,
693 2766 870 2803 accidens
904 2766 1166 2805 individuatur
1193 2781 1239 2805 ex
1268 2769 1356 2806 sub-

290 2817 400 2856 iecto.
431 2819 471 2857 Si
501 2830 591 2867 ergo
619 2818 827 2856 accidentia
855 2828 1056 2858 remanent
1083 2821 1123 2858 in
1141 2822 1218 2858 hoc
1237 2834 1356 2860 sacra-

291 2879 423 2909 mento
452 2871 534 2909 sine
562 2871 755 2919 subiecto,
792 2884 873 2910 non
901 2881 1013 2910 erunt
1040 2873 1259 2920 individua,
1290 2876 1356 2913 sed

290 2923 532 2965 universalia.
554 2925 674 2972 Quod
692 2933 796 2975 patet
815 2938 897 2963 esse
915 2927 1073 2964 falsum:
1095 2927 1186 2977 quia
1205 2927 1259 2965 sic
1277 2941 1358 2966 non

291 2986 416 3016 essent
443 2978 646 3025 sensibilia,
675 2979 742 3016 secl
770 2979 1015 3029 intelligibilia
1042 2989 1203 3018 tantum.

343 3043 381 3079 4.
411 3032 652 3078 Pau-mm,
691 3032 900 3070 accidentia
931 3045 1001 3083 per
1028 3034 1357 3072 consecrationem

291 3083 410 3121 huius
428 3078 665 3122 sacramenti'
680 3095 761 3123 non
780 3086 1045 3136 adipiscuntur
1062 3087 1232 3137 aliquam
1251 3100 1357 3126 com-

290 3137 535 3187 positionem.
567 3138 644 3176 Sed
673 3146 759 3176 ante
783 3139 1114 3177 consecrationem
1141 3153 1222 3178 non
1250 3149 1357 3179 erant

292 3190 506 3240 composita
542 3203 670 3241 neque
703 3204 750 3230 ex
783 3192 942 3230 materia
977 3201 1014 3231 et
1050 3194 1193 3240 forma,
1228 3207 1356 3245 neque

292 3254 339 3280 ex
365 3255 446 3292 quo
466 3251 521 3281 est
549 3251 585 3282 et
612 3245 720 3294 quod
747 3253 814 3283 est.
844 3246 947 3294 Ergo
975 3246 1091 3284 etiam
1117 3255 1206 3297 post
1224 3260 1356 3285 conse-

291 3296 504 3334 crationem
520 3309 612 3338 ‚non
631 3305 720 3335 sunt
739 3299 952 3349 composita
971 3301 1090 3337 altero
1110 3300 1254 3338 horum
1273 3313 1356 3338 mo·

292 3349 445 3386 dorum.
475 3350 595 3397 Quod
623 3359 679 3389 est
706 3351 1003 3390 inconveniens:
1033 3353 1124 3402 quia
1152 3354 1205 3391 sic
1233 3362 1358 3391 essent

292 3401 523 3452 simpliciora
551 3415 671 3454 quam
699 3405 842 3454 angeli3
872 3417 963 3443 cum
991 3414 1121 3444 tamen
1150 3408 1245 3444 haec
1264 3406 1356 3444 acci-

958 212 1220 259 QUAESTIO
1250 211 1441 258 LXXVII,
1470 210 1762 247 ARTICULUS
1790 212 1803 247 I

2392 217 2461 266 193

648 457 1062 534 QUAESTIO
1106 456 2114 513 SEPTUAGESIMASEPTIMA

487 585 571 625 DE
604 584 1053 626 ACCIDENTIBUS
1087 580 1566 625 REMANENTIBUS
1599 583 1659 624 IN
1693 583 1818 624 Hoc
1854 584 2269 628 SACRAMENTO

1181 708 1279 734 OCTO
1307 708 1508 734 ARTICULOS
1534 708 1648 733 DIVISA

1463 801 1614 839 Tertio:
1651 809 1783 838 utrum
1820 801 2046 840 huiusmodi
2081 803 2288 841 accidentia
2323 806 2468 854 possint

1516 854 1721 891 immutare
1750 853 1907 904 aliquod
1936 867 2076 904 corpus
2105 856 2369 895 extrinsecum.

1463 908 1630 954 Quarto:
1661 915 1792 944 utrum
1820 907 1968 956 possint
1996 909 2203 958 corrumpi.

1463 959 1630 1007 Quinto:
1659 967 1791 997 utrum
1820 973 1866 997 ex
1890 960 1944 997 eis
1971 961 2090 1010 possit
2118 962 2259 1011 aliquid
2287 965 2469 1011 generari.

1462 1013 1598 1050 Sexto:
1628 1020 1760 1050 utrum
1787 1013 1934 1062 possint
1962 1014 2116 1051 nutrire.

1463 1066 1657 1116 Septimo:
1687 1066 1735 1103 de
1762 1066 1943 1104 fractione
1971 1067 2082 1116 panis
2110 1068 2328 1105 consecrati.

1464 1120 1632 1157 Octavo:
1661 1127 1793 1156 utrum
1820 1120 1913 1157 vino
1933 1128 2155 1158 consecrato
2183 1121 2302 1169 possit
2329 1122 2471 1172 aliquid

1516 1172 1730 1209 admisceri.

1099 1282 1421 1325 ARTICULUS
1452 1283 1660 1325 PRIMUS

527 1354 530 1356 ¹
572 1382 730 1414 UTRUM
752 1381 1027 1415 ACCIDENTIA
1049 1384 1325 1416 REMANEANT
1349 1385 1392 1416 1N
1416 1385 1510 1416 Hoc
1534 1385 1833 1416 SACRAMENTO
1858 1385 1953 1416 SINE
1977 1385 2193 1416 sumsscro

485 1473 576 1506 Supra,
596 1481 641 1506 qu.
660 1480 731 1503 Lm,
751 1478 798 1499 art.
818 1473 847 1504 5;
866 1473 875 1498 1
895 1473 979 1503 Seni„
998 1474 1055 1499 dist.
1074 1481 1151 1503 xzvu,
1169 1478 1216 1499 art.
1234 1482 1252 1505 4
1259 1482 1266 1505 ;
1286 1474 1328 1504 lv.
1348 1474 1406 1500 dist.
1425 1482 1469 1504 ΧΠ,
1488 1482 1533 1507 qu.
1553 1481 1576 1506 1,
1596 1480 1642 1500 art.
1662 1482 1692 1505 ις
1712 1475 1746 1499 1v
1767 1475 1843 1501 Cont.
1865 1476 1952 1505 Gent.,
1972 1483 2028 1508 cap.
2047 1483 2110 1505 mi,
2130 1483 2199 1505 anl,
2218 1483 2280 1504 va3

355 1508 452 1540 Quodl.
470 1508 510 1538 111,
529 1513 576 1534 art.
597 1516 620 1540 1,
639 1509 671 1533 nd
690 1516 758 1541 arg.;
778 1509 876 1539 Quodl.
895 1509 937 1540 lx,
956 1517 1000 1542 qu.
1019 1516 1063 1539 ηις
1084 1510 1161 1535 Cant.
1183 1510 1287 1539 Graec„
1306 1511 1416 1535 Amen.
1436 1515 1494 1540 etc„
1512 1517 1568 1543 cap.
1586 1517 1648 1540 vxn3
1669 1510 1699 1535 In
1718 1510 1826 1540 Mami„
1846 1518 1901 1544 cap.
1919 1518 1991 1540 xxvu
2010 1511 2019 1535 l
2038 1511 2075 1536 ad
2095 1512 2166 1541 Cor„
2186 1519 2240 1543 cap.
2259 1519 2292 1541 ιι,
2311 1512 2369 1537 lect.
2387 1519 2411 1536 v.

410 1616 418 1627 .
431 1620 481 1645 ὰ
504 1609 528 1634 ι)
556 1608 692 1634 PmMUM
719 1608 772 1633 s1c
800 1608 1036 1634 pnocnnmm.
1065 1597 1226 1634 Videtur
1248 1598 1356 1647 quod
1410 1598 1540 1636 dentia
1567 1598 1640 1647 sint
1668 1598 1869 1636 sensibilia.
1899 1600 1991 1636 Non
2011 1611 2101 1648 ergo
2125 1599 2333 1637 accidentia
2352 1612 2473 1638 rema-

424 1642 479 1710 Q'Jo‘
505 1648 714 1687 accidentia
741 1661 823 1687 non
841 1657 1065 1687 remaneant
1083 1649 1124 1687 in
1141 1651 1218 1688 hoc
1237 1663 1356 1688 sacra·
1410 1659 1502 1689 nent
1529 1651 1568 1689 in
1596 1653 1672 1689 hoc
1700 1660 1940 1689 sacramento
1969 1652 2050 1689 sine
2078 1652 2261 1690 subiecto.

1465 1704 1539 1742 SED
1568 1717 1713 1742 CONTRA
1740 1717 1806 1742 EST
1834 1706 1942 1754 quod
1971 1705 2179 1754 Gregorius
2207 1705 2306 1753 dicit,
2335 1706 2375 1743 in
2394 1707 2473 1743 Ho-

1409 1757 1515 1795 milia
1542 1757 1715 1795 Paschali
1733 1758 1764 1805 ²⁸,
1794 1758 1902 1807 quod
1929 1761 2066 1808 species
2083 1760 2371 1796 sacramentales
2392 1766 2476 1796 sunt
2500 1767 2510 1777 ·
2535 1766 2653 1788 Lansranc-
2682 1766 2712 1788 de

1409 1811 1560 1848 illarum
1579 1823 1707 1848 rerum
1726 1812 1908 1849 vocabula
1937 1825 2032 1861 quae
2049 1818 2135 1849 ante
2149 1813 2313 1859 fuerunt,
2341 1813 2475 1850 scilicet
2501 1792 2575 1851 {ZZZ
2592 1793 2710 1847 ἷῖψῖςαῖἷέ

1495 1866 1503 1873 ,
1637 1866 1644 1872 ,
1678 1866 1684 1873 ,
1796 1864 1803 1871 ,
2502 1847 2663 1874 camspecies
2682 1847 2712 1868 de

1405 1877 1518 1914 panzs
1545 1870 1579 1901 et
1605 1877 1692 1902 vzm.
1722 1865 1771 1901 Et
1794 1872 1855 1911 lta,
1876 1877 1968 1902 cum
1987 1877 2068 1902 non
2087 1873 2283 1903 remaneat
2302 1866 2474 1903 substan·
2500 1863 2709 1923 flomecrat-‚dist-

1410 1917 1461 1955 tia
1488 1917 1599 1968 panis
1623 1925 1659 1955 et
1677 1917 1767 1964 vini,
1788 1917 1941 1955 videtur
1959 1919 2066 1967 quod
2086 1918 2312 1956 huiusmodi
2331 1919 2474 1969 species
2522 1915 2528 1921 ’

1411 1970 1485 2008 sint
1513 1971 1594 2008 sine
1623 1970 1807 2008 subiecto.

1464 2025 1689 2062 RESPONDEO
1717 2036 1900 2062 DICENDUM
1932 2025 2039 2074 quod
2068 2025 2276 2062 accidentia
2302 2025 2412 2074 panis
2440 2033 2475 2062 et

1410 2077 1509 2125 vini,
1539 2089 1640 2127 quae
1668 2089 1784 2114 sensu
1813 2078 2157 2127 deprehenduntur
2184 2077 2235 2121 in,
2251 2079 2326 2115 hoc
2354 2090 2474 2115 saera-

1411 2138 1543 2168 mento
1572 2143 1773 2168 remanere
1800 2139 1889 2180 post
1916 2131 2258 2178 consecrationem,
2287 2143 2366 2168 non
2388 2139 2475 2168 sunt

1411 2184 1508 2221 sicut
1535 2184 1575 2221 in
1594 2183 1766 2221 subiecto
1786 2183 1825 2221 in
1845 2184 2055 2222 substantia
2073 2184 2182 2234 panis
2202 2192 2238 2222 et
2255 2184 2346 2230 vini,
2375 2197 2474 2233 quae

1411 2250 1491 2274 non
1526 2245 1719 2284 remanet,
1757 2245 1800 2274 ut
1834 2250 1950 2287 supra
1971 2238 1991 2259 ²¹⁵
2019 2238 2196 2275 habitum
2228 2246 2293 2274 est.
2336 2238 2473 2287 Neque

2501 2246 2509 2254 ·
2517 2243 2636 2271 Qmuxv,
2643 2248 2711 2266 arta.

1411 2290 1524 2328 etiam
1555 2290 1595 2327 in
1621 2291 1747 2328 forma
1775 2290 2021 2336 substantiali,
2051 2303 2151 2340 quae
2180 2303 2260 2328 non
2287 2298 2417 2328 manet
2435 2290 2472 2336 *ς
2502 2295 2592 2322 'lbidw
2607 2299 2648 2317 m.
2662 2296 2683 2318 ⁶·

1411 2351 1466 2391 et,
1495 2344 1526 2381 si
1554 2351 1786 2391 remaneret,
1814 2346 2015 2381 subiectum
2050 2356 2127 2381 esse
2161 2357 2234 2381 non
2265 2350 2403 2394 posset,
2433 2351 2475 2380 ut

1410 2405 1513 2447 patet
1539 2409 1610 2446 per
1637 2396 1834 2444 Boetium,
1864 2397 1903 2434 in
1931 2397 2027 2434 libro
2056 2397 2101 2434 de
2132 2399 2168 2435 T
2165 2399 2235 2434 rin.
2256 2397 2276 2418 '¹‘
2315 2397 2474 2434 Manife-
2502 2401 2577 2423 ‘ffl-
2592 2401 2610 2428 1,
2625 2405 2710 2428 0⁸1³·11·

1411 2458 1514 2488 stum
1543 2458 1599 2487 est
1626 2450 1739 2487 etiam
1769 2450 1878 2499 quod
1906 2450 2131 2488 huiusmodi
2159 2450 2367 2487 accidentia
2394 2462 2474 2486 non

1411 2511 1500 2541 sunt
1528 2503 1567 2540 in
1596 2503 1806 2540 substantia
1839 2504 2010 2553 corporis
2042 2512 2079 2541 et
2111 2503 2304 2552 sanguinis
2337 2502 2474 2539 Christi

1411 2556 1509 2594 sicut
1535 2556 1574 2593 in
1603 2556 1774 2594 subiecto
1793 2556 1831 2593 *z
1862 2556 1953 2606 quia
1981 2556 2189 2594 substantia
2212 2556 2373 2593 humani
2393 2567 2474 2593 cor·
2501 2585 2710 2607 loc.cit.insrn.-Cf.

1410 2609 1516 2660 poris
1544 2611 1650 2647 nullo
1679 2610 1800 2647 modo
1828 2618 1953 2660 potest
1980 2610 2039 2647 his
2068 2609 2325 2647 accidentibus
2353 2608 2472 2654 affici3
2501 2611 2711 2665 ἓξὲξ-ΧιξΥω-ξξζξξᾶ

1411 2675 1540 2713 neque
1569 2663 1690 2700 etiam
1719 2671 1775 2700 est
1801 2663 1982 2713 possibile
2017 2663 2125 2712 quod
2153 2675 2293 2712 corpus
2322 2661 2472 2708 Christi,
2500 2666 2555 2692 «νᾶα
2570 2670 2660 2692 cmm·

1411 2716 1624 2766 gloriosum
1656 2724 1692 2753 et
1727 2716 1959 2766 impassibile
1998 2716 2181 2762 existens,
2218 2717 2394 2752 alteretur
2425 2715 2472 2752 ad

1412 2769 1676 2819 suscipiendas
1704 2769 1929 2806 huiusmodi
1957 2769 2166 2818 qualitateS.

1465 2823 1608 2860 Dicunt
1642 2830 1773 2860 autem
1811 2822 1971 2872 quidam
1989 2822 2010 2844 ¹⁸
2037 2822 2143 2870 quod
2172 2827 2280 2866 sunt,
2310 2820 2405 2856 sicut
2433 2819 2471 2856 in

1413 2876 1607 2922 subiecto,
1646 2876 1685 2913 in
1717 2888 1804 2913 aere
1832 2875 2110 2912 circumstante.
2142 2896 2164 2900 —
2194 2874 2269 2910 Sed
2298 2884 2368 2909 nec
2396 2873 2471 2909 hoc

1413 2942 1495 2966 esse
1523 2937 1658 2979 potest.
1703 2928 1833 2966 Primo
1871 2927 2049 2977 quidem,
2089 2926 2179 2975 quia
2211 2938 2276 2962 aer
2309 2937 2388 2961 non
2417 2932 2471 2961 est

1413 2982 1639 3020 huiusmodi
1660 2981 1915 3019 accidentium
1944 2979 2192 3028 susceptivus
2222 3001 2247 3004 —
2276 2977 2469 3024 Secundo,

1413 3036 1504 3085 quia
1532 3034 1757 3072 huiusmodi
1785 3032 1992 3070 accidentia
2019 3044 2098 3068 non
2120 3039 2207 3068 sunt
2234 3030 2301 3067 ubi
2321 3037 2375 3066 est
2393 3041 2467 3067 aer.

1414 3089 1644 3136 Quinimmo
1673 3088 1722 3124 ad
1750 3094 1901 3123 motum
1930 3086 2066 3121 harum
2088 3083 2303 3133 specierum
2322 3095 2387 3119 aer
2405 3083 2469 3119 de-

1412 3141 1573 3192 pellitur.
1604 3163 1629 3167 —
1657 3139 1800 3185 Tertio,
1830 3138 1920 3187 quia
1948 3138 2150 3174 accidentia
2179 3148 2252 3173 non
2281 3141 2470 3173 transeunt

1412 3196 1457 3233 de
1483 3197 1641 3232 subiecto
1670 3195 1707 3229 in
1735 3193 1934 3228 subiectum
1953 3190 1992 3226 ²³²:
2022 3197 2064 3227 ut
2092 3189 2229 3226 scilicet
2252 3188 2355 3225 idern
2375 3187 2469 3225 acci·
2496 3189 2707 3243 {fflffgffg’ng‘g-'gj

1413 3249 1507 3285 dens
1535 3257 1699 3283 numero
1728 3244 1834 3293 quod
1854 3242 1868 3272 β
1895 3242 2021 3292 primo
2040 3242 2108 3279 fuit
2127 3242 2166 3279 in
2186 3254 2265 3280 uno
2285 3241 2468 3288 subiecto,
2496 3243 2535 3264 ¹³¹³·
2551 3242 2568 3263 ¹·
2594 3269 2608 3302 β

1411 3300 1663 3350 postmodum
1682 3297 1748 3334 fiat
1767 3296 1806 3333 in
1826 3296 1910 3333 alio.
1931 3295 2119 3332 Accidens
2138 3294 2242 3332 enim
2261 3306 2468 3331 numerum

1412 3352 1546 3402 accipit
1574 3363 1595 3388 a
1624 3349 1805 3387 subiecto.
1842 3349 1954 3386 Unde
1982 3360 2061 3385 non
2089 3356 2213 3398 potest
2240 3359 2321 3384 esse
2350 3347 2468 3396 quod,

1412 3406 1515 3442 idem
1550 3415 1714 3440 numero
1750 3414 1928 3449 manens,
1966 3401 2010 3438 sit
2042 3401 2277 3450 quandoque
2315 3399 2353 3436 in
2382 3401 2467 3447 hoc,

2501 2560 2511 2570 ·
2520 2558 2578 2580 Vide
2588 2558 2710 2580 Abaelnrd.

2499 2827 2508 2837 ¹
2520 2825 2577 2846 Vide
2591 2824 2708 2845 Guinelm.

2498 2851 2650 2877 s.·sheodor.,
2659 2850 2711 2871 Dis*

2494 2877 2711 2935 {zf'assffszffott

2490 2930 2645 2978 ζῖὶζῖἒῙιι-ῗμ
2650 2935 2709 2986 Elx'}

2497 2983 2633 3005 tamnu-ol.
2645 2982 2664 3003 C
2678 2988 2710 3003 rt-

2497 3010 2575 3036 stn’an„
2587 3015 2637 3037 cap.
2645 3014 2707 3030 mx.

345 3528 377 3561 α)
392 3529 455 3554 sint.
473 3543 492 3548 -
510 3530 672 3555 natm-mter
689 3530 744 3556 sm
762 3531 800 3556 1²1.
1380 3526 1383 3553 ί

433 3582 543 3606 Summis
562 3582 663 3607 Τηεοι..
684 3583 715 3607 D.
729 3582 845 3608 Tunius.
864 3584 896 3608 T.
917 3584 958 3608 IX.

1463 3528 1488 3562 β)
1507 3529 1587 3561 quod.
1606 3543 1624 3547 —
1643 3528 1688 3557 P1;
1708 3528 1743 3553 sit
1761 3528 1840 3560 quod.
