2878 4088
1017 183 1281 230 QUAESTIO
1310 183 1449 231 LXXI,
1478 182 1772 220 ARTICULUS
1801 184 1814 220 1
2435 188 2500 224 151

320 266 465 291 naturam
489 262 619 301 agentis.
645 261 731 292 Talis
754 267 862 292 autem
885 271 953 293 non
976 268 1023 292 est
1046 263 1129 292 actio
1154 263 1234 302 ignis
1259 263 1293 292 in
1320 262 1387 292 ani-

320 314 416 335 mam.
441 305 483 335 Et
505 310 637 346 propter
659 306 722 336 hoc
746 307 826 336 ratio
849 316 917 336 non
941 305 1114 336 concludit.

373 349 424 379 An
450 359 597 380 unaarum
620 359 779 380 mmmmm
803 350 892 391 quod
914 351 996 390 ignis
1019 351 1083 390 agit
1103 351 1136 380 in
1155 351 1295 380 animam
1318 359 1386 380 non

318 402 376 433 per
398 392 535 424 modum
558 393 734 430 influentis,
759 394 815 425 sed
838 404 895 435 per
917 394 1054 425 modum
1081 393 1264 430 detinentis,
1288 399 1325 424 ut
1347 403 1385 425 ex
1506 404 1526 424 n
1549 403 1666 424 Panum
1698 403 1744 424 sic
1776 403 1980 424 Pnocnnrrun.
2010 394 2144 425 Videtur
2167 396 2256 436 quod
2279 396 2425 437 suffragia
2448 407 2506 438 per

319 437 409 468 dictis
425 438 442 454 ⁴*
466 443 562 478 patet.
586 438 628 468 Et
650 437 724 468 ideo
748 439 828 469 ratio
851 447 918 469 non
942 444 989 468 est
1011 438 1052 468 ad
1074 439 1288 479 propositum.
1407 447 1417 467 ς
1441 405 1608 469 Aunum
1638 437 1720 468 facta
1752 437 1805 468 alii
1837 437 1988 478 prodesse
2019 448 2086 469 non
2117 441 2249 479 possint.
2287 441 2393 472 Galat.
2417 452 2449 472 VI
2465 443 2502 471 *z

1583 261 1682 292 ART.
1708 261 1731 292 1.
1756 271 1860 292 υτιωΜ
1884 272 2054 293 sunnon
2078 274 2135 294 nn
2157 275 2243 295 mum
2266 275 2366 296 neu

1781 316 1844 335 ΑΕΗ
1867 316 2019 337 PRODESSE
2043 317 2166 338 POSSINT

1467 351 1499 373 1v
1513 351 1587 378 Seni„
1602 351 1657 373 dist.
1671 356 1737 377 xvni,
1753 357 1792 379 qu.
1808 357 1833 377 n,
1848 355 1891 374 art.
1908 359 1927 378 ι,
1943 353 1987 380 qu⁸
2000 358 2018 379 ι,
2034 353 2061 374 ad
2077 359 2101 379 2;
2116 354 2126 375 1
2140 354 2174 375 ad
2188 354 2252 381 Cor„
2268 360 2320 381 cap.
2329 361 2367 382 xv,
2383 355 2434 376 leet.
2447 361 2477 376 ιν.

80 439 91 450 ·
104 438 130 460 ln
145 443 251 466 corpore.
2533 444 2543 455 ·
2558 444 2622 466 Vm.
2639 444 2661 467 8.

374 481 424 511 An
449 492 589 512 numi-tm
611 492 771 512 mceumm
794 482 884 523 quod
899 483 933 513 in
949 483 1072 512 visione
1094 482 1301 513 intellectuali
1317 491 1384 512 non

319 530 365 556 est
388 526 511 556 tristitia
534 536 572 557 ex
595 526 659 557 hoc
682 527 753 567 ipso
777 526 868 567 quod
890 525 1011 567 aliquid
1033 525 1193 557 videatur:
1214 536 1290 557 cum
1305 525 1385 557 illud

318 570 408 610 quod
431 569 570 606 videtur,
594 570 685 601 nullo
712 570 814 601 modo
841 571 1017 601 intellectui
1043 571 1144 610 possit
1167 579 1235 601 esse
1259 576 1384 601 contra-

316 615 400 644 rium
423 615 616 655 inquantum
638 614 773 645 videtur.
798 614 834 645 In
857 624 953 645 sensu
976 619 1084 645 autem
1107 615 1171 645 hoc
1192 613 1282 654 quod
1297 614 1384 645 vide-

316 663 377 695 tur,
394 667 432 689 ex
448 659 517 699 ipsa
539 659 666 689 actione
689 668 787 699 quarn
809 659 872 699 agit
887 659 921 689 in
936 659 1041 689 visum
1056 663 1092 688 ut
1107 658 1260 694 videatur,
1277 663 1384 698 potest

317 712 383 733 esse
408 703 629 743 corruptivum
644 703 730 733 visus
745 712 803 743 per
818 702 974 738 accidens,
994 703 1188 742 inquantum
1207 703 1384 742 corrumpit

316 747 516 778 harmoniam
544 748 665 787 organi.
696 746 759 777 Sed
785 751 894 777 tamen
920 747 1001 777 visio
1029 745 1250 776 intellectualis
1276 751 1383 786 potest

316 801 384 822 esse
408 792 597 822 contristans
620 791 813 831 inquantum
826 790 860 821 id
876 790 966 830 quod
988 788 1112 820 videtur
1135 789 1384 830 apprehenditur

316 841 352 865 ut
375 836 544 866 nocivum:
569 844 637 865 non
661 835 751 875 quasi
774 839 891 865 noceat
914 843 953 864 eo
978 834 1049 874 ipso
1066 833 1156 874 quod
1174 833 1310 870 videtur,
1327 833 1383 864 sed

1443 481 1536 519 Quae
1558 482 1642 512 enim
1665 482 1872 513 seminaverit
1894 483 2000 518 homo,
2024 483 2103 513 haec
2125 489 2155 514 et
2174 489 2275 514 metet.
2301 485 2363 515 Sed
2379 486 2404 515 si
2420 495 2504 516 unus

1440 535 1478 557 ex
1501 525 1656 566 suffragiis
1686 526 1813 557 alterius
1844 532 2095 566 consequeretur
2124 526 2278 563 fructum,
2306 535 2439 559 meteret
2465 530 2503 560 ab

1439 570 1506 600 aliis
1530 571 1693 601 seminata.
1721 570 1807 610 Ergo
1833 580 1870 601 ex
1894 570 2048 611 suffragiis
2075 571 2211 602 aliorum
2234 572 2341 602 nunus
2364 573 2504 604 fructum

1440 615 1657 655 consequitur.

1495 668 1525 688 2.
1549 659 1752 695 Puerum,
1777 658 1817 689 ad
1843 659 1996 689 iustitiam
2023 659 2084 689 Dei
2111 660 2248 699 pertinet
2270 665 2306 690 ut
2330 661 2504 701 unicuique

1438 702 1593 733 tribuatur
1620 712 1680 742 pro
1707 703 1844 733 meritis:
1876 702 1962 733 unde
1991 702 2135 733 Psalmus
2151 704 2184 733 ⁴':
2218 704 2264 734 Tu
2293 704 2405 734 reddes
2433 705 2504 735 uni-

1438 747 1553 786 cuique
1574 746 1749 777 secundum
1766 756 1866 787 opera
1881 756 1951 777 sua.
1977 747 2039 778 Sed
2055 748 2206 778 iustitiam
2231 748 2291 778 Dei
2307 747 2442 779 deficere
2458 754 2505 778 est

1437 790 1645 830 impossibile.
1672 790 1758 831 Ergo
1781 791 1979 831 impossibile
2003 796 2050 822 est
2073 791 2162 831 quod
2185 802 2269 822 unus
2292 802 2330 823 ex
2354 793 2504 832 operibus

1438 834 1564 865 alterius
1587 835 1724 865 iuvetur.

2531 708 2583 733 ⁸1²⁸.
2590 714 2637 736 ur,
2644 715 2702 731 vern.
2711 716 2743 739 ¹3-

315 879 378 910 alio
403 888 613 920 quocumque
636 878 748 909 modo.
772 878 813 908 Et
828 879 874 908 sic
889 879 995 908 anima
1017 877 1157 908 videndo
1180 879 1288 918 ignem
1305 877 1382 908 affli—
1398 889 1421 908 15
1493 878 1523 909 3.
1547 879 1744 915 Parianus,
1761 879 1941 910 secundum
1965 879 2099 910 eandem
2123 881 2279 911 rationem
2303 886 2350 911 est
2373 880 2504 921 aliquod

314 924 408 963 gitur.
1438 931 1522 962 opus
1549 924 1751 954 meritorium
1779 929 1810 954 et
1836 923 2010 955 laudabile:
2041 925 2130 964 quia,
2154 925 2287 961 scilicet,
2311 926 2503 965 inquantum

369 967 420 997 An
440 976 559 998 SEXTUM
577 976 736 996 mensuum
760 966 850 1006 quod
873 975 941 996 non
964 971 1012 996 est
1035 966 1137 996 simile
1161 972 1319 1006 quantum
1342 965 1382 997 ad
1437 972 1484 997 est
1506 967 1733 998 voluntarium.
1763 967 1826 998 Sed
1849 977 1887 998 ex
1911 977 2009 1008 opere
2036 969 2132 999 unius
2155 979 2223 999 non
2246 969 2392 1000 laudatur
2415 970 2501 1000 alter.

74 1013 86 1025 ·
99 1012 159 1036 md.
315 1011 434 1047 omnia,
458 1010 514 1041 sed
538 1015 696 1051 quantum
719 1009 759 1041 ad
782 1010 913 1051 aliquid,
937 1015 973 1041 ut
997 1020 1035 1041 ex
1059 1010 1151 1040 dictis
1166 1012 1183 1027 ³*
1206 1015 1302 1051 patet.
1437 1011 1521 1051 Ergo
1545 1021 1606 1042 nec
1629 1021 1712 1052 opus
1735 1013 1831 1042 unius
1854 1018 1960 1052 potest
1983 1022 2052 1043 esse
2075 1013 2162 1043 alteri
2185 1014 2395 1044 meritorium.

368 1055 420 1086 An
438 1064 590 1086 suprnnm
605 1064 766 1085 monimini
781 1054 881 1095 quod,
894 1056 1040 1095 quamvis
1055 1064 1123 1085 non
1139 1056 1178 1085 sit
1194 1061 1296 1086 tactus
1312 1064 1382 1085 cor·
1491 1065 1522 1094 4.
1547 1056 1748 1092 Pium-nrum,
1773 1056 1813 1087 ad
1840 1057 1992 1087 iustitiam
2022 1056 2161 1087 divinam
2194 1058 2330 1097 pertinet
2360 1058 2504 1088 similiter

312 1099 430 1140 poralis
453 1100 535 1130 inter
558 1100 699 1130 animam
718 1104 750 1130 et
765 1109 893 1139 corpus,
917 1104 1025 1130 tamen
1048 1105 1096 1130 est
1117 1100 1198 1130 inter
1214 1109 1252 1130 ea
1267 1099 1382 1140 aliquis
1396 1109 1422 1124 ιο
1436 1099 1521 1130 bona
1544 1100 1675 1131 reddere
1705 1110 1765 1141 pro
1789 1101 1900 1137 bonis,
1925 1107 1956 1131 et
1986 1101 2068 1131 mala
2092 1111 2151 1142 pro
2174 1102 2275 1132 malis.
2310 1101 2373 1133 Sed
2395 1102 2502 1133 nullus

312 1149 415 1175 tactus
437 1144 624 1184 spiritualis:
656 1144 738 1174 sicut
762 1144 857 1174 etiam
880 1149 988 1174 motor
1012 1144 1104 1180 caeli,
1130 1153 1206 1174 cum
1229 1144 1268 1174 sit
1290 1144 1380 1184 spiri·
1435 1145 1567 1184 punitur
1582 1154 1641 1185 pro
1658 1145 1748 1176 malis
1764 1145 1908 1175 alterius:
1933 1146 2045 1181 immo,
2062 1151 2097 1176 ut
2121 1145 2235 1176 dicitur
2250 1146 2367 1177 Ezech.
2384 1156 2459 1176 xvrn
2474 1148 2501 1182 ff,

312 1188 420 1225 tualis,
444 1188 599 1229 spirituali
626 1193 713 1219 tactu
740 1189 840 1228 tangit
863 1188 989 1218 caelum
1019 1189 1125 1228 ipsum
1149 1197 1300 1224 movens,
1324 1197 1381 1228 per
1436 1189 1546 1219 anima
1575 1199 1658 1229 quae
1681 1189 1883 1230 peccaverit,
1908 1189 1978 1230 ipsa
2010 1190 2176 1221 morietur.
2212 1190 2297 1230 Ergo
2327 1200 2388 1221 nec
2418 1200 2502 1221 unus

312 1232 450 1263 modum
473 1241 540 1273 quo
564 1231 680 1264 dicitur
702 1233 898 1263 contristans
922 1237 1067 1274 tangere,
1084 1233 1166 1263 sicut
1189 1231 1303 1263 dicitur
1317 1232 1380 1262 inl
1435 1233 1561 1263 iuvatur
1583 1243 1643 1273 pro
1666 1234 1755 1264 bono
1780 1234 1917 1264 alterius.

223 1294 230 1300 ·
256 1287 290 1321 ···
312 1276 356 1308 do
375 1277 528 1308 Gener-at.
545 1278 561 1294 ⁴*
588 1276 630 1307 Et
652 1276 840 1308 huiusmodi
862 1276 980 1307 modus
1003 1275 1119 1307 sufficit
1142 1276 1182 1307 ad
1208 1277 1379 1307 actionem.
1491 1277 1553 1308 Sin>
1585 1287 1708 1308 CONTRA
1737 1287 1791 1308 κεί·
1815 1277 1905 1318 quod
1936 1277 2050 1309 dicitur
2073 1280 2106 1309 in
2130 1278 2256 1309 Psalmo
2273 1279 2306 1308 ἐ
2338 1279 2503 1320 Par-ticeps

2532 1148 2543 1159 ·
2555 1147 2621 1169 νει-ι.
2637 1153 2674 1169 20.

2530 1282 2587 1338 ἐξα.
2595 1287 2674 1310 cxvm,
2681 1289 2740 1304 vers.

71 1329 277 1354 nat-‚nam
368 1321 420 1352 An
444 1330 591 1352 oc‘rnvuu
612 1331 773 1351 meatuum
796 1320 886 1361 quod
909 1322 1036 1361 spiritus
1056 1320 1196 1351 damnati
1211 1330 1380 1361 nunquam
1395 1330 1419 1350 2ς
1435 1331 1497 1363 ego
1521 1331 1591 1352 sum
1616 1323 1758 1352 omnium
1783 1322 1959 1352 timentium
1983 1328 2022 1359 te,
2044 1328 2104 1354 etc.

60 1362 139 1407 ‚m
312 1371 387 1397 sunt
410 1371 496 1396 extra
522 1365 685 1396 infernum
712 1366 773 1396 nisi
797 1375 835 1396 ex
859 1365 1095 1406 dispensatione
1123 1365 1243 1401 divina,
1267 1365 1318 1396 vel
1341 1365 1381 1396 ad
1492 1375 1521 1396 2.
1541 1366 1744 1402 Pani-nnn,
1766 1375 1880 1397 omnes
1909 1365 2019 1397 fideles
2042 1376 2099 1408 per
2128 1368 2289 1398 caritatem
2320 1367 2401 1397 uniti
2428 1373 2503 1398 sunt

311 1411 557 1441 instructionem
584 1410 635 1440 vel
666 1409 707 1440 ad
734 1410 920 1440 exercitium
948 1409 1135 1440 electorum.
1174 1409 1380 1450 Ubicumque
1400 1433 1402 1435 .
1436 1410 1531 1441 unius
1555 1411 1702 1451 corporis
1716 1410 1881 1441 Ecclesiae
1901 1411 2042 1442 membra
2057 1412 2084 1441 ἦ
2109 1410 2172 1441 Sed
2195 1421 2298 1442 unum
2320 1411 2503 1442 membrum
2530 1417 2540 1428 ·
2555 1415 2592 1438 Cf·
2614 1416 2648 1437 aa
2667 1415 2740 1442 Rom„

83 1495 85 1497 η
119 1447 122 1454 ’
312 1459 421 1486 autem
445 1459 531 1485 extra
557 1453 719 1485 infernum
747 1455 824 1490 sint,
849 1463 975 1494 semper
1001 1459 1109 1484 tamen
1136 1453 1245 1484 vident
1271 1455 1380 1494 ignem
1434 1455 1559 1484 iuvatur
1582 1464 1640 1495 per
1663 1455 1807 1485 alterum.
1838 1455 1924 1495 Ergo
1947 1465 2032 1486 unus
2054 1456 2155 1485 homo
2183 1461 2290 1496 potest
2313 1465 2351 1487 ex
2375 1455 2502 1486 alterius
2530 1448 2580 1470 ⁰⁸⁹*
2595 1448 2636 1469 ¹¹¹*
2651 1448 2740 1471 ”¹⁸⁶⁵

80 1498 82 1500 ’
311 1498 429 1530 inferni
455 1504 492 1530 ut
519 1499 564 1529 eis
591 1499 626 1529 in
652 1507 794 1539 poenam
821 1503 1054 1539 praeparatum.
1086 1497 1194 1534 Unde,
1219 1507 1294 1528 cum
1321 1499 1381 1528 ista
1434 1499 1554 1529 meritis
1576 1499 1686 1529 iuvari.

70 1545 165 1576 'R-p-
180 1547 211 1570 td
226 1554 235 1570 ¹
311 1544 391 1574 visio
415 1544 456 1574 sit
477 1542 661 1573 immediate
685 1542 836 1583 affligens,
860 1548 896 1573 ut
919 1542 1042 1573 dictum
1067 1547 1114 1572 est
1129 1543 1156 1578 ³,
1181 1543 1380 1583 ubicumque
1395 1550 1421 1570 ιο
1490 1543 1679 1573 ΒΕεΡοκοιιο
1703 1553 1864 1573 memnon
1887 1543 1977 1583 quod
2000 1549 2088 1574 actus
2115 1549 2223 1574 noster
2247 1543 2286 1574 ad
2309 1543 2375 1575 duo
2399 1545 2502 1575 valere

311 1593 396 1624 sunt,
413 1588 452 1618 ab
467 1588 542 1628 igne
564 1587 681 1627 inferni
704 1586 905 1627 affliguntur:
930 1588 1013 1617 sicut
1028 1591 1060 1616 et
1076 1587 1192 1626 captivi
1212 1592 1298 1617 extra
1313 1596 1380 1617 car-
1434 1592 1556 1627 potest:
1580 1588 1697 1627 primo,
1714 1587 1754 1618 ad
1777 1587 1917 1628 aliquem
1941 1593 2058 1618 statum
2082 1587 2323 1628 acquirendum,
2341 1589 2422 1619 sicut
2444 1598 2502 1629 per

311 1641 419 1663 cerem
442 1632 611 1663 existentes
635 1630 880 1672 quodammodo
904 1641 921 1661 a
945 1640 1069 1661 carcere
1092 1630 1284 1670 affliguntur,
1302 1630 1380 1661 dum
1436 1641 1519 1671 opus
1549 1632 1749 1662 meritorium
1780 1632 1881 1662 homo
1906 1633 2041 1672 acquirit
2063 1637 2181 1662 statum
2203 1631 2424 1668 beatitudinis;
2454 1642 2502 1663 se-

69 1941 255 1992 aava*

310 1675 420 1707 vident
435 1685 469 1707 se
484 1675 524 1707 ad
540 1684 700 1706 carcerem
723 1674 901 1706 damnatos.
926 1674 1030 1711 Unde,
1047 1675 1130 1705 sicut
1144 1675 1246 1715 gloria
1261 1675 1380 1706 electo-

309 1729 383 1751 rum
405 1720 440 1751 in
462 1720 554 1751 nullo
577 1720 743 1756 minuitur,
764 1729 825 1750 nec
849 1725 1007 1759 quantum
1023 1718 1063 1749 ad
1078 1720 1258 1759 praemium
1274 1728 1380 1750 essen-

309 1764 385 1795 tiale
407 1773 468 1795 nec
491 1769 650 1804 quantum
673 1762 713 1794 ad
735 1763 940 1799 accidentale,
965 1764 991 1793 si
1014 1763 1188 1803 aliquando
1208 1768 1294 1794 extra
1310 1773 1380 1794 cae-

309 1808 380 1839 lum
395 1817 586 1850 empyreum
603 1809 676 1844 sint,
693 1807 783 1848 quod
799 1806 1044 1848 quodammodo
1061 1808 1094 1837 in
1110 1817 1224 1838 eorum
1245 1808 1380 1848 gloriam

311 1852 412 1890 cedit;
439 1853 484 1883 ita
507 1853 603 1883 etiam
625 1853 659 1883 in
681 1852 773 1883 nullo
796 1852 953 1882 minuitur
975 1861 1083 1892 poena
1106 1851 1331 1883 damnatorum
1354 1853 1380 1882 si

311 1902 398 1928 extra
410 1896 574 1928 infernum
587 1906 625 1928 ex
637 1896 745 1927 divina
760 1895 996 1937 dispensatione
1010 1901 1174 1936 ponantur
1186 1895 1226 1927 ad
1240 1902 1379 1937 tempus.

310 1941 352 1972 Et
374 1942 438 1972 hoc
455 1946 502 1972 est
525 1941 615 1982 quod
636 1940 751 1972 Glossa
766 1942 782 1957 ⁴*
806 1940 892 1976 dicit,
909 1950 1005 1981 super
1027 1939 1107 1970 illud
1132 1941 1191 1971 lac.
1209 1942 1299 1977 n1*⁴‘‚
1325 1941 1379 1971 In-

301 1986 458 2027 flammat
480 1991 586 2016 rotam
611 1985 790 2016 nativitatis
813 1990 945 2016 nostrae
960 1990 1036 2015 etc.:
1052 1984 1221 2021 Diabolus,
1239 1985 1380 2015 ubicum-

309 2040 372 2072 que
393 2031 448 2066 sit,
471 2031 538 2061 sive
565 2030 623 2061 sub
650 2039 727 2061 aere
753 2030 820 2060 sive
846 2029 904 2060 sub
932 2034 1035 2064 terra,
1059 2038 1167 2059 secum
1191 2030 1291 2060 trahit
1313 2034 1380 2060 tor-

310 2080 418 2106 menta
441 2084 576 2106 suarum
591 2075 818 2115 flammarum.
836 2073 985 2104 obiectio
1009 2078 1117 2103 autem
1140 2064 1286 2113 procedit
1301 2083 1338 2104 ac
1354 2074 1379 2104 si

310 2119 392 2160 ignis
421 2129 597 2160 corporeus
626 2118 778 2159 affligeret
800 2117 983 2148 immediate
1011 2118 1139 2157 spiritus
1166 2118 1248 2148 sicut
1271 2117 1380 2158 affligit

310 2173 455 2204 corpora.

433 2227 689 2272 QUAESTIO
713 2226 1256 2261 SEPTUAGESIMAPRIMA

590 2285 635 2310 οε
655 2284 855 2310 SUFFRAGIIS
874 2284 1100 2310 MORTUORUM

69 2324 150 2392 {¹¹3⁶
161 2348 199 2372 qu.
219 2349 283 2370 nux,
314 2349 467 2414 Dumna
491 2337 760 2369 considerandum
779 2344 825 2369 est
844 2338 884 2369 de
907 2337 1062 2379 suffragiis
1085 2345 1290 2370 mortuorum
1306 2341 1331 2370 *.

374 2383 416 2414 Et
438 2383 522 2413 circa
544 2383 607 2413 hoc
631 2388 828 2423 quaeruntur
851 2382 1106 2423 quatuordecim.

366 2428 492 2458 Primo:
516 2432 623 2457 utrum
648 2426 796 2467 suffragia
812 2436 894 2467 quae
910 2437 968 2467 per
982 2437 1085 2458 unum
1104 2427 1196 2464 fiunt,
1214 2428 1266 2458 alii
1282 2427 1378 2468 prod-

401 2481 469 2503 esse
491 2472 624 2512 possint.

367 2515 534 2548 Secundo:
559 2521 668 2546 utrum
690 2516 811 2546 mortui
833 2516 934 2546 iuvari
957 2517 1081 2556 possint
1105 2526 1143 2546 ex
1165 2517 1317 2557 operibus
1333 2518 1379 2547 vi-

400 2570 526 2591 vorum.

367 2605 496 2635 Tertio:
521 2609 631 2634 utrum
661 2603 808 2644 suffragia
834 2613 892 2644 per
918 2609 1103 2644 peccatores
1132 2604 1214 2635 facta
1244 2606 1379 2636 mortuis

425 2649 534 2679 rosint.

367 2658 508 2732 anrto:
533 2697 642 2723 utrum
665 2691 812 2732 suffragia
835 2702 894 2733 pro
917 2693 1053 2724 mortuis
1080 2692 1161 2724 facta
1191 2693 1379 2725 facientibus

400 2737 534 2778 prosint.

367 2781 492 2820 Quinto
506 2792 512 2811 :
537 2786 646 2812 utrum
668 2779 815 2821 suffragia
835 2782 1040 2812 existentibus
1054 2782 1088 2812 in
1103 2781 1229 2812 inferno
1245 2782 1378 2822 prosint.

367 2826 480 2858 Sexto:
506 2831 614 2856 utrum
637 2825 762 2866 prosint
785 2826 991 2856 existentibus
1013 2826 1047 2856 in
1069 2826 1266 2866 purgatorio.

1435 1675 1555 1711 cundo,
1572 1675 1612 1706 ad
1634 1675 1755 1716 aliquid
1776 1685 1979 1716 consequens
2002 1681 2130 1711 statum,
2147 1676 2229 1706 sicut
2251 1677 2352 1707 homo
2375 1686 2432 1716 per
2448 1676 2503 1706 ali-

1436 1729 1534 1760 quem
1558 1725 1665 1750 actum
1689 1725 1828 1751 meretur
1852 1720 1983 1760 aliquod
2006 1721 2185 1760 praemium
2216 1720 2428 1756 accidentale,
2452 1721 2503 1751 vel

1396 1775 1418 1795 ις
1435 1764 1655 1794 dimissionem
1685 1773 1821 1804 poenae.
1856 1764 1908 1794 Ad
1939 1769 2113 1804 utrumque
2136 1770 2244 1795 autem
2274 1765 2391 1795 horum
2415 1770 2504 1795 actus

1434 1813 1543 1838 noster
1566 1807 1735 1848 dupliciter
1757 1808 1862 1838 valere
1884 1814 2006 1848 potest:
2032 1818 2099 1838 uno
2123 1808 2234 1844 modo,
2251 1818 2308 1848 per
2326 1809 2411 1839 viam
2434 1818 2502 1839 me-

1435 1853 1502 1888 riti;
1527 1852 1590 1883 alio
1606 1851 1717 1888 modo,
1734 1862 1790 1893 per
1813 1853 1898 1883 viam
1915 1853 2078 1883 orationis.
2102 1852 2143 1883 Et
2167 1858 2213 1883 est
2230 1852 2405 1883 differentia
2420 1854 2502 1883 inter

1435 1898 1508 1927 istas
1525 1896 1603 1927 duas
1619 1898 1695 1933 vias,
1721 1898 1796 1937 quia
1818 1898 1969 1927 meritum
1991 1897 2137 1927 innititur
2152 1897 2306 1934 iustitiae;
2330 1896 2386 1927 sed
2409 1907 2503 1928 orans

1435 1942 1583 1981 impetrat
1605 1942 1743 1981 petitum
1767 1950 1804 1971 ex
1828 1941 1896 1971 sola
1918 1941 2104 1972 liberalitate
2123 1942 2191 1972 eius
2216 1942 2271 1982 qui
2295 1947 2412 1972 oratur.

1489 1985 1671 2016 Dicendum
1702 1995 1778 2025 ergo
1804 1985 1894 2026 quod
1924 1995 2007 2026 opus
2030 1986 2126 2016 unius
2149 1985 2240 2016 nullo
2272 1985 2373 2016 modo
2396 1991 2503 2026 potest

1435 2030 1523 2060 alteri
1546 2030 1650 2060 valere
1675 2029 1714 2059 ad
1729 2035 1847 2060 statum
1864 2029 2130 2070 consequendum
2149 2039 2206 2070 per
2229 2030 2313 2060 viam
2335 2030 2450 2066 meriti,
2467 2035 2503 2060 ut

1434 2074 1555 2104 scilicet
1571 2083 1609 2104 ex
1625 2074 1673 2103 his
1697 2083 1781 2114 quae
1797 2083 1858 2114 ego
1874 2073 1968 2110 facio,
1986 2074 2100 2115 aliquis
2115 2079 2274 2104 mereatur
2289 2075 2387 2104 vitam
2403 2079 2501 2104 aeter-

1434 2127 1519 2148 nam.
1544 2117 1629 2156 Quia
1645 2127 1713 2148 sors
1728 2118 1848 2158 gloriae
1867 2117 2008 2148 redditur
2024 2117 2203 2149 secundum
2219 2127 2402 2149 mensuram
2417 2119 2500 2149 acci-

1434 2162 1566 2202 pientis:
1592 2163 1816 2202 unusquisque
1831 2167 1940 2192 autem
1956 2172 1994 2192 ex
2010 2168 2083 2193 actu
2099 2172 2160 2192 suo
2181 2162 2370 2202 disponitur,
2388 2168 2419 2193 et
2433 2172 2501 2193 non

1393 2216 1416 2236 ις
1434 2216 1472 2237 ex
1496 2206 1618 2242 alieno;
1644 2211 1674 2236 et
1698 2205 1770 2236 dico
1796 2205 2006 2247 dispositione
2029 2206 2188 2246 dignitatis
2212 2206 2251 2237 ad
2274 2207 2463 2247 praemium.
2479 2224 2502 2229 -

1434 2250 1497 2282 Sed
1519 2260 1577 2291 per
1599 2251 1684 2281 viam
1708 2251 1861 2281 orationis
1884 2251 1979 2281 etiam
2004 2256 2160 2290 quantum
2184 2250 2224 2280 ad
2246 2256 2363 2281 statum
2388 2260 2501 2281 conse-

1433 2295 1600 2335 quendum
1624 2304 1708 2335 opus
1731 2296 1827 2326 unius
1851 2295 1949 2331 alteri,
1966 2294 2044 2325 dum
2064 2301 2111 2325 est
2133 2295 2167 2325 in
2182 2295 2242 2331 via,
2258 2295 2362 2325 valere
2378 2300 2499 2335 potest:

1433 2341 1515 2370 sicut
1539 2338 1629 2379 quod
1651 2349 1736 2369 unus
1765 2339 1867 2370 homo
1898 2339 2046 2379 impetrat
2075 2339 2163 2369 alteri
2191 2340 2328 2379 primam
2357 2340 2499 2379 gratiam.

1434 2383 1520 2414 Cum
1545 2384 1631 2414 enim
1646 2384 1827 2423 impetratio
1851 2384 2003 2414 orationis
2027 2384 2066 2413 sit
2084 2383 2262 2413 secundum
2283 2383 2501 2414 liberalitatem

1394 2441 1419 2461 5⁰
1434 2428 1504 2464 Dei,
1522 2428 1578 2468 qui
1594 2433 1712 2464 oratur,
1729 2427 1768 2458 ad
1784 2428 1893 2458 omnia
1908 2428 1962 2458 illa
1976 2428 2157 2468 impetratio
2174 2428 2327 2458 orationis
2343 2437 2377 2458 se
2395 2433 2501 2468 potest

1434 2472 1603 2503 extendere
1627 2481 1710 2512 quae
1733 2472 1882 2512 potestati
1906 2471 2030 2503 divinae
2054 2472 2188 2502 subsunt
2211 2471 2365 2502 ordinate.

1489 2516 1552 2547 Sed
1569 2521 1726 2556 quantum
1742 2515 1782 2547 ad
1797 2516 1919 2556 aliquid
1935 2516 2025 2556 quod
2041 2522 2087 2546 est
2111 2525 2313 2556 consequens
2329 2516 2379 2546 vel
2395 2525 2501 2547 acces-

1434 2562 1556 2591 sorium
1580 2560 1620 2591 ad
1648 2566 1782 2596 statum,
1808 2570 1891 2601 opus
1920 2561 2016 2591 unius
2047 2565 2154 2600 potest
2183 2560 2287 2591 valere
2317 2560 2404 2591 alteri
2433 2570 2501 2593 non

1434 2605 1541 2636 solum
1556 2615 1614 2645 per
1629 2605 1714 2635 viam
1730 2605 1893 2641 orationis,
1909 2604 1966 2636 sed
1981 2605 2077 2635 etiam
2092 2614 2149 2645 per
2164 2605 2249 2635 viam
2263 2605 2378 2635 meriti.
2402 2604 2502 2643 Quod

1395 2662 1417 2682 ςς
1435 2650 1566 2691 quidem
1590 2649 1759 2690 dupliciter
1783 2650 1949 2689 contingit.
1973 2649 2033 2679 Vel
2049 2654 2180 2689 propter
2196 2650 2501 2679 communicantiam

1434 2695 1467 2725 in
1489 2693 1595 2724 radice
1619 2694 1742 2734 operis,
1766 2703 1849 2734 quae
1873 2699 1919 2724 est
1950 2693 2060 2724 caritas
2082 2694 2116 2723 in
2140 2694 2291 2733 operibus
2321 2693 2499 2724 meritoriis.

1434 2739 1475 2770 Et
1497 2738 1571 2769 ideo
1603 2747 1716 2769 omnes
1748 2739 1805 2779 qui
1828 2738 1887 2768 sibi
1918 2738 2056 2768 invicem
2087 2738 2215 2768 caritate
2246 2742 2498 2774 connectuntur,

1434 2782 1566 2823 aliquod
1582 2782 1839 2813 emolumentum
1851 2791 1890 2813 ex
1902 2783 2022 2812 mutuis
2035 2782 2185 2822 operibus
2197 2786 2375 2822 reportant:
2393 2787 2500 2812 tamen

1434 2826 1614 2858 secundum
1645 2836 1829 2857 mensuram
1861 2831 1959 2857 status
1991 2826 2263 2866 uniuscuiusque;
2300 2826 2375 2865 quia
2403 2827 2498 2856 etiam

367 2870 529 2911 Septimo:
555 2875 664 2900 utrum
690 2869 816 2900 valeant
842 2871 949 2910 pueris
978 2871 1182 2901 existentibus
1210 2871 1243 2901 in
1266 2870 1378 2901 limbo.
1392 2877 1420 2898 6ο
1434 2873 1468 2902 in
1489 2872 1591 2912 patria
1613 2872 1837 2911 unusquisque
1860 2870 2011 2911 gaudebit
2029 2869 2069 2901 de
2085 2871 2178 2900 bonis
2201 2870 2337 2900 alterius.
2363 2869 2403 2900 Et
2426 2869 2501 2900 inde

368 2914 509 2946 Octavo:
534 2919 643 2945 utrum
677 2914 786 2954 aliquo
821 2913 921 2944 modo
955 2915 1080 2955 prosint
1113 2915 1318 2945 existentibus
1345 2915 1378 2945 in

400 2959 509 3000 patr-ia.

1434 2921 1481 2946 est
1503 2915 1593 2956 quod
1616 2915 1767 2946 articulus
1789 2914 1866 2946 fidei
1890 2915 2022 2955 ponitur
2037 2919 2224 2945 sanctorum
2240 2914 2422 2944 communio
2435 2915 2461 2944 *.
2478 2931 2501 2936 —-
2527 2915 2538 2926 ·
2552 2915 2633 2942 symb.
2653 2916 2739 2943 Apo-¹-

1434 2960 1508 2990 Alio
1531 2958 1642 2996 modo,
1659 2969 1698 2990 ex
1720 2960 1899 2990 intentione
1923 2958 2076 2995 facientis,
2101 2959 2156 2999 qui
2180 2958 2285 2998 aliqua
2308 2967 2406 2998 opera
2429 2967 2500 2998 spe-

367 3003 482 3034 Nono:
507 3008 616 3034 utrum
640 3003 742 3033 oratio
761 3002 934 3039 Ecclesiae,
951 3007 983 3033 et
1000 3002 1191 3033 sacrificium
1206 3003 1331 3039 Altaris,
1348 3008 1380 3034 et
1434 3004 1553 3035 cialiter
1576 3003 1616 3034 ad
1642 3004 1706 3035 hoc
1732 3003 1807 3034 facit
1834 3010 1869 3034 ut
1895 3003 2009 3034 talibus
2036 3003 2168 3043 prosint.
2201 3001 2295 3033 Unde
2320 3002 2379 3032 ista
2402 3011 2500 3042 opera

402 3047 617 3089 eleemosyna,
641 3047 765 3088 prosint
788 3046 956 3078 defunctis.

1434 3047 1678 3089 qundammodo
1698 3047 1879 3079 efficiuntur
1902 3057 2015 3078 eorum
2030 3057 2090 3088 pro
2107 3047 2223 3087 quibus
2240 3045 2330 3082 fiunt,
2348 3047 2439 3086 quasi
2455 3047 2500 3077 eis

368 3091 521 3123 Decimo:
545 3097 655 3122 utrum
684 3090 900 3131 indulgentiae
932 3101 1010 3132 quas
1041 3091 1184 3122 Ecclesia
1213 3091 1302 3128 facit,
1334 3093 1379 3122 eis
1393 3098 1417 3123 65
1434 3102 1452 3123 a
1475 3092 1610 3123 faciente
1633 3092 1758 3123 collata.
1782 3092 1878 3124 Unde
1900 3097 2036 3132 possunt
2059 3092 2104 3122 eis
2127 3091 2230 3121 valere
2250 3090 2301 3121 vel
2324 3090 2364 3121 ad
2386 3091 2499 3131 imple-

369 3141 565 3210 Ugdgzlitrxzio:
590 3185 700 3211 utrum
723 3180 827 3211 cultus
851 3181 1058 3221 exequiarum
1082 3180 1127 3210 eis
1149 3180 1282 3220 prosint.

369 3222 590 3255 Duodecimn:
614 3229 724 3255 utrum
747 3224 894 3265 suffragia
917 3225 1017 3265 magis
1039 3224 1164 3264 prosint
1183 3225 1212 3255 ei
1227 3233 1287 3265 pro
1311 3233 1379 3264 quo

402 3266 484 3297 fiunt
507 3277 605 3308 quam
627 3268 705 3299 aliis.

1433 3137 1557 3167 tionem
1587 3135 1825 3174 satisfactionis;
1859 3137 1910 3167 vel
1941 3136 1980 3167 ad
2008 3135 2165 3176 quidquid
2195 3134 2380 3166 huiusmodi
2410 3134 2499 3175 quod

1434 3186 1550 3211 statum
1574 3190 1642 3211 non
1664 3186 1776 3212 mutat.

1488 3225 1539 3255 An
1562 3234 1680 3255 muium
1703 3234 1786 3256 noo
1810 3234 1970 3256 monimum
1994 3224 2082 3265 quod
2104 3224 2221 3255 messio
2245 3223 2298 3253 illa
2321 3228 2367 3253 est
2389 3231 2499 3263 perce-

1434 3269 1503 3309 ptio
1527 3269 1609 3300 vitae
1626 3274 1787 3300 aeternae:
1812 3270 1894 3300 sicut
1915 3269 2050 3300 habetur
2065 3268 2152 3299 Ioan.
2169 3278 2200 3298 1v
2215 3269 2247 3297 ἐ
2272 3267 2316 3297 Et
2337 3267 2393 3307 qui
2411 3267 2500 3297 metit
2526 3268 2536 3278 ·
2551 3266 2618 3289 Vm.
2632 3267 2667 3295 36-

370 3311 619 3342 Decimoteru’o:
642 3318 751 3343 utrum
774 3312 922 3354 suffragia
943 3322 1003 3353 pro
1027 3313 1135 3343 multis
1159 3312 1241 3343 facta
1255 3312 1380 3343 valeant
1393 3323 1421 3344 7⁰
1425 3313 1578 3355 fructum
1601 3318 1784 3355 congregat
1806 3313 1839 3344 in
1864 3313 1961 3344 vitam
1985 3319 2160 3344 aeternam.
2188 3311 2262 3342 Sors
2286 3316 2393 3341 autem
2416 3311 2499 3341 vitae

402 3360 528 3386 tantum
561 3356 693 3396 singulis
728 3366 764 3387 ac
794 3358 820 3388 si
850 3367 910 3398 pro
944 3366 1147 3398 unoquoque
1181 3357 1380 3397 singulariter
1434 3362 1580 3388 aeternae
1594 3367 1663 3387 non
1686 3356 1778 3388 datur
1793 3357 1888 3388 alicui
1903 3358 1964 3388 nisi
1986 3367 2046 3398 pro
2062 3357 2198 3397 propriis
2221 3355 2387 3396 operibus:
2413 3355 2498 3395 quia,

404 3398 526 3429 fierent.

370 3442 640 3483 Decimoquarto:
664 3449 772 3475 utrum
787 3445 912 3476 valeant
926 3451 1052 3476 tantum
1068 3446 1254 3476 communia
1269 3445 1378 3476 suffra-

1435 3402 1492 3432 etsi
1509 3401 1622 3442 aliquis
1639 3401 1727 3432 alteri
1741 3402 1890 3442 impetret
1913 3407 1949 3432 ut
1964 3401 2003 3432 ad
2027 3402 2124 3432 vitam
2147 3406 2307 3431 aeternam
2325 3400 2497 3440 perveniat,

1434 3455 1602 3486 nunquam
1631 3451 1739 3476 tamen
1769 3446 1833 3476 hoc
1856 3444 1893 3476 fit
1915 3446 1975 3476 nisi
2004 3445 2216 3476 mediantibus
2247 3444 2396 3485 operibus
2423 3452 2498 3484 pro-

403 3488 455 3527 gia
469 3487 529 3518 illis
544 3496 604 3527 pro
628 3488 745 3528 quibus
768 3490 916 3529 specialia
938 3499 1007 3520 non
1030 3489 1120 3526 fiunt,
1146 3496 1304 3530 quantum
1318 3490 1379 3520 illis
1434 3491 1527 3530 priis3
1553 3489 1630 3520 dum
1661 3490 1780 3520 scilicet
1802 3490 1951 3530 precibus
1983 3490 2117 3520 alicuius
2140 3489 2238 3529 gratia
2267 3487 2361 3519 alicui
2390 3487 2497 3523 datur,

403 3541 463 3572 pro
488 3531 604 3571 quibus
627 3530 710 3562 fiunt
731 3533 837 3563 valent
860 3534 1008 3574 specialia
1024 3540 1055 3565 et
1070 3535 1258 3565 communia
1272 3535 1378 3565 simul.
1393 3548 1417 3568 75
1435 3544 1491 3575 per
1515 3544 1612 3574 quam
1636 3539 1776 3564 meretur
1798 3534 1895 3564 vitam
1919 3539 2088 3565 aeternam.
