2918 4088
233 934 243 944 ⁶
257 932 327 954 Num.
343 937 374 953 iv.

234 3189 245 3199 '¹
260 3187 325 3209 Vers.
340 3193 373 3209 2¹.

235 3457 245 3467 ·
261 3455 325 3477 Vers.
341 3455 376 3484 3⁶·

484 153 554 188 188

1122 151 1386 198 QUAESTIO
1414 151 1590 199 LXXVI,
1621 151 1913 189 ARTICULUS
1941 152 2007 188 VII

476 230 531 261 sed
554 240 610 270 per
633 229 797 265 accidens;
822 234 853 259 et
875 229 992 259 sicum
1008 229 1057 260 his
1080 229 1176 260 simul
1199 234 1364 270 perspecta
1380 229 1474 260 fuerit
1489 230 1536 259 vis
1590 230 1624 260 in
1646 230 1767 265 hostia;
1802 235 1834 260 et
1857 238 1924 260 esse
1948 231 2173 261 sacramentale
2205 231 2372 271 coniungit
2395 241 2512 272 corpus
2536 231 2653 263 Christi

475 275 636 305 rationum
659 273 817 303 Durandi:
843 272 1047 304 manifestum
1072 274 1130 304 erit
1153 273 1243 314 quod
1265 274 1352 304 nulla
1369 280 1414 304 est
1435 273 1536 304 diver-

475 319 548 348 sitas
574 319 608 348 in
634 318 805 358 sententia;
838 318 992 358 quoniam
1016 316 1056 348 ad
1082 318 1146 347 hoc
1176 317 1311 348 tendunt
1340 323 1534 358 argumenta,

476 361 564 403 quod
588 372 704 402 corpus
729 361 845 392 Christi
869 361 1047 392 secundum
1063 371 1095 391 se
1119 371 1187 392 non
1211 367 1368 392 movetur
1381 371 1438 402 per
1454 362 1536 392 acci-

475 406 553 437 dens
577 406 616 436 ad
638 411 765 437 motum
788 406 921 442 hostiae,
946 405 1035 446 quod
1058 405 1181 436 Auctor
1204 405 1328 435 fatetur.

1591 279 1622 304 et
1644 274 1792 310 hostiam,
1816 283 1883 304 non
1908 274 1982 314 quia
2006 275 2152 311 volitum,
2177 273 2233 305 sed
2256 275 2332 315 quia
2354 275 2387 306 in
2411 285 2443 306 se
2467 281 2514 306 est
2536 276 2608 307 tale.

1645 317 1697 348 Ad
1717 318 1902 358 exemplum
1922 323 2030 348 autem
2050 317 2089 349 de
2110 319 2224 358 angelo
2247 318 2361 349 dicitur
2381 319 2480 359 quod,
2502 320 2576 350 licet
2598 330 2653 351 an.-

1589 362 1679 401 gelus
1703 366 1811 402 posset
1834 362 2016 392 subtrahere
2040 363 2252 402 praesentiam
2267 372 2358 392 suam
2381 373 2399 392 a
2419 363 2535 403 lapide,
2559 364 2585 394 si
2607 369 2653 394 ta-

1590 415 1665 436 men
1687 406 1775 436 illam
1798 415 1866 436 non
1889 406 2056 442 subtrahit,
2086 411 2238 436 movente
2261 415 2314 437 me
2337 406 2476 447 lapidem
2501 413 2532 438 et
2551 413 2653 438 trans-

530 451 652 481 Verum
674 451 700 481 si
719 450 790 490 quis
814 450 986 480 contendat
1009 451 1057 479 his
1073 450 1267 489 argumentis
1285 449 1402 479 Christi
1418 458 1536 489 corpus
1562 443 1565 496 J
1590 449 1711 480 ferente
1734 450 1826 480 illum
1849 450 1883 480 in
1906 449 2052 486 domum,
2078 450 2208 490 angelus
2231 454 2389 486 movetur,
2413 461 2481 482 non
2505 461 2522 482 a
2537 461 2581 487 se,
2597 451 2654 482 sed

475 494 653 525 secundum
680 494 808 525 nullum
831 503 898 524 esse
929 495 1051 526 moveri
1082 503 1139 533 per
1165 493 1312 524 accidens
1343 493 1382 523 ad
1409 499 1536 524 motum

474 539 606 574 hostiae,
631 538 722 569 facile
746 539 886 568 inveniet
908 538 1162 578 responsionem,
1188 537 1324 568 dicendo
1341 537 1380 568 ad
1396 538 1537 577 primum

475 582 565 624 quod
587 583 668 613 inter
691 592 808 622 corpus
833 582 950 612 Christi
974 588 1005 612 et
1028 582 1165 612 hostiam
1182 588 1228 612 est
1245 582 1406 622 colligatio
1423 591 1536 612 secun-

474 626 552 658 dum
576 637 642 658 esse
659 626 901 662 sacramenta1e;
927 631 957 656 et
980 627 1023 656 ita
1047 625 1135 666 quod
1152 636 1184 656 se
1201 626 1318 656 habent
1334 631 1370 656 ut
1385 627 1537 656 veraciter

474 676 662 701 contentum
686 675 718 700 et
741 671 918 706 continens,
943 676 979 700 ut
1001 676 1087 710 patet
1111 670 1215 706 Extra,
1240 670 1279 700 de
1294 670 1426 700 Summa
1446 670 1535 700 Trin.

474 721 506 746 et
526 715 607 745 Fide
632 715 769 750 Cathol„
794 723 862 754 cap.
879 714 1042 744 Firmiter.

529 759 580 789 Ad
603 759 791 794 secundum,
815 764 949 798 negatur
972 758 1112 798 sequela.
1148 758 1233 796 Quia
1256 758 1296 789 ad
1318 768 1387 788 rem
1410 763 1537 789 antece-

474 803 576 834 dentis
592 813 652 834 nec
668 809 714 834 est
730 813 813 843 opus
829 808 932 838 motu,
949 812 1009 832 nec
1026 803 1261 833 concomitatur
1276 808 1394 833 motus.
1419 802 1482 833 Sed
1497 802 1537 833 ad

473 853 600 878 motum
624 847 811 877 sacramenti
835 847 1070 877 concomitatur
1089 852 1198 877 motus
1214 847 1259 877 rei
1276 856 1358 887 quae
1375 852 1421 877 est
1436 857 1536 877 sacra-

473 897 619 922 mentum
643 889 821 921 secundum
846 900 913 921 esse
930 890 1166 926 sacramentale,
1183 900 1240 930 per
1256 891 1402 921 accidens
1418 897 1535 921 tamen.

526 936 580 966 VI.
604 934 655 965 Ad
679 934 812 965 Scotum
827 935 844 951 ⁴*
868 939 984 970 autern,
1010 934 1126 964 directe
1150 934 1339 974 loquentem
1363 934 1402 965 de
1419 934 1538 965 Christi

474 988 609 1019 corpore
632 984 668 1009 ut
692 984 738 1008 est
761 979 796 1008 in
818 983 1027 1013 sacramento,
1053 977 1167 1008 dicitur
1191 978 1281 1018 quod
1304 979 1382 1009 ratio
1407 983 1462 1009 aut
1477 980 1536 1009 im-

472 1024 569 1064 plicat
593 1022 846 1057 contradictoria,
872 1027 926 1052 aut
951 1022 1109 1052 subsumit
1133 1021 1258 1052 falsum.

527 1066 579 1096 Ad
602 1067 693 1096 cuius
713 1066 921 1101 intellectum,
947 1065 1072 1095 adverte
1090 1065 1155 1095 duo
1173 1066 1290 1096 assumi
1306 1076 1324 1095 a
1340 1066 1452 1096 Scot0:
1477 1066 1536 1096 sci-

472 1111 561 1146 licet,
587 1110 850 1140 coniunctionem
873 1109 955 1138 inter
978 1109 1084 1148 aliqua
1108 1108 1191 1144 duo:
1224 1115 1254 1139 et
1278 1109 1435 1139 rationem
1459 1119 1537 1139 con-

472 1154 655 1190 iunctionis,
678 1153 797 1183 scilicet
813 1158 920 1182 actum
935 1153 1107 1182 voluntatis
1132 1153 1354 1192 contingenter
1370 1162 1402 1183 se
1418 1153 1537 1183 haben-

472 1204 548 1228 tem.
573 1198 613 1228 Et
637 1202 765 1237 oportet
788 1196 922 1226 alterum
946 1196 1086 1226 duorum
1110 1197 1314 1236 sequentium
1338 1196 1472 1227 Scotum
1491 1196 1538 1227 di-

473 1252 560 1273 cere:
586 1242 636 1272 vel
657 1242 920 1272 coniunctionem
937 1241 1024 1270 illam
1039 1240 1165 1271 nullum
1181 1250 1301 1271 nexum
1320 1249 1442 1280 ponere
1457 1242 1538 1271 inter

473 1287 646 1317 coniuncta
672 1285 754 1316 ultra
776 1290 884 1316 actum
907 1285 1080 1315 voluntatis
1109 1286 1332 1324 contingenter
1362 1294 1395 1315 se
1418 1285 1538 1316 haben-

472 1336 553 1367 tem;
578 1336 634 1361 aut
656 1330 797 1370 aliquem
812 1339 932 1360 nexum
955 1330 1036 1359 inter
1051 1329 1104 1360 illa
1126 1339 1248 1369 ponere
1270 1334 1435 1360 causatum
1451 1339 1469 1359 a
1483 1330 1538 1360 tali

473 1379 546 1405 actu
568 1374 750 1405 voluntatis.
786 1373 861 1404 Non
889 1379 994 1414 potest
1024 1373 1086 1404 dici
1109 1374 1259 1413 primum.
1295 1373 1381 1411 Quia
1403 1374 1539 1413 ipsemet

474 1419 588 1450 Scotus
611 1419 704 1459 ponit
728 1418 992 1448 coniunctionem
1015 1418 1102 1448 illam
1127 1423 1199 1448 actu
1218 1418 1391 1448 voluntatis
1406 1418 1538 1448 volitam

474 1464 705 1503 contingenter.
730 1462 771 1492 Et
794 1463 900 1492 minor
924 1463 1019 1492 etiam
1043 1467 1126 1492 esset
1144 1461 1230 1498 falsa,
1255 1467 1291 1492 ut
1314 1467 1418 1502 patet;
1444 1467 1475 1492 et
1498 1463 1538 1492 si-

472 1508 589 1538 militer
613 1507 797 1546 exemplum
825 1506 864 1537 de
893 1507 1026 1546 angelo:
1062 1506 1137 1546 quia
1166 1507 1343 1546 praesentia
1371 1506 1476 1546 angeli
1499 1506 1539 1537 ad

472 1551 622 1591 lapidem,
648 1557 678 1581 et
702 1552 845 1591 corporis
862 1550 979 1581 Christi
996 1550 1035 1581 ad
1051 1556 1295 1587 sacramentum,
1319 1560 1387 1581 non
1404 1557 1450 1581 est
1474 1550 1538 1581 for-

472 1596 596 1626 maliter
619 1605 676 1635 per
699 1600 806 1625 actum
829 1595 1011 1625 voluntatis.

529 1640 667 1680 Oportet
696 1649 772 1679 ergo
804 1639 937 1679 intelligi
969 1638 1058 1679 quod
1085 1639 1273 1670 coniunctio
1306 1638 1392 1669 addit
1418 1649 1538 1670 nexum

474 1684 635 1724 quendam
658 1685 740 1714 inter
764 1684 945 1714 coniuncta.
978 1684 1018 1714 Et
1041 1689 1119 1714 tunc
1147 1689 1277 1724 apparet
1305 1688 1360 1714 aut
1382 1684 1540 1724 implicari

474 1727 728 1764 contradictoria,
745 1733 823 1768 puta
839 1727 928 1767 quod
945 1729 983 1758 sit
999 1738 1099 1758 nexus
1117 1728 1231 1768 aliquis
1247 1729 1329 1758 inter
1341 1727 1407 1759 duo
1424 1734 1537 1765 creata,

473 1778 504 1803 et
528 1772 618 1812 quod
640 1773 692 1802 ille
716 1782 817 1802 nexus
844 1772 934 1802 nullo
958 1772 1058 1802 modo
1087 1773 1261 1812 coniungat
1284 1772 1337 1802 illa
1364 1772 1426 1802 nisi
1448 1782 1539 1812 prae-

474 1818 537 1847 cise
561 1827 617 1857 per
640 1822 748 1847 actum
764 1817 946 1852 voluntatis,
972 1816 1061 1856 quod
1084 1826 1152 1846 non
1177 1822 1223 1847 est
1245 1816 1459 1856 intelligibile:
1485 1822 1539 1847 aut

472 1862 632 1891 minorem
649 1871 716 1891 esse
736 1860 855 1891 falsam.
881 1861 966 1898 Quia
989 1862 1069 1891 inter
1086 1870 1203 1900 corpus
1221 1860 1337 1891 Christi
1355 1866 1385 1891 et
1400 1861 1538 1891 hostiam

473 1911 520 1936 est
544 1906 730 1936 coniunctio
755 1905 998 1941 sacramentalis,
1023 1914 1106 1946 quae
1130 1905 1204 1935 licet
1220 1904 1363 1936 effective
1379 1906 1419 1935 sit
1433 1915 1451 1935 a
1467 1906 1538 1936 solo

474 1949 564 1985 Deo,
593 1949 627 1980 in
651 1959 683 1980 se
708 1955 816 1980 tamen
844 1955 890 1979 est
914 1950 1119 1980 coniunctiva
1150 1949 1293 1989 corporis
1318 1949 1436 1980 Christi
1463 1959 1539 1980 cum

472 1994 576 2024 hostia
598 1994 732 2024 naturali
761 1994 946 2024 necessitate
971 1994 1176 2024 sacramenti:
1213 2003 1288 2023 nam
1319 2003 1357 2023 ex
1379 1994 1411 2023 vi
1437 2003 1539 2024 sacra-

472 2038 573 2068 menti
602 2048 659 2078 per
682 2048 715 2068 se
742 2038 877 2068 habetur
904 2047 970 2068 esse
995 2038 1221 2068 sacramentale
1253 2038 1397 2078 corporis
1422 2037 1538 2068 Christi

1591 493 1630 524 ad
1652 499 1780 524 motum
1803 493 1934 534 lapidis:
1967 495 2041 534 quia
2069 495 2200 534 angelus
2229 503 2318 525 nunc
2342 499 2389 525 est
2414 496 2471 526 ubi
2494 501 2541 526 est
2563 496 2653 536 lapis,

1591 544 1622 568 et
1645 548 1712 569 non
1737 543 1784 568 est
1807 539 1862 568 ubi
1886 543 1952 568 erat
1974 538 2064 579 lapis.

1645 583 1700 618 Et,
1726 582 1765 613 ad
1789 582 2001 613 excludendas
2025 582 2134 622 fugas,
2158 592 2246 623 pone
2270 592 2380 614 casum
2407 582 2498 623 quod
2523 583 2654 623 angelus

1590 625 1699 657 fecerit
1729 636 1762 656 se
1793 631 1993 667 praesentem
2023 625 2119 667 lapidi
2150 626 2314 657 voluntate
2345 627 2428 657 illius
2459 627 2654 667 praesentiae

1590 670 1825 701 continuandae
1855 680 1913 711 per
1938 680 2037 701 unam
2063 671 2175 701 horam
2199 676 2339 701 tantum:
2371 676 2419 707 et,
2443 676 2544 701 stante
2568 681 2653 707 casu,

1590 714 1693 745 forma
1717 715 1977 745 conditionalem.
2014 715 2047 745 Si
2070 715 2218 755 angelus,
2250 715 2352 745 factus
2375 724 2524 755 praesens
2546 714 2654 755 lapidi,

1590 759 1742 790 dormiret
1765 769 1822 799 per
1845 765 1906 789 tres
1929 759 2040 795 horas,
2066 765 2096 790 et
2119 769 2180 799 ego
2203 768 2369 790 moverem
2391 759 2532 800 lapidem
2563 759 2655 790 illum

1590 813 1647 843 per
1677 803 1756 834 duas
1786 804 1896 834 horas:
1932 804 1966 834 in
1996 803 2061 834 fine
2091 809 2217 840 motus,
2249 804 2380 843 angelus
2411 809 2494 835 esset
2522 803 2579 834 ubi
2609 808 2657 834 est

1590 848 1685 887 lapis;
1718 853 1749 878 et
1771 857 1840 878 non
1869 857 1927 888 per
1950 853 2058 878 actum
2082 847 2202 888 angeli;
2235 857 2311 888 ergo
2342 857 2400 888 per
2425 853 2554 878 motum
2575 847 2655 888 lapi-

1591 891 1638 922 dis
1662 902 1680 922 a
1703 901 1765 922 me.

1645 935 1713 966 VII.
1738 936 1779 966 Et
1802 936 1948 975 quamvis
1963 936 2043 966 haec
2058 935 2250 972 sufficerent,
2267 935 2306 966 ad
2322 935 2405 966 dicta
2421 936 2509 967 Scoti
2531 935 2655 966 facilius

1590 985 1698 1010 tamen
1728 985 1835 1019 potest
1865 979 2067 1020 responderi,
2099 980 2237 1011 dicendo
2267 981 2424 1011 maiorem
2454 989 2549 1020 posse
2572 979 2655 1011 forte

1590 1024 1706 1053 habere
1729 1024 1840 1054 locum
1865 1023 1994 1063 quando
2017 1030 2191 1064 utrumque
2208 1025 2457 1055 coniunctorum
2481 1030 2527 1055 est
2549 1033 2607 1064 per
2621 1033 2656 1055 se

1591 1067 1720 1103 mobile,
1744 1073 1823 1107 puta
1846 1068 1922 1108 quia
1944 1068 2040 1098 ambo
2064 1074 2138 1098 sunt
2162 1078 2314 1109 corpora:
2339 1068 2395 1099 sed
2418 1068 2550 1109 quando
2574 1068 2655 1099 duo-

1590 1121 1663 1141 rum
1686 1111 1936 1141 coniunctorum
1959 1111 2094 1142 alterum
2116 1117 2241 1142 tantum
2265 1118 2311 1142 est
2333 1113 2455 1144 mobile
2477 1112 2656 1143 secundum

1591 1164 1634 1190 se,
1652 1155 1786 1184 alterum
1809 1164 1886 1184 vero
1909 1164 1977 1185 non
2000 1155 2061 1185 nisi
2084 1165 2140 1195 per
2163 1156 2309 1186 accidens
2332 1156 2453 1186 mobile
2477 1162 2533 1192 est,
2554 1157 2678 1187 maior.

1591 1197 1717 1228 nullum
1740 1198 1835 1228 habet
1858 1198 1978 1234 locum,
1995 1199 2152 1239 quoniam
2166 1209 2234 1229 non
2249 1197 2356 1239 potest
2372 1199 2410 1230 de
2429 1200 2472 1230 eis
2489 1199 2552 1230 dici
2567 1200 2658 1240 quod

1591 1251 1694 1272 unum
1725 1247 1772 1272 est
1801 1242 1921 1272 mobile
1951 1243 2279 1283 improportionatum
2310 1249 2342 1274 et
2372 1243 2507 1274 alterum
2537 1244 2658 1275 mobile

1591 1286 1894 1326 proportionatum..
1918 1286 1971 1317 Sic
1994 1292 2103 1318 autem
2125 1287 2286 1318 invenitur
2307 1288 2341 1318 in
2363 1288 2550 1328 proposito:
2575 1297 2659 1328 quo-

1591 1331 1678 1360 niam
1701 1331 1806 1360 hostia
1830 1335 1876 1360 est
1898 1331 2026 1361 mobilis
2049 1331 2229 1362 secundum
2251 1341 2304 1368 se;
2333 1341 2401 1362 esse
2425 1337 2533 1362 autem
2556 1341 2658 1363 sacra·

1591 1374 1747 1410 mentale,
1772 1384 1829 1405 seu
1853 1374 1971 1405 Christi
1995 1384 2112 1415 corpus
2139 1375 2318 1406 secundum
2342 1385 2410 1406 esse
2432 1376 2659 1409 sacramentale

1592 1419 1626 1449 in
1649 1419 1762 1454 hostia,
1786 1428 1854 1449 non
1871 1424 1917 1449 est
1939 1419 2060 1450 mobile
2076 1429 2133 1460 per
2149 1429 2193 1456 se,
2218 1419 2274 1450 sed
2297 1420 2404 1450 solum
2426 1429 2484 1461 per
2499 1419 2657 1458 accidens,

1592 1468 1628 1493 ut
1650 1463 1684 1493 in
1707 1463 1810 1493 littera
1832 1463 1892 1493 hac
1916 1462 1992 1494 dicit
2018 1463 2150 1500 Auctor,
2179 1469 2210 1494 et
2237 1465 2453 1494 communiter
2475 1473 2590 1495 omnes
2612 1462 2658 1497 fa-

1591 1512 1709 1544 tentur,
1727 1506 1804 1537 dum
1821 1507 1933 1537 dicunt
1949 1517 2016 1538 esse
2032 1507 2197 1548 quoddam
2213 1517 2282 1539 esse
2297 1508 2479 1545 relativum;
2495 1513 2658 1549 respectus

1593 1552 1680 1582 enim
1702 1561 1771 1581 non
1793 1552 1854 1581 nisi
1876 1561 1934 1591 per
1957 1551 2104 1583 accidens
2127 1558 2264 1592 possunt
2286 1554 2410 1583 moveri
2432 1553 2585 1584 localiter.

1647 1596 1688 1626 Et
1710 1596 1786 1626 hinc
1809 1601 1940 1635 apparet
1971 1595 2048 1636 quid
2075 1596 2248 1627 dicendum
2272 1602 2319 1627 est
2348 1597 2388 1627 ad
2411 1597 2596 1638 exemplum
2618 1596 2658 1628 de

1593 1640 1717 1680 angelo.
1749 1639 1914 1678 Quoniam
1938 1640 2016 1671 dum
2039 1650 2158 1671 moveo
2181 1640 2331 1681 lapidem,
2355 1650 2473 1672 moveo
2496 1650 2554 1682 per
2575 1642 2659 1672 acci-

1593 1683 1671 1714 dens
1693 1685 1904 1724 praesentiam
1927 1685 2009 1715 inter
2031 1684 2171 1725 lapidem
2194 1691 2225 1716 et
2248 1685 2407 1726 angelum.
2441 1685 2483 1716 Et
2505 1685 2658 1723 similiter,

1593 1728 1671 1758 dum
1686 1738 1805 1759 moveo
1821 1729 1959 1759 hostiam
1976 1735 2203 1766 consecratam,
2215 1739 2334 1760 moveo
2349 1730 2562 1770 praesentiam
2577 1730 2660 1762 inter

1593 1773 1731 1803 hostiam
1754 1778 1785 1803 et
1809 1782 1926 1812 corpus
1949 1772 2083 1803 Christi:
2115 1774 2159 1804 ita
2189 1773 2295 1814 quod,
2320 1774 2467 1804 translata
2489 1774 2593 1805 hostia
2618 1774 2659 1805 de

1594 1817 1682 1847 altari
1703 1817 1738 1847 in
1753 1817 1902 1857 plateam,
1925 1817 2110 1848 transfertur
2126 1819 2222 1848 etiarn
2237 1819 2424 1858 praesentia,
2449 1819 2524 1858 quia
2541 1828 2658 1859 corpus

1594 1861 1711 1891 Chn'sti
1735 1861 1774 1891 de
1790 1866 1955 1901 praesente
1970 1862 2004 1891 in
2020 1862 2107 1892 altari
2130 1861 2166 1892 fit
2185 1871 2333 1902 praesens
2349 1863 2383 1892 in
2398 1862 2513 1902 platea,
2538 1863 2659 1903 absque

1593 1906 1657 1936 hoc
1680 1905 1771 1945 quod
1793 1914 1911 1945 corpus
1935 1905 2054 1936 Christi
2076 1906 2111 1936 in
2133 1916 2166 1937 se
2189 1912 2365 1937 moveatur.
2389 1906 2431 1936 Et
2445 1906 2589 1937 similiter
2603 1916 2660 1940 an—

1593 1950 1684 1989 gelus
1707 1949 1798 1980 fieret
1821 1959 1970 1989 praesens
1985 1950 2019 1980 in
2036 1949 2136 1981 domo
2152 1950 2192 1981 ad
2208 1959 2306 1991 quam
2324 1951 2491 1981 translatus
2507 1956 2555 1981 est
2568 1950 2658 1992 lapis,

1591 2003 1660 2024 non
1683 1993 1773 2033 quod
1795 1994 1865 2033 ipse
1888 1994 2019 2034 angelus
2043 1995 2082 2024 sit
2104 2000 2213 2025 motus
2230 2004 2247 2025 a
2263 2005 2296 2025 se
2318 1995 2370 2025 vel
2386 2005 2404 2025 a
2419 2004 2482 2031 me,
2499 1994 2557 2026 sed
2570 1995 2657 2035 quia,

1590 2037 1808 2068 transferendo
1831 2037 1981 2078 lapidem,
2005 2039 2149 2069 transtuli
2172 2039 2384 2079 praesentiam
2407 2039 2475 2070 eius
2491 2039 2525 2070 in
2540 2038 2658 2080 lapide.

1260 2202 1578 2245 ARTICULUS
1608 2202 1876 2245 SEPTIMUS

883 2295 1040 2326 UTRUM
1069 2294 1240 2327 CORPUS
1269 2295 1442 2326 CHRISTI
1465 2295 1614 2326 PROUT
1642 2294 1723 2326 EST
1747 2295 1791 2326 IN
1813 2294 1907 2326 HOC
1932 2294 2267 2332 SACRAMENTO„

917 2339 1065 2371 POSSIT
1091 2339 1237 2371 V1DER1
1261 2340 1317 2370 AB
1340 2339 1508 2378 ALIQUO
1534 2339 1696 2376 OCULO,
1717 2339 1892 2371 SALTEM
1917 2338 2214 2370 GLORIFICATO

1173 2418 1249 2449 Infra,
1268 2422 1314 2443 art.
1334 2417 1366 2449 83
1385 2418 1420 2442 IV
1439 2418 1523 2448 Sent„
1544 2418 1603 2444 dist.
1622 2426 1646 2447 x,
1666 2422 1713 2443 art.
1733 2425 1758 2449 4,
1777 2417 1828 2451 qu*
1849 2424 1872 2449 i,
1886 2425 1912 2450 4,
1934 2417 1957 2442 5.

501 2512 569 2562 l‘i‘ssfi'
590 2514 663 2561 μς(
684 2511 706 2536 D
722 2510 900 2535 snprmum
920 2509 971 2534 sm
991 2509 1229 2535 moerim-rua.
1250 2497 1412 2534 Videtur
1429 2496 1538 2546 quod

503 2540 666 2611 537²}in
686 2563 827 2600 corpus
857 2550 996 2587 Christi
1023 2558 1140 2600 prout
1168 2558 1223 2587 est
1251 2550 1290 2587 in
1317 2551 1393 2588 hoc
1415 2562 1538 2587 sacra-

491 2600 612 2657 .,Ῡ’,,νς
628 2597 839 2651 mento,
877 2603 996 2653 possit
1023 2602 1146 2642 videri
1174 2604 1222 2641 ab
1251 2603 1381 2652 aliquo
1410 2604 1536 2649 oculo,

494 2654 497 2658 ’
528 2649 619 2684 (²3¹
643 2648 820 2694 saltem
847 2656 1070 2704 glorificato.
1101 2657 1249 2696 Oculus
1277 2656 1382 2694 enim
1409 2664 1539 2694 noster

473 2710 682 2759 impeditur
709 2723 732 2747 a
758 2710 907 2747 visione
935 2709 1107 2759 corporis
1136 2709 1277 2747 Christi
1311 2709 1351 2746 in
1378 2710 1456 2746 hoc
1482 2722 1537 2746 sa-

473 2771 670 2800 cramento
698 2763 899 2806 existentis,
928 2770 1085 2812 propter
1112 2763 1257 2812 species
1285 2770 1538 2800 sacramenta-

472 2817 526 2853 les
550 2816 679 2866 ipsum
699 2816 1026 2854 circumvelantes,
1056 2816 1133 2853 Sed
1153 2817 1288 2853 oculus
1307 2814 1538 2864 glorificatus

472 2881 554 2906 non
572 2877 697 2919 potest
716 2870 764 2907 ab
779 2869 909 2918 aliquo
925 2868 1113 2919 impediri,
1130 2869 1224 2919 quin
1244 2881 1408 2919 corpora
1422 2880 1539 2918 quae-

473 2922 563 2959 libet
590 2922 718 2960 videat
745 2930 861 2972 prout
889 2930 987 2959 sunt.
1018 2922 1120 2971 Ergo
1149 2924 1285 2961 oculus
1308 2921 1539 2970 glorificatus

472 2983 597 3024 potest
628 2975 759 3013 videre
796 2988 938 3025 corpus
974 2975 1114 3013 Christi
1150 2983 1267 3025 prout
1299 2983 1356 3012 est
1390 2975 1431 3012 in
1463 2975 1540 3012 hoc

474 3037 725 3066 sacramento.

528 3092 562 3117 2.
584 3082 816 3128 PRAETEREA,
832 3093 996 3131 corpora
1009 3081 1176 3130 gloriosa
1191 3089 1414 3119 sanctorum
1428 3089 1541 3119 erunt

474 3135 710 3183 configurata
744 3137 897 3184 corpori
927 3135 1103 3172 claritatis
1138 3136 1292 3182 Christi,
1328 3142 1371 3172 ut
1401 3134 1540 3172 dicitur

472 3186 630 3235 Philipp.
651 3199 683 3223 111
706 3187 737 3223 ²³⁸.
781 3187 857 3224 Sed
890 3189 1027 3224 oculus
1060 3187 1200 3225 Christi
1231 3187 1336 3225 videt
1366 3187 1539 3237 seipsum

474 3246 590 3287 prout
617 3247 672 3275 est
699 3239 739 3276 in
767 3240 843 3276 hoc
870 3247 1122 3277 sacramento.
1153 3241 1254 3289 Ergo
1282 3240 1366 3289 pari
1393 3240 1539 3278 ratione

473 3290 634 3340 quilibet
671 3291 766 3329 alius
804 3293 939 3329 oculus
976 3292 1209 3340 glorificatus
1250 3300 1375 3342 potest
1409 3292 1539 3343 ipsum

475 3343 618 3381 videre.

531 3395 564 3433 3.
601 3398 842 3444 PRAETEREA,
881 3396 1000 3434 sancti
1038 3397 1077 3434 in
1115 3397 1391 3434 resurrectione
1429 3405 1541 3435 erunt

474 3450 646 3499 aequales
673 3451 828 3500 angelis,
859 3457 901 3486 ut
921 3449 1059 3488 dicitur
1080 3451 1176 3487 Luc.
1196 3463 1245 3488 xx
1262 3450 1292 3487 *.
1322 3450 1400 3488 Sed
1419 3450 1541 3498 angeli

1592 2497 1725 2534 vident
1739 2509 1880 2547 corpus
1897 2497 2035 2535 Christi
2049 2504 2164 2547 prout
2183 2503 2239 2533 est
2257 2496 2297 2533 in
2311 2497 2388 2534 hoc
2402 2504 2656 2535 sacramemo:

1594 2550 1685 2600 quia
1699 2550 1813 2588 etiam
1825 2550 2036 2588 daemones
2050 2549 2300 2588 inveniuntur
2314 2549 2406 2587 huic
2419 2557 2658 2589 sacramento

1593 2603 1846 2641 reverentiam
1865 2602 2056 2649 exhibere,
2078 2611 2114 2640 et
2132 2602 2262 2652 ipsum
2280 2602 2424 2640 timere.
2454 2603 2557 2652 Ergo
2575 2601 2660 2653 pari

1594 2656 1740 2694 ratione
1774 2658 1911 2694 oculus
1945 2656 2178 2705 glorificatus
2212 2663 2338 2706 potest
2363 2656 2494 2706 ipsum
2527 2655 2658 2695 videre

1594 2718 1710 2759 prout
1738 2718 1793 2747 est
1820 2709 1860 2747 in
1888 2711 1964 2747 hoc
1992 2717 2243 2747 sacramento.

1649 2763 1723 2800 SED
1752 2775 1914 2810 CONTRA,
1944 2762 2036 2800 nihil
2066 2762 2170 2800 idem
2198 2762 2361 2800 existens
2391 2769 2516 2813 potest
2542 2761 2658 2799 simul

1595 2816 1643 2853 ab
1672 2816 1813 2854 eodem
1840 2815 1963 2853 videri
1990 2815 2030 2853 in
2049 2815 2208 2853 diversis
2227 2815 2439 2866 speciebus.
2470 2815 2548 2853 Sed
2566 2824 2658 2853 ocu-

1595 2870 1654 2906 lus
1681 2868 1913 2917 glorificatus
1941 2881 2095 2918 semper
2122 2867 2226 2906 videt
2246 2867 2439 2907 Christum
2468 2875 2585 2917 prout
2603 2875 2660 2905 est

1595 2922 1635 2959 in
1654 2935 1724 2960 sua
1743 2922 1889 2972 specie:
1919 2922 2137 2960 secundum
2155 2921 2248 2959 illud
2267 2920 2387 2959 Isaiae
2402 2933 2508 2958 xxxin
2525 2920 2562 2958 *τ
2585 2922 2658 2958 Re-

1593 2987 1682 3027 gem
1710 2977 1747 3012 in
1776 2976 1910 3013 decore
1935 2987 2003 3026 suo
2029 2975 2211 3013 videbunt.
2241 2974 2344 3022 Ergo
2370 2973 2524 3011 videtur
2549 2974 2659 3023 quod

1595 3041 1675 3066 non
1702 3027 1831 3066 videat
1859 3028 2056 3066 Christum
2082 3034 2199 3078 prout
2217 3033 2273 3064 est
2300 3026 2372 3064 sub
2392 3026 2518 3076 specie
2542 3026 2658 3066 huius

1595 3080 1834 3119 sacramenti.

1647 3135 1872 3172 Rnsponnno
1900 3145 2081 3171 DICENDUM
2109 3132 2217 3182 quod
2250 3132 2391 3182 duplex
2420 3139 2476 3169 est
2502 3133 2656 3171 oculus:

1594 3187 1734 3225 scilicet
1761 3185 1980 3236 corporalis,
2009 3185 2164 3235 proprie
2191 3185 2336 3231 dictus;
2366 3193 2403 3222 et
2429 3185 2658 3223 intellectua-

1596 3240 1650 3287 lis,
1679 3239 1748 3289 qui
1775 3251 1845 3289 per
1863 3238 2151 3276 similitudinem
2169 3237 2317 3275 dicitur.
2347 3239 2382 3275 A
2401 3239 2507 3275 nullo
2527 3246 2658 3276 autem

1597 3294 1710 3330 oculo
1730 3291 1919 3342 corporali
1938 3303 2079 3341 corpus
2099 3290 2239 3328 Christi
2257 3298 2381 3341 potest
2399 3290 2521 3328 videri
2541 3298 2659 3342 prout

1596 3353 1651 3382 est
1678 3345 1718 3382 in
1746 3345 1822 3382 hoc
1841 3351 2091 3382 sacramento.
2121 3343 2252 3381 Primo
2272 3343 2443 3394 quidem,
2463 3343 2556 3394 quia
2574 3355 2658 3382 cor-

1594 3410 1668 3447 pus
1696 3397 1842 3435 visibile
1869 3409 1939 3446 per
1957 3409 2028 3434 sua
2045 3396 2255 3434 accidentia
2273 3397 2451 3435 immutat
2469 3396 2656 3435 medium.

1595 3449 1815 3488 Accidentia
1846 3457 1978 3487 autem
2011 3449 2183 3499 corporis
2221 3449 2361 3488 Christi
2397 3458 2486 3488 sunt
2513 3449 2554 3487 in
2580 3450 2658 3488 hoc

2684 2931 2696 2942 '¹
2709 2929 2777 2954 Vnu-
2792 2936 2826 2959 ⁸⁷·
