2918 4088
3 2599 5 2602 Ι
48 2570 118 2595 'uh
123 2571 153 2600 11,
159 2577 264 2600 mmm.

978 177 1240 224 QUAESTIO
1268 178 1428 225 LXXX,
1458 178 1752 217 ARTICULUS
1780 181 1829 217 lV

2410 186 2479 224 231

311 248 417 286 canis
445 250 611 288 hostiam
638 261 900 291 consecratam
927 255 1145 302 manducet,
1166 255 1375 292 substantia
1429 254 1480 291 ibi
1509 267 1590 292 esse
1610 267 1751 305 corpus
1780 258 1929 296 Christi.
1960 262 2078 308 Quod
2106 263 2219 301 etiam
2247 265 2402 313 derogat
2420 278 2484 303 ve-

310 302 483 351 corporis
513 303 652 341 Christi
680 317 760 343 non
789 306 935 343 desinet
962 319 1044 344 esse
1073 308 1145 344 sub
1173 307 1373 356 speciebus

310 354 484 403 quandiu
512 357 659 405 species
686 358 770 396 illae
798 367 967 405 manent,
997 360 1073 397 hoc
1105 367 1171 406 est,
1200 359 1373 408 quandiu

309 406 519 445 substantia
545 410 655 458 panis
682 419 872 449 maneret:
902 411 998 449 sicut
1025 412 1139 449 etiam
1163 412 1194 448 si
1212 411 1371 461 proiice-

307 467 412 497 retur
439 460 479 497 in
506 462 642 500 lutum.
671 464 755 500 Nec
783 465 859 501 hoc
885 464 1004 512 vergit
1031 465 1071 501 in
1097 464 1371 501 detrimentum

162 515 177 531 κ
306 511 496 561 dignitatis
517 515 656 552 Christi
674 522 702 562 ¹,
732 516 799 565 qui
818 516 940 554 voluit
958 529 981 554 a
998 515 1263 566 peccatoribus
1286 528 1371 553 cru-

305 564 406 613 cifigi
434 566 582 616 absque
616 568 872 606 diminutione
900 581 993 606 suae
1020 568 1228 617 dignitatis:
1265 580 1370 618 prae-

61 601 73 612 '
92 598 251 622 Guitmundua
257 616 264 627 ,

0 656 1 664 ἵ
63 625 266 680 {gfff-(⁴535
305 618 437 655 sertim
456 632 548 657 cum
571 633 660 658 mus
678 630 745 659 aut
763 621 868 659 canis
895 633 975 659 non
994 628 1121 669 tangat
1139 621 1268 669 ipsum
1288 633 1370 658 cor-

30 706 33 707 .
63 668 262 727 ff„‚³fff³·2rg;t4,1
302 682 378 720 pus
416 672 556 710 Christi
592 675 810 711 secundum
844 673 1042 723 propriam
1079 673 1265 722 speeiem,
1301 674 1368 710 sed

61 721 261 786 fflt-xssffflgf
302 725 432 761 solum
459 726 677 763 secundum
704 726 851 776 species
878 727 1181 764 sacramentales.

60 774 262 838 221.‚S{.¹{2’'s}¹252⁸{
355 777 529 824 Quidam
547 778 568 800 *
594 786 726 815 autem
753 778 932 816 dixerunt
963 778 1089 827 quod,
1118 777 1244 815 statim
1276 789 1368 815 cum

58 835 132 859 edon·
146 837 239 865 quam'·
300 838 584 867 sacramentum
614 831 782 879 tangitur
807 843 830 868 a
857 843 970 868 mure
997 832 1060 867 vel
1087 842 1203 877 cane,
1232 830 1370 868 desinit

351 943 378 978 κ)
399 945 509 971 Christi.
526 959 546 964 -
561 946 686 978 corporis
707 945 810 970 Christi
827 945 856 971 P.

1429 307 1525 344 ritati
1553 309 1790 355 sacramenti,
1819 310 1914 348 sicut
1942 325 2056 361 supra
2075 314 2094 335 '¹‘
2122 316 2265 354 dictum
2294 326 2358 354 est.

1480 360 1564 396 Nec
1591 368 1721 397 tamen
1740 361 1948 400 dicendum
1968 373 2022 401 est
2040 368 2146 414 quod
2165 368 2305 406 animal
2326 370 2483 408 brutum

1427 412 1746 449 sacramentaliter
1781 426 1921 463 corpus
1957 417 2094 454 Christi
2128 421 2351 458 manducet:
2393 423 2484 472 quia

1426 475 1507 501 non
1535 472 1590 500 est
1617 472 1752 502 natum
1779 467 1834 503 uti
1853 479 1900 504 eo
1919 476 1962 504 ut
1989 479 2238 508 sacramento.
2268 474 2377 510 Unde
2403 487 2483 512 non

1426 517 1755 564 sacramentaliter,
1784 519 1851 555 sed
1878 531 1948 568 per
1974 521 2148 558 accidens
2175 535 2316 572 corpus
2345 526 2483 564 Christi

1425 569 1649 606 manducat:
1679 570 1775 607 sieut
1793 572 2042 609 manducaret
2060 573 2120 610 ille
2139 575 2206 623 qui
2231 586 2398 614 sumeret
2416 579 2482 616 ho-

1424 621 1535 658 stiam
1554 630 1816 660 consecratam
1844 624 1936 672 quia
1953 623 1967 647 λ
1995 626 2168 663 nesciens
2187 640 2273 665 eam
2295 641 2375 666 esse
2394 642 2483 668 con·
2604 642 2621 666 λ

1424 681 1622 711 secratam.
1653 675 1701 711 Et
1728 675 1819 724 quia
1837 676 1876 712 id
1896 678 2002 725 quod
2031 686 2086 714 est
2112 691 2181 727 per
2208 680 2382 718 accidens
2403 695 2483 720 non

1423 725 1523 762 cadit
1545 726 1586 763 in
1608 726 1796 764 divisione
1823 728 1982 766 alicuius
2009 731 2167 778 generis,
2196 731 2283 769 ideo
2311 733 2373 770 hic
2400 747 2482 772 mo-

1422 778 1496 815 dus
1515 779 1776 816 manducandi
1804 792 1945 830 corpus
1974 783 2113 820 Christi
2131 796 2212 821 non
2229 785 2386 834 ponitur
2411 794 2482 824 ter-

1422 830 1508 878 tius,
1529 839 1680 880 praeter
1707 836 2021 871 sacramentalem
2050 843 2087 872 et
2114 836 2358 885 spiritualem.

2512 325 2522 335 '
2536 324 2561 345 In
2577 330 2685 353 corpore.

1474 944 1503 979 λ)
1522 947 1595 979 quia.
1611 961 1632 965 -
1650 948 1712 972 Om.
1730 948 1751 972 F
1770 953 1795 972 et
1812 948 1902 980 tertia;
1921 949 2012 981 quia...
2030 953 2214 975 consecratam
2234 958 2288 976 om.
2306 951 2360 977 DE.

1075 1092 1396 1135 ARTICULUS
1434 1094 1711 1143 QUARTUS

560 1184 719 1216 UTRUM
741 1184 980 1216 PECCATOR
1003 1184 1176 1216 SUMENs
1199 1185 1369 1217 conpos
1393 1185 1567 1218 CHRISTI
1591 1186 2022 1221 SACRAMENTALITER
2044 1189 2218 1220 PECCET

697 1264 790 1296 Supra,
809 1271 856 1297 qu.
874 1271 956 1294 Lxxxx,
976 1268 1023 1289 art.
1044 1263 1074 1295 3;
1092 1264 1127 1288 IV
1147 1264 1231 1293 Sent„
1250 1264 1310 1289 dist.
1328 1271 1363 1295 xx,
1381 1269 1428 1289 art.
1449 1264 1472 1294 3,
1491 1265 1544 1298 qu·
1563 1272 1587 1296 ι,
1608 1273 1637 1296 2;
1656 1266 1666 1290 Ι
1685 1266 1723 1291 ad
1743 1267 1814 1297 Cor„
1833 1275 1890 1300 cap.
1907 1275 1942 1298 xx,
1961 1268 2019 1293 lect.
2038 1275 2083 1293 vn.

506 1357 529 1383 1)
549 1357 723 1389 QUARTUM
738 1357 790 1388 stc
810 1357 1047 1383 enocenrrua.
1073 1345 1235 1383 Videtur
1253 1345 1361 1394 quod

506 1406 687 1449 peccator
713 1411 872 1436 sumens
900 1410 1042 1448 corpus
1071 1398 1212 1436 Christi
1238 1410 1361 1435 sacra-

328 1364 334 1379 ’1
378 1374 389 1390 ²«
409 1370 464 1393 vg.

312 1457 313 1460 ,
344 1444 361 1459 ,ψ
443 1438 465 1460 11
474 1443 476 1445 ’

352 1500 410 1531 *²*
428 1516 439 1530 ν’
462 1498 493 1540 N<
507 1504 664 1542 maioris
698 1504 888 1553 dignitatis
923 1504 1098 1542 Christus
1134 1504 1207 1541 sub
1235 1503 1362 1553 specie

294 1558 524 1596 sacramenti
551 1570 672 1607 quam
699 1558 772 1594 sub
805 1557 931 1606 specie
964 1557 1132 1607 propria.
1169 1557 1246 1594 Sed
1273 1568 1362 1606 pec-

294 1618 442 1648 catores
482 1618 679 1659 tangentes
719 1622 861 1659 corpus
899 1609 1039 1647 Christi
1075 1609 1116 1646 in
1152 1608 1363 1646 substantia

292 1663 450 1713 propria
469 1675 550 1700 non
568 1662 799 1712 peccabant:
829 1662 924 1711 quin
943 1662 1066 1700 immo
1094 1662 1251 1699 veniam
1273 1674 1362 1711 pec-

292 1723 469 1761 catorum
497 1715 853 1765 consequebantur,
883 1715 980 1752 sicut
1006 1715 1141 1764 legitur
1167 1716 1263 1752 Luc.
1282 1727 1329 1752 vn
1342 1713 1362 1736 '¹‘

292 1768 523 1807 demuliere
541 1767 768 1818 peccatrice3
789 1776 826 1805 et
838 1769 974 1806 Matth.
990 1767 1079 1805 xw*
1097 1767 1245 1815 dicitur,
1273 1768 1361 1810 Qui-

290 1833 450 1871 cumque
475 1823 674 1872 tetigerunt
689 1823 891 1869 fimbriam
918 1823 1123 1859 vestimenti
1152 1822 1241 1867 eius,
1269 1821 1365 1858 salvi

110 1907 112 1909 ,
286 1875 384 1922 facti
407 1881 502 1912 sunt.
532 1875 634 1923 Ergo
653 1886 735 1911 non
761 1882 934 1924 peccant,
955 1874 1022 1911 sed
1050 1874 1171 1923 magis
1199 1875 1362 1911 salutem

0 1957 1 1960 =
52 1926 109 1963 ἓ
131 1925 137 1934 ”
291 1935 598 1978 consequuntur,
624 1935 911 1965 sacramentum
938 1927 1111 1977 corporis
1140 1927 1280 1965 Christi
1298 1940 1361 1964 su-

163 1978 167 1985 “
292 1981 451 2020 mendo.

345 2046 381 2072 2.
411 2035 646 2081 PRAETEREA,
666 2034 743 2071 hoc
770 2040 1068 2079 sacramentum,
1089 2033 1186 2070 sicut
1211 2041 1248 2070 et
1274 2033 1359 2081 alia,

291 2095 349 2134 est
374 2087 571 2137 quaedam
597 2086 803 2136 spiritualis
830 2086 1033 2124 medicina.
1063 2087 1140 2124 Sed
1167 2085 1361 2124 medicina

291 2140 406 2179 datur
423 2139 588 2178 infirmis
607 2140 657 2178 ad
676 2141 856 2177 salutem:
878 2139 1095 2177 secundum
1110 2139 1203 2177 illud
1221 2140 1357 2176 Matth.

289 2205 326 2232 lx
342 2193 378 2232 ¹⁸:
417 2195 508 2231 Non
536 2199 588 2232 est
614 2205 707 2243 opus
733 2193 938 2231 valentibus
964 2193 1143 2239 medicus,
1170 2193 1236 2230 sed
1261 2193 1360 2229 male

290 2248 516 2285 habentibus.
545 2245 693 2284 Infirmi
720 2253 851 2283 autem
869 2247 932 2283 vel
950 2246 1051 2283 male
1072 2245 1256 2283 habentes
1284 2245 1358 2295 spi-

290 2299 474 2338 ritualiter
491 2307 580 2337 sunt
598 2307 828 2349 peccatores.
857 2300 959 2348 Ergo
979 2299 1055 2336 hoc
1074 2306 1358 2336 sacramentum

149 2363 168 2380 ²
291 2353 395 2391 sumi
422 2360 548 2402 potest
575 2353 723 2402 absque
751 2354 866 2401 culpa
886 2357 914 2389 ².

347 2405 383 2443 3.
410 2406 653 2452 marnam,
682 2406 759 2443 hoc
790 2412 1094 2451 sacramentum,
1123 2417 1215 2441 cum
1249 2404 1289 2442 in
1317 2417 1357 2442 se

52 1721 66 1734 ·
77 1719 148 1744 Vm.
157 1720 187 1751 ³⁶
199 1726 253 1750 ⁸⁴1⁴:-

51 1770 67 1782 ²
78 1767 197 1807 ver-,9⁶-

293 2457 491 2496 Christum
519 2458 723 2505 contineat,
752 2465 808 2495 est
834 2458 883 2495 de
911 2457 1090 2495 maximis
1118 2457 1241 2494 bonis.
1274 2459 1357 2495 Ma-

289 2511 395 2549 xima
413 2519 544 2548 autem
570 2511 675 2548 bona
702 2518 811 2558 sunt,
840 2511 1058 2548 secundum
1085 2510 1356 2559 Augustinum,

289 2564 330 2602 in
353 2564 450 2602 libro
470 2565 516 2601 de
534 2565 614 2601 Lib.
634 2565 752 2602 Arbit.
772 2564 805 2611 ²¹²,
827 2565 955 2614 quibus
983 2564 1104 2601 nullus
1129 2564 1228 2601 male
1239 2570 1358 2613 potest

291 2619 353 2655 uti.
391 2618 532 2654 Nullus
560 2624 691 2654 autem
722 2625 855 2666 peccat
886 2616 958 2654 nisi
989 2629 1060 2667 per
1095 2617 1263 2654 abusum
1294 2617 1356 2654 ali-

290 2670 401 2708 cuius
429 2669 495 2708 rei.
525 2671 627 2718 Ergo
655 2671 784 2708 nullus
806 2677 986 2720 peccator
1013 2682 1171 2707 sumens
1198 2669 1274 2707 hoc
1301 2682 1356 2707 sa-

290 2730 534 2761 cramentum
560 2730 704 2773 peccat.

343 2788 380 2825 4.
410 2777 643 2822 plumeam,
664 2775 762 2813 sicut
788 2776 866 2813 hoc
884 2783 1170 2813 sacramentum
1197 2775 1356 2813 sentitur

289 2836 404 2879 gustu
423 2837 460 2867 et
478 2836 592 2877 tactu,
612 2828 663 2868 ita
681 2836 717 2866 et
735 2828 834 2866 visu.
860 2828 900 2867 Si
919 2840 1009 2877 ergo
1028 2836 1207 2878 peccator
1224 2837 1355 2878 peccet

289 2894 338 2921 ex
372 2894 420 2920 eo
453 2882 561 2932 quod
593 2881 711 2919 sumit
743 2882 820 2919 hoc
851 2889 1136 2926 sacramentum
1170 2889 1283 2930 gustu
1319 2889 1355 2918 et

147 2937 163 2972 β
288 2942 393 2973 tactu
416 2934 450 2983 β,
479 2935 633 2972 videtur
663 2935 772 2984 quod
809 2933 924 2971 etiam
960 2942 1135 2984 peccaret
1171 2934 1352 2971 videndo.

289 2988 410 3036 Quod
437 2995 541 3038 patet
568 2999 650 3025 esse
677 2988 834 3025 falsum:
864 2998 956 3024 cum
983 2987 1153 3024 Ecclesia
1172 2987 1354 3025 omnibus

289 3041 366 3079 hoc
393 3048 678 3079 sacramentum
696 3040 912 3078 videndum
940 3047 977 3077 et
1004 3040 1247 3077 adorandum
1264 3052 1353 3090 pro-

287 3101 419 3144 ponat.
457 3095 560 3143 Ergo
587 3101 766 3144 peccator
793 3105 874 3131 non
905 3100 1038 3144 peccat
1069 3105 1115 3130 ex
1143 3094 1218 3130 hoc
1246 3093 1353 3142 quod

288 3147 498 3185 manducat
524 3147 601 3184 hoc
627 3153 924 3184 sacramentum.

295 3216 297 3219 ⁴
345 3201 379 3237 5.
408 3201 646 3247 Pmmznm,
674 3199 857 3248 contingit
888 3199 1124 3248 quandoque
1152 3198 1260 3247 quod
1287 3197 1352 3234 ali-

287 3251 376 3303 quis
402 3260 581 3303 peccator
616 3264 698 3290 non
725 3252 841 3289 habet
872 3251 1144 3289 conscientiam
1178 3250 1237 3287 sui
1265 3261 1352 3299 pec-

340 3369 370 3404 α)
387 3369 458 3395 sumi
477 3372 569 3402 potest
591 3369 689 3402 absque
713 3368 800 3400 culpa.
817 3381 837 3387 -
853 3367 1031 3400 corporaliter
1054 3366 1124 3391 sumi
1141 3368 1232 3398 potest
1253 3365 1351 3397 absque

286 3405 366 3438 eulpa
384 3404 473 3435 cmc,
491 3405 589 3438 absque
612 3405 691 3436 culpa
715 3403 787 3429 sumi
805 3405 897 3436 potest
915 3403 933 3433 l,
951 3402 1049 3435 absque
1072 3402 1150 3433 culpa
1168 3407 1272 3425 sumere
1286 3407 1348 3432 pos-

448 1451 723 1490 mentaliter
755 1464 836 1489 non
870 1459 1013 1501 peccet.
1047 1452 1140 1488 Non
1173 1451 1278 1488 enim
1306 1458 1362 1488 est
1391 1496 1393 1499 .

1414 1347 1498 1384 cati.
1518 1348 1603 1384 Nec
1621 1355 1752 1385 tamen
1770 1348 1853 1386 talis
1871 1361 2031 1399 peccare
2045 1349 2198 1387 videtur
2216 1363 2358 1401 corpus
2375 1354 2482 1391 Chri-

1415 1399 1461 1437 sti
1488 1401 1699 1438 sumendo:
1730 1401 1837 1450 quia,
1866 1403 2083 1440 secundum
2112 1403 2200 1450 hoc,
2230 1416 2366 1442 omnes
2393 1419 2481 1456 pec—

1415 1461 1546 1490 carent
1564 1453 1632 1502 qui
1651 1462 1821 1501 sumunt,
1842 1455 1952 1504 quasi
1978 1454 2151 1505 periculo
2171 1468 2211 1493 se
2231 1468 2479 1507 exponentes;

1415 1517 1508 1543 cum
1534 1507 1744 1555 Apostolus
1772 1507 1873 1553 dicit,
1894 1509 1908 1544 1
1931 1509 2017 1545 Cor.
2037 1520 2072 1545 1v
2089 1508 2127 1544 *z
2156 1510 2264 1546 Nihil
2281 1512 2374 1548 mihi
2393 1525 2480 1550 con·
2507 1528 2518 1538 ·
2533 1526 2597 1549 Vers.
2613 1535 2635 1554 4.

1414 1560 1510 1595 scius
1536 1571 1637 1605 sum,
1665 1560 1731 1596 sed
1756 1572 1830 1596 non
1860 1562 1898 1597 in
1926 1562 1997 1598 hoc
2024 1563 2236 1609 iustificatus
2261 1575 2355 1600 sum.
2388 1566 2480 1603 Non

1416 1623 1507 1659 ergo
1535 1611 1689 1649 videtur
1715 1613 1822 1661 quod
1849 1613 2040 1662 peccatori
2067 1614 2177 1652 cedat
2204 1614 2243 1651 in
2271 1618 2426 1666 culpam
2449 1619 2480 1656 si

1415 1665 1493 1701 hoc
1519 1673 1805 1702 sacramentum
1832 1674 1970 1703 sumat.

1469 1717 1544 1755 SED
1559 1729 1705 1754 CONTRA
1719 1730 1785 1755 Εετ
1804 1719 1911 1767 quod
1926 1720 2135 1768 Apostolus
2149 1719 2250 1768 dicit,
2265 1722 2280 1758 1
2294 1723 2379 1759 Cor.
2395 1724 2476 1762 XI*:
2505 1734 2516 1744 ·
2532 1733 2598 1755 vers·
2614 1740 2649 1762 29·

1421 1771 1495 1813 Qui
1511 1771 1714 1808 manducat
1740 1777 1774 1808 et
1800 1773 1888 1809 bibit
1910 1773 2074 1822 indigne,
2095 1773 2269 1810 iudicium
2287 1777 2357 1812 sibi
2372 1789 2478 1814 man-

1415 1824 1525 1860 ducat
1543 1829 1576 1860 et
1594 1825 1682 1861 bibit
1700 1829 1727 1860 Υ.
1756 1824 1856 1861 Dicit
1875 1832 2005 1862 autem
2024 1825 2161 1863 Glossa
2179 1826 2199 1848 '¹‘
2225 1827 2387 1865 ibidem:
2415 1831 2478 1867 In·
2505 1866 2515 1876 ,
2529 1865 2547 1886 L
2601 1841 2617 1866 γ

1414 1877 1529 1926 digne
1555 1877 1758 1914 manducat
1784 1883 1818 1914 et
1836 1879 1923 1915 bibit
1942 1880 2006 1928 qui
2027 1880 2064 1915 in
2089 1881 2245 1916 crimine
2262 1887 2324 1927 est,
2342 1883 2402 1919 vel
2428 1885 2478 1919 ir-
2549 1866 2612 1887 σω

1414 1935 1627 1967 reverenter
1653 1936 1796 1967 tractat.
1825 1931 1927 1978 Ergo
1956 1931 2023 1980 qui
2050 1939 2106 1968 est
2131 1932 2171 1969 in
2189 1941 2346 1981 peccato
2374 1947 2477 1972 mor-

1413 1983 1489 2030 tali,
1519 1983 1550 2020 si
1577 1983 1654 2020 hoc
1681 1991 1965 2020 sacramentum
1992 1984 2161 2033 accipiat,
2187 1985 2476 2025 damnationem

1414 2035 1586 2085 acquirit,
1616 2035 1825 2072 mortaliter
1850 2048 2025 2085 peccans.

1467 2090 1692 2126 RESPONDEO
1712 2100 1893 2126 mCENDUM
1916 2089 2024 2138 quod
2051 2089 2091 2126 in
2118 2090 2195 2131 hoc
2221 2101 2473 2140 sacramento,

1414 2141 1511 2179 sicut
1538 2141 1578 2178 in
1606 2140 1698 2187 aliis,
1727 2140 1766 2177 id
1794 2141 1902 2190 quod
1936 2149 1991 2178 est
2024 2150 2305 2180 sacramentum
2344 2152 2400 2181 est
2427 2145 2474 2182 si-

1411 2206 1534 2243 gnum
1562 2193 1645 2231 eius
1664 2193 1771 2242 quod
1799 2201 1854 2230 est
1881 2205 1940 2230 res
1968 2195 2205 2232 sacramenti.
2234 2196 2387 2245 Duplex
2406 2210 2473 2235 au-

1411 2255 1491 2284 tem
1519 2254 1574 2283 est
1602 2258 1661 2283 res
1689 2245 1806 2283 huius
1833 2246 2078 2293 sacramenti,
2104 2247 2200 2284 sicut
2236 2261 2352 2298 supra
2370 2250 2390 2272 *
2417 2250 2472 2287 di-
2499 2260 2510 2270 ·
2526 2259 2573 2287 Qu·
2586 2266 2623 2287 ιι,
2638 2266 2711 2291 art-3,

1412 2307 1518 2337 ctum
1553 2307 1627 2336 est:
1670 2310 1749 2335 una
1782 2298 1941 2348 quidem
1982 2311 2081 2348 quae
2114 2308 2170 2337 est
2200 2301 2408 2350 significata
2435 2311 2473 2340 et
2498 2286 2713 2340 Ziff‘tffi‘ifssssfg'ss

1412 2360 1607 2397 contenta,
1642 2351 1779 2388 scilicet
1813 2351 1893 2400 ipse
1931 2351 2120 2399 Christus;
2159 2353 2232 2390 alia
2259 2362 2388 2392 autem
2417 2364 2472 2392 est

1412 2405 1622 2454 significata
1648 2412 1685 2441 et
1712 2416 1793 2441 non
1820 2412 2009 2450 contenta,
2029 2405 2167 2446 scilicet
2194 2418 2335 2456 corpus
2364 2408 2470 2445 Chri-

1412 2459 1457 2495 sti
1485 2458 1702 2508 mysticum,
1722 2457 1830 2506 quod
1857 2465 1913 2494 est
1935 2457 2094 2495 societas
2113 2466 2345 2497 sanctorum.
2375 2461 2470 2507 Qui-

1411 2523 1580 2560 cumque
1618 2522 1707 2558 ergo
1735 2511 1811 2546 hoc
1838 2518 2120 2548 sacramentum
2155 2512 2287 2556 sumit,
2316 2525 2363 2550 ex
2394 2514 2471 2551 hoc

1411 2565 1495 2614 ipso
1532 2562 1716 2611 significat
1744 2574 1783 2599 se
1811 2574 1894 2599 esse
1922 2562 2073 2600 Christo
2103 2564 2255 2601 unitum
2283 2573 2320 2602 et
2346 2578 2468 2603 mem—

1411 2617 1488 2654 bris
1523 2616 1604 2653 eius
1640 2615 1939 2664 incorporatum.
1978 2616 2097 2662 Quod
2134 2617 2292 2666 quidem
2327 2617 2370 2654 fit
2400 2631 2470 2667 per

1410 2670 1530 2707 fidem
1557 2669 1776 2714 formatam,
1814 2680 1934 2716 quam
1961 2670 2089 2705 nullus
2117 2669 2232 2706 habet
2259 2682 2349 2707 cum
2380 2683 2468 2720 pec-

1410 2731 1494 2760 cato
1522 2721 1683 2758 mortali.
1713 2721 1762 2757 Et
1788 2720 1876 2757 ideo
1903 2720 2148 2758 manifestum
2176 2730 2232 2759 est
2249 2724 2356 2772 quod
2384 2724 2467 2772 qui-

1409 2787 1578 2824 cumque
1606 2785 1696 2810 cum
1723 2780 1880 2823 peccato
1907 2773 2058 2810 mortali
2086 2774 2161 2811 hoc
2185 2784 2466 2813 sacramentum

1409 2827 1545 2874 sumit,
1573 2825 1771 2864 falsitatem
1804 2825 1844 2862 in
1877 2826 1953 2863 hoc
1980 2835 2218 2864 sacramento
2253 2828 2464 2866 committit.

1408 2882 1456 2918 Et
1474 2880 1562 2917 ideo
1581 2878 1737 2916 incurrit
1762 2877 2011 2927 sacrilegium,
2030 2886 2216 2928 tanquam
2241 2881 2466 2918 sacramenti

1407 2933 1579 2971 violator.
1610 2932 1658 2968 Et
1683 2938 1840 2980 propter
1866 2932 1942 2968 hoc
1969 2931 2176 2969 mortaliter
2202 2940 2344 2982 peccat.

1460 2987 1517 3022 AD
1553 2996 1687 3022 ramum
1723 2995 1822 3021 ERGO
1858 2995 2039 3021 meENDUM
2076 2985 2184 3033 quod
2221 2984 2393 3023 Christus
2425 2986 2465 3023 in

1406 3038 1563 3088 propria
1596 3036 1721 3086 specie
1756 3048 1944 3086 apparens
1976 3048 2055 3073 non
2084 3037 2286 3074 exhibebat
2312 3050 2352 3075 se
2383 3046 2464 3076 tan-

1405 3091 1576 3140 gendum
1603 3088 1827 3127 hominibus
1845 3088 1884 3126 in
1904 3088 2055 3138 signum
2082 3089 2283 3139 spiritualis
2310 3091 2464 3130 unionis

1406 3144 1455 3181 ad
1483 3143 1623 3192 ipsum,
1652 3141 1748 3178 sicut
1775 3141 1975 3179 exhibetur
2002 3142 2214 3180 sumendus
2241 3143 2281 3180 in
2307 3144 2384 3181 hoc
2405 3157 2463 3182 sa-

1406 3203 1613 3234 cramento.
1634 3195 1683 3231 Et
1701 3194 1788 3231 ideo
1807 3202 2025 3243 peccatores
2041 3207 2134 3232 eum
2151 3195 2192 3232 in
2209 3196 2366 3246 propria
2378 3209 2463 3247 spe-

1405 3249 1461 3286 cie
1496 3255 1690 3296 tangentes
1728 3259 1807 3284 non
1839 3246 2082 3285 incurrebant
2120 3247 2265 3286 crimen
2298 3249 2463 3287 falsitatis

1457 3363 1471 3397 β
1501 3367 1583 3397 gustu
1602 3367 1628 3389 et
1647 3366 1729 3389 tactu.
1746 3376 1766 3382 —
1783 3363 1846 3388 Om.
1863 3363 1936 3388 tertia
1954 3367 2055 3396 praeter
2073 3363 2092 3388 1.

1455 3407 1471 3433 γ
1501 3399 1575 3424 bibit.
1591 3413 1611 3418 -
1629 3399 1698 3424 idest
1715 3398 1959 3424 condemnationem
1978 3398 2075 3424 addunt
2093 3399 2133 3424 Pl.
2149 3413 2168 3418 -
2188 3398 2261 3424 D1‘cit
2283 3403 2372 3425 autem
2391 3400 2461 3432 PG1;

285 3443 350 3466 eunt
367 3439 403 3471 1³3
420 3439 496 3470 alias,
509 3446 575 3473 ergo
593 3439 643 3465 hoc
659 3441 857 3464 sacramentum
875 3437 1053 3470 corporaliter
1071 3437 1168 3469 absque
1184 3436 1263 3467 culpa
1281 3435 1351 3460 sumi
1402 3438 1429 3460 et
1446 3434 1554 3466 (ibidem
1577 3434 1686 3466 Glossa)
1703 3434 1769 3459 dicit
1787 3433 1828 3458 ed.
1846 3440 1871 3463 a,
1891 3433 1966 3459 Dicit
1982 3434 2051 3459 entm
2071 3434 2157 3460 ceteri.

282 3478 375 3508 potest
391 3482 483 3508 margo
501 3475 530 3500 P.
