2878 4088
423 218 473 253 24

423 296 492 317 non
515 285 644 316 deberet
663 286 778 318 dicere.
802 287 871 317 Nec
902 288 1270 318 excommunicationem
1300 289 1491 318 incurreret:

427 331 502 370 quia
524 340 591 361 non
616 336 662 361 est
685 331 847 361 subiectus
877 332 1033 372 superiori
1061 342 1120 362 suo
1145 333 1205 362 nisi
1229 337 1264 362 ut
1287 333 1405 367 homo;
1430 332 1493 361 hoc

426 380 534 405 autem
557 384 625 405 non
649 375 706 406 scit
729 381 765 406 ut
788 375 900 412 homo,
917 375 972 406 sed
995 382 1031 406 ut
1055 376 1153 406 Deus.

480 419 531 449 An
555 429 691 449 Tannum
713 429 873 450 mcssNDUM
889 420 978 460 quod
1001 421 1102 450 homo
1126 429 1193 449 non
1213 419 1380 449 adducitur
1398 419 1431 448 in
1447 423 1492 447 te-

426 464 614 494 stimonium
637 464 698 494 nisi
721 469 757 494 ut
780 464 891 494 homo.
915 465 956 494 Et
979 464 1052 494 ideo
1076 465 1143 493 sine
1163 463 1302 493 laesione
1327 462 1493 492 conscien-
1516 470 1524 490 5

426 509 487 538 tiae
510 513 617 548 potest
639 508 741 538 iurare
758 518 790 539 se
806 509 928 539 nescire
952 507 1040 548 quod
1057 508 1114 537 scit
1137 512 1262 536 tantum
1281 511 1317 536 ut
1331 506 1429 535 Deus.

483 552 634 582 Similiter
646 553 741 582 etiam
756 558 862 592 potest
875 553 1030 592 praelatus
1043 552 1109 581 sine
1122 551 1262 580 laesione
1279 549 1493 579 conscientiae

427 597 624 636 impunitum
644 596 800 627 dimittere
817 602 985 636 peccatum
1010 595 1099 634 quod
1114 595 1171 624 scit
1194 599 1319 623 tanturn
1340 598 1376 622 ut
1392 593 1490 628 Deus,

427 640 478 670 vel
497 640 575 671 sine'
587 641 695 680 aliquo
713 640 865 671 remedio.
890 640 974 677 Quia
993 649 1060 669 non
1079 643 1204 668 tenetur
1219 637 1368 666 adhibere
1391 646 1492 666 reme-

428 684 518 715 dium
540 686 600 715 nisi
625 695 664 715 eo
688 684 788 715 modo
812 694 878 724 quo
903 683 941 714 ad
964 684 1070 722 ipsum
1094 681 1235 711 refertur.
1271 680 1365 711 Unde
1388 681 1422 710 in
1445 681 1493 710 his

429 738 511 769 quae
534 729 575 759 ad
597 730 703 769 ipsum
727 728 911 758 deferuntur
934 728 968 757 in
991 726 1062 756 foro
1086 725 1318 765 poenitentiae,
1343 724 1437 755 debet
1459 725 1493 755 in

429 773 544 804 eodem
568 773 650 807 foro,
666 774 858 812 inquantum
874 776 988 810 potest,
1006 770 1155 799 adhibere
1171 768 1366 799 remedium:
1385 774 1422 799 ut
1438 769 1492 799 ab-

428 818 483 847 bas
506 818 539 847 in
564 827 639 847 casu
655 816 816 856 praedicto
840 815 1010 845 admoneat
1027 823 1101 843 eum
1124 818 1161 843 ut
1176 813 1330 852 prioratui
1345 814 1491 853 resignet.

428 862 498 897 Vel,
516 862 540 891 si
563 861 710 896 noluerit,
731 865 836 899 potest
859 869 897 888 ex
921 858 1026 897 aliqua
1049 857 1110 887 alia
1133 857 1304 887 occasione
1328 858 1491 888 absolvere

429 915 503 935 eum
527 915 544 934 a
569 915 643 935 cura
659 905 831 943 prioratus:
856 903 898 932 ita
921 907 1028 931 tamen
1053 900 1143 941 quod
1161 902 1268 932 omnis
1291 902 1430 942 suspicio
1446 903 1493 932 vi-

428 955 511 979 tetur
535 948 574 979 de
598 947 806 978 confessionis
830 946 1032 976 revelatione.

482 994 532 1022 An
559 1002 705 1022 QUARTUM
728 1000 887 1020 mensuum
911 989 1001 1029 quod
1024 999 1062 1019 ex
1081 989 1190 1019 multis
1214 990 1281 1020 aliis
1298 991 1400 1020 causis
1423 990 1493 1021 red-

428 1037 511 1067 ditur
541 1037 654 1075 aliquis
683 1035 832 1074 indignus
857 1034 896 1064 ad
918 1034 1123 1074 praelationis
1156 1033 1300 1065 officium
1333 1043 1432 1074 quam
1456 1045 1494 1065 ex

427 1086 576 1120 peccato:
601 1080 681 1109 sicut
698 1089 735 1109 ex
759 1078 886 1109 defectu
910 1078 1060 1108 scientiae
1075 1078 1126 1108 vel
1150 1079 1269 1115 aetatis,
1285 1078 1337 1109 vel
1360 1079 1493 1110 alicuius

427 1123 620 1154 huiusmodi.
646 1124 687 1153 Et
710 1122 782 1153 ideo
807 1123 863 1162 qui
894 1122 1099 1157 contradicit,
1123 1131 1184 1153 nec
1212 1123 1431 1163 suspicionem
1454 1123 1494 1154 de

428 1169 559 1198 crimine
582 1167 665 1203 facit,
682 1177 742 1197 nec
766 1166 1004 1197 confessionem
1027 1166 1154 1197 revelat.

492 1234 590 1264 ART.
609 1233 646 1264 11.
670 1243 775 1263 UTRUM
799 1243 942 1263 smmum
966 1242 1183 1264 comrssssroms
1207 1243 1241 1264 sn
1264 1244 1427 1264 EXTENDAT

537 1289 577 1308 An
601 1288 673 1308 ALIA
698 1287 784 1308 QUAM
808 1288 879 1307 ILLA
903 1287 986 1307 QUAE
1010 1287 1086 1307 SUNT
1110 1287 1150 1308 DE
1175 1276 1383 1309 comrssssmne

491 1355 510 1374 n
526 1353 686 1374 SECUNDUM
702 1354 748 1374 sm
763 1353 968 1373 PROCEDITUR.
985 1342 1120 1374 Videtur
1142 1343 1232 1383 quod
1253 1344 1392 1384 sigillum
1416 1353 1494 1374 con-

428 1356 636 1419 Afessionis
665 1397 698 1418 se
729 1387 878 1418 extendat
900 1387 940 1417 ad
964 1388 1024 1417 alia
1048 1397 1146 1427 quam
1169 1388 1222 1418 illa
1246 1397 1329 1428 quae
1352 1393 1427 1419 sunt
1454 1388 1494 1419 de

427 1433 637 1464 confessione.
663 1432 748 1470 Quia
772 1431 811 1462 de
835 1431 1039 1462 confessione
1070 1441 1139 1462 non
1162 1438 1237 1462 sunt
1268 1433 1329 1463 nisi
1352 1438 1493 1472 peccata.

427 1477 489 1508 Sed
512 1476 684 1516 aliquando
709 1486 783 1507 cum
808 1477 946 1516 peccatis
971 1476 1031 1506 alia
1053 1477 1155 1507 multa
1178 1477 1250 1517 quis
1273 1482 1386 1513 narrat,
1411 1487 1494 1517 quae

426 1522 465 1552 ad
489 1521 726 1552 confessionem
748 1530 816 1551 non
839 1521 1009 1560 pertinent.
1034 1521 1138 1561 Ergo,
1163 1530 1239 1551 curn
1261 1521 1315 1551 illa
1338 1521 1494 1552 sacerdoti

1059 207 1321 254 QUAESTIO
1352 208 1414 255 XI,
1435 207 1727 244 ARTICULUS
1755 207 1797 253 ΙΙ,
1822 207 1880 252 ΙΙΙ,
1901 207 1949 243 IV

1606 297 1634 317 2.
1659 287 1855 322 PRAETEREA,
1873 287 1974 317 homo
1990 292 2116 318 tenetur
2133 297 2169 318 ea
2193 298 2276 328 quae
2294 290 2328 319 in
2344 289 2546 320 confessione
2563 300 2618 320 au-

1549 331 1594 361 dit
1618 331 1729 366 celare,
1747 331 1772 360 si
1795 340 1862 360 non
1880 331 1946 361 scit·
1963 340 2000 361 ea
2014 337 2051 361 ut
2074 332 2186 368 homo,
2204 332 2259 362 sed
2275 338 2311 363 ut
2326 333 2424 364 Deus.
2449 334 2512 365 Sed
2531 335 2619 365 solus

1549 374 1695 404 sacerdos
1720 380 1766 404 est
1789 375 1932 404 minister
1948 375 2018 405 Dei.
2043 375 2129 415 Ergo
2154 376 2241 406 solus
2257 377 2403 408 sacerdos
2421 383 2547 409 tenetur
2563 388 2619 409 oc-

1549 418 1678 448 cultare.

1603 462 1793 492 Rnspoxnno
1817 471 1979 492 mcmmun
2009 463 2098 502 quod
2122 463 2261 503 sigillum
2295 465 2505 496 confessionis
2529 476 2618 497 com-

1548 506 1628 544 petit
1651 505 1807 535 sacerdoti
1830 506 2023 546 inquantum
2057 513 2103 537 est
2126 508 2270 538 minister
2291 509 2387 539 huius
2410 511 2616 541 sacramenti:

1549 548 1638 588 quod
1661 550 1740 579 nihil
1758 555 1804 580 est
1827 549 1914 580 aliud
1938 559 2036 590 quam
2060 551 2204 582 debitum
2223 551 2461 584 confessionem
2484 554 2617 591 celandi,

1548 594 1630 623 sicut
1654 594 1749 623 clavis
1773 599 1819 624 est
1842 599 1982 634 potestas
2006 595 2202 626 absolvendi.
2234 596 2376 633 Tamen,
2399 598 2482 628 sicut
2504 598 2618 639 aliquis

1549 638 1605 677 qui
1628 647 1695 668 non
1719 643 1765 668 est
1788 638 1946 674 sacerdos,
1962 640 1995 669 in
2019 640 2128 679 aliquo
2153 649 2228 670 casu
2244 641 2412 681 participat
2434 641 2555 682 aliquid
2578 642 2618 673 de

1510 689 1534 703 ¹⁰
1548 687 1621 712 actu
1646 682 1751 718 clavis,
1769 682 1847 713 dum
1863 683 2102 714 confessionem
2125 684 2213 714 audit
2227 690 2360 725 propter
2374 687 2615 722 necessitatem3

1547 726 1591 756 ita
1614 726 1709 756 etiam
1732 728 1899 768 participat
1923 727 2044 768 aliquid
2067 728 2107 758 de
2130 730 2205 759 actu
2227 729 2320 769 sigilli
2344 729 2566 766 confessionis,
2587 736 2620 761 et

1547 775 1674 801 tenetur
1689 771 1805 807 celare;
1827 772 1982 811 quamvis,
1995 773 2125 813 proprie
2140 773 2317 813 loquendo,
2335 774 2474 814 sigillum
2493 774 2619 805 confes-

1548 815 1646 845 sionis
1669 825 1737 845 non
1760 816 1883 846 habeat.

1603 859 1644 889 Et
1666 869 1724 900 per
1746 860 1809 890 hoc
1832 866 1919 900 patet
1942 861 2061 891 solutio
2085 861 2125 891 ad
2149 862 2283 892 obiecta.

1636 948 1736 978 ART.
1753 948 1806 979 IV.
1829 955 1935 979 urium
1958 959 1998 979 nn
2026 960 2170 980 memma
2201 960 2403 981 comnTEN'rls
2426 961 2529 982 Possu-

1570 1002 1726 1023 sAcnnnos
1750 1003 1910 1024 PECCATUM
1931 1003 2017 1024 ouon
2036 1004 2138 1034 naam·
2157 1005 2211 1025 sun
2230 1005 2351 1025 sxornno
2369 1005 2595 1031 conressmms,

1940 1048 2052 1068 Acrem
2080 1048 2223 1069 »nonnae

1522 1136 1535 1149 ο
1550 1134 1634 1197 ΑΒ
1666 1135 1814 1154 omn-run
1844 1135 1890 1155 sic
1913 1135 2117 1156 puocanrrun.
2141 1126 2274 1157 Videtur
2304 1127 2394 1167 quod
2424 1127 2464 1158 de
2486 1128 2616 1170 licentia

1614 1168 1795 1199 confitentis
1825 1178 1892 1200 non
1915 1171 2016 1210 possit
2043 1170 2190 1201 sacerdos
2219 1177 2388 1211 peccatum
2412 1172 2502 1212 quod
2523 1173 2619 1203 habet

1549 1213 1608 1243 sub
1624 1213 1728 1253 sigillo
1745 1213 1965 1250 confessionis,
1983 1214 2071 1245 alteri
2086 1215 2232 1254 prodere.
2257 1215 2357 1254 Quod
2372 1217 2459 1246 enim
2473 1226 2542 1247 non
2557 1226 2618 1257 po-

1549 1262 1609 1287 test
1632 1258 1786 1297 superior,
1812 1267 1880 1288 non
1903 1264 2011 1298 potest
2033 1258 2173 1290 inferior.
2209 1259 2272 1290 Sed
2299 1260 2384 1300 Papa
2413 1269 2482 1291 non
2509 1267 2619 1300 posset

1549 1301 1689 1341 aliquem
1712 1301 1987 1342 licentiam-quod
2009 1308 2179 1343 peccatum
2206 1303 2296 1344 quod
2317 1304 2413 1335 habet
2434 1305 2468 1335 in
2492 1305 2619 1336 confes-

1509 1356 1532 1376 ας
1548 1346 1650 1381 sione,
1667 1346 1755 1376 alteri
1778 1346 1937 1386 proderet.
1962 1347 2047 1387 Ergo
2072 1357 2132 1378 nec
2155 1348 2208 1378 ille
2232 1349 2288 1388 qui
2312 1348 2483 1379 confitetur
2513 1355 2619 1389 potest

1548 1391 1655 1430 ipsum
1679 1390 1851 1421 licentiare.

1605 1445 1635 1465 2.
1660 1435 1856 1471 PRAETEREA,
1873 1435 1952 1466 illud
1968 1435 2058 1475 quod
2081 1442 2128 1466 est
2143 1436 2324 1467 institutum
2340 1443 2471 1478 propter
2494 1438 2619 1469 bonum

1549 1489 1734 1515 commune,
1750 1489 1818 1510 non
1836 1484 1943 1520 potest
1959 1489 1997 1510 ex
2013 1481 2142 1511 arbitrio
2158 1481 2254 1511 unius
2273 1482 2400 1512 mutari.
2425 1482 2488 1513 Sed
2504 1483 2618 1514 celan'o

1549 1523 1760 1554 confessionis
1783 1529 1831 1554 est
1853 1524 1995 1555 instituta
2018 1530 2150 1565 propter
2172 1525 2297 1556 bonurn
2324 1526 2422 1556 totius
2445 1527 2618 1564 Ecclesiae,

426 1566 570 1596 dicantur
593 1571 629 1596 ut
651 1566 733 1601 Deo,
750 1565 875 1595 videtur
891 1565 981 1605 quod
1005 1566 1101 1595 etiam
1125 1565 1164 1596 ad
1187 1565 1241 1596 illa
1257 1566 1396 1606 sigillum
1415 1576 1493 1596 con·
1510 1577 1535 1596 30
1548 1573 1584 1598 ut
1606 1568 1755 1598 homines
1778 1567 1993 1599 confidentius
2017 1569 2056 1599 ad
2079 1569 2317 1600 confessionem
2341 1570 2502 1602 accedant.
2532 1571 2618 1612 Ergo

426 1611 571 1641 fessionis
595 1620 628 1640 se
652 1609 809 1640 extendat.

482 1665 510 1685 2.
536 1655 732 1690 Pium-anm,
749 1653 923 1694 aliquando
947 1654 1062 1694 aliquis
1086 1653 1162 1684 dicit
1178 1654 1274 1684 alicui
1297 1654 1429 1695 aliquod
1445 1664 1493 1684 se-

425 1705 557 1735 cretum,
575 1704 606 1729 et
628 1698 681 1728 ille
704 1699 826 1738 recipit,
842 1698 900 1729 sub
918 1698 1030 1740 sigillo
1054 1698 1279 1740 confessionis.
1304 1699 1389 1739 Ergo
1409 1699 1493 1739 sigil-

425 1745 493 1774 lum
517 1743 727 1774 confessionis
743 1752 777 1773 se
793 1742 933 1773 extendit
949 1742 989 1773 ad
1004 1743 1057 1773 illa
1073 1752 1155 1783 quae
1178 1752 1246 1773 non
1262 1749 1336 1774 sunt
1359 1743 1399 1774 de
1415 1753 1493 1773 con-

425 1788 573 1818 sessione.

480 1832 542 1863 SED
568 1842 700 1868 com-rm,
721 1831 860 1871 sigillum
884 1830 1096 1862 confessionis
1119 1836 1166 1862 est
1189 1831 1310 1872 aliquid
1332 1841 1494 1862 annexum

426 1877 643 1907 sacramentali
667 1875 872 1907 confessioni.
902 1875 966 1906 Sed
990 1885 1027 1906 ea
1049 1885 1133 1916 quae
1156 1885 1279 1907 annexa
1302 1882 1376 1907 sunt
1399 1876 1494 1906 alicui

426 1926 634 1957 sacramento,
662 1929 730 1951 non
760 1930 794 1950 se
824 1919 999 1951 extendunt
1022 1920 1104 1950 ultra
1136 1926 1370 1951 sacramentum
1403 1920 1492 1951 illud.

426 1966 511 2005 Ergo
535 1965 674 2006 sigillum
697 1964 909 1995 confessionis
931 1974 999 1995 non
1023 1973 1057 1995 se
1081 1964 1221 1996 extendit
1247 1966 1308 1996 nisi
1331 1964 1371 1995 ad
1395 1975 1432 1996 ea
1455 1964 1494 1995 de

427 2011 543 2050 quibus
566 2015 613 2040 est
637 2009 808 2040 confessio.

480 2055 669 2085 Rusponnzo
693 2063 853 2084 mmmmm
872 2053 962 2094 qnod
984 2053 1124 2094 sigillum
1142 2052 1353 2084 confessionis
1376 2053 1494 2084 directe

426 2109 493 2130 non
517 2109 551 2129 se
574 2097 715 2129 extendit
745 2098 806 2128 nisi
829 2097 869 2128 ad
891 2098 945 2128 illa
967 2097 1007 2128 de
1036 2098 1154 2138 quibus
1184 2103 1231 2128 est
1260 2099 1494 2129 sacramentalis

427 2142 596 2174 confessiol
621 2142 684 2174 Sed
706 2142 859 2173 indirecte
874 2142 907 2173 id
931 2142 1021 2182 quod
1043 2152 1112 2173 non
1128 2141 1212 2173 cadit
1234 2143 1293 2173 sub
1316 2152 1494 2173 sacramen-

426 2189 479 2218 tali
503 2187 716 2223 confessione,
739 2188 834 2217 en'am
858 2186 898 2217 ad
925 2187 1066 2227 sigillum
1096 2186 1308 2217 confessionis
1336 2187 1492 2227 pertinet:

1548 1612 1600 1642 ille
1610 1613 1680 1687 dqui
1705 1611 1876 1643 confitetur
1891 1622 1959 1643 non
1981 1619 2089 1654 potest
2111 1614 2274 1644 licentiare
2293 1614 2492 1646 sacerdotem
2517 1615 2557 1646 ad
2571 1615 2619 1647 di·

1549 1666 1608 1687 cen
1632 1666 1698 1687 um.
1736 1676 1739 1678 -
2273 1674 2276 1678 ·

1605 1701 1634 1731 3.
1659 1701 1855 1738 Puerum,
1872 1702 1899 1731 si
1921 1702 2023 1742 possit
2045 1702 2200 1733 licentiati
2224 1703 2381 1740 sacerdos,
2404 1703 2529 1735 videtur
2551 1703 2618 1736 dari

1542 1746 1682 1785 pallium
1708 1746 1852 1776 malitiae
1867 1747 1884 1763 ¹*
1906 1747 1997 1777 malis
2022 1746 2258 1778 sacerdotibus:
2283 1749 2359 1788 quia
2373 1754 2506 1788 possent
2528 1758 2618 1789 prae-

1509 1798 1531 1818 ³5
1547 1789 1678 1820 tendere
1693 1790 1752 1820 sibi
1767 1790 1929 1821 licentiam
1941 1790 2057 1827 datam,
2071 1797 2102 1822 et
2117 1792 2162 1822 sic
2173 1792 2307 1832 impune
2319 1798 2498 1833 peccarent.
2518 1793 2618 1831 Quod

1549 1839 1596 1864 est
1618 1834 1859 1865 inconveniens.
1883 1835 1924 1865 Et
1947 1835 1991 1866 sic
2014 1835 2139 1866 videtur
2163 1836 2253 1876 quod
2275 1846 2344 1867 non
2372 1838 2474 1878 possit
2496 1847 2514 1868 a
2538 1847 2616 1869 con-

1548 1878 1658 1909 fitente
1682 1879 1845 1910 licentiati.

1603 1932 1634 1962 4.
1659 1923 1855 1960 Pium-nnn,
1873 1924 1930 1954 ille·
1942 1924 1995 1954 cui
2010 1924 2069 1955 iste
2091 1925 2252 1960 revelabit,
2269 1934 2337 1956 non
2353 1926 2482 1956 habebit
2504 1935 2618 1967 pecca-

1548 1973 1618 1998 tum
1641 1968 1705 1998 hoc
1727 1968 1786 1998 sub
1810 1968 1914 2008 sigillo
1938 1967 2159 1999 confessionis.
2183 1969 2225 2000 Et
2248 1970 2292 2000 sic
2308 1970 2427 2010 poterit
2448 1976 2618 2011 peccatum

1509 2019 1535 2039 ⁴⁰
1548 2012 1704 2052 publicari
1727 2012 1817 2052 quod
1839 2013 1902 2043 iam
1926 2012 2068 2043 deletum
2091 2018 2147 2044 est.
2172 2013 2272 2052 Quod
2300 2019 2347 2044 est
2376 2015 2617 2046 inconveniens.

1548 2057 1634 2096 Ergo
1658 2066 1726 2087 non
1751 2062 1858 2097 potest
1880 2057 2051 2091 licentiare.

1604 2101 1666 2131 San
1691 2111 1829 2137 con-rim,
1861 2102 2007 2142 superior
2036 2107 2143 2142 potest
2165 2103 2291 2133 mittere
2314 2108 2518 2143 peccatorem
2541 2113 2619 2135 cum

1548 2145 1657 2176 litteris
1681 2145 1720 2176 ad
1743 2145 1928 2176 inferiorem
1943 2145 2142 2176 sacerdotem
2159 2146 2198 2177 de
2214 2147 2380 2178 voluntate
2395 2148 2505 2188 ipsius.
2529 2148 2617 2189 Ergo

1549 2189 1589 2220 de
1611 2190 1776 2221 voluntate
1793 2189 1974 2221 confitentis
1997 2195 2104 2230 potest
2119 2190 2267 2222 sacerdos
2289 2197 2460 2232 peccatum
2477 2193 2617 2224 revelare

426 2234 507 2263 sicut
530 2232 582 2262 illa
605 2241 662 2272 per
685 2241 768 2271 quae
798 2237 907 2272 posset
936 2237 1087 2271 peccator
1108 2231 1161 2262 vel
1183 2237 1354 2271 peccatum
1382 2231 1494 2272 depre-
1508 2245 1532 2265 45
1548 2235 1646 2266 alteri.

426 2277 532 2307 hendi.
552 2276 771 2306 Nihilominus
786 2282 895 2306 tamen
911 2276 971 2306 alia
986 2285 1115 2306 summo
1132 2275 1238 2306 studio
1255 2281 1330 2306 sunt
1346 2275 1492 2307 celanda:

426 2327 495 2352 tum
518 2326 649 2361 propter
672 2320 874 2356 scandalum;
898 2326 969 2350 tum
992 2325 1124 2360 propter
1138 2321 1333 2360 pronitatem
1356 2330 1439 2360 quae
1456 2330 1494 2351 ex

427 2365 659 2396 consuetudine
683 2364 826 2395 accidere
849 2370 968 2405 posset.

481 2410 522 2440 Et
544 2419 601 2450 per
623 2410 687 2440 hoc
710 2415 797 2449 patet
819 2410 987 2449 responsio
1011 2408 1051 2439 ad
1074 2409 1225 2449 primum.

481 2455 531 2485 An
556 2464 718 2484 SECUNDUM
741 2464 901 2484 mmmmm
924 2452 1015 2494 quod
1037 2453 1152 2494 aliquis
1175 2463 1243 2484 non
1267 2453 1362 2484 debet
1385 2453 1425 2484 de
1448 2453 1494 2484 fa·
1510 2466 1536 2487 50

428 2499 480 2529 cili
503 2498 622 2538 aliquid
644 2499 786 2538 recipere
809 2499 872 2528 hoc
896 2497 1008 2528 modo.
1032 2497 1065 2528 Si
1088 2504 1197 2528 tamen
1211 2498 1353 2538 recipiat,
1369 2503 1495 2529 tenetur

428 2553 465 2573 ex
488 2543 700 2583 promissione
723 2543 786 2573 hoc
809 2541 910 2573 modo
934 2542 1035 2573 celare
1052 2552 1088 2572 ac
1112 2542 1138 2572 si
1160 2543 1194 2572 in
1214 2541 1417 2573 confessione
1440 2543 1495 2573 ha-

427 2588 531 2618 beret:
556 2588 701 2627 quamvis
724 2587 783 2617 sub
807 2586 910 2627 sigillo
934 2586 1146 2617 confessionis
1168 2596 1236 2617 non
1259 2587 1383 2617 habeat.

575 2682 674 2712 ART.
691 2682 742 2712 111.
767 2691 872 2712 unum
896 2691 997 2712 soum
1021 2691 1177 2712 sacnnnos
1201 2691 1345 2712 smmum

778 2735 994 2757 comnzssmms
1017 2736 1141 2756 mnan·

835 2785 886 2807 Art.
902 2791 961 2812 seq„
976 2784 1004 2806 nd
1021 2790 1040 2812 3.

1605 2289 1634 2309 2.
1659 2280 1854 2315 PnAssranA,
1878 2279 1934 2320 qui
1951 2284 2059 2319 potest
2081 2279 2206 2320 aliquid
2227 2280 2346 2322 facere
2363 2290 2427 2322 per
2447 2290 2491 2317 se,
2510 2286 2620 2322 potest

1549 2324 1645 2354 etiam
1660 2333 1723 2364 per
1745 2324 1884 2354 alterum
1897 2324 2026 2366 facere.
2052 2323 2115 2355 Sed
2138 2323 2296 2356 confitens
2319 2331 2425 2365 potest
2447 2331 2616 2365 peccatum

1549 2378 1644 2398 suum
1668 2368 1758 2408 quod
1782 2368 1866 2405 fecit,
1888 2378 1946 2409 per
1968 2378 2001 2398 se
2025 2368 2113 2399 alteri
2135 2369 2284 2399 revelare.
2319 2369 2405 2410 Ergo
2429 2375 2537 2410 potest
2558 2379 2617 2410 per

1549 2412 1747 2443 sacerdotem
1771 2412 1884 2443 facere.

1603 2457 1793 2488 stpoxnno
1817 2467 1977 2487 memnon
2001 2457 2090 2497 quod
2113 2457 2180 2488 duo
2203 2463 2278 2488 sunt
2304 2463 2436 2498 propter
2464 2468 2548 2499 quae
2569 2464 2618 2490 te·

1549 2506 1643 2531 netur
1658 2501 1805 2532 sacerdos
1821 2507 1990 2542 peccatum
2010 2501 2190 2532 occultare:
2210 2503 2326 2542 primo,
2344 2508 2375 2533 et
2390 2502 2615 2543 principaliter,

1550 2546 1626 2586 quia
1648 2546 1717 2586 ipsa
1740 2546 1913 2576 occultatio
1933 2551 1980 2576 est
1995 2545 2035 2576 de
2059 2547 2195 2576 essentia
2210 2548 2407 2583 sacramenti,
2424 2548 2616 2588 inquantum

1550 2591 1608 2620 scit
1624 2590 1703 2620 illud
1722 2596 1757 2620 ut
1774 2591 1871 2626 Deus,
1889 2591 1980 2621 cuius
1999 2591 2103 2621 vicem
2119 2591 2199 2630 gerit
2214 2591 2254 2622 ad
2273 2591 2527 2628 confessionem
2551 2592 2614 2622 alio

1549 2635 1660 2671 modo,
1674 2640 1804 2675 propter
1816 2635 2002 2665 scandalum
2014 2634 2190 2665 vitandum.
2210 2635 2319 2666 Potest
2334 2641 2442 2666 autem
2458 2635 2617 2667 confitens

1511 2687 1533 2708 55
1550 2679 1653 2710 facere
1688 2679 1778 2719 quod
1807 2679 1955 2710 sacerdos
1982 2679 2061 2710 illud
2094 2679 2183 2719 quod
2207 2680 2325 2710 sciebat
2348 2685 2384 2710 ut
2411 2680 2516 2716 Deus,
2540 2680 2617 2711 sciat

1550 2724 1646 2754 etiarn
1669 2730 1705 2754 ut
1727 2724 1846 2754 homo:
1872 2724 1962 2764 quod
1984 2723 2059 2754 facit
2082 2723 2160 2754 dum
2183 2724 2324 2755 licentiat
2346 2733 2422 2755 eum
2445 2724 2486 2755 ad
2508 2723 2617 2755 dicen-

1550 2768 1638 2799 dum.
1663 2769 1704 2798 Et
1726 2768 1810 2805 ideo,
1828 2769 1853 2798 si
1877 2768 1970 2805 dicat,
1992 2778 2061 2799 non
2091 2767 2206 2809 frangit
2229 2768 2368 2809 sigillum
2396 2768 2615 2799 confessionis.

1496 2832 1506 2840 .
1550 2813 1675 2843 Tamen
1699 2812 1793 2843 debet
1815 2813 1913 2843 vitare
1936 2812 2122 2843 scandalum
2145 2812 2296 2843 dicendo:
2321 2822 2362 2843 ne
2384 2812 2502 2843 fractor
2523 2812 2616 2853 sigilli

428 2867 512 2930 An
540 2867 673 2887 TERTmM
703 2867 748 2887 src
778 2867 982 2888 rnocnnrrun.
1011 2857 1145 2888 Videtur
1176 2857 1266 2898 quod
1288 2867 1356 2888 non
1388 2858 1494 2888 solum

492 2901 638 2932 sacerdos
661 2901 799 2941 sigillum
826 2901 1036 2933 confessionis
1058 2903 1184 2933 habeat.
1213 2902 1298 2940 Quia
1321 2902 1494 2943 aliquando
1509 2908 1536 2928 60

429 2946 541 2986 aliquis
565 2945 734 2976 confitetur
750 2946 905 2976 sacerdoti
921 2956 978 2987 per
1000 2947 1215 2987 interpretem,
1232 2947 1419 2977 necessitate
1442 2957 1495 2977 ur-

428 2995 531 3029 gente.
557 2989 619 3020 Sed
642 2991 805 3030 interpres,
822 2996 859 3021 ut
880 2991 1014 3026 videtur,
1032 2996 1158 3021 tenetur
1181 2991 1419 3022 confessionem
1443 3001 1495 3022 ce-

428 3034 501 3064 lare.
525 3034 611 3074 Ergo
635 3035 730 3064 etiam
753 3035 982 3066 non-sacerdos
1005 3035 1127 3075 aliquid
1150 3036 1209 3066 sub
1233 3036 1337 3076 sigillo
1369 3035 1495 3066 confes-

429 3078 526 3108 sionis
545 3079 648 3109 habet.

1549 2857 1701 2898 praedicti
1724 2863 1898 2897 reputetur.

1605 2902 1655 2932 An
1679 2912 1796 2932 prunum
1818 2911 1901 2932 nnoo
1918 2910 2078 2931 memnon
2101 2900 2191 2941 quod
2212 2901 2299 2942 Papa
2313 2910 2382 2931 non
2397 2906 2503 2940 potest
2518 2900 2616 2931 licen-

1549 2947 1626 2977 tiare
1643 2946 1840 2977 sacerdotem
1856 2946 1895 2976 ad
1912 2945 2094 2981 dicendum,
2112 2946 2187 2986 quia
2202 2954 2270 2976 non
2285 2950 2392 2986 potest
2407 2944 2510 2975 facere
2526 2944 2616 2984 quod

1549 2990 1628 3021 illud
1651 2991 1728 3021 sciat
1751 2997 1786 3021 ut
1814 2991 1925 3021 homo.
1950 2989 2050 3028 Quod
2077 2995 2186 3020 tamen
2216 2989 2319 3020 facere
2349 2994 2456 3029 potest
2478 2988 2530 3019 ille
2559 2990 2615 3029 qui

1550 3034 1730 3066 confitetur.

1604 3080 1655 3110 An
1679 3089 1841 3110 secuuntur
1864 3087 2024 3109 mmmmm
2051 3077 2140 3118 quod
2166 3087 2234 3108 non
2263 3077 2386 3107 tollitur
2415 3075 2494 3107 illud
2525 3076 2615 3117 quod

485 3131 514 3152 2.
538 3123 733 3158 PRAETEREA,
750 3123 922 3163 aliquando
939 3123 1052 3163 aliquis
1076 3124 1109 3154 in
1127 3133 1202 3154 casu
1217 3125 1411 3155 necessitatis
1434 3134 1494 3165 po·
1508 3129 1532 3154 ⁶5
1549 3130 1596 3155 est
1626 3123 1807 3154 institutum
1837 3128 1968 3163 propter
1994 3123 2119 3152 bonum
2149 3130 2338 3152 commune:
2374 3121 2449 3161 quia
2475 3121 2615 3161 sigillum

428 3171 488 3196 test
511 3166 592 3196 laico
617 3166 771 3197 confiteri.
796 3167 859 3198 Sed
881 3168 934 3197 ille
961 3173 1088 3197 tenetur
1118 3173 1248 3207 peccata
1275 3169 1393 3199 celare:
1419 3178 1493 3199 cum

430 3210 488 3240 sibi
511 3210 655 3241 dicantur
671 3211 751 3241 sicut
775 3211 857 3241 Deo.
882 3212 967 3251 Ergo
983 3221 1051 3242 non
1070 3212 1177 3242 solum
1193 3212 1339 3243 sacerdos
1355 3213 1494 3252 sigillum

430 3253 638 3284 confessionis
660 3255 765 3285 habet.
1473 3258 1476 3261 ⁴

486 3298 515 3328 3.
538 3299 734 3334 Proxumum,
752 3299 923 3338 aliquando
943 3300 1056 3339 aliquis
1080 3309 1113 3330 se
1129 3300 1327 3331 sacerdotem
1351 3299 1443 3340 fingit
1458 3306 1494 3331 ut

1549 3167 1759 3199 confessionis
1781 3177 1849 3198 non
1872 3166 2042 3207 frangitur,
2071 3166 2146 3206 quia
2169 3165 2284 3196 dicitur
2307 3165 2397 3205 quod
2426 3165 2489 3196 alio
2513 3165 2615 3196 modo

1548 3214 1655 3243 scitur.

1603 3257 1654 3286 Ar>
1678 3265 1812 3286 Tannum
1836 3263 1995 3285 monimum
2019 3253 2108 3294 quod
2138 3263 2176 3284 ex
2200 3254 2262 3284 hoc
2294 3263 2362 3284 non
2393 3253 2484 3284 datur
2508 3254 2615 3295 aliqua

1548 3301 1721 3340 impunitas
1743 3300 1835 3330 malis
1857 3297 2090 3329 sacerdotibus:
2116 3298 2190 3338 quia
2217 3298 2364 3328 imminet
2386 3299 2431 3329 eis
2454 3299 2614 3339 probatio,

430 3342 657 3372 conscientiam
680 3342 813 3372 alicuius
837 3343 979 3382 exploret
1002 3353 1059 3383 per
1081 3344 1164 3374 hanc
1187 3344 1342 3375 fraudem.
1378 3345 1418 3374 Et
1440 3345 1494 3375 ille
1508 3354 1534 3374 7⁰
1548 3345 1574 3375 si
1597 3350 1795 3378 accusantur,
1812 3342 1902 3383 quod
1925 3341 1965 3372 de
1988 3341 2115 3372 licentia
2135 3341 2316 3373 confitentis
2339 3343 2568 3374 revelaverunt.

431 3386 535 3421 etiam,
552 3391 587 3416 ut
602 3385 736 3422 videtur,
752 3392 863 3426 peccat
879 3387 904 3416 si
921 3387 1158 3418 confessionem
1176 3388 1303 3419 revelet.
1324 3389 1409 3428 Ergo
1425 3398 1492 3418 non

431 3429 535 3459 solum
560 3429 705 3460 sacerdos
728 3430 866 3469 sigillum
890 3431 1100 3461 confessionis
1122 3432 1226 3462 habet.

485 3473 547 3503 San
572 3483 694 3503 com-m
717 3484 770 3504 1-:sr
787 3474 876 3514 quod
899 3475 986 3504 solus
1010 3475 1156 3506 sacerdos
1172 3477 1314 3506 minister
1335 3481 1382 3506 est
1397 3476 1492 3506 huius

430 3518 625 3547 sacramenti.
650 3517 712 3547 Sed
728 3518 866 3557 sigillum
882 3518 1090 3549 confessionis
1117 3525 1163 3549 est
1178 3529 1338 3550 annexum
1353 3520 1429 3550 huic
1445 3529 1491 3549 sa-

1602 3389 1653 3418 An
1678 3397 1826 3418 aunruu
1848 3395 2007 3416 memnon
2031 3385 2120 3426 quod
2143 3386 2197 3417 ille
2221 3386 2260 3417 ad
2282 3396 2380 3427 quem
2401 3388 2515 3418 notitia
2537 3396 2614 3428 pec-

1548 3433 1609 3462 cati
1632 3432 1760 3462 devenit
1782 3430 1942 3461 mediante
1965 3429 2129 3460 sacerdote
2152 3429 2191 3461 de
2218 3431 2383 3462 voluntate
2414 3431 2613 3468 confitentis,

1547 3477 1713 3516 participat
1734 3476 1767 3506 in
1784 3474 1892 3514 aliquo
1917 3479 1989 3504 actu
2012 3474 2193 3505 sacerdotis.
2218 3475 2259 3506 Et
2281 3475 2354 3506 ideo
2377 3476 2479 3506 simile
2503 3481 2550 3506 est
2572 3475 2613 3506 de

1547 3529 1586 3550 eo
1611 3525 1642 3550 et
1662 3519 1701 3550 de
1725 3520 1910 3559 interprete:
1936 3518 1995 3548 nisi
2013 3518 2094 3549 forte
2117 3525 2267 3559 peccator
2282 3519 2358 3551 velit
2377 3519 2467 3560 quod
2489 3520 2542 3551 ille
2558 3521 2614 3550 ab·

429 3566 551 3591 mento.
576 3561 660 3601 Ergo
685 3561 772 3592 solus
803 3562 949 3592 sacerdos
978 3563 1073 3592 habet
1104 3563 1242 3602 sigillum
1271 3562 1490 3594 confessionis.
1506 3572 1530 3593 75
1547 3564 1651 3594 solute
1675 3564 1751 3593 sciat
1774 3569 1805 3593 et
1827 3563 1934 3593 libere.

2645 1756 2813 1806 20¹..¹.’⁶.‘1;.“¹’·
2829 1763 2863 1784 -ν
