2878 4088
19 3103 21 3105 .
0 3043 19 3083 ..³⁸
0 2932 31 3023 ’,ε’ρξυέιη
0 2844 29 2915 ‹af-J]
0 2809 3 2812 ’
2 2771 7 2784 '⁴

93 369 163 397 Ἐιρ.
170 374 305 396 naemu..

88 1161 153 1186 ἀ
173 1168 213 1191 qu.
231 1167 300 1191 xun,

0 1195 5 1218 ὴ
28 1190 31 1202 ²
86 1188 168 1212 lau-od

1007 200 1271 248 QUAESTIO
1300 200 1432 247 XLIV,
1453 198 1746 237 ARTICULUS
1774 199 1801 245 Ι,
1821 200 1850 236 11
2469 200 2516 237 85

389 280 430 311 Et
452 280 526 311 ideo
559 280 732 311 dicendum
761 280 851 321 quod
873 290 941 311 non
965 290 1090 321 semper
1121 285 1167 310 est
1196 280 1329 310 levitatis
1352 288 1401 309 re·
1454 278 1574 309 mentia
1586 287 1791 314 consensum,
1804 287 1887 318 quae
1904 284 1977 308 sunt
1989 285 2221 310 sacramentum
2233 285 2367 316 tantum,
2381 285 2411 310 et
2424 290 2518 311 causa

333 329 464 355 tractare
488 334 571 365 quae
594 325 682 365 prius
705 325 829 356 firmata
851 330 939 355 sunt:
965 325 1040 365 quia
1064 325 1206 354 incertae
1228 328 1304 354 sunt
1319 333 1400 363 pro·
1454 322 1633 363 praedictae
1657 323 1905 358 coniunctionis,
1923 328 1996 352 sunt
2019 323 2176 353 sensibilia
2191 325 2216 354 ³⁶.

333 368 492 399 videmiae
516 374 655 405 nostrae,
680 375 716 400 ut
739 369 853 400 dicitur
874 370 908 399 in
932 369 1013 399 libro
1037 368 1221 409 Sapientiae
1236 369 1262 398 ἦ
1509 367 1560 397 An
1584 376 1719 396 ‘ram-nm
1741 376 1902 396 memnon
1933 366 2021 405 quod
2045 367 2154 397 relatio
2179 367 2329 398 fundatur
2351 369 2384 398 in
2407 368 2516 408 aliquo

386 413 438 443 An
462 423 581 443 sax-rum
606 423 764 444 Dicet-mun
791 413 891 454 quod,
916 414 1061 453 quamvis
1083 422 1152 443 non
1175 411 1319 443 dederint
1341 411 1399 441 sibi
1454 412 1536 441 sicut
1554 411 1587 441 in
1607 420 1711 447 causa,
1728 416 1763 440 ut
1779 409 1953 440 similitudo
1969 410 2003 439 in
2020 411 2184 450 qualitate;
2210 418 2239 441 et
2262 413 2295 442 in
2311 412 2419 452 aliquo
2436 413 2517 443 sicut

331 462 447 487 mutuo
470 463 663 497 potestatem
686 459 829 499 corporis
852 457 1012 498 sponsalia
1035 457 1268 492 contrahentes,
1291 461 1398 486 tamen
1421 464 1431 485 5
1453 455 1487 486 in
1510 455 1664 490 subiecto,
1681 460 1717 485 ut
1739 455 1773 485 in
1796 454 1872 494 ipsis
1888 454 2052 484 similibus.
2077 454 2118 484 Et
2142 464 2178 484 ex
2198 461 2331 495 utraque
2355 462 2442 496 parte
2457 466 2517 497 po-

331 510 370 532 ex
392 501 457 532 hoc
481 501 662 532 efficiuntur
684 503 743 532 sibi
765 503 904 532 invicem
931 502 1070 542 suspecti
1093 501 1133 531 de
1155 510 1223 531 non
1247 499 1399 530 servanda
1453 505 1513 530 test
1536 499 1655 530 attendi
1679 500 1782 530 unitas
1807 504 1838 528 et
1861 498 2021 529 diversitas
2037 498 2146 538 ipsius.
2171 499 2255 536 Quia
2279 509 2354 539 ergo
2375 501 2407 530 in
2431 501 2516 531 simi-

331 544 394 576 fide
410 546 443 576 in
459 545 613 577 futurum.
639 547 680 577 Et
695 546 768 577 ideo
788 551 895 586 potest
910 546 969 576 sibi
984 554 1172 586 praecavere
1188 554 1272 575 unus
1288 550 1399 574 contra
1452 543 1587 574 litudine
1610 553 1678 574 non
1702 549 1749 574 est
1776 542 1888 574 eadem
1919 542 2052 582 qualitas
2075 552 2232 578 numero,
2257 543 2312 573 sed
2335 545 2459 584 specie,
2484 546 2516 575 in

331 590 440 627 aliurn,
465 591 624 630 sponsalia
647 590 837 621 dirimendo.
1452 594 1591 628 utroque
1615 588 1726 623 simili;
1752 593 1783 618 et
1806 588 1923 617 iterum
1946 587 2088 617 subiecta
2117 587 2331 617 similitudinis
2354 594 2427 618 sunt
2451 588 2516 619 duo

386 634 437 664 Ao
461 645 614 665 sammon
637 645 796 665 meatuum
823 633 913 675 quod
942 634 1022 664 rafio
1046 633 1100 663 illa
1121 638 1244 663 teneret
1267 632 1294 662 si
1317 637 1398 662 esset
1451 642 1606 667 numero;
1631 638 1663 662 et
1685 632 1828 662 similiter
1852 637 1899 661 est
1914 631 1953 662 de
1977 631 2184 671 aequalitate:
2209 631 2283 661 ideo
2300 637 2330 661 et
2346 633 2517 671 aequalitas

331 679 426 709 unius
441 679 572 710 rationis
588 684 723 719 uterque
740 684 931 709 contractus.
957 677 1020 709 Sed
1034 676 1194 708 secundus
1217 681 1397 707 contractus
1413 688 1439 703 10
1451 682 1484 706 et
1506 675 1681 706 similitudo
1706 676 1857 706 omnibus
1880 675 1985 706 modis
2009 681 2055 705 est
2082 675 2141 705 alia
2163 685 2299 706 numero
2322 677 2356 706 in
2378 682 2517 716 utroque

330 723 526 753 matrimonii
550 729 596 753 est
619 722 732 753 fortior
754 723 870 763 primo.
894 722 935 752 Et
958 722 1031 752 ideo
1056 721 1150 751 solvit
1172 721 1289 760 ipsum.
1451 720 1604 750 similium
1624 726 1655 751 et
1671 720 1864 760 aequalium.
1890 719 1952 750 Sed
1975 719 2086 750 relatio
2104 728 2186 759 quae
2203 725 2250 750 est
2265 720 2516 757 matrimonium,

386 767 437 797 An
461 777 608 797 ocrAvun
631 776 790 797 mmmmm
813 766 913 806 quod,
931 766 1077 806 quamvis
1100 775 1168 795 non
1191 764 1309 794 fuerint
1323 774 1397 794 vera
1452 774 1490 794 ex
1512 775 1578 795 una
1601 770 1689 804 parte
1712 765 1808 794 habet
1823 764 1978 794 unitatem
2000 765 2035 794 in
2058 769 2196 804 utroque
2216 769 2441 800 extremorum,
2458 765 2517 795 sci-

330 811 504 851 sponsalia,
527 817 636 842 tamen
663 810 724 841 fuit
746 811 791 840 ibi
814 810 945 850 quidam
968 809 1085 840 modus
1116 808 1324 849 sponsalium.
1356 808 1397 838 Et
1451 809 1524 839 licet
1548 818 1585 839 ex
1609 814 1697 849 parte
1720 818 1844 844 causae,
1862 809 1938 848 quia
1961 807 2000 838 ad
2024 807 2159 838 eandem
2181 818 2318 838 numero
2341 809 2517 848 generatio-

329 855 421 892 ideo,
445 865 486 886 ne
509 855 653 886 videatur
675 854 852 895 approbare
876 853 916 884 ad
939 863 1040 884 annos
1063 853 1223 893 legitimos
1246 853 1395 888 veniens,
1450 862 1526 883 nem
1550 852 1731 883 ordinatur:
1756 852 1812 883 sed
1835 862 1872 883 ex
1905 858 1993 893 parte
2023 853 2157 883 subiecti
2180 853 2275 883 habet
2305 852 2517 884 diversitatem

2546 324 2555 334 ‘
2579 322 2614 344 cf.
2639 327 2678 349 qu.
2701 329 2756 349 xm,

2544 353 2586 372 art.
2603 356 2624 376 ι,
2637 348 2666 369 ad
2679 354 2700 377 5.

329 898 424 930 debet
446 905 555 939 petere
578 899 774 929 solutionem
798 898 996 938 sponsalium
1024 897 1144 928 iudicio
1167 897 1329 927 Ecclesiae
1352 896 1395 927 fa·
1412 907 1435 927 ις
1450 897 1629 928 secundum
1653 906 1835 928 numerum.
1860 897 1901 927 Et
1915 896 1990 927 ideo
2013 897 2092 927 haec
2108 897 2218 927 relatio
2236 902 2282 927 est
2305 907 2369 927 una
2387 902 2420 928 et
2434 898 2517 928 mul·
2542 902 2553 909 ’

1450 942 1558 982 tiplex.
1582 942 1623 972 Et
1646 941 1824 972 secundum
1849 941 1938 982 quod
1959 947 2005 972 est
2028 941 2195 982 multiplex
2211 951 2249 972 ex
2267 947 2356 982 parte
2372 942 2515 978 subiecti,

329 942 486 979 ciendam,
509 948 641 983 propter
663 943 788 973 bonum
811 942 1006 982 exemplum.

1450 986 1646 1026 significatur
1675 987 1723 1017 his
1754 987 1940 1016 nominibus
1953 1010 1960 1022 ‚
1986 996 2074 1016 uxor
2096 991 2127 1016 et
2148 986 2305 1016 maritus:
2337 986 2516 1017 secundum

420 1027 673 1072 QUAESTIO
697 1027 1310 1072 QUADRAGESIMAQUARTA
1450 1037 1558 1062 autem
1571 1031 1660 1071 quod
1673 1037 1719 1061 est
1729 1041 1804 1067 una,
1817 1030 2012 1071 significatur
2028 1031 2091 1061 hoc
2107 1031 2250 1066 nomine,
2263 1031 2515 1062 matrimonium.

606 1087 651 1111 DE
670 1086 877 1111 MATRIMONH
897 1086 1116 1111 DEF¹N¹T¹0NE
1410 1128 1436 1142 ,ο
1530 1097 1629 1128 ART.
1648 1097 1684 1127 11.
1709 1107 1814 1127 urium
1836 1106 2055 1126 mlxi-amomum
2079 1105 2223 1126 conexum
2253 1105 2434 1126 nomnnrtm

389 1172 482 1192 mna
506 1162 776 1193 considerandum
800 1167 847 1192 est
870 1161 910 1192 de
933 1163 1056 1193 ratione
1079 1162 1275 1193 matrimonii
1291 1163 1318 1193 ἦ
1514 1174 1534 1194 n
1551 1173 1713 1194 sncunnun
1727 1173 1773 1193 SIC
1794 1172 1997 1192 paocamrua.
2014 1161 2148 1192 Videtur
2167 1162 2256 1202 quod
2274 1162 2515 1193 matrimonium

331 1173 484 1237 DCirca
507 1205 597 1247 quod
621 1212 817 1247 quaeruntur
839 1207 907 1237 tria.
1451 1177 1691 1248 Aincongrue
1714 1208 1909 1238 nominetur.
1939 1206 2024 1244 Quia
2050 1206 2269 1237 denominatio
2293 1205 2387 1237 debet
2409 1206 2478 1237 fieri
2497 1217 2515 1237 a

380 1251 507 1282 Primo:
528 1257 637 1282 utrum
653 1252 895 1281 matrimonium
911 1251 999 1281 sitin
1013 1260 1130 1291 genere
1145 1251 1393 1281 coniunctionis.
1448 1252 1585 1293 digniori
1600 1254 1627 1283 *.
1652 1251 1714 1283 Sed
1737 1257 1827 1292 pater
1850 1251 1975 1291 dignior
1994 1256 2040 1281 est
2058 1257 2168 1282 matre.
2193 1251 2278 1290 Ergo
2301 1252 2401 1291 magis
2421 1250 2515 1281 debet

382 1295 553 1337 Secundo:
579 1301 686 1326 utrum
709 1296 939 1326 convenienter
960 1296 1156 1326 nominetur.
1448 1297 1649 1328 denominari
1672 1307 1691 1327 a
1713 1302 1801 1336 patre
1830 1305 1927 1335 quam
1951 1305 1969 1325 a
1991 1301 2091 1326 matre
2121 1296 2308 1326 coniunctio
2337 1295 2513 1335 utriusque.

339 1352 347 1354 >
380 1339 509 1371 Tertio:
534 1345 643 1370 utrum
667 1340 895 1370 convenienter
917 1339 1096 1370 definiatur.
1409 1348 1432 1369 ²5
1505 1351 1534 1372 2.
1558 1342 1755 1376 Prummu,
1771 1349 1820 1370 res
1844 1339 1938 1370 debet
1954 1339 2154 1370 denominari
2177 1340 2215 1370 ab
2237 1349 2276 1370 eo
2301 1339 2391 1379 quod
2413 1345 2460 1370 est
2475 1339 2514 1370 de

1449 1387 1583 1417 essentia
1606 1395 1678 1416 sua:
1705 1385 1780 1425 quia
1803 1385 1888 1414 ratio
1912 1393 2007 1424 quam
2031 1385 2195 1425 significat
2218 1393 2343 1419 nomen,
2370 1388 2417 1414 est
2438 1383 2515 1425 defi-

325 1414 424 1445 ART.
442 1414 464 1445 1.
489 1424 595 1444 unum
625 1423 844 1444 uaramonmn
874 1424 920 1444 sn·
943 1424 975 1444 IN
1004 1423 1125 1444 onnam:
1154 1423 1394 1444 conmnc‘moms
1448 1431 1539 1466 nitio,
1556 1436 1592 1461 ut
1615 1429 1729 1460 dicitur
1751 1429 1785 1459 in
1809 1428 1852 1458 IV
1870 1429 2054 1469 Metaphys·
2071 1430 2087 1445 φ
2111 1428 2174 1459 Sed
2195 1428 2327 1468 nuptiae
2349 1438 2418 1458 non
2441 1434 2515 1459 sunt

484 1463 553 1490 Μ’*
569 1470 608 1492 ‘¹¹¹‘
622 1470 699 1490 ¹¹''¹¹¹'
714 1467 757 1485 ἠ’
772 1469 793 1490 ²’
808 1463 837 1484 'd
850 1469 874 1489 κ
891 1463 952 1485 Ρ“““
966 1462 1007 1490 m'
1022 1469 1062 1489 ‘²²¹'
1078 1469 1141 1490 ’‘¹¹¹‘’
1156 1467 1199 1484 ἠ’
1213 1468 1234 1484 ““
1404 1475 1406 1477 ’
1447 1475 1488 1506 de
1511 1475 1646 1506 essentia
1667 1473 1874 1504 matrimonii.
1898 1473 1983 1512 Ergo
1999 1482 2068 1503 non
2084 1472 2178 1503 debet
2195 1473 2438 1503 matrimonium
2453 1483 2513 1504 nu·-

275 1548 277 1550 ,
326 1526 410 1591 Α»
433 1526 551 1547 pamm
573 1526 619 1546 sm
642 1524 846 1545 Pnoennrrtm.
872 1513 1007 1545 Videtur
1034 1513 1124 1554 quod
1151 1514 1393 1546 matrimonium
1441 1520 1533 1560 ptiae
1555 1519 1717 1559 appellari.

82 2533 224 2562 'vu-,24-

389 1570 457 1591 non
480 1561 519 1590 sit
541 1561 575 1590 in
598 1569 714 1600 genere
745 1559 992 1589 coniunctionis.
1026 1558 1111 1596 Quia
1133 1559 1300 1589 vinculum
1324 1568 1391 1599 quo
1408 1570 1434 1589 ιο
1503 1564 1533 1594 3,
1557 1563 1754 1598 Pam-rann,
1770 1562 1893 1601 species
1916 1570 1984 1591 non
2007 1566 2113 1601 potest
2135 1561 2268 1601 proprio
2298 1561 2431 1591 nomine
2453 1571 2513 1591 no-

324 1605 432 1646 aliqua
454 1605 601 1645 ligantur,
621 1603 725 1634 differt
747 1613 766 1633 a
788 1603 1019 1633 coniunctione
1042 1603 1121 1642 ipsa,
1137 1603 1220 1633 sicut
1243 1612 1338 1633 causa
1353 1604 1392 1633 ab
1446 1608 1560 1638 minari
1584 1608 1622 1637 ab
1646 1616 1686 1637 eo
1710 1605 1800 1646 quod
1823 1610 1870 1636 est
1892 1605 2026 1645 generis.
2051 1605 2114 1635 Sed
2137 1605 2324 1635 coniunctio
2342 1610 2390 1635 est
2412 1614 2513 1645 genus

324 1649 450 1680 effectu.
484 1648 547 1679 Sed
578 1648 820 1678 matrimonium
851 1653 899 1677 est
927 1647 1093 1677 Vinculmn
1127 1646 1291 1687 quoddam
1324 1657 1392 1688 quo
1447 1652 1487 1682 ad
1509 1651 1751 1682 matrimonium
1766 1651 1792 1680 ὓ.
1828 1650 1914 1689 Ergo
1942 1659 2010 1679 non
2033 1654 2139 1689 potest
2167 1649 2296 1689 proprie
2325 1649 2513 1690 coniugium

322 1694 424 1725 iuncti
446 1693 654 1723 matrimonio
677 1692 824 1732 ligantur.
849 1691 935 1731 Ergo
959 1700 1026 1721 non
1051 1696 1099 1721 est
1119 1691 1153 1721 in
1173 1700 1290 1731 genere
1314 1701 1392 1722 con-
1446 1696 1616 1727 nominari.

322 1738 506 1769 iunetionis·
1499 1740 1563 1771 San
1587 1749 1618 1769 m
1642 1748 1843 1769 comininum
1866 1747 1919 1768 esr
1944 1738 2126 1768 communis
2149 1747 2226 1768 usus
2254 1738 2468 1777 loquentium.

378 1791 408 1813 2.
425 1782 622 1816 szramu,
635 1789 733 1810 omne
749 1783 984 1810 sacramentum
1000 1784 1047 1809 est
1062 1779 1209 1809 sensibile
1226 1780 1354 1819 signum
1364 1780 1390 1810 *ἱ
1408 1789 1430 1810 35
1500 1785 1691 1814 Rgsponnno
1715 1792 1875 1812 mmmmm
1898 1781 1989 1822 quod
2010 1782 2045 1812 in
2062 1782 2268 1812 matrimonio
2293 1787 2340 1812 est
2361 1782 2419 1812 (ᾖα
2436 1791 2513 1812 con-

322 1826 386 1858 Sed
399 1826 489 1857 nulla
503 1825 614 1856 relatio
632 1829 679 1855 est
693 1823 841 1854 accidens
857 1823 1015 1853 sensibile·
1035 1823 1121 1863 Ergo
1137 1824 1390 1860 matrimonium,
1446 1828 1592 1859 siderare.
1617 1828 1736 1863 Primo,
1753 1827 1924 1857 essentiam
1946 1826 2056 1866 ipsius,
2073 1835 2156 1866 quae
2181 1831 2227 1856 est
2250 1826 2448 1856 coniunctio.
2473 1826 2514 1857 Et

321 1880 398 1902 cum
419 1871 460 1901 sit
482 1874 728 1905 sacramentum,
743 1878 812 1898 non
835 1868 894 1898 erit
907 1868 942 1898 in
957 1877 1074 1908 genere
1096 1867 1269 1898 relationis.
1293 1868 1335 1899 Et
1349 1869 1392 1899 ita
1446 1872 1625 1903 seeundum
1648 1872 1712 1902 hoc
1735 1876 1869 1901 vocatur
1891 1871 2081 1912 coniugium
2097 1871 2124 1900 *.

320 1925 382 1946 nec
403 1915 437 1946 in
459 1923 576 1955 genere
600 1913 849 1944 coniunctionis·
1501 1916 1662 1953 Secundo,
1681 1925 1810 1947 causam
1833 1915 1912 1952 eius,
1929 1924 2012 1955 quae
2032 1920 2079 1945 est
2095 1914 2311 1955 desponsatio.
2335 1914 2376 1945 Et
2399 1924 2513 1945 secun-

377 1959 407 1990 3-
431 1959 628 1994 paramur,
650 1957 837 1988 coniunctiO
862 1961 909 1986 est
930 1956 1042 1987 felafiO
1065 1957 1333 1997 aeqmparenuae,
1351 1958 1391 1987 Si·
1446 1961 1524 1992 dum
1547 1962 1611 1992 hoc
1634 1966 1790 1991 vocantur
1805 1960 1936 2000 nuptiae
1958 1969 1977 1989 a
1999 1960 2107 1989 nubo:
2130 1960 2206 1999 quia
2220 1959 2254 1989 in
2277 1959 2346 1999 ipsa
2361 1959 2512 1990 solemni-

321 2009 377 2036 cut
399 2003 583 2044 aequalitas·
614 2002 677 2034 Sed
700 2011 768 2032 non
791 2006 839 2032 est
860 2010 925 2031 una
953 2010 1090 2031 numero
1121 2001 1318 2041 aequalitatis
1342 2011 1391 2032 re·
1405 2011 1432 2031 ⁴⁰
1444 2011 1508 2036 tate
1525 2005 1790 2046 desponsationis,
1806 2006 1870 2044 qua
1885 2004 2128 2035 matrimonium
2142 2002 2316 2044 perficitur,
2333 2004 2437 2044 capita
2451 2013 2512 2034 nu-

319 2048 397 2079 latio
419 2049 454 2079 in
477 2053 617 2088 utroque
641 2052 874 2077 extremorum:
906 2050 943 2075 ut
964 2045 1131 2075 Avicenna
1158 2045 1234 2075 dicit
1249 2046 1276 2075 *.
1304 2045 1389 2085 Ergo
1445 2051 1591 2081 bendum
1614 2050 1759 2080 velantur
1774 2050 1801 2079 θ.

319 2102 382 2124 nec
403 2102 470 2124 una
491 2091 691 2123 coniuncn'o.
715 2091 757 2121 Et
772 2091 827 2126 sic,
843 2090 870 2119 si
884 2090 1128 2120 matrimonium
1151 2095 1198 2120 est
1221 2090 1254 2119 in
1268 2099 1390 2130 genere
1500 2094 1621 2130 Tertio,
1639 2093 1799 2129 effectum,
1816 2093 1872 2133 qui
1889 2098 1936 2123 est
1950 2092 2067 2132 proles.
2091 2092 2132 2122 Et
2155 2092 2200 2122 sic
2216 2091 2331 2122 dicitur
2345 2093 2511 2123 matrimo-

321 2137 576 2172 coniunctionis‚
600 2145 669 2166 non
692 2140 739 2165 est
762 2143 866 2164 unum
888 2139 1014 2164 tantrun
1042 2134 1286 2164 matrimonium
1307 2134 1390 2165 inter
1444 2139 1554 2169 nium:
1575 2144 1612 2169 ut
1631 2138 1830 2178 Augustinus
1847 2136 1932 2173 dicit,
1949 2142 2064 2167 contra
2078 2136 2235 2167 Faustum
2247 2137 2274 2172 ᾗ
2288 2136 2327 2166 ob
2346 2137 2408 2167 hoc
2425 2137 2512 2177 quod

321 2181 404 2213 duos
427 2182 592 2221 coniuges·
1442 2183 1562 2213 mulier
1583 2192 1649 2213 non
1681 2182 1771 2213 debet
1791 2181 1835 2212 ad
1857 2181 1949 2212 aliud
1979 2181 2098 2211 nubere
2127 2181 2190 2211 nisi
2214 2185 2250 2211 ut
2279 2181 2323 2211 sit
2353 2186 2465 2212 mater.
2490 2198 2510 2204 —

375 2226 439 2258 SED
464 2235 598 2261 CONTRA,
622 2224 733 2254 relatio
758 2227 805 2254 est
828 2221 1008 2253 secundum
1031 2231 1129 2262 quam
1152 2222 1260 2262 aliqua
1283 2222 1323 2253 ad
1340 2223 1389 2253 in-
1403 2236 1427 2256 ⁴5
1443 2228 1552 2258 Potest
1584 2228 1679 2257 etiam
1713 2226 1776 2257 dici
1805 2226 2047 2256 matrimonium
2077 2225 2168 2265 quasi
2202 2225 2315 2255 matris
2347 2225 2509 2262 munium,

285 2282 294 2287 ·
319 2271 425 2301 vicem
447 2269 628 2300 referuntur
642 2269 669 2298 “.
697 2266 761 2298 Sed
776 2266 956 2297 secundum
970 2267 1211 2297 matrimonium
1228 2266 1334 2307 aliqua
1350 2267 1389 2298 ad
1443 2272 1524 2302 idest
1548 2271 1707 2302 officium:
1736 2271 1812 2311 quia
1834 2269 1961 2301 feminis
1983 2270 2142 2300 incumbit
2164 2270 2302 2299 maxime
2326 2269 2510 2301 educandae

287 2314 293 2324 '
319 2315 460 2346 invicem
488 2312 687 2344 referuntur:
719 2311 834 2342 dicitur
862 2312 949 2341 enim
976 2311 1107 2341 maritus
1134 2312 1182 2341 Vir
1211 2311 1333 2348 uxoris,
1358 2316 1390 2342 et
1443 2317 1542 2357 prolis
1558 2315 1702 2346 officium
1718 2316 1744 2345 ὓ.
1757 2333 1780 2337 -
1794 2315 1854 2345 Vel
1875 2314 1989 2344 dicitur
2003 2314 2245 2344 matrimonium
2265 2314 2357 2354 quasi
2375 2319 2509 2345 matrem

319 2368 402 2390 uxor
423 2358 529 2389 mariti
551 2367 642 2388 uxor-
666 2357 752 2396 Ergo
776 2356 1018 2387 matrimonium
1041 2361 1088 2386 est
1110 2356 1144 2386 in
1166 2365 1283 2396 genere
1309 2355 1389 2386 rela-
1442 2361 1610 2391 muniens:
1633 2360 1708 2400 quia
1722 2360 1787 2389 iam
1802 2359 1898 2389 habet
1921 2368 1987 2398 quo
2004 2358 2191 2389 defendatur
2215 2363 2246 2388 et
2261 2359 2433 2395 muniatur,
2450 2359 2509 2389 sci-

320 2404 427 2434 tionis.
450 2401 529 2433 Nec*
543 2407 590 2432 est
613 2400 699 2431 aliud
722 2410 820 2441 quam
844 2400 1041 2431 coniunctio·
1442 2405 1517 2435 licet
1530 2405 1644 2435 virum.
1662 2422 1684 2426 —
1698 2404 1759 2434 Vel
1783 2403 1897 2434 dicitur
1919 2403 2161 2433 matrimonium
2178 2403 2268 2442 quasi
2287 2407 2421 2432 matrem
2440 2413 2508 2433 mo—

377 2457 407 2478 2·
430 2447 634 2482 PRAETBREA2
658 2445 738 2476 unio
766 2444 907 2475 duorum
929 2443 970 2475 ad
992 2443 1112 2484 aliquid
1136 2454 1239 2474 unum
1262 2454 1331 2474 non
1353 2444 1390 2474 fit
1404 2457 1430 2477 50
1444 2459 1538 2485 nens,
1565 2459 1606 2479 ne
1629 2449 1734 2479 virum
1761 2448 1920 2487 relinquat
1941 2447 2030 2477 alteri
2060 2446 2243 2477 adhaerens,
2258 2465 2282 2468 —
2303 2447 2364 2477 Vel
2395 2446 2510 2478 dicitur

319 2492 382 2523 nisi
404 2490 584 2522 secundum
607 2489 881 2520 coniunctionem.
915 2489 990 2519 Hoc
1013 2494 1122 2519 autem
1144 2487 1180 2519 fit
1203 2498 1260 2528 per
1282 2489 1389 2519 matri·
1442 2493 1685 2525 mammonium
1709 2493 1799 2532 quasi
1823 2492 1959 2522 materia
1983 2492 2088 2527 unius,
2106 2492 2182 2531 quia
2201 2492 2235 2521 jn
2258 2500 2298 2521 e0
2314 2490 2350 2521 fit
2373 2492 2508 2522 coniun-

319 2537 484 2567 monium:
509 2540 546 2565 ut
568 2539 656 2575 patet
679 2534 792 2565 Genes-
813 2543 836 2563 1¹
854 2534 887 2569 *‚
911 2533 1021 2563 Erunt
1042 2533 1107 2563 duo
1132 2533 1164 2563 in
1188 2542 1288 2564 carne
1312 2543 1388 2564 una·
1444 2539 1508 2569 ctio
1532 2538 1572 2568 ad
1595 2547 1694 2568 unam
1709 2537 1835 2577 prolem
1858 2536 2060 2566 materialiter
2077 2535 2308 2566 inducendam:
2333 2540 2370 2565 ut
2388 2535 2510 2566 dicatur

320 2581 406 2621 Ergo
430 2579 672 2610 matrimonium
695 2584 743 2609 est
765 2579 799 2609 in
822 2587 939 2618 genere
962 2577 1210 2608 coniunctionis·
1443 2583 1685 2614 matn'monium
1709 2591 1727 2612 a
1749 2590 1864 2611 monos
1880 2586 1911 2611 et
1926 2581 2073 2610 materia.
2089 2598 2111 2602 —
2127 2580 2187 2610 Vel
2210 2579 2325 2610 dicitur
2346 2581 2509 2610 matrimo-

375 2626 565 2655 Rusponmzo
606 2632 766 2653 mmmmm
807 2621 896 2662 quod
934 2622 1121 2652 coniunctio
1161 2621 1389 2652 adunationem
1443 2629 1545 2663 nium,
1562 2632 1598 2657 ut
1617 2626 1759 2665 xIsidorus
1783 2625 1859 2656 dicit
1874 2626 1900 2662 θ,
1917 2635 1936 2655 a
1957 2629 2061 2655 matre
2085 2630 2116 2655 et
2139 2629 2237 2654 nato,-
2261 2624 2335 2664 quja
2357 2634 2415 2664 per
2441 2634 2509 2655 ma.

321 2669 484 2710 quandam
507 2669 669 2708 importat.
694 2666 787 2698 Unde
811 2667 1010 2706 ubicumque
1026 2671 1073 2696 est
1088 2665 1240 2696 adunatio
1264 2666 1389 2706 aliquo-
1405 2679 1427 2699 55
1443 2672 1633 2703 trimonium
1656 2670 1791 2701 efficitur
1813 2670 1920 2710 aliqua
1941 2674 2043 2699 mater
2066 2669 2140 2699 nati.

320 2723 410 2750 rum,
434 2714 479 2744 ibi
502 2718 549 2743 est
572 2712 678 2752 aliqua
706 2711 904 2742 coniunctio.
933 2711 980 2741 Ea
1002 2715 1110 2741 autem
1133 2720 1216 2751 quae
1239 2710 1389 2741 ordinan-
1498 2716 1549 2746 AD
1573 2725 1690 2746 pamm
1713 2724 1796 2745 mmo
1820 2724 1980 2744 memnon
2009 2713 2107 2754 quod,
2125 2713 2270 2753 quamvis
2293 2718 2382 2753 pater
2405 2713 2444 2743 sit
2463 2712 2509 2748 dj-

320 2764 372 2789 tur
395 2757 435 2788 ad
451 2756 572 2797 aliquid
595 2765 708 2792 unum,
726 2755 876 2786 dicuntur
898 2756 931 2785 in
951 2754 1063 2785 ordine
1079 2754 1120 2785 ad
1142 2754 1222 2785 illud
1238 2754 1387 2785 adunari:
1443 2761 1537 2801 gnjor
1559 2770 1658 2801 quam
1681 2765 1791 2795 mater,
1814 2764 1922 2789 tamen
1945 2758 2028 2788 circa
2059 2758 2185 2798 prolem
2207 2763 2308 2787 mater
2338 2757 2439 2797 magis
2463 2763 2509 2787 est

320 2803 404 2834 Sient
426 2802 520 2832 multi
542 2801 691 2831 homines
714 2799 894 2830 adunantur
910 2798 949 2830 ad
971 2809 1070 2830 unam
1090 2799 1236 2829 militiam
1259 2799 1310 2830 ve]
1333 2808 1389 2829 ne·
1443 2804 1588 2836 officiosa
1610 2813 1709 2844 quam
1729 2809 1828 2844 pater,
1843 2821 1867 2825 -
1881 2803 1942 2833 Vel
1964 2802 2038 2832 ideo
2055 2803 2130 2842 quia
2152 2802 2267 2832 mulier
2283 2801 2322 2831 ad
2343 2802 2407 2832 hoc
2422 2802 2508 2841 prin..

318 2847 532 2888 gotiationem
556 2844 794 2885 exequendam,
823 2853 861 2874 CX
891 2853 955 2883 qua
978 2843 1127 2874 dicuntur
1151 2843 1389 2874 commilitones
1443 2849 1586 2890 cipaliter
1601 2848 1683 2879 faeta
1700 2855 1747 2879 est
1768 2853 1805 2878 ut
1827 2848 1867 2878 sit
1889 2847 2013 2877 homini
2030 2847 2063 2877 in
2086 2846 2280 2876 adiutorium
2295 2846 2404 2886 prolis.
2433 2845 2508 2876 Non

321 2891 361 2923 ad
376 2892 525 2927 invicem,
538 2890 589 2920 vel
613 2890 692 2920 socii
715 2888 950 2929 negotiationis.
979 2888 1020 2918 Et
1042 2887 1127 2924 ideo,
1144 2897 1220 2918 cum
1242 2897 1300 2928 per
1321 2897 1389 2918 ma·
1403 2898 1430 2918 σο
1443 2899 1551 2924 autem
1574 2893 1621 2923 vir
1643 2898 1774 2933 propter
1796 2892 1860 2922 hoc
1876 2891 1978 2922 factus
2002 2896 2057 2921 est,
2082 2890 2176 2922 Unde
2194 2891 2294 2930 magis
2316 2890 2453 2930 pertinet
2469 2889 2508 2920 ad

320 2936 510 2967 trimonium
526 2934 713 2965 ordinentur
729 2933 828 2973 aliqui
844 2932 884 2962 ad
899 2942 999 2962 unam
1009 2933 1249 2972 generationem
1265 2937 1296 2962 et
1310 2931 1390 2962 edu·
1443 2939 1600 2969 rationem
1623 2937 1818 2967 maffimonii
1841 2942 1941 2967 mater
1964 2945 2062 2975 quam
2084 2940 2182 2975 pater.

321 2981 483 3011 <lationem
510 2979 626 3020 prOliS;
651 2983 682 3009 et
705 2979 822 3008 iterum
845 2976 885 3007 ad
908 2986 1007 3007 unam
1034 2977 1131 3007 Vitam
1162 2975 1387 3013 dOIssCStiCffl}
1497 2983 1549 3012 AD
1573 2991 1736 3012 SECUNDUM
1758 2990 1918 3011 D1CENDUM
1941 2979 2031 3020 quod
2058 2978 2228 3019 aliquando
2253 2978 2428 3008 essentialia
2452 2987 2507 3008 co-

320 3029 446 3056 constat
469 3023 560 3064 quod
582 3023 616 3053 in
638 3023 845 3053 matrimonio
870 3026 916 3051 est
939 3021 1046 3061 aliqu*¹
1065 3021 1253 3051 coniunctio
1275 3030 1389 3051 secun·
1442 3031 1641 3067 gnoscuntur
1664 3035 1721 3066 per
1743 3024 1959 3056 accidentalia.
1983 3024 2024 3054 Et
2045 3023 2119 3054 ideo
2135 3024 2231 3054 etiam
2253 3031 2310 3062 per
2329 3021 2507 3053 accidenta-

322 3068 401 3100 dum
424 3077 523 3109 quam
545 3067 660 3098 dicitur
683 3068 814 3097 maritus
831 3071 863 3096 et
877 3075 969 3096 uxor·
993 3065 1035 3096 Et
1053 3065 1122 3095 talis
1147 3065 1333 3095 coniunctio
1350 3074 1389 3095 ex
1442 3071 1484 3101 lia
1507 3071 1614 3111 aliqua
1636 3070 1796 3100 nominari
1818 3074 1972 3110 possunt:
1998 3078 2073 3099 cum
2096 3077 2217 3098 nomen
2238 3066 2329 3097 detur
2350 3076 2446 3097 causa
2461 3067 2507 3097 rei

321 3113 386 3144 hoc
409 3112 499 3153 quod
521 3111 686 3143 ordinatur
709 3111 749 3142 ad
772 3109 905 3151 aliquod
928 3119 1042 3146 unum,
1065 3114 1114 3140 est
1135 3110 1387 3140 matrimonium.
1401 3119 1427 3146 ες
1442 3114 1702 3146 innotescendae,

320 3157 521 3188 Coniunctio
545 3162 653 3187 autem
682 3165 859 3196 corporum
882 3155 933 3185 vel
956 3155 1139 3185 animorum
1162 3153 1202 3184 ad
1224 3154 1388 3184 mammo-
1497 3160 1548 3189 An
1564 3168 1699 3189 marrim
1712 3167 1872 3188 menapum
1889 3156 1977 3197 quod
1993 3155 2164 3197 aliquando
2181 3156 2302 3196 species
2322 3155 2507 3185 nominatur

321 3202 415 3232 nium
437 3201 655 3241 consequitur.
1443 3204 1482 3234 ab
1507 3213 1547 3234 eo
1571 3202 1663 3243 quod
1686 3208 1733 3233 est
1754 3203 1879 3242 generis
1908 3207 2040 3242 propter
2062 3200 2339 3241 imperfectionem
2369 3199 2503 3239 speciei:

378 3245 429 3275 AD
449 3255 566 3275 »amun
589 3255 673 3275 ERGO
690 3254 850 3274 mmmmm
873 3242 963 3284 qu⁰d
986 3242 1228 3273 matrimonium
1251 3247 1298 3272 est
1320 3242 1389 3271 Vin·
1444 3247 1574 3288 quando
1598 3247 1718 3278 scilicet
1742 3246 1902 3287 complete
1925 3246 2020 3276 habet
2041 3245 2165 3286 generis
2187 3244 2354 3279 rationem,
2376 3252 2437 3273 nec
2459 3248 2505 3273 ta-

325 3289 435 3320 culum
458 3298 524 3329 quo
547 3289 684 3329 ligantur
713 3288 905 3324 formaliter,
929 3297 997 3318 non
1028 3287 1182 3318 effective.
1217 3285 1294 3316 Ideo
1321 3295 1389 3316 non
1443 3302 1519 3322 men
1549 3290 1670 3332 aliquid
1699 3290 1784 3321 addit
1819 3289 1908 3331 quod
1939 3290 1978 3320 ad
2008 3289 2192 3330 dignitatem
2221 3288 2392 3328 pertineat;
2423 3287 2506 3317 sicut

324 3338 453 3374 oportet
476 3332 566 3373 quod
588 3333 627 3363 sit
649 3332 735 3364 aliud
758 3342 776 3363 a
799 3332 1040 3363 coniunctione·
1403 3346 1430 3367 ⁷0
1442 3337 1610 3377 proprium
1639 3335 1834 3366 accidentale
1863 3335 1977 3365 retinet
2009 3343 2130 3364 nomen
2158 3333 2278 3373 proprii
2312 3331 2504 3362 communis.

378 3377 429 3408 AD
453 3386 614 3407 SECUNDUU
635 3387 795 3407 chmmuu
815 3377 914 3417 quod,
931 3377 1077 3417 quamvis
1099 3376 1168 3416 ipsa
1187 3375 1298 3406 relatio
1321 3384 1389 3404 110ss
1442 3379 1627 3421 Aliquando
1651 3385 1759 3410 autem
1788 3385 1920 3419 propter
1951 3378 2197 3419 perfectionem:
2223 3375 2351 3417 quando
2378 3376 2414 3405 in
2441 3385 2507 3405 una

322 3422 363 3452 sit
385 3421 533 3452 sensibile
557 3420 713 3457 accidens,
729 3426 836 3452 tamen
853 3431 966 3452 causae
982 3421 1051 3451 eius
1074 3425 1210 3461 possunt
1234 3428 1301 3450 esse
1317 3428 1388 3449 sen·
1443 3425 1548 3466 specie
1573 3424 1733 3464 complete
1755 3424 1917 3454 invenitur
1946 3423 2025 3453 ratio
2053 3423 2193 3462 generis,
2220 3427 2250 3451 et
2279 3430 2346 3450 non
2368 3420 2402 3449 in
2426 3419 2503 3455 alia3

322 3465 438 3497 Sibiles-
458 3465 527 3496 Nec
542 3465 575 3495 in
591 3471 788 3496 sacramento
805 3466 975 3506 reqUiIitur
990 3464 1080 3506 qUOd
1095 3465 1135 3495 Sit
1150 3463 1298 3495 senSibile
1309 3463 1390 3493 sslUd
1443 3470 1525 3500 sieut
1547 3469 1664 3499 animal
1687 3468 1912 3498 denominamr
1934 3468 1973 3497 ab
1996 3467 2124 3502 anima,
2151 3475 2234 3506 quae
2255 3464 2411 3504 competit
2437 3464 2504 3494 ani-

323 3509 414 3551 quod
437 3515 484 3540 est
502 3518 551 3540 res
575 3514 606 3539 et
628 3515 876 3540 sacramentum:
909 3510 973 3540 hoc
997 3510 1083 3540 enim
1113 3508 1214 3539 modo
1238 3518 1272 3539 se
1294 3508 1389 3538 habet
1442 3519 1530 3544 mato
1555 3513 1692 3554 corpori,
1709 3512 1799 3552 quod
1823 3517 1869 3543 est
1886 3521 1987 3552 genus
2009 3511 2169 3550 animalis,
2195 3508 2251 3540 sed
2271 3508 2421 3539 animatio
2437 3517 2505 3538 non

322 3555 357 3586 in
379 3555 443 3585 hoc
466 3558 664 3584 sacramento
687 3553 847 3593 praedicta
865 3554 1062 3584 coniunctio.
1088 3552 1151 3584 Sed
1165 3553 1261 3583 verba
1284 3552 1387 3593 expri-
1402 3570 1426 3590 75
1442 3558 1602 3589 invenitur
1625 3556 1765 3597 perfecte
1786 3557 1822 3587 in
1837 3557 1982 3587 animatis
2006 3564 2089 3596 quae
2110 3564 2179 3585 non
2194 3559 2268 3584 sunt
2283 3552 2440 3583 animalia.
2464 3551 2505 3582 Et

2542 1258 2552 1269 ·
2558 1257 2719 1279 VideAristot.
2724 1257 2754 1279 de

2541 1283 2624 1305 Animi
2631 1300 2639 1310 ,
2659 1284 2698 1306 lib.
2718 1284 2752 1310 11,

2541 1316 2687 1360 ἓῗἯῩῐεὲ
2698 1316 2730 1359 ἓξ
2740 1321 2751 1327 ·

2543 1432 2630 1454 *5.’Πι-
2636 1433 2688 1455 lect.
2695 1438 2752 1455 xvi.-

2542 1458 2594 1480 Did.
2605 1459 2645 1481 lib.
2654 1459 2693 1486 111,
2700 1465 2751 1487 cap.

2541 1491 2580 1512 vn,
2596 1492 2619 1507 n.
2634 1492 2656 1514 9.

2540 1654 2640 1677 'Cfiart-
2647 1655 2752 1682 praeced.

2543 1872 2552 1882 ·
2559 1870 2640 1892 isidor.
2649 1870 2751 1899 Etymot.

2540 1897 2636 1946 guni-X,
2648 1903 2697 1925 cap.
2709 1904 2750 1925 vu,

2538 2052 2549 2062 ·
2563 2050 2630 2077 1bid.,
2645 2057 2668 2072 n.
2685 2057 2716 2073 ιτ.

2538 2145 2547 2153 ·
2559 2143 2612 2165 Lib.
2621 2142 2686 2170 xm,
2697 2149 2749 2171 cap.

2540 2176 2602 2191 xxva

2537 2317 2608 2339 ·S.Ra
2625 2317 2747 2339 m.Summ.

2536 2345 2576 2366 lib.
2587 2344 2597 2365 l
2621 2360 2627 2371 ‚
2639 2344 2673 2366 tit.
2685 2350 2709 2371 u,
2720 2343 2749 2366 de

2535 2371 2633 2392 Matrtm'
2635 2387 2649 2397 .,
2664 2371 2673 2397 5
2689 2378 2708 2393 ι.

2536 2632 2545 2642 ·
2553 2631 2609 2652 Loe.
2618 2630 2658 2652 cit.
2674 2636 2696 2652 n.
2714 2636 2746 2658 ¹3·
