2878 4088
99 495 255 548 bacagecom
197 493 250 516 Non
270 494 312 516 de-

50 539 52 541 *
100 538 198 576 clm.
207 527 312 573 -Cfmrt,

95 1284 107 1296 ¹
112 1282 187 1311 Dat-1
191 1289 244 1312 up.
253 1290 308 1311 xxv,

95 1315 240 1366 :me-p.
246 1343 308 1363 xvrn,

94 1369 155 1392 ναι-ι,
166 1369 190 1393 9,
204 1371 238 1387 ιι.

92 1678 286 1710 ‘minacem

91 2795 188 2819 *mh
191 2801 247 2825 anp-
254 2803 304 2825 ux,

40 2823 189 2847 ‘verm-⁶

93 3527 268 3556 ·ct.m.,⁶
283 3532 307 3551 et

980 180 1244 228 QUAESTIO
1271 179 1352 225 LV,
1372 178 1665 216 ARTICULUS
1693 180 1867 226 V111,1X,
1889 181 1924 216 x

340 259 436 289 habet
458 258 592 289 affinitas
622 259 737 299 gradus
760 269 818 300 per
840 270 890 296 se,
915 259 971 290 sed
1004 266 1150 300 sumptos
1179 260 1267 290 iuxta
1295 258 1411 299 gradus

340 304 635 343 consanguinitatis.

394 347 446 378 An
470 357 633 378 SECUNDUM
656 358 816 378 nrcnrmtm
835 348 924 388 quod
939 347 1023 379 filius
1047 348 1149 378 affinis
1171 357 1262 378 meae
1286 357 1323 377 ex
1347 347 1410 377 alio

339 392 556 428 matrimonio,
580 402 648 422 non
671 402 728 433 per
751 403 785 423 se
800 392 978 433 loquendo,
994 392 1050 423 sed
1074 393 1165 432 quasi
1184 402 1241 433 per
1263 391 1410 422 accidens

340 435 505 467 dicebatur
532 437 707 487 antiquitus
732 437 843 467 affinis.
880 436 973 468 Unde
1004 437 1233 477 prohibebatur
1262 446 1280 466 a
1303 436 1410 466 matri-

339 481 453 511 monio
476 482 577 520 magis
600 487 732 521 propter
761 482 908 522 publicae
931 482 1107 512 honestatis
1136 481 1287 511 iustitiam
1311 489 1410 520 quam

339 530 471 565 propter
494 524 689 556 affinitatem.
725 526 766 556 Et
788 531 920 566 propter
949 526 1012 556 hoc
1036 521 1132 556 etiam
1155 525 1208 555 illa
1234 525 1409 565 prohibitio

338 579 426 600 nunc
449 575 496 600 est
519 571 699 600 revocata*

405 635 505 666 ART.
522 636 604 666 VIII.
629 646 734 666 urium
757 646 878 666 ortanus
901 645 1093 666 urmrmrrs
1117 644 1343 665 EXTENDANTUR

598 690 685 711 srcur
710 690 830 711 omnus
854 689 1150 710 consauoumrrarrs

403 756 424 776 n
448 756 595 777 ocravms
618 757 664 777 s1c
693 755 899 776 Pnocnnrrun.
928 745 1063 776 Videtur
1085 744 1176 785 quod
1203 744 1318 785 gradus
1342 743 1409 775 affi-

340 757 509 821 Anitafis
531 800 600 821 non
623 789 832 821 extendantur
859 790 940 820 sicut
969 789 1084 830 gradus
1114 790 1407 829 consanguinitatis.

338 834 424 873 Quia
445 835 612 865 vinculum
629 834 786 866 affinitatis
811 839 857 864 est
872 834 980 864 minus
1003 833 1086 864 forte
1102 843 1201 874 quam
1217 834 1409 873 consangui-

336 880 459 910 nitatis:
484 888 560 909 cum
583 879 716 909 affinitas
733 888 771 909 ex
787 878 1063 918 consanguinitate
1080 883 1227 908 causetur
1249 879 1283 908 in
1306 877 1408 908 diver-

337 924 427 954 sitate
450 923 578 963 speciei,
595 924 678 954 sicut
701 933 719 952 a
742 932 839 953 causa
857 923 1044 963 aequivoca.
1069 922 1132 953 Sed
1148 927 1270 963 quanto
1294 922 1408 953 fortius

337 973 384 998 est
406 968 583 1004 vinculum,
600 973 689 998 tanto
707 967 826 998 diutius
850 967 952 998 durat.
977 967 1063 1007 Ergo
1083 967 1251 998 vinculum
1275 966 1408 998 affinita-

335 1012 375 1043 tis
398 1021 467 1042 non
490 1011 582 1042 durat
604 1021 708 1052 usque
731 1011 772 1042 ad
794 1017 843 1042 tot
858 1011 973 1052 gradus
997 1011 1037 1042 ad
1060 1017 1141 1052 quot
1157 1011 1249 1042 durat
1272 1021 1407 1042 consan-

335 1056 483 1097 guinitas.

393 1110 422 1131 2.
446 1101 643 1136 Plurimum,
660 1101 710 1131 ius
725 1101 906 1132 humanum
930 1100 1024 1131 debet
1039 1101 1155 1131 imitari
1178 1101 1227 1131 ius
1251 1100 1406 1131 divinum.

335 1144 398 1176 Sed
421 1145 601 1176 secundum
624 1146 674 1176 ius
698 1145 843 1176 divinum
867 1146 965 1185 aliqui
987 1145 1103 1186 gradus
1124 1146 1407 1185 consanguinitatis

335 1195 424 1220 erant
447 1190 600 1231 prohibiti
622 1190 657 1220 in
680 1190 797 1230 quibus
827 1190 977 1231 gradibus
1001 1189 1134 1220 affinitas
1164 1191 1407 1220 matrimonium

335 1243 403 1265 non
425 1234 638 1286 impediebat:
663 1235 746 1265 sicut
761 1240 848 1286 patet
871 1235 911 1265 de
935 1244 1034 1265 uxore
1051 1234 1162 1271 fratris,
1179 1244 1277 1274 quam
1293 1234 1407 1274 aliquis

334 1284 461 1319 poterat
484 1279 625 1311 ducere'
617 1289 650 1310 m
666 1289 801 1310 uxorem
823 1280 894 1319 ipso
911 1278 1065 1310 defuncto
1081 1280 1108 1315 ³,
1125 1289 1192 1309 non
1209 1285 1316 1309 tamen
1332 1288 1406 1319 pro-

334 1324 462 1364 prim
460 1333 604 1354 sororem
619 1325 647 1354 ³.
671 1324 757 1364 Ergo
781 1330 813 1354 et
836 1334 923 1354 nunc
939 1333 1007 1354 non
1023 1303 1118 1354 debe’t
1141 1333 1209 1354 esse
1231 1324 1406 1364 prohibitio

335 1368 476 1409 aequalis
500 1368 540 1399 de
564 1347 714 1399 affinitate
737 1374 768 1398 et
788 1369 1077 1419 consanguinitate.

391 1412 454 1444 Su>
479 1423 613 1449 con-riu,
637 1422 675 1443 ex
699 1414 762 1443 hoc
786 1414 857 1453 ipso
882 1418 929 1443 est
958 1413 1038 1443 mihi
1061 1412 1168 1452 aliqua
1191 1412 1293 1442 affinis
1317 1411 1407 1452 quod

1425 663 1450 679 10

1424 885 1447 905 15

1422 1107 1448 1122 20

1422 1331 1446 1351 ²5

334 1466 410 1488 meo
445 1458 686 1497 consanguineo
718 1462 765 1488 est
795 1457 978 1488 coniuncta.
1013 1456 1099 1496 Ergo
1132 1457 1166 1486 in
1196 1466 1422 1496 quocumque·

334 1500 435 1541 gradu
458 1502 498 1532 sit
519 1502 568 1532 vir
590 1502 669 1532 mihi
694 1502 962 1541 consanguineus,
982 1501 1016 1531 in
1039 1501 1096 1531 illo
1120 1500 1220 1541 gradu
1244 1501 1302 1531 erit
1326 1511 1407 1531 uxor

334 1546 415 1576 mihi
437 1545 549 1576 affinis.
574 1546 616 1576 Et
638 1546 683 1576 sic
706 1545 821 1586 gradus
846 1545 1004 1575 affinitatis
1028 1546 1209 1585 computari
1233 1544 1351 1576 debent
1372 1546 1406 1576 in

335 1589 452 1621 eodem
474 1599 612 1620 numero
635 1590 717 1620 sicut
739 1589 855 1630 gradus
878 1590 1173 1630 consanguinitatis.

389 1634 580 1664 Rnsronmzo
604 1644 764 1664 mmmmm
781 1633 870 1674 quod
893 1644 931 1664 ex
952 1643 1019 1674 quo
1040 1633 1155 1673 gradus
1179 1631 1337 1664 affinitatis
1353 1644 1405 1664 su-

333 1683 466 1709 muntur
488 1679 576 1709 iuxta
597 1678 713 1718 gradus
737 1679 1021 1718 consanguinitatis
1037 1679 1064 1714 ³,
1091 1683 1220 1718 oportet
1243 1678 1334 1718 quod
1356 1684 1405 1709 tot

333 1723 396 1754 sint
418 1722 534 1763 gradus
566 1722 724 1753 affinitatis
757 1728 839 1763 quot
861 1727 935 1753 sunt
962 1722 1078 1762 gradus
1111 1723 1404 1762 consanguinitatis.

333 1766 398 1798 Sed
419 1772 538 1803 tamen,
558 1769 634 1808 quia
657 1767 791 1798 affinitas
814 1773 862 1797 est
883 1767 991 1797 minus
1014 1767 1180 1797 vinculum
1205 1776 1303 1807 quarn
1327 1777 1405 1797 con-

332 1812 537 1852 sanguinitas,
554 1811 687 1848 facilius,
704 1817 735 1843 et
759 1812 837 1842 olim
862 1817 893 1842 et
915 1821 1013 1847 nunc,
1031 1811 1225 1851 dispensatio
1242 1811 1278 1842 fit
1300 1812 1332 1842 in
1356 1821 1405 1842 re-

322 1857 430 1887 .motis
451 1856 601 1897 gradibus
625 1856 783 1887 affinitatis
813 1866 912 1897 quam
935 1857 969 1886 in
991 1856 1124 1886 remotis
1154 1855 1302 1896 gradibus
1326 1865 1405 1886 con-

332 1901 561 1941 sanguinitatis.

387 1946 438 1976 ΑΙ)
462 1956 580 1976 Panum
607 1955 690 1976 mmo
715 1955 875 1976 DICENDUM
901 1944 990 1985 quod
1014 1945 1067 1975 illa
1094 1945 1260 1975 minoritas
1283 1946 1405 1976 vinculi

331 1989 490 2021 affinitatis
513 1996 661 2031 respectu
677 1990 972 2031 consanguinitatis,
990 1989 1065 2020 facit
1086 1991 1270 2020 varietatem
1292 1990 1325 2020 in
1349 1999 1403 2030 ge-

330 2043 408 2066 nere
431 2036 626 2072 affluentiae,
646 2045 715 2066 non
737 2036 772 2066 in
795 2034 954 2075 gradibus.
990 2035 1031 2064 Et
1053 2034 1127 2064 ideo
1155 2034 1209 2064 illa
1231 2035 1312 2064 ratio
1336 2044 1404 2065 non

331 2084 380 2111 est
401 2079 442 2110 ad
463 2080 679 2120 propositum.
1274 2102 1288 2110 .

385 2124 438 2155 AD
461 2134 624 2155 SECUNDUM
639 2133 800 2154 mcmmma
820 2122 910 2163 quod
925 2122 1020 2153 frater
1034 2133 1103 2154 non
1118 2128 1244 2163 poterat
1259 2123 1404 2163 accipere

331 2178 466 2199 uxorem
489 2168 591 2199 fratris
614 2169 664 2199 sui
687 2167 830 2199 defuncti
859 2168 921 2198 nisi
943 2169 977 2198 in
1001 2177 1096 2203 casu,
1121 2168 1241 2198 scilicet
1272 2167 1402 2208 quando

330 2213 528 2244 moriebatur
554 2214 623 2243 sine
651 2213 758 2253 prole,
784 2217 820 2243 ut
840 2212 1013 2243 suscitaret
1041 2222 1147 2243 semen
1162 2212 1272 2253 fratri
1298 2221 1358 2242 suo
1375 2213 1401 2243 ³.

331 2257 432 2296 Quod
450 2263 528 2288 tunc
544 2258 774 2298 requirebatur,
792 2256 923 2297 quando
939 2266 996 2297 per
1012 2258 1278 2297 propagationem
1299 2257 1402 2287 carnis

332 2301 437 2332 cultus
459 2302 622 2342 religionis
645 2301 931 2342 multiplicabatur:
958 2301 1047 2342 quod
1077 2311 1165 2332 nunc
1197 2302 1308 2332 locum
1334 2311 1402 2332 non

331 2346 437 2377 habet.
461 2346 504 2376 Et
525 2346 570 2377 sic
592 2352 680 2386 patet
703 2346 792 2386 quod
814 2356 883 2376 non
906 2346 1043 2377 ducebat
1059 2356 1130 2377 eam
1153 2355 1288 2376 uxorem
1313 2346 1403 2386 quasi

331 2399 444 2430 gerens
467 2389 631 2432 pro‘priam
654 2400 844 2431 personam,
869 2390 925 2422 sed
949 2392 1040 2431 quasi
1064 2391 1217 2431 supplens
1240 2390 1402 2421 defectum

332 2434 435 2466 fratris
457 2436 517 2466 sui.

421 2501 522 2532 ART.
546 2501 599 2531 IX.
623 2511 729 2531 unum
757 2511 930 2532 comuonm
959 2511 1046 2532 Quot>
1069 2511 1163 2532 mrim
1185 2512 1313 2532 urruns

443 2556 502 2576 vm.
523 2555 776 2576 consauomos
800 2555 854 2576 nsr
879 2555 1095 2582 conruerunt,
1113 2556 1229 2577 sumna
1253 2557 1298 2577 srr

629 2600 688 2620 prm
710 2600 883 2620 Drvoarrtm
905 2600 1101 2620 nnummmm

397 2666 418 2686 1>
433 2666 544 2687 nomm
564 2666 609 2687 s1c
625 2666 830 2687 nocam-run.
853 2656 986 2687 Videtur
997 2656 1087 2697 quod
1106 2657 1296 2698 coniugium
1312 2657 1402 2698 quod

334 2669 479 2731 Ainter
508 2700 618 2731 affines
640 2701 692 2731 vel
722 2701 980 2740 consanguineos
1013 2707 1060 2732 est
1089 2707 1308 2739 contractum,
1333 2712 1401 2733 non

332 2755 459 2786 semper
488 2746 527 2775 sit
550 2755 607 2785 per
637 2745 810 2775 divortium
834 2745 1059 2776 dirimendum.
1094 2746 1180 2784 Quia
1202 2756 1284 2787 quos
1312 2747 1402 2778 Deus

331 2790 513 2825 coniunxit,
531 2790 627 2820 homo
643 2799 798 2830 separare
815 2799 880 2820 non
897 2790 986 2820 debet
1000 2791 1027 2820 ³.
1052 2790 1139 2821 Cum
1158 2800 1234 2831 ergo
1251 2791 1339 2822 Deus
1355 2791 1401 2822 fa-

331 2844 404 2865 cere
427 2834 620 2874 intelligatur
636 2834 726 2874 quod
741 2833 816 2864 facit
839 2834 991 2870 Ecclesia,
1009 2844 1092 2875 quae
1111 2835 1308 2876 quandoque
1323 2836 1401 2866 tales

330 2879 515 2919 ignoranter
538 2879 715 2919 coniungit,
731 2878 856 2909 videtur
880 2878 979 2919 quod,
1002 2879 1028 2909 si
1051 2879 1262 2919 postmodum
1284 2881 1318 2910 in
1341 2890 1401 2911 no-

330 2924 433 2954 titiam
456 2924 595 2959 veniant,
612 2933 680 2953 non
704 2929 778 2953 sunt
801 2922 977 2963 separandi.

388 2977 418 2998 2.
434 2968 632 3004 Pmrssana,
643 2967 847 2998 favorabilius
860 2973 906 2998 est
917 2968 1084 2998 vinculum
1095 2969 1292 2999 matrimonii
1303 2978 1401 3010 quarn

1422 1557 1447 1576 30

1421 1779 1443 1798 35

1418 2000 1445 2020 4⁰

1417 2221 1441 2241 45

1418 2446 1444 2467 50

1417 2668 1440 2689 55

1415 2885 1442 2904 60

2463 192 2528 217 111

1465 258 1546 288 nitas
1570 258 1620 288 vel
1643 259 1911 298 consanguinitas,
1928 258 2094 298 separandi
2117 264 2201 296 sunt,
2218 260 2312 290 etiam
2336 260 2362 290 si
2386 260 2425 290 de
2449 260 2532 291 facto

1466 307 1701 333 contraxerunt.

1521 347 1711 377 Rnsponmzo
1731 356 1891 375 monimum
1908 346 2007 385 quod,
2025 356 2100 377 cum
2117 349 2221 378 omnis
2238 349 2428 379 concubitus
2443 359 2533 389 prae-

1465 396 1513 421 ter
1535 391 1715 431 legitimum
1742 390 1984 420 matrimonium
2007 391 2047 420 sit
2069 397 2238 430 peceatum
2267 393 2418 429 mortale,
2444 393 2533 433 quod

1465 435 1608 466 Ecclesia
1632 435 1783 465 omnibus
1798 434 1904 464 modis
1926 434 2082 474 impedire
2099 441 2250 472 conatur,
2275 436 2315 466 ad
2337 437 2438 476 ipsam
2462 447 2533 478 per-

1464 481 1544 510 tinet
1561 489 1616 510 eos
1639 480 1721 510 inter
1744 488 1827 519 quos
1850 488 1918 509 non
1936 484 2043 518 potest
2062 488 2130 509 esse
2153 489 2265 510 verum
2281 481 2532 517 matrimonium,

1465 533 1627 564 separare:
1653 530 1684 554 et
1706 524 1878 564 praecipue
1902 524 2160 562 consanguineos
2184 529 2215 553 et
2238 524 2361 561 affines,
2387 526 2442 565 qui
2466 526 2533 556 sine

1464 569 1588 599 incestu
1612 568 1799 599 contrahere
1821 577 1888 598 non
1912 572 2048 607 possunt
2072 567 2245 598 carnaliter.

1519 613 1570 642 An
1587 622 1704 643 vamum
1725 622 1808 643 nano
1831 621 1992 642 mmmmm
2008 611 2108 652 quod,
2125 613 2270 651 quamvis
2287 612 2430 643 Ecclesia
2446 613 2532 644 dono

1465 662 1496 687 et
1519 657 1706 687 auctoritate
1730 656 1836 686 divina
1863 656 2021 692 fulciatur,
2046 661 2164 692 tamen,
2189 657 2381 696 inquantum
2405 662 2452 687 est
2474 658 2533 688 ho-

1463 701 1589 731 minum
1614 701 1831 741 congregatio,
1848 699 1968 740 aliquid
1991 699 2031 730 de
2052 699 2179 730 defectu
2202 700 2345 730 humano
2362 702 2395 731 in
2411 702 2533 732 actibus

1464 746 1532 775 eius
1556 746 1711 785 pervenit,
1739 745 1829 785 quod
1855 754 1922 775 non
1951 750 1998 775 est
2024 744 2179 774 divinum.
2211 745 2252 774 Et
2275 744 2349 775 ideo
2379 745 2432 775 illa
2455 755 2533 776 con-

1463 790 1587 820 iunctio
1611 799 1694 829 quae
1717 788 1754 819 fit
1772 790 1805 819 in
1821 789 1902 820 facie
1925 789 2087 819 Ecclesiae
2109 788 2347 829 impedimentis
2370 790 2531 829 ignoratis,

1463 843 1531 864 non
1554 834 1650 864 habet
1672 834 1973 874 inseparabilitatem
1998 843 2035 864 ex
2059 834 2246 864 auctoritate
2270 833 2386 870 divina,
2408 834 2463 864 sed
2487 841 2533 864 est

1463 884 1575 908 contra
1591 878 1813 909 auctoritatem
1829 878 1970 909 divinam
1987 887 2093 908 errore
2108 878 2280 908 hominum
2302 878 2449 908 inducta:
2475 879 2532 919 qui

1463 928 1593 953 excusat
1616 933 1634 953 a
1657 928 1805 963 peccato,
1831 932 1906 953 cum
1930 923 1968 953 sit
1993 932 2079 953 error
2102 922 2176 952 facti
2192 923 2219 958 ³,
2244 921 2387 963 quandiu
2414 929 2530 954 manet.

1462 967 1504 997 Et
1526 973 1659 1007 propter
1681 968 1755 1004 hoc,
1780 967 1910 1008 quando
1936 966 2204 1007 impedimentum
2228 967 2267 997 ad
2290 968 2438 998 notitiam
2460 977 2531 1007 per-

1462 1013 1549 1042 venit
1564 1012 1737 1047 Ecclesiae,
1754 1011 1848 1042 debet
1871 1011 2064 1052 praedictam
2089 1012 2353 1042 coniunctionem
2376 1021 2530 1052 separare.

1517 1056 1568 1086 An
1590 1066 1752 1087 ssscmmtm
1775 1066 1935 1086 nrcmmtm
1951 1055 2041 1096 quod
2059 1056 2112 1086 illa
2128 1065 2211 1096 quae
2226 1057 2294 1087 sine
2310 1062 2444 1096 peccato
2462 1066 2530 1087 esse

1461 1110 1529 1131 non
1545 1106 1691 1141 possunt,
1707 1101 1795 1131 nulla
1810 1101 2060 1141 praescriptione
2076 1099 2259 1131 firmantur:
2281 1101 2365 1141 quia,
2382 1107 2418 1132 ut
2434 1101 2530 1132 Inno-

1463 1146 1586 1175 centius
1601 1146 1618 1162 ³
1642 1145 1727 1181 dicit,
1747 1145 1945 1176 diuturnitas
1968 1145 2120 1185 temporis
2136 1155 2200 1175 non
2218 1145 2335 1176 minuit
2349 1151 2529 1186 peccatum,

1461 1189 1518 1220 sed
1533 1195 1641 1231 auget.
1665 1190 1734 1220 Nec
1750 1189 1789 1220 ad
1805 1190 1867 1220 hoc
1884 1189 1958 1220 facit
1974 1189 2095 1230 aliquid
2111 1189 2201 1220 favor
2216 1190 2422 1227 matrimonii,
2440 1191 2530 1231 quod

1462 1235 1544 1264 inter
1565 1234 1744 1274 illegitimas
1768 1243 1920 1274 personas
1945 1244 2012 1264 esse
2035 1243 2103 1264 non
2126 1240 2261 1274 poterat.

1517 1279 1567 1308 An
1578 1289 1713 1309 marrim
1728 1288 1888 1308 memnon
1898 1280 1915 1295 ὃ*
1927 1278 2017 1319 quod
2032 1288 2081 1308 res
2097 1279 2179 1309 inter
2194 1279 2273 1309 alios
2289 1285 2368 1315 acta,
2380 1279 2447 1309 aliis
2462 1289 2529 1310 non

1461 1323 1657 1363 praeiudicat
1671 1323 1705 1354 in
1722 1322 1793 1354 foro
1811 1324 2025 1353 contentioso.
2050 1323 2154 1359 Unde,
2172 1324 2318 1363 quamvis
2336 1333 2420 1354 unus
2437 1323 2530 1354 frater

1461 1368 1632 1408 repellatur
1655 1377 1673 1397 a
1696 1368 1902 1398 matrimonio
1927 1368 2021 1398 unius
2045 1377 2194 1398 sororum
2217 1377 2256 1398 ex
2279 1377 2374 1398 causa
2394 1377 2529 1399 consan-

1461 1413 1633 1452 guinitatis,
1649 1422 1718 1442 non
1733 1417 1864 1452 propter
1879 1413 1943 1442 hoc
1959 1417 2082 1452 separat
2105 1412 2248 1443 Ecclesia
2264 1412 2350 1443 aliud
2365 1414 2529 1443 matrimo—

1461 1457 1563 1493 nium,
1587 1456 1678 1497 quod
1700 1466 1767 1487 non
1791 1462 1966 1487 accusatur.
1992 1456 2055 1487 Sed
2077 1457 2111 1486 in
2134 1456 2205 1487 foro
2229 1457 2444 1487 conscientiae
2462 1467 2530 1488 non

1461 1507 1590 1541 oportet
1621 1501 1711 1541 quod
1741 1510 1868 1541 semper
1898 1501 2057 1541 obligetur
2087 1501 2130 1531 ob
2161 1502 2224 1531 hoc
2255 1502 2334 1531 alius
2367 1500 2460 1532 frater
2489 1501 2529 1532 ad

1461 1545 1687 1576 dimittendum
1714 1555 1849 1576 uxorem
1875 1555 1985 1575 suam:
2019 1546 2094 1585 quia
2120 1544 2304 1586 frequenter
2330 1545 2408 1575 tales
2435 1556 2529 1576 accu-

1461 1590 1598 1620 sationes
1626 1599 1663 1620 ex
1690 1589 1915 1620 malevolentia
1945 1589 2135 1630 procedunt,
2164 1596 2196 1620 et
2221 1599 2278 1630 per
2309 1589 2404 1620 falsos
2434 1596 2530 1621 testes

1460 1635 1653 1674 probantur;
1685 1634 1772 1664 unde
1802 1644 1870 1664 non
1902 1640 2030 1674 oportet
2061 1634 2150 1674 quod
2182 1635 2411 1665 conscientiam
2438 1644 2530 1665 suam

1460 1678 1612 1708 informet
1628 1688 1666 1709 ex
1681 1679 1730 1708 his
1753 1688 1836 1719 quae
1860 1679 1943 1709 circa
1965 1678 2051 1709 aliud
2074 1679 2316 1709 matrimonium
2340 1685 2414 1709 sunt
2436 1678 2528 1709 facta.

1460 1722 1524 1753 Sed
1547 1722 1808 1763 distinguendum
1832 1723 1957 1753 videtur
1972 1723 2005 1753 in
2021 1723 2094 1753 hoc.
2119 1722 2204 1760 Quia
2223 1728 2278 1753 aut
2293 1723 2388 1753 habet
2411 1728 2529 1754 certam

1460 1768 1625 1797 scientiam
1642 1767 1681 1797 de
1697 1767 1930 1807 impedimento
1954 1768 2161 1803 matrimonii,
2181 1773 2236 1798 aut
2259 1768 2458 1807 opinionem,
2476 1774 2530 1798 aut

1459 1817 1621 1842 neutrum.
1651 1811 1684 1842 Si
1707 1812 1813 1851 primo
1837 1811 1949 1846 modo,
1972 1821 2033 1842 nec
2057 1812 2182 1851 exigere
2204 1821 2264 1842 nec
2287 1812 2418 1842 reddere
2442 1812 2529 1843 debi-

1459 1861 1529 1886 tum
1553 1855 1664 1892 debet;
1696 1857 1721 1886 si
1744 1855 1903 1892 secundo,
1928 1855 2023 1886 debet
2046 1856 2192 1892 reddere,
2217 1856 2272 1887 sed
2295 1866 2363 1887 non
2387 1857 2528 1896 exigere;

1459 1901 1486 1931 si
1508 1901 1613 1937 tertio,
1638 1906 1746 1941 potest
1768 1900 1900 1931 reddere
1924 1906 1955 1931 et
1978 1901 2113 1941 exigere.

1480 1967 1580 1997 ART.
1597 1967 1636 1997 X.
1668 1976 1773 1997 UTRUM
1799 1976 1840 1997 AD
1868 1976 2102 1997 SEPARATIONEM
2130 1976 2316 1996 MATRIMONII
2340 1976 2427 1997 ouon
2452 1977 2506 1997 Esr

1592 2021 1684 2042 m'rnn
1702 2021 1830 2042 Arrmsss
1849 2021 1887 2041 ΕΤ
1907 2020 2161 2041 εοΝεΑΝουῐΝΕοε
2177 2021 2394 2047 CONTRACTUM,

1642 2066 1688 2086 srr
1706 2065 1936 2086 PnerDnNntm
1955 2066 2013 2086 rna
2031 2066 2107 2085 vuit
2126 2065 2346 2086 accusxnoms

1523 2131 1544 2151 1)
1575 2132 1714 2152 DECIMUM
1741 2132 1786 2152 sic
1813 2131 2018 2151 PRocnnr-rtm.
2053 2120 2188 2151 Videtur
2219 2120 2309 2161 quod
2335 2121 2375 2152 ad
2401 2132 2526 2162 separa—

1461 2137 1647 2197 Ationem
1676 2166 1872 2196 matrimonii
1901 2166 1991 2206 quod
2014 2171 2061 2196 est
2082 2166 2165 2196 inter
2192 2165 2302 2196 affines
2330 2171 2362 2196 et
2389 2176 2525 2197 consan-

1457 2211 1594 2251 guineos
1618 2217 1829 2247 contractum,
1846 2220 1914 2240 non
1929 2211 1968 2241 sit
1983 2209 2226 2250 procedendum
2248 2219 2306 2250 per
2324 2211 2409 2241 viam
2432 2221 2526 2242 aceu-

1458 2256 1598 2286 sationis.
1615 2255 1700 2293 Quia
1716 2255 1954 2285 accusationem
1967 2254 2129 2295 praecedit
2144 2255 2319 2294 inscriptio,
2333 2264 2397 2295 qua
2412 2256 2526 2296 aliquis

1458 2310 1491 2330 se
1514 2300 1554 2331 ad
1577 2300 1730 2330 talionem
1762 2300 1881 2340 obligat
1907 2300 1933 2329 si
1956 2299 1989 2329 in
2015 2300 2207 2340 probatione
2238 2299 2389 2330 defecerit
2404 2301 2430 2330 ³⁶.
2463 2300 2526 2331 Sed

1457 2346 1536 2375 haec
1559 2354 1627 2375 non
1653 2345 1859 2385 requiruntur
1887 2343 2018 2384 quando
2043 2343 2082 2374 de
2105 2345 2301 2374 matrimonii
2325 2346 2525 2384 separatione

1458 2390 1560 2430 agitur
1575 2390 1601 2419 ’ἦ
1626 2389 1711 2429 Ergo
1735 2389 1779 2419 ibi
1802 2389 1913 2419 locum
1936 2398 2004 2418 non
2028 2389 2123 2419 habet
2146 2389 2317 2419 accusatio.

1514 2443 1543 2464 2.
1568 2434 1768 2469 Pmnrmum,
1800 2434 1833 2463 in
1865 2443 1960 2463 causa
1989 2434 2186 2463 matrimonii
2216 2433 2389 2463 audiuntur
2419 2434 2525 2464 solum

1456 2479 1650 2519 propinqui,
1679 2484 1714 2509 ut
1739 2478 1773 2508 in
1799 2478 1901 2519 littera
1917 2478 1933 2494 ⁴*
1957 2476 2081 2508 dicitur.
2114 2477 2177 2508 Sed
2206 2478 2239 2508 in
2271 2478 2526 2509 accusationibus

1457 2523 1630 2554 audiuntur
1654 2523 1749 2553 etiam
1774 2523 1922 2553 extranei.
1947 2522 2033 2562 Ergo
2056 2522 2088 2552 in
2114 2531 2208 2552 causa
2231 2523 2438 2562 separationis
2457 2533 2526 2554 ma-

1456 2568 1599 2598 trimonii
1621 2577 1690 2598 non
1713 2569 1815 2608 agitur
1837 2577 1895 2607 per
1917 2567 2003 2597 viam
2026 2567 2248 2597 accusationis.

1513 2612 1543 2643 3.
1567 2612 1768 2648 PRAETEREA,
1793 2612 1819 2642 si
1841 2611 2084 2642 matrimonium
2112 2612 2253 2642 accusari
2281 2611 2424 2648 deberet,
2448 2618 2526 2642 tunc

1455 2657 1629 2698 praecipue
1652 2658 1715 2688 hoc
1740 2662 1822 2687 esset
1845 2655 2028 2687 faciendum
2052 2655 2183 2696 quando
2206 2657 2313 2686 minus
2337 2656 2464 2688 difficile
2480 2662 2527 2687 est

1456 2701 1546 2742 quod
1569 2707 1741 2742 separetur.
1766 2701 1829 2732 Sed
1845 2701 1909 2731 hoc
1924 2706 1972 2731 est
1987 2700 2118 2740 quando
2134 2706 2209 2731 sunt
2224 2701 2383 2741 sponsalia
2401 2707 2525 2732 tantum

1456 2751 1628 2778 contracta.
1652 2746 1729 2777 Non
1745 2752 1853 2777 autem
1872 2751 1950 2776 tunc
1973 2751 2140 2776 accusatur
2162 2746 2414 2776 matrimonium.
2439 2746 2524 2786 Ergo

1455 2800 1625 2831 nunquam
1648 2790 1688 2821 de
1711 2796 1818 2821 cetero
1843 2790 1939 2820 debet
1961 2789 2029 2820 fieri
2053 2791 2224 2820 accusatio.

1511 2844 1542 2874 4.
1566 2835 1771 2872 PRAETEREA,
1806 2835 1846 2865 ad
1880 2834 2097 2865 accusandum
2126 2844 2194 2865 non
2225 2834 2441 2875 praecluditur
2474 2835 2525 2864 via

1456 2880 1552 2910 alicui
1574 2890 1632 2920 per
1654 2881 1718 2910 hoc
1742 2879 1832 2920 quod
1859 2889 1927 2910 non
1955 2880 2060 2909 statim
2088 2885 2224 2909 accusat.
2257 2879 2319 2910 Sed
2345 2880 2409 2909 hoc
2432 2878 2468 2909 fit
2491 2879 2523 2909 in

1455 2925 1680 2955 matrimonio:
1710 2925 1799 2965 quia,
1825 2924 1850 2954 si
1873 2924 1978 2964 primo
2005 2924 2104 2954 tacuit
2127 2923 2258 2963 quando
2282 2923 2521 2954 matrimonium

1456 2969 1716 3005 contrahebatur,
1739 2978 1807 2999 non
1829 2973 1937 3009 potest
1959 2974 2072 3008 postea
2094 2968 2336 2998 matrimonium
2359 2977 2522 3003 accusare,

332 3011 478 3043 dominii.
503 3012 566 3043 Sed
596 3012 697 3042 horno
728 3022 785 3052 per
814 3012 904 3052 longi
934 3013 1087 3052 temporis
1117 3014 1402 3053 praescriptionem
1456 3013 1547 3054 quasi
1569 3019 1747 3054 suspectus.
1771 3014 1868 3053 Ergo,
1893 3018 1953 3043 etc.

331 3057 467 3097 acquirit
490 3056 672 3087 dominium
699 3057 733 3087 in
756 3066 790 3087 re
814 3057 906 3087 cuius
928 3066 997 3087 non
1027 3062 1093 3087 erat
1120 3057 1280 3088 dominus.
1315 3058 1401 3098 Ergo

1512 3057 1574 3088 San
1599 3067 1732 3094 CONTRA,
1750 3067 1848 3088 omne
1863 3057 2010 3088 illicitum
2034 3062 2141 3097 potest
2164 3057 2314 3087 accusari.
2338 3055 2401 3087 Sed
2416 3056 2523 3086 matri-

330 3110 389 3141 per
412 3100 652 3132 diuturnitatem
674 3102 829 3141 temporis
847 3102 1090 3132 matrimonium
1107 3101 1289 3138 ratificatur,
1306 3103 1401 3133 etiam
1415 3105 1440 3131 ⁶5
1455 3103 1604 3133 monium
1628 3101 1772 3132 affinium
1790 3102 1842 3132 vel
1863 3102 2178 3142 consanguineorum
2194 3106 2240 3131 est
2255 3101 2412 3131 illicitum.
2436 3100 2523 3140 Ergo

331 3146 359 3176 si
380 3146 468 3185 prius
490 3151 596 3176 ratum
617 3155 686 3177 non
709 3145 779 3176 fuit.

389 3189 420 3220 3.
442 3189 639 3227 Pmrmuza,
657 3189 696 3221 de
720 3190 876 3221 similibus
899 3191 1002 3221 simile
1026 3195 1073 3221 est
1094 3189 1260 3221 iudicium.
1290 3190 1354 3221 Sed
1376 3191 1403 3221 si

331 3234 574 3265 matrimonium
597 3240 680 3265 esset
695 3234 910 3265 dirimendum
933 3240 1065 3275 propter
1081 3235 1401 3275 consanguinitatem,

331 3282 420 3314 tunc,
436 3278 471 3308 in
495 3287 570 3309 casu
592 3279 649 3310 illo
674 3279 805 3319 quando
830 3279 896 3310 duo
912 3279 1022 3310 fratres
1044 3280 1163 3310 habent
1179 3278 1257 3310 duas
1277 3289 1403 3310 sorores

1457 3146 1497 3178 de
1521 3156 1560 3177 eo
1583 3152 1691 3186 potest
1714 3156 1782 3177 esse
1805 3147 1977 3177 accusatio.

1511 3191 1701 3222 Rsssrounno
1726 3201 1886 3221 mmmmm
1901 3190 1992 3231 quod
2008 3191 2168 3221 accusatio
2185 3189 2224 3220 ad
2240 3190 2303 3219 hoc
2319 3194 2366 3219 est
2380 3189 2523 3220 instituta

1457 3245 1499 3266 ne
1515 3235 1630 3275 aliquis
1641 3236 1834 3266 sustineatur
1845 3236 1936 3276 quasi
1948 3236 2105 3266 innocens
2121 3235 2177 3275 qui
2193 3234 2322 3274 culpam
2333 3234 2438 3264 habet.
2456 3233 2522 3264 Sic-

1457 3285 1494 3310 ut
1509 3285 1618 3310 autem
1641 3289 1679 3310 ex
1702 3280 1881 3320 ignorantia
1903 3279 1979 3310 facti
2005 3280 2160 3319 contingit
2177 3278 2265 3319 quod
2287 3278 2400 3318 aliquis
2420 3279 2521 3308 homo

332 3322 367 3352 in
388 3331 515 3359 uxores»,
532 3323 558 3353 si
580 3333 666 3354 unus
688 3329 851 3364 separatur
873 3330 1005 3364 propter
1028 3324 1348 3364 consanguinitatem,
1372 3329 1404 3355 et
1417 3331 1445 3353 ⁷⁰
1458 3329 1623 3364 reputatur
1638 3324 1794 3354 innocens
1810 3325 1867 3364 qui
1882 3325 1916 3354 in
1937 3324 2033 3364 culpa
2048 3330 2104 3360 est,
2117 3325 2160 3354 ita
2176 3333 2213 3353 ex
2230 3323 2408 3363 ignorantia
2424 3322 2522 3352 alicu-

333 3366 413 3397 alius
429 3367 496 3407 pari
511 3367 635 3398 ratione
650 3369 787 3408 separari
803 3367 942 3399 deberet.
963 3368 1063 3407 Quod
1078 3377 1146 3398 non
1161 3367 1296 3399 videtur.
1315 3368 1402 3409 Ergo

332 3411 576 3442 matrimonium
598 3421 668 3442 non
691 3417 738 3443 est
760 3412 973 3453 separandum
988 3418 1121 3454 propter
1145 3413 1403 3453 consanguinita-

332 3460 399 3486 tem
422 3454 474 3486 vel
497 3454 692 3487 affinitatem.

1458 3369 1508 3399 ius
1525 3369 1781 3399 circumstantiae
1796 3369 1954 3409 contingit
1970 3368 2060 3409 quod
2075 3367 2207 3408 aliquod
2222 3366 2342 3397 factum
2358 3371 2522 3407 reputatur

1458 3413 1582 3444 licitum
1599 3411 1690 3452 quod
1713 3417 1759 3443 est
1781 3412 1940 3443 illicitum.
1966 3413 2007 3443 Et
2029 3412 2114 3449 ideo,
2134 3413 2216 3443 sicut
2230 3412 2331 3442 homo
2356 3415 2522 3441 accusatur

1459 3456 1674 3497 quandoque,
1698 3457 1741 3487 ita
1765 3462 1796 3487 et
1821 3456 1942 3487 factum
1964 3457 2072 3497 ipsum
2099 3457 2238 3487 accusari
2261 3461 2377 3495 potest.
2409 3455 2450 3486 Et
2477 3455 2521 3485 sic

389 3499 452 3530 San
476 3509 611 3536 cosm,
627 3501 887 3541 consanguinitas
910 3507 942 3532 et
964 3501 1098 3532 affinitas
1122 3501 1303 3553 impediunt
1326 3511 1404 3532 con·
1457 3502 1700 3532 matrimonium
1715 3506 1882 3532 accusatur
1897 3501 2038 3542 quando,
2051 3506 2182 3542 propter
2196 3500 2408 3540 ignorantiam
2419 3500 2521 3539 impe-

92 3560 134 3583 qu.
147 3561 170 3583 ι,
185 3558 228 3578 m,
244 3545 305 3578 unic
332 3543 525 3574 trahendum
541 3549 572 3575 et
588 3543 741 3575 dirimunt
757 3547 987 3577 contractum*
989 3546 1114 3587 .Ergo,
1127 3547 1153 3577 si
1168 3547 1322 3586 probatur
1338 3545 1404 3576 affi-
1418 3556 1442 3577 75
1459 3545 1603 3582 dimenti,
1626 3546 1809 3576 aestimatur
1832 3545 2012 3586 legitimum
2036 3545 2126 3586 quod
2149 3550 2196 3576 est
2218 3544 2430 3584 illegitimum.

2561 928 2637 960 ‘Diffi
2653 927 2724 954 xxn,
2741 935 2772 955 vi,

2561 955 2589 976 de
2601 935 2662 976 iuru
2677 957 2701 976 et
2704 945 2776 983 sacti

2559 981 2650 1010 Ignor„
2666 982 2688 1008 8,
2703 988 2725 1009 9.

2558 1148 2704 1196 λιιῖῗηὲἓῖέι
2709 1154 2773 1201 ,⁰⁸32

2559 1191 2721 1230 Consangus'n.
2748 1203 2772 1222 et

2557 1228 2625 1256 Affin.

2559 1282 2626 1304 ‘.Cf
2648 1289 2667 1304 s.
2689 1282 2722 1304 Ra
2738 1289 2769 1304 m.

2556 1309 2644 1331 Summ.
2660 1309 2698 1331 lib.
2733 1309 2754 1329 V
2764 1326 2770 1335 ,

2557 1335 2593 1357 tit.
2604 1341 2651 1362 xxi,
2663 1335 2771 1363 Qualiter

2557 1362 2680 1384 accusatio
2698 1366 2741 1384 etc.

2553 2303 2563 2313 ·
2573 2302 2630 2324 Can.
2644 2302 2766 2356 &ia-quis,

2554 2332 2576 2350 et
2589 2335 2639 2350 can.
2678 2324 2704 2350 nli
2716 2335 2765 2350 crt-

2553 2355 2764 2382 men,caus.11,

2553 2388 2663 2430 untYffl'
2684 2408 2702 2429 R

2552 2435 2638 2457 Surum.
2644 2415 2700 2457 ⁵lib.
2703 2414 2716 2430 a
2730 2435 2764 2462 V,

2553 2451 2767 2493 tit.xxr‚Quali1er

2553 2478 2675 2510 accusa’tio
2689 2492 2733 2510 etc.

2553 2515 2635 2563 {25³2}
2640 2521 2764 2563 ,ἓὲηαῖἓέῑ

2554 2567 2762 2590 —Cf.caus.xxxv.

2553 2601 2593 2623 qu.
2599 2600 2685 2622 v1‚can.
2692 2601 2764 2623 i‚3,4.
