2918 4088
210 1121 322 1143 ἸηῘσ-τη,
332 1121 421 1147 Fran-„2

209 1152 274 1170 tract.
283 1148 299 1168 X
306 1149 321 1170 1.
330 1155 392 1168 num.
401 1147 419 1168 ¹5.

209 1180 220 1190 .
277 1186 291 1189 ,.

209 1972 420 2003 ·li>c1r...-.÷p.m,

210 2004 267 2020 vers.
287 2004 318 2019 lb.

211 2292 221 2302 ·
230 2291 306 2312 Eam.
318 2297 367 2317 cap.
378 2298 390 2310 x

210 2324 269 2339 vers.
289 2325 308 2338 1·.·
325 2324 376 2344 sqq.

211 2423 423 2469 ''Issll⁴¹‘.qn.1..x}¹;it

211 2453 253 2471 art.
268 2458 290 2475 4.
307 2449 335 2469 ud
351 2456 373 2471 2:

395 2297 423 2312 ΥΙ.

211 2476 265 2502 11³⁸,
277 2483 314 2503 qu.
325 2482 370 2501 xix,
381 2482 404 2496 ui·

211 2509 330 2530 9‚11,1'-*.

213 2920 223 2930 ·
238 2919 262 2939 ln
282 2926 385 2945 corpote.

457 203 528 237 242

450 272 535 307 lidie
553 272 808 307 Eucharistiae
833 273 1132 307 communionem
1159 272 1328 319 accipere
1350 282 1416 306 nec
1435 270 1513 306 lau-

451 324 496 359 do
526 336 593 360 nec
619 325 796 373 vitupero.

504 378 560 412 An
590 389 723 413 PmMUM
744 389 841 413 ERGO
870 389 1051 413 DICENDUM
1071 377 1179 425 quod
1207 387 1276 424 per
1299 387 1514 412 sacramen-

452 440 532 465 tum
562 429 739 478 baptismi
769 429 1030 476 configuratur
1058 430 1179 466 homo
1215 428 1330 464 morti
1364 428 1513 475 Christi,

453 483 487 517 in
518 494 557 517 se
587 482 797 530 suscipiens
826 481 908 518 eius
928 483 1206 518 characterem:
1237 488 1273 517 et
1301 481 1399 527 ideo,
1421 481 1516 517 sicut

452 535 624 571 Christus
651 536 765 571 semel
792 541 959 571 mortuus
986 540 1047 580 est,
1078 534 1128 571 ita
1157 535 1283 570 solum
1313 535 1431 570 semel
1451 534 1515 570 de-

452 588 512 624 bet
540 588 660 624 homo
690 587 881 635 baptizari.
921 588 997 624 Sed
1025 599 1095 636 per
1123 588 1199 624 hoc
1231 594 1513 623 sacramentum

452 653 528 676 non
550 640 679 688 recipit
698 641 819 676 homo
851 640 989 677 Christi
1009 641 1279 686 characterem,
1301 640 1367 676 sed
1387 639 1516 688 ipsum

452 696 461 726 (
473 693 657 739 Ihristum,
679 692 788 729 cuius
807 692 927 729 virtus
949 701 1079 729 manet
1098 693 1138 730 in
1157 701 1374 730 aeternum:
1398 693 1514 739 unde,

450 746 499 782 ad
524 747 622 782 Heb.
650 758 674 782 x
692 746 731 791 ²¹⁶,
762 758 837 782 una
866 747 1051 783 oblatione
1082 747 1352 783 consummavit
1383 747 1516 783 sancti-

439 801 576 846 ficatos
605 801 640 835 in
669 800 945 848 sempiternum.
982 800 1030 836 Et
1057 798 1157 846 ideo,
1188 800 1279 848 quia
1306 798 1477 848 quotidie
1498 804 1516 825 η

452 854 570 888 homo
600 851 740 900 indiget
769 852 957 889 salutifera
993 852 1133 889 Christi
1159 853 1315 899 virtute,
1346 852 1516 901 quotidie

452 913 573 954 potest
601 905 838 942 laudabiliter
875 907 951 942 hoc
986 914 1271 942 sacramentum
1307 905 1535 954 perciperes

504 959 551 994 Et
579 958 669 1006 quia
688 958 894 1007 praecipue
914 958 1128 1007 baptismus
1157 967 1212 995 est
1239 958 1441 1007 spiritualis
1461 971 1517 994 re-

449 1010 654 1057 generatio,
676 1011 775 1056 ideo,
806 1011 903 1047 sicut
930 1012 1052 1047 homo
1082 1013 1200 1048 semel
1225 1011 1424 1048 carnaliter
1451 1024 1517 1048 na-

451 1063 581 1109 scitur,
612 1063 661 1099 ita
691 1063 803 1099 debet
841 1065 960 1100 semel
988 1063 1230 1112 spiritualiter
1266 1064 1412 1100 renasci
1450 1076 1519 1112 per

452 1115 703 1164 baptismum:
734 1123 776 1151 ut
795 1116 1031 1163 Augustinus
1051 1116 1140 1152 dicit
1158 1116 1188 1162 ²⁸,
1210 1128 1326 1165 super
1348 1116 1441 1153 illud
1461 1118 1517 1153 Io-

450 1180 509 1204 an.
531 1181 563 1204 111
583 1168 612 1213 ³1⁶,
649 1169 844 1210 Quomodo
867 1174 986 1217 potest
1014 1170 1125 1205 homo
1151 1170 1255 1205 nasci
1281 1181 1366 1205 cum
1393 1171 1437 1205 sit
1464 1181 1518 1205 se-

451 1221 552 1257 nex?
582 1221 658 1257 Sed
687 1222 761 1257 hoc
790 1229 1075 1257 sacramentum
1095 1228 1150 1257 est
1170 1221 1277 1258 cibus
1297 1221 1515 1270 spiritualis:

452 1274 563 1320 unde,
585 1274 681 1310 sicut
709 1274 817 1310 cibus
837 1274 1046 1323 corporalis
1073 1274 1243 1323 quotidie
1273 1274 1447 1320 sumitur,
1469 1274 1519 1311 ita

450 1336 483 1364 ct
513 1328 587 1363 hoc
616 1335 900 1364 sacramentum
937 1327 1108 1376 quotidie
1145 1339 1298 1364 sumere
1327 1327 1517 1364 laudabile

450 1387 514 1417 cst.
545 1380 656 1417 Unde
685 1380 890 1425 Dominus,
920 1381 1015 1417 Luc.
1036 1392 1071 1417 xt
1090 1380 1120 1427 ²⁸,
1150 1381 1263 1417 docet
1285 1388 1426 1429 petere,
1446 1382 1518 1417 Pa-

449 1445 533 1469 nem
563 1439 728 1469 nostrum
754 1434 1008 1482 quotidianum
1037 1434 1085 1470 da
1108 1435 1212 1470 nobis
1240 1433 1367 1470 hodie:
1395 1432 1433 1470 in
1453 1445 1518 1470 cu-

450 1487 507 1523 ius
527 1486 764 1535 expositione
780 1487 1018 1534 Augustinus
1037 1486 1137 1532 dicit,
1156 1486 1195 1523 in
1215 1486 1311 1523 libro
1332 1487 1377 1523 de
1393 1488 1520 1524 Verbis

341 1553 353 1566 ¹·
374 1552 420 1571 ³¹1*-
452 1541 604 1576 Domini
620 1539 659 1575 *s
691 1541 731 1576 Si
758 1540 916 1589 quotidie
947 1542 1155 1589 acceperis,
1186 1539 1325 1576 scilicet
1354 1541 1428 1577 hoc
1462 1553 1518 1577 sa-

449 1601 710 1639 cramentum,
742 1593 900 1642 quotidie
927 1594 993 1630 tibi
1018 1599 1069 1629 est
1103 1593 1231 1639 hodie,
1260 1594 1326 1629 tibi
1355 1594 1520 1630 Christus

450 1646 607 1694 quotidie
635 1648 817 1696 resurgit:
844 1646 952 1683 hodie
971 1647 1069 1683 enim
1098 1652 1149 1683 est
1174 1646 1322 1695 quando
1355 1648 1520 1684 Christus

451 1701 622 1748 resurgit.

502 1753 557 1788 AD
591 1764 781 1789 SECUNDUM
814 1764 997 1789 DICENDUM
1031 1752 1139 1801 quod
1175 1764 1296 1800 agnus
1330 1752 1520 1802 paschalis

449 1805 653 1854 praecipue
674 1803 686 1825 ⁰
705 1805 775 1842 fuit
797 1804 920 1853 figura
945 1804 1061 1841 huius
1082 1805 1309 1842 sacramenti
1329 1813 1520 1855 quantum

449 1858 497 1894 ud
532 1858 754 1907 passionem
784 1857 943 1905 Christi,
974 1870 1074 1907 quae
1111 1866 1418 1907 repraesentatur
1450 1871 1521 1908 per

449 1913 524 1947 hoc
544 1919 840 1948 sacramentum.
872 1912 920 1948 Et
939 1911 1026 1948 ideo
1048 1913 1167 1948 semel
1186 1919 1337 1948 tantum
1356 1912 1396 1948 in
1416 1924 1519 1949 anno

449 1964 685 2010 sumebatur,
707 1964 798 2013 quia
829 1966 996 2001 Christus
1018 1965 1132 2001 semel
1158 1971 1326 2002 mortuus
1345 1971 1395 2002 est
1413 1965 1443 2002 ³⁸.
1473 1966 1522 2002 Et

449 2025 606 2066 propter
634 2018 709 2054 hoc
738 2018 852 2054 etiam
882 2017 1052 2054 Ecclesia
1076 2019 1196 2054 semel
1224 2018 1263 2054 in
1292 2030 1395 2055 anno
1424 2019 1520 2055 cele-

450 2071 533 2106 brat
560 2070 791 2107 memoriam
811 2070 1000 2120 passionis
1028 2070 1177 2107 Christi.
1209 2071 1286 2108 Sed
1305 2071 1344 2107 in
1369 2072 1444 2108 hoc
1463 2084 1520 2108 sa—

450 2131 646 2160 cramento
662 2123 822 2160 traditur
836 2123 949 2160 nobis
968 2123 1194 2161 memoriale
1209 2123 1398 2173 passionis
1415 2124 1521 2161 Chri-

450 2176 493 2212 ¹sti
514 2188 583 2225 per
602 2177 767 2213 modum
787 2177 874 2222 cibi,
890 2176 957 2226 qui
975 2176 1147 2225 quotidie
1167 2177 1343 2214 sumitur.
1365 2178 1414 2214 Et
1432 2177 1520 2215 ideo

450 2237 640 2278 quantum
669 2230 717 2266 ad
745 2231 820 2266 hoc
848 2229 1082 2277 significatur
1114 2242 1183 2279 per
1211 2227 1374 2278 manna,
1413 2231 1521 2280 quod

450 2283 622 2332 quotidie
649 2284 797 2332 populo
827 2283 991 2319 dabatur
1018 2282 1058 2319 in
1087 2283 1238 2320 deserto
1257 2283 1288 2320 ³⁸.

504 2338 560 2372 AD
580 2348 739 2373 TERTIUM
759 2348 941 2373 DICENDUM
962 2336 1069 2385 quod
1090 2336 1304 2373 reverentia
1328 2336 1444 2373 huius
1464 2349 1520 2374 sa-

450 2388 634 2425 cramenti
663 2389 778 2426 habet
797 2388 978 2426 timorem
999 2389 1123 2426 amori
1147 2389 1419 2427 coniunctum:
1449 2402 1521 2426 un-

451 2443 497 2478 de
526 2442 642 2479 timor
670 2441 904 2479 reverentiae
934 2442 983 2479 ad
1011 2443 1142 2479 Deum
1171 2442 1308 2479 dicitur
1335 2443 1452 2480 timor
1476 2443 1521 2479 fi-

451 2495 554 2542 lialis,
572 2503 614 2532 ut
633 2495 671 2532 in
692 2495 871 2532 Secunda
891 2496 1002 2532 Parte
1016 2495 1036 2517 ‘³‘
1055 2495 1200 2532 dictum
1222 2503 1288 2532 est.
1310 2496 1368 2532 Ex
1388 2508 1521 2533 amore

503 2620 530 2652 η)
550 2620 678 2652 quotidie.
695 2634 713 2638 -
732 2622 788 2643 tota
808 2619 851 2644 die
870 2619 985 2644 BCDEa.

504 2654 528 2688 θ)
544 2655 698 2687 praecipue.
717 2669 736 2673 -—
754 2655 815 2679 Orn.
836 2655 972 2679 BCDEFa.

504 2691 522 2722 ι)
543 2691 581 2715 Si.
599 2705 618 2709 —
638 2691 670 2721 Ρ;
690 2698 742 2715 om.
761 2690 779 2720 1,
799 2690 860 2715 licet
879 2691 964 2715 ceteri.
985 2690 1034 2714 Pro
1053 2691 1174 2724 affirmat
1192 2691 1319 2723 quotidie,
1338 2694 1434 2716 contra
1453 2691 1480 2716 Ρ.

503 2727 528 2760 κ’)
544 2730 672 2758 peccator
697 2726 773 2751 homo
798 2733 855 2758 ego.
873 2740 892 2744 —
910 2726 988 2751 homo
1008 2729 1137 2757 peccator
1155 2734 1204 2759 ego
1223 2727 1264 2751 ed.
1283 2734 1308 2755 α,
1322 2730 1451 2758 peccator
1469 2734 1518 2760 ego

451 2763 511 2791 libe,
531 2762 608 2786 homo
625 2764 751 2793 peccator
770 2761 809 2786 ΡΙ.
829 2761 867 2786 Cf.
881 2769 925 2794 qu.
940 2769 1031 2785 Lxxxu.
1047 2766 1094 2786 art.
1109 2761 1133 2787 5.
1152 2762 1183 2786 ad
1200 2769 1223 2787 2.
1237 2765 1366 2794 peccator
1384 2762 1519 2788 sacerdos.

1123 191 1386 237 QUAESTIO
1416 190 1578 237 LXXX,
1607 189 1900 227 ARTICULUS
1928 191 1963 226 X

1570 269 1674 306 enim
1693 277 1926 318 provocatur
1945 269 2178 306 desiderium
2205 269 2401 306 sumendi:
2432 283 2478 307 ex
2497 268 2634 307 timore

1570 330 1700 360 autem
1737 322 1930 370 consurgit
1969 322 2164 359 humilitas
2205 322 2416 359 reverendi.
2460 323 2508 359 Et
2546 322 2633 360 ideo

1571 383 1779 424 utrumque
1814 375 1976 424 pertinet
2003 375 2052 411 ad
2080 375 2334 412 reverentiam
2369 375 2484 412 huius
2513 387 2634 412 sacra-

1571 428 1706 473 menti,
1737 435 1772 464 et
1804 428 1912 476 quod
1945 427 2116 476 quotidie
2150 436 2343 474 sumatur,
2373 436 2410 466 et
2437 429 2545 477 quod
2573 428 2634 465 ali-

1571 481 1728 530 quando
1749 480 1992 517 abstineatur.
2022 481 2133 518 Unde
2153 481 2390 529 Augustinus
2409 481 2498 518 dicit
2511 481 2548 517 *t
2574 482 2615 518 Si
2627 486 2635 502 ⁸

1570 535 1704 571 dixerit
1733 535 1913 583 quispiam
1937 545 2010 570 non
2033 534 2190 582 quotidie
2216 534 2470 583 accipiendam
2489 535 2635 571 Eucha-

1571 589 1722 633 ristiam‚
1743 587 1837 623 alius
1855 587 2024 634 affirmat
2049 587 2225 635 quotidie:
2241 587 2366 634 faciat
2391 588 2637 635 unusquisque

1571 640 1670 690 quod
1685 640 1887 676 secundum
1904 639 2026 687 fidem
2045 652 2152 676 suam
2175 642 2241 689 pie
2267 639 2382 676 credit
2401 651 2478 676 esse
2487 640 2637 687 facien-

2663 483 2672 492 *
2680 481 2717 502 Aa
2726 481 2832 511 Inquitit.
2841 480 2879 502 la-

2663 513 2732 529 nuar.
2748 507 2808 528 lib.l
2824 507 2850 531 (E
2868 522 2874 528 .

2663 533 2723 559 LIV,
2730 533 2875 580 ³¹'vanl2

2663 566 2714 619 {332
2723 559 2877 616 Qllktsifefik

2664 613 2811 660 legatarum,
2821 613 2875 634 dist.

2767 677 2775 692 t

1571 694 1669 730 dum.
1699 694 1832 742 Neque
1851 694 1949 729 enim
1973 692 2211 742 litigaverunt
2238 694 2333 728 inter
2359 704 2399 728 se
2425 693 2638 729 Zacchaeus
2672 702 2674 704 ’

1571 753 1604 783 et
1627 747 1687 783 ille
1709 747 1896 791 Centurio,
1917 757 2002 781 cum
2026 746 2120 782 alter
2138 757 2267 782 eorum
2286 746 2456 794 gaudens
2473 756 2638 794 suscepe—

1571 802 1618 837 rit
1635 800 1853 845 Dominum,
1874 799 1968 835 alter
1992 798 2138 845 dixerit,
2171 814 2189 831 ‹<
2211 799 2301 835 Non
2329 810 2410 835 sum
2438 798 2574 848 dignus
2602 802 2640 834 ut

1571 855 1683 890 intres
1700 854 1767 890 sub
1786 858 1918 889 tectum
1938 863 2061 888 meum
2084 867 2118 898 »,
2142 853 2252 888 ambo
2273 852 2504 889 Salvatorem
2523 852 2638 888 hono-

1571 908 1769 955 rificantes,
1800 906 1967 955 quamvis
1996 917 2070 942 non
2100 917 2175 941 uno
2203 905 2326 941 modo.
2359 906 2482 941 Amor
2509 911 2639 940 tamen

1572 968 1608 997 et
1635 971 1733 1008 speS,
1755 959 1804 995 ad
1832 970 1931 1007 quae
1961 969 2114 1006 semper
2133 957 2327 1017 Scriptura
2346 969 2418 994 nos
2440 963 2637 1006 provocat,

1571 1012 1839 1062 praeferuntur
1866 1010 2013 1047 timori:
2045 1011 2148 1047 unde
2178 1018 2224 1057 et,
2246 1023 2337 1047 cum
2363 1011 2497 1047 Petrus
2525 1008 2638 1046 dixis-

1573 1073 1638 1110 set,
1667 1067 1745 1102 Exi
1765 1077 1788 1101 a
1810 1076 1881 1109 me,
1904 1065 2076 1110 Domine,
2098 1066 2183 1113 quia
2205 1070 2383 1113 peccator
2401 1065 2512 1100 homo
2532 1074 2604 1112 ego
2623 1068 2639 1083 κ

1571 1130 1666 1163 sum,
1696 1116 1893 1165 respondit
1921 1118 2025 1152 Iesus
2044 1116 2081 1152 *z
2111 1117 2205 1153 Noli
2230 1119 2370 1153 timere.

1626 1171 1683 1206 AD
1713 1181 1885 1211 QUARTUM
1904 1167 1917 1189 λ
1946 1181 2128 1206 D1CEND1JM
2166 1170 2290 1217 quod,
2320 1168 2412 1217 quia
2445 1168 2639 1205 Dominus

1572 1222 1662 1259 dicit
1677 1222 1708 1267 ³¹⁴,
1735 1223 1878 1259 Panem
1906 1227 2071 1258 nostrum
2098 1222 2350 1270 quotidianum
2379 1222 2426 1258 da
2453 1223 2557 1258 nobis
2575 1222 2639 1257 ho-

1574 1276 1649 1321 die,
1684 1287 1764 1311 non
1800 1282 1855 1311 est
1892 1273 2035 1323 pluries
2071 1273 2111 1310 in
2149 1274 2209 1310 die
2247 1273 2638 1310 communicandum:

1573 1336 1615 1365 ut
1634 1329 1767 1364 saltem
1787 1339 1856 1376 per
1875 1327 1950 1363 hoc
1970 1326 2077 1375 quod
2097 1326 2233 1375 aliquis
2257 1327 2376 1363 semel
2395 1326 2435 1362 in
2454 1325 2515 1363 die
2534 1336 2640 1363 com-

1573 1381 1756 1426 municat,
1787 1387 2091 1429 repraesentetur
2118 1379 2243 1416 unitas
2271 1379 2459 1428 passionis
2488 1377 2639 1416 Christi.

1626 1435 1684 1471 AD
1705 1446 1866 1476 QUINTUM
1885 1445 2068 1470 DICENDUM
2088 1433 2206 1482 quod,
2228 1433 2445 1469 secundum
2469 1438 2608 1469 statum
2623 1435 2642 1459 ί*

1573 1487 1772 1524 diversum
1787 1486 1992 1532 Ecclesiae,
2009 1486 2159 1523 diversa
2178 1485 2277 1522 circa
2296 1486 2373 1522 hoc
2389 1492 2527 1522 statuta
2540 1494 2642 1521 ema-

1573 1548 1725 1578 narunt.
1755 1540 1860 1576 Nam
1884 1538 1923 1575 in
1942 1538 2136 1588 primitiva
2163 1538 2345 1585 Ecclesia,
2375 1538 2533 1588 quando
2561 1548 2642 1574 ma-

1573 1593 1628 1642 gis
1647 1600 1659 1614 V
1686 1593 1838 1641 vigebat
1866 1592 2022 1629 devotio
2050 1592 2142 1629 fidei
2172 1592 2428 1638 Christianae,
2458 1597 2642 1628 statutum

1573 1646 1642 1684 fuit
1656 1654 1699 1683 ut
1718 1645 1889 1695 quotidie
1903 1645 2037 1682 fideles
2051 1645 2396 1682 communicarent.
2416 1644 2528 1683 Unde
2543 1643 2643 1681 Ana·

1574 1701 1693 1737 cletus
1721 1700 1827 1748 Papa
1854 1698 1944 1736 dicit
1961 1698 1999 1735 *z
2029 1700 2187 1736 Peracta
2206 1700 2494 1744 consecratione,
2515 1706 2644 1734 omnes

1574 1754 1847 1790 communicent
1880 1753 1944 1801 qui
1969 1752 2154 1789 noluerint
2182 1752 2432 1789 ecclesiasticis
2452 1747 2584 1788 carere
2601 1749 2643 1786 li-

1575 1808 1735 1843 minibus
1753 1803 1784 1842 E:
1814 1807 1867 1842 sic
1894 1806 1993 1841 enim
2021 1810 2054 1841 et
2071 1805 2241 1854 Apostoli
2265 1810 2480 1849 statuerunt,
2501 1806 2535 1840 et
2557 1814 2643 1840 san-

1574 1866 1633 1896 cta
1660 1860 1838 1896 Romana
1865 1864 1960 1895 tenet
1978 1858 2156 1895 Ecclesia.
2186 1858 2444 1896 Postmodum
2462 1868 2568 1902 ver0,
2588 1853 2644 1892 di-

1574 1912 1725 1949 minuto
1761 1910 1852 1948 fidei
1886 1911 2055 1958 fervore,
2085 1910 2280 1948 Fabianus
2313 1913 2419 1960 Papa
2441 1909 2461 1931 *
2489 1907 2645 1946 indulsit

1575 1971 1623 2012 ut,
1653 1967 1685 2002 si
1712 1977 1786 2002 non
1806 1966 2054 2014 frequentius,
2083 1964 2212 2002 saltem
2240 1970 2296 2001 ter
2323 1966 2360 2002 in
2389 1975 2491 2002 anno
2516 1973 2645 1999 omnes

1574 2020 1869 2063 communicent,
1908 2016 2047 2054 scilicet
2084 2019 2121 2054 in
2157 2019 2323 2063 Pascha,
2362 2019 2399 2054 in
2434 2018 2646 2053 Pentecoste

1575 2077 1608 2108 et
1636 2073 1672 2108 in
1701 2072 1904 2108 Nativitate
1930 2071 2095 2107 Domini.
2132 2071 2242 2107 Soter
2274 2070 2389 2107 etiam
2423 2070 2529 2119 Papa
2550 2067 2571 2090 *
2605 2068 2643 2104 in

1579 2126 1681 2162 Cena
1716 2125 1874 2162 Domini
1907 2122 1997 2160 dicit
2041 2135 2123 2160 esse
2165 2122 2559 2160 communicandum:
2601 2126 2645 2158 ut

1574 2177 1738 2215 habetur
1765 2177 1805 2214 in
1833 2176 2014 2223 Decretis,
2036 2177 2081 2213 de
2112 2177 2300 2223 Consecr.,
2328 2177 2406 2214 dist.
2426 2174 2506 2212 11*.
2536 2174 2644 2211 Post-

1574 2230 1876 2276 modum‘vero,
1892 2236 2048 2280 propter
2066 2230 2265 2279 iniquitatis
2292 2229 2559 2267 abundantiam
2587 2239 2644 2265 re-

1571 2285 1797 2334 frigescente
1831 2285 1984 2320 caritate
2010 2283 2212 2320 multorum
2235 2283 2271 2330 ²⁸,
2301 2281 2428 2320 statuit
2459 2282 2644 2318 Innocen-

1574 2336 1649 2374 tius
1677 2338 1722 2374 ΙΙΙ
1741 2336 1761 2358 *
1788 2343 1831 2373 ut
1857 2337 1986 2374 saltem
2004 2335 2119 2373 semel
2145 2338 2182 2373 in
2212 2348 2325 2382 anno,
2346 2334 2486 2373 scilicet
2513 2335 2550 2370 in
2571 2334 2644 2370 Pa-

1574 2391 1683 2437 scha,
1712 2389 1846 2427 fideles
1874 2388 2175 2426 communicent.
2205 2411 2230 2415 —
2265 2387 2488 2426 Consulitur
2513 2394 2645 2424 tamen

1576 2443 1615 2480 in
1643 2443 1740 2480 libro
1769 2443 1814 2480 de
1840 2443 2105 2480 Ecclesiasticis
2129 2444 2308 2492 Dogmat.
2327 2441 2360 2488 ²¹⁸,
2381 2442 2550 2479 omnibus
2573 2439 2645 2476 die-

1576 2498 1643 2534 bus
1670 2497 1878 2533 Dominicis
1905 2496 2270 2533 communicandum.

1626 2619 1654 2654 λ)
1673 2621 1717 2646 Ad
1729 2624 1865 2654 quartum.
1879 2635 1898 2638 —
1912 2620 2039 2645 Ordinem
2058 2620 2218 2644 solutionum
2232 2620 2276 2645 Ad
2289 2623 2414 2652 quartum
2428 2624 2453 2644 et
2464 2619 2509 2644 Ad
2522 2619 2644 2652 quintum

1573 2656 1706 2681 invertunt
1723 2663 1816 2681 omnes
1836 2660 1937 2688 praeter
1955 2656 2002 2680 Pa.

1628 2691 1656 2725 μ)
1675 2695 1784 2716 statum.
1802 2706 1821 2710 —-
1839 2695 1970 2716 statutum
1990 2691 2065 2721 BCD,
2083 2695 2144 2724 post
2163 2691 2297 2716 diversum
2318 2695 2419 2723 ponunt
2438 2691 2478 2715 ΡΙ.

1627 2727 1651 2760 ν)
1672 2727 1766 2760 magis.
1784 2742 1803 2746 —
1822 2734 1922 2760 magna
1941 2727 2074 2751 editiones.
2544 2752 2547 2753 ⁷

1628 2761 1651 2797 ξ)
1671 2763 1814 2788 liminibus.
1832 2777 1852 2781 —
1870 2762 1912 2787 Ga
1931 2767 1956 2787 et
1974 2762 2115 2792 editiones;
2135 2767 2200 2795 spat.
2221 2769 2276 2786 vac.
2295 2762 2328 2791 H,
2346 2761 2491 2786 luminibus
2509 2761 2595 2786 ceteri.

1129 2840 1466 2873 commentaria
1487 2840 1740 2874 cardinalis
1761 2827 1964 2875 Caietam

485 2930 502 2949 N
515 2920 648 2950 articulo
662 2919 799 2955 decimo,
813 2921 895 2950 circa
908 2919 1129 2960 quotidianam
1146 2920 1404 2956 celebrationem,
1417 2921 1518 2950 nota*

457 2933 655 3004 lAugustini
677 2965 830 2995 verbum:
859 2964 913 2994 Sic
940 2965 1009 2995 vive
1033 2969 1069 2994 ut
1090 2964 1233 3004 quotidie
1256 2965 1412 2995 merearis
1433 2964 1518 2995 acci-

451 3018 536 3048 pere.
562 3009 727 3046 Quoniam
746 3018 802 3049 per
817 3009 864 3039 sic
879 3009 986 3039 vivere
1001 3008 1244 3048 intelligendum
1260 3014 1308 3039 est
1322 3009 1519 3048 spiritualem

457 3054 551 3082 vitam
574 3054 618 3083 sic
642 3053 758 3083 ducere
789 3059 824 3083 ut
848 3053 1035 3093 quotidiana
1058 3053 1291 3083 communione
1314 3062 1441 3093 semper
1463 3063 1519 3083 au—

455 3102 580 3134 geatur:
612 3097 755 3137 alioquin
783 3107 851 3127 non
882 3098 926 3127 sic
953 3098 1069 3127 vivitur
1099 3103 1134 3127 ut
1165 3097 1309 3137 quotidie
1340 3107 1520 3128 mereamur

456 3141 608 3179 accipere.
632 3141 714 3171 Nam
740 3142 795 3181 qui
819 3141 963 3181 quotidie
983 3146 1123 3171 meretur
1147 3142 1301 3182 accipere,
1319 3141 1414 3172 debet
1437 3151 1520 3182 quo—

457 3183 531 3214 tidie
555 3185 598 3214 sic
622 3194 689 3214 esse
706 3185 877 3224 dispositus
901 3191 937 3215 ut
961 3185 1102 3215 fructum
1118 3186 1334 3216 Eucharistiae
1350 3186 1518 3226 percipiat:

458 3227 576 3257 fructus
600 3234 707 3258 autem
730 3229 898 3268 spiritualis
914 3229 1010 3259 huius
1029 3230 1090 3259 cibi
1110 3235 1156 3259 est
1178 3239 1244 3259 non
1267 3230 1373 3260 solum
1389 3229 1520 3260 actualis

458 3271 587 3301 refectio
617 3272 761 3311 spiritus,
794 3272 849 3302 sed
877 3278 1086 3312 augmentum
1112 3274 1248 3312 gratiae;
1284 3274 1440 3313 quoniam
1463 3282 1520 3313 per

458 3320 563 3345 totum
585 3320 712 3354 tempus
736 3317 908 3354 praesentis
931 3317 1014 3346 vitae
1045 3327 1156 3347 sumus
1182 3318 1215 3347 in
1239 3323 1322 3347 statu
1345 3317 1518 3356 augmenti.

512 3359 645 3398 Propter
669 3359 768 3399 quod,
785 3360 895 3389 crebro
912 3365 966 3389 aut
982 3360 1125 3399 quotidie
1142 3361 1335 3391 celebrantes
1352 3361 1521 3392 discutiant

459 3404 491 3432 in
515 3404 624 3442 seipsis
648 3402 788 3433 fructum
812 3404 996 3442 praeteritae
1021 3404 1257 3434 celebrationis:
1288 3410 1319 3434 et
1341 3404 1519 3435 secundum

458 3446 640 3486 profectum
663 3447 713 3477 vel
737 3446 898 3477 defectum
922 3457 1019 3487 quem
1044 3448 1248 3487 experiuntur
1271 3449 1303 3478 in
1327 3458 1379 3484 se,
1410 3458 1520 3488 prose-

460 3496 598 3529 quantur
621 3491 670 3521 vel
701 3502 719 3521 a
746 3492 972 3531 prosecutione
1004 3491 1163 3521 desistant.
1199 3491 1264 3529 Qui
1289 3492 1384 3527 enim,
1412 3492 1520 3522 multis

1582 2920 1847 2951 celebrationibus
1871 2921 2016 2961 peractis,
2040 2919 2080 2950 ad
2103 2926 2191 2951 actus
2207 2921 2360 2950 virtutum
2382 2929 2450 2950 non
2472 2919 2587 2950 melius
2610 2928 2644 2950 se

1582 2965 1677 2995 habet
1705 2974 1803 3005 quam
1830 2966 1935 3005 prius,
1966 2965 2234 3005 passionibusque
2259 2973 2328 2995 non
2349 2964 2456 2994 minus
2479 2963 2645 2994 subiicitur

1582 3018 1681 3049 quarn
1711 3010 1817 3049 prius,
1841 3018 1955 3049 parum
1982 3014 2038 3039 aut
2062 3009 2142 3039 nihil
2168 3007 2358 3039 celebrando
2381 3007 2526 3048 profecit.
2561 3007 2644 3038 Dico

1583 3059 1700 3090 autem,
1719 3061 1862 3093 parum:
1885 3054 1961 3094 quia
1979 3052 2061 3085 forte
2077 3052 2186 3093 quoad
2207 3052 2348 3092 aliquam
2365 3052 2523 3082 actualem
2547 3051 2645 3082 devo-

1581 3098 1705 3128 tionem
1727 3097 1874 3137 profecit.
1898 3098 1972 3128 Dixi
1994 3106 2137 3137 quoque,
2154 3101 2233 3136 post
2254 3096 2372 3127 multas
2395 3096 2646 3127 celebrationes:

1583 3142 1740 3181 quoniam
1754 3151 1822 3172 non
1838 3140 1942 3172 audeo
1959 3150 2095 3171 asserere
2113 3141 2147 3170 in
2163 3140 2303 3180 qualibet
2319 3140 2532 3171 celebratione
2548 3149 2645 3181 opor-

1582 3191 1648 3216 tere
1672 3186 1884 3216 celebrantem
1909 3194 1976 3215 esse
2000 3184 2190 3224 dispositum
2214 3184 2257 3214 sic
2275 3188 2311 3214 ut
2330 3193 2387 3224 per
2402 3184 2578 3224 quamlibet
2593 3193 2645 3215 ce-

1582 3229 1792 3260 lebrationem
1821 3234 1974 3269 augeatur
2003 3228 2128 3258 habitus
2161 3228 2287 3267 gratiae.
2323 3228 2416 3258 Dicet
2446 3229 2533 3259 enim
2563 3227 2646 3259 forte

1583 3274 1743 3313 quispiam
1774 3272 1864 3313 quod
1879 3273 1982 3303 etiam
2004 3281 2103 3312 puer,
2134 3272 2167 3302 in
2197 3277 2279 3302 statu
2303 3273 2484 3312 augmenti,
2515 3270 2583 3303 non
2607 3282 2646 3304 ex

1583 3318 1729 3356 quolibet
1758 3322 1888 3357 sumpto
1919 3317 1992 3346 cibo
2022 3316 2202 3355 singillatim
2226 3322 2368 3356 augetur.
2403 3317 2558 3354 Quamvis
2581 3317 2645 3348 hoe

1582 3370 1650 3391 non
1672 3361 1812 3391 multum
1834 3370 1946 3400 urgere
1963 3359 2122 3390 videatur:
2148 3361 2223 3400 quia
2246 3366 2455 3400 augmentum
2479 3361 2645 3402 corporale

1583 3414 1602 3434 a
1624 3405 1739 3435 virtute
1761 3404 1897 3434 naturali
1920 3403 2125 3434 determinata
2149 3404 2188 3434 ad
2210 3405 2386 3435 naturalem
2402 3404 2645 3446 dispositionem

1583 3447 1635 3484 fit;
1660 3453 1869 3488 augmentum
1892 3453 2000 3478 autem
2023 3448 2158 3478 caritatis
2181 3459 2199 3478 a
2222 3448 2327 3479 divina
2343 3448 2378 3480 fit
2400 3450 2526 3486 virtute,
2543 3459 2645 3490 quan-

1584 3491 1768 3532 documque
1792 3493 1898 3522 anima
1921 3491 1961 3522 ad
1983 3492 2046 3522 hoc
2070 3502 2103 3523 se
2127 3492 2319 3523 sufficienter
2342 3494 2582 3534 praeparaverit.

2763 1069 2778 1086 Χ

2667 1121 2677 1130 ·
2692 1119 2759 1141 νει-ε.
2777 1125 2811 1141 ιο.

2764 1175 2782 1201 λ

2667 1228 2727 1276 {3an.
2743 1234 2804 1256 resp.
2815 1227 2843 1249 ad
2859 1234 2879 1254 ι,

2768 1586 2781 1614 {r

2671 1707 2680 1716 ·
2687 1705 2730 1732 Ep.
2740 1704 2757 1727 t.
2768 1716 2775 1721 -
2785 1705 2822 1727 Cf.
2830 1711 2882 1727 can.

2670 1731 2804 1759 Episcopus
2821 1732 2881 1763 Deo,

2671 1758 2881 1785 effectuum-,dist-

2671 1785 2694 1810 1;
2709 1790 2760 1806 can.
2771 1784 2881 1812 Peracta,

2671 1809 2883 1838 deComecr-.,dist.

2670 1837 2700 1859 11.
2768 1863 2781 1895 ξ

2671 1918 2682 1927 ·
2692 1915 2784 1938 Concil.
2791 1915 2882 1939 Tui-on.

2672 1942 2882 1992 iiras-..22

2673 2021 2794 2050 consecr„
2799 1996 2884 2044 diitlltle.

2670 2075 2883 2130 ;.‚⁶22.÷f¹·..0.:.=r³¹·
2916 2078 2918 2080 ·

2671 2181 2755 2230 ἓξὲξ.
2773 2181 2800 2203 In
2817 2181 2883 2204 Cena
2917 2165 2918 2170 i

2672 2293 2883 2322 ‘Manncnpmxm
2915 2288 2918 2301 ’

2673 2325 2732 2342 vers.
2748 2325 2781 2343 12.
2915 2326 2918 2336 ³

2672 2348 2682 2357 ¹
2697 2346 2754 2373 Cap.
2767 2346 2848 2368 Omnis
2858 2351 2885 2367 a·
2917 2358 2918 2361 =

2672 2373 2780 2401 trinisque
2801 2378 2882 2399 sexus,
2913 2376 2918 2395 “.

2672 2398 2800 2431 del’oenit.
2811 2401 2835 2421 et
2840 2398 2885 2420 Re-
2914 2409 2918 2430 ⁴!

2671 2431 2736 2448 miss.

2672 2452 2810 2475 'Loc.cit.in
2818 2457 2884 2479 corn.
2912 2447 2918 2495 «2

2912 2577 2918 2604 i
