2918 4088
19 436 268 475 ἑ*Ι-ἰΙ>.11,1111ρ.νι,

15 526 18 527 ⁷
58 479 112 522 1ἓέ
124 479 174 522 {ini
185 473 210 495 5
224 473 268 495 ³²¹·

58 575 120 598 ·.<:s
140 575 202 603 Ηιιε.
223 575 269 597 loc.

59 602 99 624 cit.

155 700 170 730 ζ

22 963 26 986 s
57 975 127 1033 {Qn-
137 981 216 1002 mvi,
226 978 270 997 nrt.

0 2382 1 2386 ’
46 2367 172 2406 Ἕως.

923 207 1185 254 QUAESTIO
1214 207 1407 254 LXXVII,
1441 209 1732 246 ARTICULUS
1759 212 1840 248 VIII

296 284 484 334 decipitur
519 284 618 322 circa
652 297 698 322 ea
730 296 900 333 quorum
937 285 1123 322 iudicium
1151 286 1199 322 ad
1228 285 1357 334 ipsum

2388 217 2461 256 203

1414 286 1544 323 ciebus
1577 288 1911 325 sacramentalibus
1945 301 2113 328 remanet
2145 306 2273 331 rarum
2306 303 2341 331 et
2373 296 2464 332 den-

295 337 476 386 pertinet:
507 337 603 374 inter
621 349 720 386 quae
742 345 798 374 est
815 337 956 384 fractio,
985 350 1055 387 per
1073 350 1192 387 quam
1211 349 1257 374 ex
1275 349 1356 374 uno
1414 350 1515 384 sum,
1536 346 1577 375 ut
1596 351 1711 387 supra
1729 339 1749 360 '¹‘
1769 340 1912 376 dictum
1932 350 1996 388 est,
2018 343 2067 380 ita
2086 345 2198 382 etiam
2226 356 2396 384 remanet
2414 348 2465 384 ibi
2491 352 2501 359 '
2517 350 2566 371 ¹³¹¹·
2578 355 2598 377 ²³
2614 349 2642 371 ¹⁶¹
2655 355 2675 378 3·

296 389 396 426 fiunt
423 391 564 436 multa,
598 402 698 439 quae
730 390 890 439 quidem
918 398 1007 427 sunt
1034 390 1224 427 sensibilia
1251 402 1357 427 com-

296 441 443 488 munia,
472 450 515 479 ut
542 450 644 492 patet
671 442 711 479 in
738 443 836 480 libro
864 443 910 480 de
926 444 1067 480 Anima
1085 443 1117 479 ²¹⁸.

349 495 462 532 Unde
490 494 551 532 alii
579 495 756 532 dixerunt
788 496 896 544 quod
924 503 1003 532 erat
1030 495 1082 532 ibi
1109 507 1200 532 vera
1227 494 1357 531 fractio

297 546 378 584 sine
397 547 606 584 substantia
629 547 809 585 existente
829 553 841 569 ⁵
855 548 886 585 ²⁸.
906 570 932 574 —
952 548 1029 586 Sed
1048 549 1124 585 hoc
1142 547 1257 585 etiam
1277 559 1358 584 sen-

297 599 357 637 sui
384 600 618 638 contradicit.
646 602 816 650 Apparet
843 601 947 637 enim
966 601 1006 637 in
1025 601 1101 638 hoc
1119 607 1358 638 sacramento

297 651 454 701 aliquod
481 661 692 702 quantum,
726 653 832 702 prius
859 665 985 690 unum
1013 652 1196 699 existens,
1225 660 1359 701 postea

297 704 337 742 in
364 707 486 742 multa
512 706 695 755 partitum
718 705 746 742 t:
776 706 883 755 quod
912 705 1071 755 quidem
1099 712 1248 755 oportet
1276 717 1358 742 esse

298 757 515 795 subiectum
543 757 745 796 fractionis.

351 811 444 847 Non
480 818 610 847 autem
646 817 771 859 potest
806 809 881 846 dici
918 810 1026 859 quod
1059 809 1189 858 ipsum
1217 822 1358 859 corpus

299 862 439 899 Christi
461 874 600 899 verum
617 862 820 910 frangatur.
850 861 981 899 Primo
1001 861 1173 910 quidem,
1193 862 1284 911 quia
1303 869 1358 898 est

297 914 583 964 incorruptibile
611 922 648 951 et
670 913 914 963 impassibile.
934 936 959 940 -
980 914 1173 960 Secundo,
1193 914 1284 963 quia
1304 921 1358 951 est

296 974 422 1004 totum
441 967 514 1004 sub
533 966 701 1016 qualibet
719 974 837 1016 parte,
857 974 901 1003 ut
919 978 1036 1016 supra
1049 966 1070 988 ’¹‘
1088 966 1264 1003 habitum
1284 973 1356 1003 est.

297 1020 405 1069 quod
424 1027 480 1056 est
498 1019 659 1069 quidem
677 1027 810 1057 contra
827 1019 1017 1056 rationem
1035 1018 1117 1056 eius
1137 1020 1244 1068 quod
1263 1019 1359 1056 fran-

334 1079 409 1109 tur.

297 1083 335 1121 gl
351 1125 463 1162 Unde
491 1124 718 1174 relinquitur
744 1125 852 1174 quod
878 1124 1009 1161 fractio
1033 1124 1079 1161 sit
1098 1124 1194 1162 sicut
1212 1124 1252 1161 in
1271 1124 1359 1161 sub·

296 1177 394 1214 iecto
422 1177 462 1214 in
490 1177 698 1227 quantitate
727 1177 943 1214 dimensiva
960 1177 1084 1226 panis,
1113 1177 1211 1214 sicut
1234 1185 1270 1214 et
1289 1177 1361 1214 alia

297 1229 517 1267 accidentia.
560 1231 609 1267 Et
643 1229 739 1267 sicut
772 1229 917 1279 species
945 1231 1236 1267 sacramentales
1273 1238 1362 1267 sunt

297 1290 582 1320 sacramentum
610 1282 782 1332 corporis
802 1282 941 1320 Christi
958 1282 1052 1330 veri,
1073 1282 1123 1320 ita
1140 1283 1271 1320 fractio
1290 1284 1360 1320 hu-

278 1334 467 1386 jusmodi
482 1334 711 1385 specierum
738 1344 794 1373 est
821 1343 1105 1373 sacramentum
1132 1335 1360 1373 Dominicae

296 1387 496 1438 passionis,
526 1401 626 1438 quae
654 1388 722 1425 fuit
748 1387 788 1426 in
815 1401 977 1438 corpore
1007 1388 1146 1426 Christi
1173 1401 1279 1426 vero.

351 1442 409 1478 An
437 1453 572 1479 PmMUM
600 1453 698 1479 Enoo
723 1453 906 1479 mci-:NDUM
934 1442 1054 1491 quod,
1083 1441 1181 1478 sicut
1208 1441 1248 1478 in
1276 1453 1360 1491 spe-

349 1553 448 1588 t)·31'ne
469 1554 620 1579 substantia
642 1554 783 1579 existente.
804 1567 824 1573 —-
845 1554 903 1579 sine
924 1555 1040 1580 subiecto
1063 1555 1197 1580 exterente
1219 1555 1288 1586 PEa,
1306 1555 1364 1580 sine

267 1580 269 1582 ¹
296 1589 412 1615 subiecto
430 1589 549 1614 existens
567 1589 636 1620 FsG,
650 1596 714 1614 suae
731 1589 896 1615 substantiae
914 1590 1034 1615 existens
1048 1590 1072 1621 15
1091 1590 1160 1615 alias
1179 1597 1231 1616 non
1250 1591 1363 1617 habetur

297 1625 328 1658 ζγ
345 1625 478 1650 existente
496 1632 587 1657 margo
605 1625 633 1650 P.

305 1666 308 1671 ’
349 1659 376 1694 ζ)
390 1660 533 1692 partitum.
550 1673 570 1678 —
587 1659 727 1684 PEFGIsD
747 1665 772 1685 et
790 1660 839 1690 ab5
854 1660 985 1692 partium.

1413 390 1620 440 porositas·
1651 399 1687 427 et
1714 403 1783 440 per
1809 404 2048 441 consequens
2075 395 2324 444 frangibilitas.

1466 445 1523 480 Αι)
1543 455 1731 480 SECUNDUM
1758 455 1938 481 DICENDUM
1958 447 2064 493 quod
2093 448 2314 486 densitatem
2342 452 2465 500 sequi-

1413 503 1476 532 tur
1502 495 1650 532 duritia.
1681 496 1728 532 Et
1756 496 1855 540 ideo,
1885 508 1931 532 ex
1960 509 2038 545 quo
2067 498 2105 535 in
2134 501 2330 548 speciebus
2349 515 2465 540 sacra-

1414 548 1644 585 mentalibus
1689 556 1861 585 remanet
1901 549 2088 596 densitas,
2135 563 2373 602 consequens
2413 564 2467 592 est

1414 601 1521 649 quod
1554 608 1749 637 remaneat
1781 600 1832 637 ibi
1867 600 2021 638 duritia:
2061 610 2097 639 et
2128 616 2196 652 per
2230 616 2468 655 consequens

1414 653 1645 690 sonabilitas.

1466 707 1524 742 Αι)
1542 717 1700 742 TERTIUM
1719 717 1900 742 DICENDUM
1920 707 2027 754 quod
2055 707 2147 744 illud
2175 709 2281 757 quod
2309 711 2468 748 mandu-

1414 765 1522 795 catur
1548 758 1588 794 in
1615 757 1771 806 propria
1799 757 1935 806 specie,
1965 758 2173 807 ipsummet
2193 767 2209 787 η
2237 761 2417 810 frangitur
2435 771 2470 800 et

1414 810 1634 847 masticatur
1660 809 1700 846 in
1728 822 1798 846 sua
1825 810 1961 859 specie.
1998 811 2149 860 Corpus
2177 821 2306 850 autem
2334 815 2471 852 Christi

1414 874 1495 899 non
1522 862 1779 899 manducatur
1806 862 1845 899 in
1873 875 1943 899 sua
1962 864 2098 912 specie,
2128 865 2222 902 sed
2213 878 2252 902 111
2271 867 2395 915 specie
2415 880 2471 904 sa-

1414 914 1646 952 cramentali.
1680 914 1793 952 Unde
1821 927 1938 964 super
1965 915 2058 952 illud
2085 917 2236 954 Ioannis
2254 918 2339 965 V1*,
2372 921 2508 957 Caro

1415 979 1490 1003 non
1517 967 1664 1016 prodest
1692 967 1911 1016 quidquam,
1942 968 2030 1005 dicit
2057 970 2292 1018 Augustinus
2309 971 2346 1008 *ε
2384 974 2473 1009 Hoc

1415 1025 1466 1056 est
1485 1017 1497 1040 ⁰
1526 1020 1803 1069 intelligendum
1837 1021 2038 1058 secundum
2071 1022 2151 1059 illos
2183 1025 2245 1072 qui
2275 1025 2473 1062 carnaliter

1415 1072 1677 1122 intelligebant.
1711 1073 1874 1109 Carnem
1900 1076 2032 1123 quippe
2049 1076 2101 1111 sic
2119 1076 2374 1113 intellexerunt
2402 1090 2472 1126 quo

1415 1125 1526 1162 modo
1555 1126 1592 1161 in
1621 1125 1803 1162 cadavere
1831 1126 2042 1172 dilaniatur,
2071 1134 2134 1164 aut
2157 1141 2193 1164 ιη
2214 1130 2368 1166 macello
2387 1143 2472 1167 ven-

1416 1178 1524 1214 ditur.
1567 1178 1616 1214 Et
1643 1177 1730 1214 ideo
1768 1177 1898 1226 ipsum
1932 1191 2072 1238 corpus
2102 1180 2239 1217 Christi
2271 1194 2351 1219 non
2378 1183 2473 1220 fran-

1416 1230 1526 1278 gitur,
1555 1229 1627 1267 nisi
1655 1231 1872 1267 secundum
1900 1231 2068 1280 speciem
2096 1236 2419 1272 sacramentalem.
2449 1258 2473 1262 -

1417 1284 1466 1320 Et
1499 1284 1575 1320 hoc
1609 1283 1730 1320 modo
1767 1282 2008 1332 intelligenda
2036 1293 2091 1322 est
2119 1286 2305 1324 confessio
2333 1289 2473 1325 Beren-

1416 1335 1526 1385 garii:
1564 1343 1607 1373 ut
1633 1336 1763 1373 fractio
1792 1344 1829 1372 et
1856 1336 2031 1374 contritio
2052 1344 2059 1359 ²
2087 1338 2261 1376 dentium
2295 1340 2476 1378 referatur

1417 1389 1466 1426 ad
1501 1389 1670 1438 speciem
1705 1391 2039 1433 sacramentalem,
2080 1392 2151 1428 sub
2186 1404 2263 1441 qua
2298 1405 2387 1429 vere
2422 1401 2476 1430 est

1417 1453 1559 1491 corpus
1589 1441 1740 1478 Christi.

1470 1555 1498 1588 η)
1517 1555 1666 1588 ipsummet.
1683 1569 1703 1574 —
1721 1555 1858 1588 ipsumque
1875 1556 1905 1585 F,
1925 1555 2009 1588 ipsum
2029 1560 2055 1581 et
2074 1557 2103 1582 Ρ.

1469 1589 1494 1624 θ)
1513 1594 1560 1616 est.
1578 1605 1598 1610 —
1615 1597 1670 1616 esse
1689 1591 1828 1615 CDEFIsG
1847 1596 1872 1615 et
1890 1599 1917 1616 α.
1936 1592 1985 1616 Pro
2004 1591 2070 1620 illos,
2091 1592 2157 1617 illud
2175 1594 2227 1617 ΑΒ.

1471 1626 1489 1660 ι)
1507 1626 1643 1651 contritio.
1661 1640 1681 1645 -
1697 1626 1804 1651 attritio
1824 1626 1853 1651 P.

1076 1806 1396 1850 ARTICULUS
1427 1807 1700 1849 OCTAVUS

708 1899 865 1931 UTRUM
888 1899 994 1931 VINO
1020 1899 1315 1932 CONSECRATO
1339 1899 1488 1931 POSSIT
1512 1900 1685 1939 ALIQUIS
1707 1900 1875 1939 LIQUOR
1898 1900 2071 1932 MISCERI

898 1979 934 2004 Iv
952 1979 1036 2009 Sent„
1056 1979 1114 2004 dist.
1132 1987 1177 2010 111,
1196 1987 1241 2012 qu.
1260 1987 1278 2010 1,
1297 1985 1343 2006 art.
1363 1987 1387 2010 2,
1406 1980 1455 2013 qu·
1474 1979 1506 2011 6;
1527 1980 1624 2011 Quodl.
1642 1981 1674 2011 X,
1694 1988 1738 2013 qu.
1755 1988 1774 2010 1,
1793 1986 1840 2006 art.
1861 1980 1886 2006 3.

397 2082 399 2086 s
481 2082 486 2093 ι
510 2070 533 2095 1)
544 2069 716 2095 OCTAVUM
730 2070 783 2095 s1c
797 2070 1023 2096 PROCEDITUR
1031 2058 1062 2095 ²⁸.
1078 2058 1242 2096 Videtur
1255 2059 1363 2108 quod

428 2095 489 2171 ’μζ
511 2110 603 2148 ν1110
632 2119 855 2148 consecrato
888 2123 970 2148 non
1000 2111 1121 2170 possit
1157 2111 1293 2161 aliquis
1321 2111 1362 2148 11-

424 2157 479 2206 fr
511 2175 612 2212 quor
631 2163 793 2201 misceri.
824 2164 954 2201 Omne
974 2163 1079 2201 enim
1098 2164 1206 2223 quod
1226 2163 1362 2202 misce-

336 2203 338 2209 '
356 2232 366 2242 .
378 2210 444 2244 *¹¹1*ae
468 2210 574 2253 &tur
590 2215 713 2264 alicui,
733 2216 865 2266 recipit
883 2216 1132 2266 qualitatem
1123 2217 1254 2266 lpsius·
1286 2217 1363 2255 Sed

326 2090 393 2118 Ιᾴἶι

299 2268 428 2306 111111115
461 2267 588 2318 liquor
621 2276 746 2328 potest
777 2269 946 2329 recipere
983 2269 1204 2319 qualitatem
1239 2282 1370 2307 sacra—·

298 2320 526 2359 mentalium
553 2321 788 2371 specierum.
828 2322 920 2372 quia
947 2322 1156 2360 accidentia
1183 2322 1246 2360 illa
1275 2331 1364 2360 sunt

299 2373 382 2411 sine
401 2373 585 2425 subiecto,
605 2382 648 2412 ut
666 2375 812 2412 dictum
832 2383 887 2412 est
902 2375 934 2412 ³¹⁸.
964 2375 1066 2424 Ergo
1084 2375 1237 2413 videtur
1255 2376 1363 2425 quod

298 2427 428 2464 nullus
455 2427 582 2477 liquor
616 2427 736 2487 possit
762 2427 984 2478 permisceri
1011 2427 1212 2478 speciebus
1240 2441 1362 2466 sacra-

299 2479 532 2518 mentalibus
558 2480 651 2518 vini.

354 2543 390 2569 2.
418 2533 660 2580 PRAETEREA,
694 2533 726 2570 si
757 2533 893 2583 aliquis
926 2534 1053 2584 liquor
1088 2533 1364 2583 permisceatur

299 2583 370 2622 illis
397 2585 609 2634 speciebus,
638 2593 788 2636 oportet
814 2587 922 2636 quod
950 2599 997 2624 ex
1023 2587 1084 2624 his
1111 2586 1178 2624 fiat
1205 2587 1363 2636 aliquod

299 2649 436 2675 unum.
468 2638 545 2676 Sed
564 2651 645 2676 non
662 2646 787 2688 potest
804 2639 889 2677 fieri
908 2639 1066 2689 aliquod
1084 2652 1211 2677 unum
1234 2652 1362 2690 neque

299 2703 347 2728 ex
375 2690 523 2740 liquore
536 2720 545 2737 ‚
574 2690 642 2741 qui
670 2699 725 2729 est
752 2692 982 2740 substantia,
1011 2700 1048 2730 et
1075 2692 1277 2742 speciebus
1305 2705 1362 2730 sa-

299 2743 616 2792 cramentalibus,
646 2756 747 2804 quae
775 2752 864 2782 sunt
895 2745 1122 2791 accidentia;
1159 2758 1287 2795 neque
1316 2758 1363 2783 ex

298 2795 448 2846 liquore
476 2804 513 2834 et
540 2797 726 2845 sanguine
746 2797 897 2845 Christi,
918 2798 996 2848 qui,
1021 2798 1166 2836 ratione
1186 2811 1278 2836 suae
1306 2799 1362 2836 in-

299 2849 632 2899 corruptibilitatis,
653 2862 782 2900 neque
810 2850 1047 2888 additionem
1074 2851 1206 2901 recipit
1233 2864 1360 2901 neque

299 2900 609 2940 diminutionem.
648 2904 750 2952 Ergo
778 2905 908 2942 nunus
936 2903 1063 2953 liquor
1089 2911 1214 2954 potest
1241 2904 1362 2942 adrni-

299 2954 395 2992 sceri
422 2954 515 2992 vino
543 2963 778 2994 consecrato.

355 3007 390 3044 3.
425 3008 666 3056 PRAETEREA,
705 3008 735 3046 si
772 3008 909 3059 aliquis
945 3009 1073 3059 liquor
1108 3010 1364 3048 admisceatur

299 3059 392 3098 vino
420 3069 654 3108 consecrato,
683 3061 836 3099 videtur
863 3062 970 3112 quod
990 3062 1105 3100 etiarn
1123 3062 1251 3112 ipsum
1282 3063 1362 3100 effi-

300 3112 421 3150 ciatur
447 3121 734 3152 consecratum:
764 3114 860 3152 sicut
887 3127 989 3165 aqua
1012 3128 1112 3165 quae
1131 3115 1364 3154 admiscetur

300 3177 424 3215 aquae
451 3166 686 3214 benedictae,
716 3167 879 3205 efficitur
905 3167 1020 3206 etiam
1043 3168 1255 3206 benedicta.
1286 3169 1362 3207 Sed

298 3217 436 3256 vinum
451 3227 718 3257 consecratum
737 3228 792 3257 est
805 3233 895 3258 vere
911 3221 1064 3270 sanguis
1079 3221 1230 3259 Christi.
1260 3222 1362 3270 Ergo

301 3270 416 3308 etiarn
443 3271 570 3321 liquor
595 3273 807 3322 permixtus
835 3281 933 3311 esset
960 3273 1113 3322 sanguis
1134 3274 1284 3312 Christi.
1315 3275 1363 3311 Et

300 3323 352 3361 ita
379 3323 522 3373 aliquid
549 3324 658 3362 fieret
685 3325 838 3375 sanguis
858 3326 998 3364 Christi
1017 3327 1123 3364 aliter
1145 3339 1265 3376 quam
1293 3339 1363 3375 per

355 3435 382 3470 α)
400 3437 507 3469 species.
523 3451 543 3456 —
561 3438 652 3464 totalis
669 3439 767 3471 species
786 3439 900 3465 CDEF'a.

354 3471 380 3507 β)
400 3473 549 3506 manifesta.
565 3488 585 3492 —
603 3474 644 3499 Da
662 3479 688 3499 et
705 3475 778 3499 tertia
796 3481 898 3508 praeter
916 3475 954 3507 G;
974 3475 1154 3510 manifestata.

1417 2059 1769 2097 consecrationem:
1817 2061 1925 2110 quod
1961 2068 2016 2097 est
2053 2061 2338 2099 inconveniens.
2385 2063 2477 2099 Non

1418 2124 1510 2160 ergo
1538 2112 1631 2150 vino
1660 2121 1882 2151 consecrato
1917 2121 2041 2163 potest
2073 2114 2208 2163 aliquis
2221 2114 2360 2164 ‘liquor
2394 2127 2478 2164 per-

1418 2177 1584 2202 m1scer1.

1473 2230 1510 2265 4.
1540 2219 1773 2267 PRAETEREA,
1803 2218 1834 2256 si
1862 2219 2031 2257 duorum
2059 2232 2184 2256 unum
2211 2220 2370 2257 totaliter
2396 2232 2477 2257 cor-

1419 2278 1633 2320 rumpatur,
1662 2283 1743 2308 non
1771 2271 1840 2308 erit
1867 2272 2012 2319 mixtio,
2042 2281 2083 2309 ut
2103 2273 2238 2309 dicitur
2255 2272 2294 2309 in
2313 2274 2327 2310 I
2346 2273 2391 2310 de
2408 2274 2477 2310 Ge-

1419 2330 1536 2361 nerat.
1557 2323 1577 2345 *
1615 2324 1693 2361 Sed
1724 2324 1775 2362 ad
1802 2325 2098 2374 permixtionem
2130 2325 2408 2375 cuiuscumque
2436 2325 2476 2362 li-

1419 2376 1550 2425 quoris
1578 2376 1731 2414 videtur
1757 2378 1954 2427 corrumpi
1989 2378 2133 2428 species
2154 2384 2170 2400 ‘²
2198 2378 2477 2415 sacramentalis

1418 2429 1510 2476 vini,
1535 2429 1585 2467 ita
1604 2430 1712 2479 quod
1731 2430 1803 2467 sub
1823 2443 1869 2468 ea
1888 2430 2034 2468 desinat
2053 2443 2134 2468 esse
2154 2431 2305 2480 sanguis
2326 2431 2474 2468 Christi.

1419 2483 1527 2519 Tum
1554 2482 1645 2531 quia
1672 2495 1859 2531 magnum
1879 2491 1914 2521 et
1936 2496 2103 2533 parvum
2130 2492 2217 2521 sunt
2245 2484 2476 2521 differentiae

1418 2535 1636 2584 quantitatis
1651 2543 1700 2573 .et
1727 2536 1984 2573 diversificant
2011 2536 2146 2586 ipsam,
2176 2537 2271 2574 sicut
2290 2538 2422 2574 album
2441 2545 2477 2573 et

1418 2587 1572 2636 nigrum
1600 2590 1782 2626 colorem.
1812 2590 1919 2626 Tum
1947 2589 2058 2627 etiam
2089 2589 2179 2638 quia
2197 2589 2323 2639 liquor
2339 2589 2476 2639 permi-

1418 2648 1516 2688 xtus,
1547 2653 1638 2678 cum
1665 2653 1746 2686 non
1774 2642 1912 2679 habeat
1940 2642 2200 2683 obstaculum
2230 2642 2380 2679 videtur
2406 2654 2476 2679 un-

1418 2693 1535 2743 dique
1563 2694 1728 2731 diffundi
1755 2706 1825 2744 per
1852 2702 1996 2732 totum:
2026 2702 2062 2732 et
2090 2695 2140 2732 ita
2167 2695 2302 2732 desinit
2323 2695 2375 2731 ibi
2395 2707 2475 2731 esse

1418 2747 1572 2795 sanguis
1602 2747 1752 2795 Christi,
1781 2747 1848 2796 qui
1876 2760 1955 2784 non
1983 2755 2038 2784 est
2065 2747 2116 2784 ibi
2145 2747 2259 2784 simul
2286 2759 2376 2784 cum
2404 2747 2475 2784 alia

1418 2799 1638 2837 substantia.
1681 2777 1774 2837 No⁷n
1802 2812 1891 2848 ergo
1923 2799 2058 2849 aliquis
2085 2799 2211 2848 liquor
2241 2807 2365 2849 potest
2390 2811 2474 2848 per-

1418 2852 1568 2890 misceri
1596 2852 1689 2890 vino
1717 2860 1950 2890 consecrato.

1472 2906 1546 2943 SED
1575 2917 1719 2943 CONTRA
1738 2917 1803 2942 Esr
1831 2905 1937 2954 quod
1965 2905 2014 2942 ad
2042 2916 2199 2941 sensum
2227 2911 2327 2953 patet
2354 2903 2471 2940 alium

1417 2958 1609 3007 liquorem
1632 2958 1724 2994 vino
1743 2957 1962 3006 permisceri
1980 2969 2093 3006 posse
2120 2964 2206 3006 post
2225 2956 2472 2993 consecratio-

1416 3023 1519 3058 nem,
1550 3010 1645 3047 sicut
1673 3018 1709 3047 et
1737 3017 1834 3047 ante.

1470 3052 1694 3101 Rispowosso
1731 3074 1911 3099 mcssNDUM
1948 3061 2054 3110 quod
2094 3061 2200 3098 istius
2241 3060 2473 3110 quaestionis

1418 3116 1555 3153 veritas
1583 3113 1813 3152 manifestat
1840 3121 1895 3150 est
1922 3126 1968 3150 ex
1986 3113 2214 3162 praemissis.
2243 3113 2398 3151 Dictum
2418 3122 2474 3150 est

1418 3168 1522 3205 enim
1540 3173 1556 3196 Υ
1584 3179 1699 3216 supra
1716 3166 1736 3188 ’¹‘
1762 3167 1869 3215 quod
1897 3166 2041 3215 species
2069 3166 2108 3203 in
2136 3167 2212 3203 hoc
2235 3174 2472 3204 sacramento

1416 3227 1695 3270 permanentes,
1725 3219 1820 3256 sicut
1841 3218 2103 3268 adipiscuntur
2119 3219 2256 3256 virtute
2276 3231 2472 3256 consecra-

1415 3273 1529 3310 tionis
1556 3272 1720 3309 modum
1749 3271 1898 3308 essendi
1922 3271 2164 3319 substantiae,
2193 3271 2244 3309 ita
2262 3271 2376 3309 etiam
2394 3271 2472 3309 adi-

1415 3325 1614 3374 piscuntur
1628 3323 1640 3346 ⁵
1659 3324 1823 3361 modum
1844 3324 1979 3372 agendi
1998 3332 2034 3361 et
2052 3324 2239 3374 patiendi:
2269 3332 2311 3361 ut
2335 3324 2473 3361 scilicet

1467 3437 1494 3471 γ)
1513 3438 1591 3463 enim.
1608 3452 1627 3456 -
1646 3437 1747 3462 PEFsG
1772 3443 1797 3462 et
1819 3445 1844 3467 a,
1868 3441 1956 3463 autem
1976 3439 2004 3467 B,
2023 3445 2076 3463 om.
2096 3438 2179 3463 ceteri.
2203 3437 2254 3461 Pro
2275 3441 2470 3469 permanentes,

1414 3477 1582 3499 remanentes
1599 3474 1680 3498 tertia.

1467 3507 1492 3541 ὃ)
1511 3508 1705 3540 adipiscuntur.
1723 3522 1742 3527 —
1760 3510 1957 3540 consequuntur
1976 3508 2003 3533 P.

2524 919 2588 942 Vers.
2604 920 2641 947 64.

2498 972 2709 1026 111331οῗΧῇῗῖ

2499 1031 2518 1052 5-
2596 1051 2608 1076 Θ

2505 2330 2514 2339 ·
2529 2328 2586 2359 Cap.
2599 2335 2620 2354 x,
2637 2334 2660 2349 n.
2673 2334 2694 2350 2.
2704 2340 2715 2345 -

2505 2354 2637 2376 Continuat.
2648 2354 2716 2377 Com-

2504 2385 2578 2402 ment.
2602 2387 2625 2402 s.
2648 2380 2696 2403 Th.
2706 2397 2712 2407 ,

2504 2408 2555 2429 lect.
2570 2413 2631 2429 xxtv.

2599 2443 2615 2459 α

2597 3119 2612 3152 β

2499 3200 2574 3248 ;dA;·t.
2588 3175 2613 3228 3γς
2633 3204 2674 3222 art.
2689 3206 2709 3228 5,

2595 3323 2609 3348 ὃ
