2878 4088
93 640 104 650 ·
115 638 176 666 Hug.
187 644 201 660 a
210 638 235 661 S.
244 638 305 669 yict.

94 664 306 690 deSacram.lib.11.

92 694 155 746 31:¹3:
165 698 206 739 'fv
218 697 306 740 {33:2³

93 744 206 792 5.ιὼ
215 735 306 793 ⁸³¹5..ss

93 786 213 850 affl.
221 787 305 850 aaz}

92 855 144 871 nav.
168 850 201 872 lv
223 850 288 873 Sent.
296 868 305 878 ,

89 876 146 899 diet.
157 883 223 902 xxm.
233 881 276 899 nrt.
285 885 305 905 ι,

93 909 132 932 qu.
147 908 167 925 2.

89 999 103 1008 ¹
111 995 178 1018 loen.
191 1001 244 1024 etp.
254 1002 304 1022 xiv,

91 1028 152 1045 ven.
169 1022 204 1050 ιδ,
216 1028 248 1051 η,
263 1022 303 1048 =6;

137 1065 143 1072 .
150 1054 254 1076 nam.
261 1048 304 1075 263

88 1081 143 1104 ορ.
152 1080 199 1103 ιη,
208 1080 268 1098 ven.
281 1081 304 1103 ¹3

86 1836 181 1861 ‘Vere
197 1843 229 1868 ι).

88 2808 232 2839 ‘Ver-,34

987 210 1251 258 QUAESTIO
1281 209 1417 256 XXIX,
1446 209 1739 247 ARTICULUS
1767 211 1828 257 IV,
1850 212 1884 247 V

336 291 410 316 sunt
433 287 471 316 ab
495 287 566 327 ipso
582 287 653 318 Deo
675 289 827 318 instituta.
851 288 948 329 Ergo,
965 289 1068 319 multo
1088 288 1211 325 fortius,
1229 288 1338 319 omnia
1353 297 1402 318 sa-

336 335 496 360 cramenta
519 341 623 362 novae
638 332 716 372 legis
731 333 850 363 habent
867 333 1102 363 institutionem
1118 333 1157 363 ab
1172 334 1244 373 ipso
1261 332 1400 363 Christo.

393 383 421 404 2.
445 374 648 412 Pium-nam,
673 376 816 407 eiusdem
848 382 895 407 est
916 377 1097 413 instituere,
1122 382 1154 407 et
1176 382 1330 407 statutum
1352 385 1400 406 re-

334 427 475 449 movere.
500 419 563 450 Sed
583 420 735 457 Ecclesia,
753 430 836 461 quae
858 422 892 451 in
915 421 1152 451 successoribus
1166 420 1401 461 Apostolorum

334 462 430 492 habet
452 463 588 494 eandem
611 466 833 495 auctoritatem
849 474 946 505 quam
961 465 1112 505 Apostoli
1126 465 1316 500 habuerunt,
1332 473 1400 494 non

333 511 443 545 posset
458 507 581 538 auferre
597 515 831 539 sacramentum
847 514 1006 540 extremae
1020 509 1192 540 unctionis.
1208 509 1294 549 Ergo
1310 508 1400 548 Apo-

334 550 408 580 stoli
430 560 499 582 non
521 552 736 590 instituerunt,
759 553 815 584 sed
841 554 910 593 ipse
933 553 1088 584 Christus.

388 594 579 627 Rnsrounno
602 607 762 627 moenum«
785 596 876 638 quod
899 597 982 627 circa
996 597 1059 628 hoc
1075 602 1123 627 est
1138 596 1257 637 duplex
1276 597 1398 636 opinio.

334 637 475 676 Quidam
491 641 508 657 ⁴*
531 639 643 672 dieunt
672 641 763 682 quod
793 646 1027 672 sacramentum
1053 640 1152 676 illud,
1176 646 1208 671 et
1231 639 1400 671 confirma-

333 683 446 719 u'onis,
471 683 616 715 Christus
638 695 707 716 non
729 686 865 716 instituit
891 694 949 725 per
971 694 1022 721 se,
1046 684 1102 715 sed
1123 684 1289 724 Apostolis
1312 683 1400 714 insti-

332 727 491 759 tuendum
521 728 655 760 dimisit:
685 730 761 770 quia
790 729 870 759 haec
900 728 982 765 duo,
1006 733 1138 769 propter
1166 727 1400 768 plenitudinem

332 772 450 811 gratiae
473 781 556 812 quae
578 774 614 804 in
636 774 682 804 eis
705 772 878 809 confertur,
894 782 962 803 non
984 777 1161 812 potuerunt
1176 777 1249 802 ante
1265 771 1400 811 Spiritus

333 815 441 846 Sancti
462 817 650 847 missionem
672 817 891 857 plenissimam
912 816 1044 846 institui.
1071 815 1166 847 Unde
1189 820 1264 846 sunt
1285 816 1330 845 ita
1352 825 1400 845 sa-

333 866 494 891 eramenta
516 870 620 892 novae
643 861 721 901 legis
744 860 835 900 quod
856 861 891 890 in
908 860 1008 890 veteri
1030 859 1166 900 figuram
1187 869 1256 890 non
1279 859 1400 890 habue-

331 909 417 934 runt.
441 922 464 927 —
486 904 549 936 Sed
578 905 658 935 haec
687 905 767 935 rafio
797 914 866 934 non
895 904 1036 934 multum
1065 904 1170 944 cogit:
1201 904 1293 943 quia,
1317 903 1400 934 sicut

332 947 477 978 Christus
500 954 573 979 ante
594 948 779 988 passionem
801 948 949 988 promisit
970 948 1099 988 plenam
1131 947 1266 988 Spiritus
1292 947 1400 978 Sancti

330 992 517 1022 missionem
532 993 559 1028 ⁹,
575 992 619 1022 ita
632 993 740 1032 potuit
758 993 923 1023 instituere
945 991 1132 1023 huiusmodi
1154 997 1398 1022 sacramentum.

386 1035 428 1066 Et
449 1035 523 1066 ideo
547 1036 600 1066 alii
614 1037 632 1053 ⁵
655 1035 766 1067 dicunt
789 1035 879 1076 quod
902 1037 1012 1066 omnia
1034 1042 1231 1067 sacramenta
1254 1036 1399 1067 Christus

330 1079 467 1110 instituit
488 1089 546 1120 per
568 1081 728 1120 seipsum:
753 1081 810 1111 sed
833 1080 991 1121 quaedam
1015 1090 1072 1120 per
1090 1081 1232 1121 seipsum
1254 1081 1399 1121 promul-

330 1123 425 1164 gavit,
442 1133 526 1164 quae
549 1130 624 1155 sunt
645 1125 774 1156 maioris
797 1124 989 1156 difficultatis
1005 1125 1045 1155 ad
1061 1124 1276 1162 credendum;
1300 1134 1398 1165 quae-

296 1169 303 1181 '
330 1167 406 1198 dam
428 1173 536 1199 autem
551 1169 717 1210 Apostolis
739 1169 974 1210 promulganda
995 1170 1175 1205 reservavit,
1192 1170 1275 1200 sicut
1298 1175 1398 1200 extre-

330 1221 418 1243 mam
441 1214 630 1244 unctionem
653 1219 684 1244 et
707 1213 996 1244 confirmationem.
1028 1214 1069 1244 Et
1090 1214 1171 1244 haec
1198 1214 1310 1254 opinio
1338 1223 1397 1254 pro

329 1262 420 1288 tanto
442 1256 568 1288 videtur
589 1258 802 1299 probabilior,
828 1259 903 1298 quia
926 1263 1122 1288 sacramenta
1145 1257 1185 1289 ad
1207 1257 1398 1288 fundamen-

329 1306 401 1332 tum
423 1301 502 1342 legis
525 1303 704 1343 pertinent;
729 1308 761 1333 et
775 1302 850 1333 ideo
873 1302 914 1333 ad
936 1302 1167 1343 Legislatorem
1189 1303 1327 1343 pertinet
1342 1312 1397 1333 eo-

330 1346 594 1378 ruminetitutio.
622 1347 664 1377 Et
685 1347 816 1383 iterum,
841 1348 918 1387 quia
940 1356 979 1377 ex
1001 1347 1201 1378 institutione
1224 1346 1398 1378 efficaciam

329 1390 468 1420 habent:
492 1400 575 1432 quae
599 1391 644 1421 eis
666 1401 735 1422 non
757 1392 818 1422 nisi
841 1391 992 1422 divinitus
1014 1392 1107 1422 inest.

384 1434 436 1465 An
459 1445 577 1465 numm
599 1445 682 1466 nnoo
706 1446 867 1466 mmmmm
895 1435 985 1476 quod
1014 1435 1116 1466 multa
1138 1435 1299 1466 Dominus
1322 1434 1399 1466 fecit

295 1496 303 1504 ·
330 1483 363 1509 et
385 1478 463 1510 dixit
486 1488 569 1520 quae
591 1480 626 1510 in
648 1480 829 1520 Evangeliis
858 1489 928 1510 non
955 1480 1160 1510 continentur
1175 1481 1202 1510 ⁴.
1233 1479 1289 1510 Illa
1312 1480 1396 1510 enim

295 1523 302 1531 ‘
328 1524 501 1564 praecipue
525 1529 715 1555 curaverunt
738 1524 958 1564 Evangelistae
980 1523 1103 1554 tradere
1127 1533 1210 1564 quae
1234 1523 1273 1554 ad
1287 1533 1398 1554 neces-

329 1568 455 1598 sitatem
470 1568 579 1599 salutis
595 1573 627 1599 et
641 1568 804 1599 Ecclesiae
820 1568 1066 1608 dispositionem
1080 1569 1250 1609 pertinent.
1267 1568 1308 1598 Et
1323 1568 1397 1598 ideo

328 1612 438 1652 potius
460 1612 696 1643 institutionem
724 1613 873 1653 baptismi
896 1618 928 1642 et
949 1613 1168 1652 poenitentiae
1191 1618 1223 1643 et
1244 1612 1398 1643 Euchari-

328 1656 406 1686 stiae
429 1660 461 1686 et
483 1655 603 1686 ordinis
626 1655 744 1687 factam
759 1666 778 1687 a
793 1656 922 1687 Christo
946 1662 1153 1687 narraverunt
1176 1666 1274 1696 quam
1297 1666 1398 1687 sacra-

328 1705 476 1730 mentum
499 1700 658 1731 extremae
680 1701 853 1736 unctionis,
871 1710 954 1740 quae
969 1710 1076 1740 neque
1094 1706 1141 1731 est
1156 1700 1196 1731 de
1211 1701 1399 1731 necessitate

328 1743 448 1780 salutis,
471 1753 580 1784 neque
602 1744 643 1775 ad
666 1744 911 1785 dispositionem
934 1745 1001 1775 sive
1024 1744 1263 1775 distinctionem
1286 1745 1398 1775 Eccle—

327 1788 394 1819 siae
419 1789 566 1828 pertinet.
598 1789 724 1820 Tamen
751 1790 847 1820 etiam
874 1788 914 1819 de
941 1789 1006 1819 olei
1032 1790 1187 1820 unctione
1213 1788 1250 1819 fit
1275 1790 1398 1820 mentio

327 1832 363 1863 in
384 1832 571 1873 Evangelio,
595 1833 694 1864 Marc.
715 1843 749 1864 vr
770 1835 797 1870 *,
820 1833 877 1864 ubi
900 1833 1016 1864 dicitur
1039 1833 1129 1874 quod
1151 1833 1302 1874 Apostoli
1326 1834 1398 1864 oleo

328 1877 494 1918 ungebant
515 1877 672 1919 infirmos.

383 1921 434 1952 An
459 1931 621 1952 SECUNDUM
647 1932 808 1953 mmmmm
838 1921 930 1962 quod
959 1922 1110 1962 Magister
1140 1921 1217 1952 dicit
1243 1922 1282 1952 ab
1309 1922 1398 1962 Apo-

328 1965 418 1996 stolis
439 1966 637 2003 institutum,
662 1967 739 2007 quia
760 1976 818 2007 per
841 1966 1020 1998 doctrinam
1046 1966 1283 2007 Apostolorum
1304 1967 1398 1997 nobis

327 2010 532 2051 promulgata
554 2016 602 2042 est
625 2012 693 2042 eius
715 2012 883 2042 institutio.

382 2054 434 2085 An
457 2065 592 2086 ‘rnR‘rmu
615 2066 776 2086 morannum
803 2055 893 2096 quod
917 2055 1062 2086 Christus
1085 2065 1152 2085 non
1177 2055 1320 2086 exhibuit
1342 2055 1398 2085 ali-

329 2098 420 2139 quod
443 2105 679 2130 sacramentum
702 2101 764 2130 nisi
787 2099 877 2140 quod
899 2100 968 2140 ipse
998 2100 1122 2139 accepit
1144 2100 1178 2129 in
1202 2099 1396 2139 exemplum.

328 2143 484 2184 Accipere
508 2150 616 2175 autem
638 2145 872 2184 poenitentiam
887 2149 919 2174 et
934 2149 1108 2174 extremam
1130 2144 1320 2174 unctionem
1339 2144 1398 2174 sibi

327 2197 397 2218 non
416 2189 636 2229 competebat:
663 2189 739 2229 quia
757 2189 824 2219 sine
839 2193 975 2228 peccato
999 2193 1074 2218 erat.
1099 2188 1140 2218 Et
1154 2187 1229 2219 ideo
1245 2189 1314 2228 ipse
1330 2197 1398 2218 non

329 2232 482 2262 exhibuit.
771 2236 774 2239 “

433 2303 532 2334 ART.
558 2304 610 2334 IV.
634 2314 740 2334 urium
763 2314 869 2334 oneum
892 2313 1006 2334 ouvius
1030 2313 1075 2334 srr
1100 2313 1291 2334 coxvamnNs

628 2358 765 2379 Mla-rama
787 2358 878 2378 mnus
901 2358 1094 2378 SACRAMENTI

674 2403 707 2425 lv
723 2402 790 2425 Cont.
807 2402 886 2430 Geni„
902 2408 953 2430 cap.
969 2408 1050 2424 ιιιιιι.

504 2429 519 2439 s

394 2465 415 2485 n
432 2464 580 2485 numum
603 2464 648 2485 s1c
670 2464 876 2485 PROCEDITUR.
895 2451 1030 2484 Videtur
1052 2452 1142 2493 quod
1162 2453 1273 2484 oleum
1294 2454 1396 2485 olivae

392 2508 461 2530 non
494 2499 534 2529 sit
563 2499 759 2530 conveniens
789 2499 921 2529 materia
949 2498 1046 2528 huius
1076 2498 1274 2528 sacramenti.
1311 2498 1397 2536 Quia

327 2543 392 2574 hoc
415 2549 649 2574 sacramentum
678 2542 862 2573 immediate
890 2541 930 2573 ad
951 2543 1230 2583 incorruptionem
1260 2542 1394 2573 ordinat.

328 2586 392 2619 Sed
413 2588 612 2628 incorruptio
636 2587 831 2628 significatur
853 2596 911 2627 per
933 2587 1122 2623 balsamum,
1145 2586 1235 2627 quod
1257 2588 1291 2617 in
1314 2588 1396 2618 chri-

327 2637 428 2662 smate
450 2633 592 2672 ponitur.
620 2632 717 2672 Ergo‘
730 2632 868 2662 chrisma
895 2637 977 2662 esset
999 2631 1244 2662 convenientior
1265 2633 1396 2662 materia

327 2676 424 2707 huius
447 2677 646 2707 sacramenti.

384 2730 415 2751 2.
438 2721 635 2757 Pmmm,
661 2721 726 2751 hoc
756 2725 991 2751 sacramentum
1022 2725 1069 2750 est
1098 2720 1268 2760 spiritualis
1294 2720 1396 2751 medi-

328 2765 422 2795 catio.
454 2764 515 2795 Sed
540 2765 709 2805 spiritualis
732 2764 902 2795 medicatio
926 2774 984 2804 per
1005 2765 1072 2795 vini
1094 2765 1333 2805 appositionem
1355 2765 1395 2795 si-

327 2808 515 2849 gnificatur:
543 2810 626 2840 sicut
647 2814 735 2850 patet
756 2810 838 2840 Luc.
860 2819 881 2839 x
896 2810 923 2846 *,
947 2809 980 2839 in
1004 2809 1156 2849 parabola
1178 2808 1219 2839 de
1241 2809 1394 2839 sauciato.

327 2853 414 2893 Ergo
429 2854 543 2884 vinum
559 2858 641 2884 esset
659 2854 903 2884 convenientior
923 2854 1056 2884 materia
1077 2853 1173 2884 huius
1196 2854 1394 2884 sacramenti.

385 2897 415 2928 3.
439 2897 636 2934 Pallanum,
659 2898 717 2928 ubi
740 2903 787 2928 est
808 2898 911 2928 maius
934 2897 1125 2938 periculum,
1148 2898 1194 2928 ibi
1217 2897 1312 2928 debet
1327 2907 1396 2928 esse

329 2951 505 2972 commune
527 2942 716 2973 remedium.
741 2941 804 2973 Sed
827 2942 938 2972 oleum
953 2951 1021 2972 non
1037 2947 1084 2972 est
1099 2951 1275 2972 commune
1292 2951 1396 2972 reme-

328 2985 436 3016 dium:
469 2987 545 3026 quia
567 2996 636 3017 non
658 2987 819 3017 invenitur
841 2987 875 3016 in
899 2986 1040 3026 qualibet
1069 2991 1160 3016 terra.
1191 2986 1296 3026 Ergo,
1320 2996 1396 3017 cum

327 3031 392 3061 hoc
415 3036 650 3061 sacramentum
673 3031 766 3062 detur
792 3031 996 3066 exeuntibus,
1020 3030 1078 3070 qui
1100 3035 1175 3061 sunt
1196 3031 1231 3061 in
1253 3031 1395 3061 maximo

327 3075 483 3115 periculo,
499 3074 625 3106 videtur
648 3075 738 3116 quod
761 3075 871 3106 oleum
895 3075 998 3105 olivae
1020 3084 1089 3105 non
1112 3075 1151 3105 sit
1170 3075 1301 3105 materia
1317 3084 1396 3112 con-

327 3119 469 3150 veniens.

384 3163 447 3194 San
481 3173 605 3194 comm
632 3173 687 3195 κεῖ
717 3163 808 3204 quod
831 3164 892 3194 Iac.
915 3174 936 3193 v
951 3164 968 3180 ⁴*
999 3163 1110 3194 oleum
1139 3163 1271 3193 materia
1300 3163 1395 3193 huius

329 3209 518 3239 sacramenti
540 3208 778 3239 determinatur.
808 3207 872 3239 Sed
899 3208 1010 3238 oleum
1037 3208 1167 3248 proprie
1189 3217 1257 3238 non
1281 3206 1396 3238 dicitur

328 3252 390 3282 nisi
413 3251 523 3283 oleum
546 3253 660 3284 olivae.
684 3253 770 3293 Ergo
786 3253 850 3283 hoc
866 3258 914 3283 est
927 3253 1060 3283 materia
1078 3253 1173 3283 huius
1196 3252 1394 3282 sacramenti.

386 3304 416 3326 2.
440 3295 642 3333 Pnaxrenm,
667 3297 837 3337 spiritualis
860 3297 982 3327 sanatio
1005 3306 1063 3337 per
1086 3297 1150 3327 olei
1172 3297 1396 3327 inunctionem

329 3338 542 3379 significatur:
566 3346 603 3371 ut
617 3346 705 3382 patet
728 3341 825 3372 Isaiae
841 3352 853 3371 1
867 3342 894 3378 *‚
911 3341 967 3372 ubi
990 3340 1122 3372 dicitur:
1145 3341 1252 3382 Plaga
1272 3345 1395 3371 tumens

330 3393 395 3414 non
419 3389 467 3415 est
488 3389 604 3415 curata
625 3385 836 3416 medicamine
857 3395 959 3426 neque
972 3386 1053 3427 fota
1069 3385 1151 3416 oleo.
1175 3386 1261 3426 Ergo
1278 3394 1396 3415 conve-

329 3428 421 3458 niens
443 3429 576 3459 materia
597 3429 692 3460 huius
715 3431 903 3461 sacramenti
926 3435 974 3460 est
997 3430 1117 3460 oleum.

384 3472 574 3503 Rnspommo
597 3483 758 3504 metuntur
787 3474 877 3515 quod
907 3474 1077 3514 spiritualis
1107 3475 1228 3505 curatio
1256 3483 1339 3513 quae
1361 3474 1396 3503 in

329 3515 395 3546 fine
417 3516 594 3554 adhibetur,
611 3517 706 3548 debet
729 3527 797 3549 esse
818 3518 968 3559 perfecta,
986 3519 1063 3559 quia
1077 3524 1152 3559 post
1167 3528 1238 3549 eam
1254 3518 1314 3548 alia
1328 3527 1396 3548 non

329 3560 537 3601 relinquitur;
563 3567 594 3592 et
611 3562 701 3598 lenis,
718 3567 754 3593 ut
769 3572 852 3603 speS,
869 3572 952 3603 quae
976 3563 1164 3594 exeuntibus
1188 3568 1235 3593 est
1257 3563 1396 3593 maxime

1423 473 1432 494 5

1415 693 1440 707 10

1415 911 1437 932 ις

1413 1137 1439 1151 20

1411 1358 1435 1378 ²5

1413 1578 1439 1598 ³⁰

1414 1799 1437 1819 35

1412 2024 1439 2044 4⁰

1411 2243 1436 2264 ⁴5

1411 2464 1437 2484 ςο

1411 2689 1434 2710 55

1409 2904 1436 2924 60

1409 3124 1434 3151 65

1409 3351 1437 3372 70

1410 3572 1435 3593 75

2471 212 2517 248 55

1455 288 1641 324 necessaria,
1664 298 1733 318 non
1756 287 1926 328 frangatur,
1951 289 2005 319 sed
2029 290 2182 321 foveatur.
2208 291 2327 322 Oleum
2350 296 2458 321 autem
2473 290 2519 321 le-

1455 332 1592 362 nitivum
1616 338 1678 368 est,
1703 337 1734 363 et
1756 333 1990 372 penetrativum
2019 343 2122 374 usque
2150 334 2190 365 ad
2216 336 2343 370 intima,
2369 340 2400 365 et
2423 335 2519 365 etiam

1456 375 1650 407 diffusivum.
1674 376 1715 407 Et
1733 375 1807 406 ideo
1839 382 1996 416 quantum
2019 377 2058 407 ad
2081 383 2254 419 utrumque
2281 378 2518 419 praedictorum

1456 425 1503 450 est
1525 421 1720 451 conveniens
1746 420 1877 450 materia
1899 421 1995 450 huius
2018 423 2214 453 sacramenti.
2247 423 2288 453 Et
2311 423 2386 462 quia
2409 423 2518 453 oleum

1454 465 1670 505 principaliter
1692 465 1877 495 nominatur
1900 464 2003 494 olivae
2026 465 2142 504 liquor,
2159 476 2234 496 cum
2257 467 2309 496 alii
2323 467 2464 506 liquores
2481 477 2518 497 ex

1455 508 1662 539 similitudine
1684 509 1724 539 ad
1746 509 1854 549 ipsum
1877 508 1941 538 olei
1963 518 2084 539 nomen
2108 510 2282 549 accipiant;
2310 510 2384 540 ideo
2408 511 2519 541 oleum

1455 552 1559 583 olivae
1583 553 1678 583 etiam
1701 552 1796 584 debet
1819 562 1887 583 esse
1910 552 2000 592 quod
2023 554 2194 583 assumitur
2216 554 2250 584 in
2271 555 2402 584 materia
2423 555 2518 584 huius

1454 598 1653 627 sacramenti.

1509 641 1560 671 An
1583 651 1700 671 panum
1723 650 1806 671 enno
1830 650 1991 671 mmmmm
2011 639 2101 680 quod
2116 641 2314 681 incorruptio
2338 641 2456 681 gloriae
2473 647 2519 672 est

1454 694 1503 714 res
1526 694 1595 715 non
1618 690 1770 715 contenta
1791 685 1825 715 in
1847 685 1912 715 hoc
1935 690 2153 715 sacramento:
2184 695 2245 715 nec
2276 691 2404 725 oportet
2431 685 2519 725 quod

1453 728 1508 759 tali
1523 729 1569 759 rei
1583 728 1773 769 significatio
1796 729 1946 759 materiae
1968 728 2170 768 respondeat.
2194 728 2288 759 Unde
2309 739 2374 759 non
2393 734 2520 769 oportet

1455 772 1545 812 quod
1567 773 1745 803 balsamum
1768 778 1907 812 ponatur
1929 773 2061 803 materia
2088 773 2184 803 huius
2214 774 2419 803 sacramenti:
2445 774 2520 813 quia

1454 816 1642 853 balsamum,
1659 822 1791 857 propter
1806 816 1951 853 odorem,
1967 818 2105 857 pertinet
2121 817 2159 847 ab
2175 817 2349 848 bonitatem
2362 818 2481 859 famae
2492 818 2518 853 ᾗ

1455 870 1521 901 qua
1543 860 1582 891 de
1606 866 1712 891 cetero
1736 870 1805 891 non
1820 861 1974 901 indigent,
1990 867 2123 901 propter
2138 871 2182 897 se,
2199 867 2369 898 exeuntes;
2394 861 2450 892 sed
2470 862 2520 891 in—

1455 904 1563 945 digent
1577 910 1702 935 tantum
1719 905 1825 936 nitore
1840 906 2063 942 conscientiae,
2077 906 2133 946 qui
2148 907 2182 936 in
2198 906 2272 936 oleo
2289 905 2483 946 significatur
2492 906 2519 936 ἃ.

1509 949 1559 979 An
1584 959 1747 980 SECUNDUM
1769 959 1929 980 nranDmvr
1945 950 2035 990 quod
2050 951 2163 980 vinum
2186 955 2275 980 sanat
2288 949 2518 980 mordicando:

1454 993 1510 1024 sed
1536 993 1647 1024 oleum
1677 994 1839 1024 leniendo.
1870 994 1911 1024 Et
1936 993 2011 1025 ideo
2042 995 2164 1025 curatio
2193 1004 2252 1035 per
2276 995 2390 1025 vinum
2418 995 2519 1034 magis

1452 1039 1590 1078 pertinet
1612 1037 1652 1069 ad
1675 1039 1906 1078 poenitentiam
1929 1048 2027 1079 quam
2050 1038 2090 1069 ad
2111 1039 2175 1069 hoc
2198 1044 2441 1069 sacramentum.

1507 1082 1559 1112 An
1582 1092 1718 1112 ‘marum
1740 1093 1900 1113 mmmmm
1920 1083 2010 1123 quod
2026 1083 2136 1114 oleum
2159 1083 2272 1119 olivae,
2290 1083 2435 1123 quamvis
2450 1092 2519 1113 non

1452 1127 1574 1167 ubique
1598 1132 1726 1163 crescat,
1743 1132 1851 1157 tamen
1867 1126 1906 1157 de
1925 1127 2010 1158 facili
2032 1132 2139 1167 potest
2154 1127 2194 1157 ad
2209 1127 2386 1167 quemlibet
2407 1127 2519 1157 locum

1452 1170 1620 1202 transferri.
1642 1189 1667 1193 -
1688 1171 1730 1201 Et
1745 1176 1907 1211 praeterea
1929 1172 1992 1202 hoc
2015 1177 2249 1202 sacramentum
2267 1181 2335 1202 non
2351 1177 2398 1202 est
2412 1176 2518 1201 tantae

1451 1216 1646 1246 necessitatis
1670 1215 1760 1256 quod
1783 1221 1934 1246 exeuntes
1957 1216 2026 1246 sine
2048 1216 2112 1246 hoc
2135 1221 2333 1246 sacramento
2356 1225 2424 1246 non
2443 1225 2518 1255 pos-

1452 1260 1515 1290 sint
1538 1260 1673 1290 salutem
1696 1260 1862 1300 consequi.

1511 1330 1611 1361 ART.
1634 1330 1673 1360 V.
1698 1340 1803 1360 UTRUM
1826 1339 1989 1360 OPORTEAT
2012 1340 2082 1360 esse
2106 1340 2211 1361 omum
2234 1340 2456 1361 comitem-run

1810 1385 1870 1406 Pan.
1885 1384 1925 1411 111,
1941 1391 1979 1412 qu.
1994 1391 2066 1411 uxn,
2080 1388 2123 1407 art.
2138 1391 2158 1413 3.

1517 1446 1538 1466 n
1564 1445 1703 1466 nummu
1726 1445 1771 1466 s1c
1794 1445 1998 1466 PROCEDITUR.
2018 1435 2153 1466 Videtur
2168 1435 2258 1476 quod
2278 1445 2347 1466 non
2371 1441 2518 1476 oporteat

1454 1447 1588 1510 Aesse
1603 1480 1714 1510 oleum
1730 1485 1962 1510 consecratum.
1979 1480 2065 1518 Quia
2079 1481 2143 1511 hoc
2166 1485 2401 1511 sacramentum
2422 1481 2519 1511 habet

1453 1534 1552 1554 unam
1575 1523 1860 1554 sanctificationem
1875 1525 1909 1554 in
1924 1534 1986 1554 usu
2001 1534 2058 1564 per
2074 1523 2212 1555 formam
2233 1525 2415 1555 verborum.
2431 1524 2518 1565 Ergo

1452 1567 1620 1609 superfluit
1642 1568 1703 1598 alia
1724 1567 1942 1605 sanctificatio,
1967 1569 1994 1598 si
2017 1568 2056 1599 ad
2078 1569 2244 1599 materiam
2266 1569 2366 1608 ipsius
2389 1568 2454 1599 fiat.

1508 1622 1538 1643 2.
1562 1613 1766 1648 Puni-mma,
1791 1618 1986 1643 sacramenta
2007 1613 2126 1643 habent
2149 1612 2323 1643 efficaciam
2346 1618 2378 1643 et
2399 1611 2518 1653 signifi-

1453 1657 1615 1687 cationem
1637 1657 1671 1687 in
1694 1657 1763 1696 ipsa
1785 1657 1926 1687 materia.
1958 1656 2020 1687 Sed
2043 1656 2232 1696 significatio
2264 1657 2394 1687 effectus
2423 1657 2519 1687 huius

1453 1702 1641 1731 sacramenti
1665 1701 1820 1741 competit
1843 1701 1916 1731 oleo
1941 1710 1979 1731 ex
2001 1701 2137 1731 naturali
2159 1702 2363 1741 proprietate,
2380 1700 2520 1731 efficacia

1453 1750 1562 1776 autem
1585 1755 1624 1775 ex
1646 1745 1846 1775 institutione
1870 1745 1985 1775 divina.
2009 1745 2095 1785 Ergo
2112 1754 2181 1775 non
2204 1750 2251 1775 est
2273 1745 2449 1775 necessaria
2464 1745 2520 1774 ali-

1454 1799 1519 1830 qua
1541 1788 1749 1820 sanctificatio
1772 1789 1932 1819 materiae.

1511 1834 1540 1864 3.
1564 1834 1768 1868 Palm-ream,
1800 1834 1976 1873 baptismus
2006 1838 2053 1863 est
2082 1832 2254 1873 perfectius
2286 1838 2520 1863 sacramentum

1454 1887 1553 1918 quam
1577 1883 1716 1908 extrema
1738 1878 1860 1908 unctio.
1894 1877 1957 1908 Sed
1980 1878 2014 1907 in
2036 1878 2196 1917 baptismo
2219 1887 2287 1907 non
2309 1877 2521 1918 praeexigitur

1452 1923 1603 1953 materiae
1633 1921 1858 1958 sanctificatio,
1884 1927 2041 1962 quantum
2068 1927 2115 1952 est
2141 1921 2181 1952 de
2206 1922 2392 1952 necessitate
2419 1931 2520 1952 sacra-

1452 1968 1563 1998 menti.
1588 1967 1674 2006 Ergo
1695 1976 1757 1997 nec
1779 1967 1814 1996 in
1837 1972 1977 1999 extrema
1999 1967 2164 1996 unctione.

1509 2011 1572 2042 San
1596 2021 1720 2041 CONTRA
1742 2020 1807 2047 nsr,
1831 2011 1907 2051 quia
1928 2011 1963 2040 in
1986 2011 2137 2040 omnibus
2160 2010 2228 2040 aliis
2250 2010 2458 2040 unctionibus
2473 2015 2521 2040 est

1452 2056 1584 2086 maten'a
1606 2060 1791 2085 consecrata
1812 2056 1911 2095 prius.
1935 2055 2032 2094 Ergo,
2049 2064 2124 2085 cum
2147 2055 2211 2084 hoc
2231 2060 2465 2085 sacramentum
2480 2055 2520 2084 sit

1453 2099 1611 2140 quaedam
1634 2100 1756 2135 unctio,
1779 2099 1912 2139 requirit
1933 2099 2099 2129 materiam
2122 2104 2349 2129 consecratam.

1506 2145 1696 2174 Rssspommo
1715 2153 1876 2173 nrcnnnuu
1899 2142 1989 2183 quod
2012 2142 2143 2182 quidam
2166 2142 2278 2174 dicunt
2296 2142 2386 2182 quod
2409 2143 2518 2173 oleum

1452 2188 1587 2228 simplex
1611 2193 1658 2218 est
1679 2188 1812 2218 materia
1833 2187 1929 2218 huius
1952 2187 2156 2224 sacramenti;
2181 2193 2212 2217 et
2235 2188 2268 2217 in
2290 2188 2359 2227 ipsa
2381 2187 2519 2218 sanctifi-

1453 2233 1579 2263 catione
1603 2232 1677 2267 olei,
1694 2241 1777 2272 quae
1801 2237 1847 2261 est
1865 2241 1923 2272 per
1938 2231 2138 2271 episcopum,
2155 2230 2318 2271 perficitur
2340 2241 2518 2262 sacramen-

1451 2283 1532 2307 tum.
1549 2294 1570 2300 -
1586 2276 1650 2307 Sed
1672 2276 1736 2306 hoc
1759 2281 1846 2316 patet
1869 2285 1937 2306 esse
1960 2275 2076 2306 falsum
2099 2285 2137 2306 ex
2159 2276 2208 2306 his
2231 2285 2314 2316 quae
2337 2275 2377 2306 de
2392 2275 2519 2309 Eucha—

1451 2322 1537 2352 ristia
1560 2321 1644 2352 dicta
1666 2326 1740 2351 sunt
1756 2321 1782 2358 *,
1799 2320 1856 2350 ubi
1879 2326 2044 2350 ostensum
2061 2325 2108 2350 est
2131 2319 2221 2360 quod
2236 2319 2343 2350 solum
2365 2319 2445 2350 illud
2468 2330 2516 2351 sa-

1453 2371 1653 2396 cramentum
1676 2365 1820 2395 consistit
1842 2365 1876 2394 in
1900 2365 2141 2394 consecratione
2163 2365 2323 2394 materiae.

1507 2410 1549 2440 Et
1571 2409 1646 2440 ideo
1670 2408 1844 2439 dicendum
1868 2408 1958 2448 quod
1980 2409 2044 2439 hoc
2067 2414 2301 2439 sacramentum
2324 2409 2468 2439 consistit
2484 2409 2518 2439 in

1450 2455 1520 2494 ipsa
1550 2454 1721 2489 unctione,
1746 2454 1829 2483 sicut
1858 2453 2034 2493 baptismus
2060 2453 2094 2483 in
2121 2453 2302 2483 ablutione:
2335 2458 2366 2483 et
2387 2454 2519 2483 materia

1449 2499 1546 2529 huius
1572 2498 1759 2528 sacramenti
1786 2502 1833 2527 est
1859 2497 1970 2527 oleum
1999 2496 2240 2527 sanctificatum.
2271 2497 2380 2527 Potest
2409 2502 2517 2527 autem

1450 2543 1564 2583 triplex
1585 2543 1666 2572 ratio
1690 2542 1840 2581 assignari
1863 2551 1962 2582 quare
1980 2542 2114 2581 exigitur
2136 2542 2286 2571 materiae
2309 2540 2516 2571 sanctificatio

1450 2588 1484 2618 in
1499 2588 1562 2617 hoc
1586 2592 1784 2617 sacramento
1806 2591 1837 2616 et
1860 2586 1893 2616 in
1917 2585 2109 2625 quibusdam
2133 2586 2210 2615 aliis.
2234 2586 2339 2615 Prima
2362 2590 2418 2621 est,
2442 2586 2518 2625 quia

1450 2632 1555 2662 omnis
1572 2631 1712 2671 efficacia
1726 2635 1999 2661 sacramentorum
2014 2640 2033 2660 a
2048 2629 2176 2660 Christo
2193 2629 2365 2660 descendit.
2387 2630 2429 2660 Et
2443 2629 2516 2661 ideo

1450 2681 1646 2706 sacramenta
1667 2675 1722 2706 illa
1744 2675 1861 2715 quibus
1884 2675 1953 2714 ipse
1976 2680 2023 2704 est
2045 2684 2132 2710 usus,
2148 2674 2267 2704 habent
2290 2673 2463 2704 efficaciam
2479 2684 2518 2704 ex

1449 2721 1520 2760 ipso
1543 2730 1606 2751 usu
1629 2729 1705 2750 suo:
1730 2720 1813 2750 sicut
1835 2724 1922 2750 tactu
1944 2728 2024 2749 suae
2046 2719 2156 2749 carnis
2175 2718 2238 2749 vim
2260 2719 2517 2759 regenerativam

1449 2765 1588 2795 contulit
1616 2764 1709 2805 aquis
1724 2765 1751 2794 *.
1785 2763 1848 2794 Sed
1870 2764 1934 2794 hoc
1957 2769 2154 2794 sacramento
2178 2772 2247 2793 non
2270 2768 2317 2793 est
2339 2772 2432 2799 usus,
2456 2773 2517 2793 nec

1450 2809 1557 2849 aliqua
1580 2808 1739 2849 corporali
1759 2808 1923 2838 unctione.
1948 2808 1989 2838 Et
2004 2807 2078 2838 ideo
2094 2808 2128 2838 in
2144 2808 2295 2838 omnibus
2310 2807 2516 2837 unctionibus

1449 2854 1621 2894 requiritur
1643 2852 1851 2883 sanctificatio
1875 2853 2035 2882 materiae.

1505 2897 1653 2929 Secunda
1676 2907 1771 2928 causa
1794 2902 1840 2927 est
1862 2902 1993 2937 propter
2022 2895 2255 2936 plenitudinem
2277 2896 2408 2935 gratiae,
2433 2905 2515 2935 quae

1451 2942 1615 2973 confertur
1640 2951 1708 2972 non
1730 2941 1838 2972 solum
1853 2946 1890 2971 ut
1904 2941 1996 2972 tollat
2018 2940 2157 2980 culpam,
2175 2939 2230 2970 sed
2249 2941 2344 2970 etiam
2366 2940 2516 2980 reliquias

1451 2991 1482 3017 et
1504 2986 1721 3017 infirmitatem
1745 2986 1898 3026 corporis.

1505 3031 1613 3061 Tertia
1625 3036 1672 3061 est
1684 3040 1722 3060 ex
1733 3031 1798 3060 hoc
1810 3029 1900 3070 quod
1912 3028 2044 3060 effectus
2056 3029 2124 3059 eius
2137 3028 2322 3068 corporalis,
2335 3028 2455 3058 scilicet
2466 3037 2515 3057 sa-

1449 3075 1548 3111 natio,
1558 3084 1628 3105 non
1640 3079 1787 3105 causatur
1803 3084 1840 3104 ex
1853 3074 2003 3104 materiae
2019 3073 2154 3104 naturali
2169 3073 2371 3112 proprietate.
2388 3072 2429 3102 Et
2440 3071 2514 3102 ideo

1450 3125 1579 3160 oportet
1602 3118 1692 3159 quod
1706 3119 1785 3149 haec
1809 3117 1948 3149 efficacia
1963 3118 2023 3148 sibi
2038 3127 2095 3158 per
2113 3116 2396 3147 sanctificationem
2413 3116 2514 3146 detur.

1484 3187 1491 3191 ,
1504 3163 1556 3194 An
1579 3173 1697 3193 Panum
1719 3172 1803 3193 noo
1826 3172 1986 3193 nrcmrnum
2009 3161 2099 3202 quod
2121 3162 2223 3202 prima
2245 3160 2451 3191 sanctificatio
2468 3166 2515 3190 est

1450 3208 1600 3238 materiae
1630 3207 1810 3238 secundum
1840 3216 1892 3237 se:
1923 3206 1980 3237 sed
2009 3205 2150 3236 secunda
2179 3206 2279 3245 magis
2309 3205 2445 3245 pertinet
2475 3204 2515 3235 ad

1450 3261 1546 3282 usum
1568 3252 1678 3292 ipsius,
1692 3250 1871 3282 secundum
1895 3250 1985 3291 quod
2008 3256 2055 3281 est
2078 3256 2151 3280 actu
2174 3249 2341 3280 conferens
2364 3248 2514 3279 effectum

1450 3306 1556 3326 suum.
1580 3296 1622 3326 Et
1643 3295 1717 3326 ideo
1740 3301 1854 3326 neuter
1876 3294 2058 3335 superfluit:
2089 3295 2165 3335 quia
2188 3295 2283 3324 etiam
2305 3294 2515 3324 instrumenta

1450 3340 1624 3371 efficaciam
1651 3340 1812 3380 accipiunt
1835 3340 1874 3370 ab
1898 3338 2017 3370 artifice
2041 3344 2072 3369 et
2095 3339 2173 3369 dum
2199 3338 2294 3374 fiunt,
2319 3343 2350 3368 et
2373 3337 2450 3368 dum
2473 3336 2514 3367 ad

1450 3390 1559 3415 actum
1581 3385 1791 3425 applicantur.

1505 3429 1556 3459 An
1581 3438 1743 3459 sacunnrm
1765 3437 1925 3458 mmmmm
1948 3427 2038 3468 quod
2061 3427 2115 3458 illa
2138 3426 2276 3458 efficacia
2300 3435 2382 3466 quae
2405 3431 2452 3456 est
2475 3434 2513 3455 ex

1450 3473 1650 3504 institutione
1673 3473 1870 3508 sacramenti,
1894 3472 2070 3512 applicatur
2092 3472 2168 3502 huic
2190 3471 2339 3502 materiae
2362 3479 2420 3510 per
2441 3479 2512 3500 san-

1451 3517 1688 3548 ctificationem.

1505 3562 1556 3592 An
1580 3572 1715 3592 rna-mm
1737 3566 1824 3602 patet
1847 3560 1966 3591 solutio
1991 3569 2029 3591 ex
2052 3559 2142 3591 dictis
2158 3560 2184 3590 ἦ

2547 824 2557 833 ·
2573 822 2630 850 cap.
2646 823 2701 844 Cum
2718 829 2758 844 νε-

2547 849 2626 897 'isli-{221¹
2638 850 2667 870 de
2680 849 2756 871 Sacra

2547 911 2557 921 ‘
2571 909 2628 932 lbid.

2544 2327 2554 2338 ·
2568 2325 2602 2348 IV
2612 2325 2686 2353 Sext„
2701 2325 2756 2348 dist.

2543 2358 2592 2392 vni,
2601 2358 2640 2380 qu.
2649 2356 2724 2400 uhazt:
2737 2359 2756 2395 ι’,

2545 2385 2581 2428 ἃ
2589 2385 2704 2432 plain,
2716 2411 2755 2433 qu.

2543 2438 2638 2459 nuvm,
2651 2435 2693 2454 art.
2710 2439 2728 2454 ι.

2544 2768 2554 2778 ·
2566 2767 2629 2794 Mag.
2639 2766 2672 2788 IV
2681 2767 2754 2793 Sent„

2544 2793 2597 2815 dist.
2611 2800 2645 2820 ιιι,
2661 2800 2711 2821 cap.
2728 2793 2758 2815 Si

2543 2820 2753 2874 amitere:

2543 2873 2564 2899 1,
2587 2873 2615 2894 ad
2639 2879 2690 2900 cap.
2714 2879 2755 2901 m,

2543 2905 2602 2922 vers.
2615 2905 2649 2922 τι.

2541 3557 2551 3567 ·
2566 3555 2590 3576 ln
2605 3560 2710 3582 corpore.
