2918 4088
221 980 231 989 '¹
246 978 315 999 Num.
332 984 346 999 1.

221 1024 230 1032 ‘
246 1022 279 1044 ef.
296 1028 359 1043 num.
375 1027 398 1042 ii.

459 138 532 174 352

458 220 619 250 eramenti.
655 219 718 250 Sed
741 220 773 250 in
798 228 873 249 casu
896 219 1064 259 proposito
1091 219 1260 258 poenitens
1283 219 1340 248 rite
1364 227 1398 247 ac
1423 217 1517 256 digne

1255 139 1563 177 CARDINALIS
1594 137 1838 174 CAIETANI

1544 215 1546 258 ξ
1573 215 1687 246 actuali
1710 216 1836 245 incursa
1859 215 1952 245 mala.
1990 215 2034 245 Ita
2058 215 2148 256 quod
2170 216 2268 255 gratia
2297 225 2354 256 per
2377 217 2637 248 sacramentalem

457 264 589 304 suscipit
611 269 855 299 sacramentum,
873 269 931 293 etc.
956 263 1041 303 Ergo
1067 268 1113 293 est
1135 263 1180 292 illi
1199 262 1400 292 fructuosum
1417 270 1517 291 sacra·
1544 287 1545 290 ,

457 314 613 339 mentum.
643 307 742 346 Quod
773 314 819 338 est
848 308 1018 338 intentum.
1041 325 1064 329 —
1087 307 1190 337 Maior
1213 312 1258 336 est
1285 315 1342 346 per
1365 315 1397 335 se
1422 310 1517 334 nota:

457 353 569 393 positis
592 353 678 382 enim
702 353 852 382 omnibus
879 357 944 381 tam
968 361 1006 382 ex
1028 357 1116 390 parte
1140 351 1270 389 agentis,
1296 358 1393 389 quam
1420 349 1518 387 ipsius

458 397 654 432 sacramenti,
680 406 777 436 quam
801 396 1011 436 suscipientis,
1035 405 1103 424 non
1127 401 1173 424 est
1196 393 1402 432 intelligibile,
1426 401 1519 431 regu-
1544 398 1545 414 1

458 442 562 472 lariter
585 440 764 481 loquendo,
793 450 861 470 non
885 449 952 470 esse
975 439 1177 469 fructuosum
1201 442 1443 467 sacramentum.
1479 435 1519 464 Et

458 491 544 526 patet
576 485 739 516 inductiva
765 485 799 515 in
831 484 961 523 singulis
995 482 1205 513 sacramentis.
1229 499 1252 503 —
1276 481 1382 510 Minor
1411 484 1519 509 autem

458 530 549 560 facile
572 535 660 570 patet
683 529 870 560 discurrenti
893 537 949 567 per
972 527 1095 565 singula
1113 525 1262 564 requisita
1286 524 1325 554 ad
1341 532 1519 573 sacramen-

458 581 527 605 tum
551 574 777 614 poenitentiae,
793 578 858 603 tam
875 581 912 602 ex
929 577 1015 611 parte
1031 570 1175 604 ministri,
1194 578 1290 608 quam
1307 568 1518 607 suscip1ent1s‚

459 628 557 659 quam
580 619 680 658 ipsius
703 617 899 648 sacramenti.

514 662 607 694 Unde
631 661 801 692 dicendum
826 666 871 690 est
895 658 983 699 quod
1007 658 1127 688 fructus
1151 657 1279 687 iteratae
1298 655 1518 692 confessionis,

459 707 702 748 praesupposito
726 705 832 735 fructu
855 705 994 743 primae,
1020 707 1066 732 est
1090 706 1299 740 augmentum
1321 700 1456 740 gratiae,
1489 705 1520 730 et

459 751 602 782 remissio
626 751 804 789 aliquantae
827 756 960 787 poenae,
986 747 1010 776 si
1034 751 1101 775 tota
1124 745 1211 784 prius
1234 754 1303 774 non
1318 749 1364 774 est
1379 745 1518 775 remissa.

460 795 602 826 Similem
627 795 713 824 enim
736 793 875 823 fructum
899 791 993 820 habet
1016 790 1118 829 prima
1142 788 1319 824 confessio,
1347 788 1387 818 ad
1410 798 1519 828 quam,

459 841 525 870 heri
549 839 712 873 contritus,
737 836 832 866 hodie
857 835 1001 865 accessit:
1028 834 1244 873 augmentavit
1268 833 1354 863 enim
1377 834 1519 873 gratiam,

459 890 490 914 et
513 883 631 914 remisit
656 882 848 921 aliquantam
873 885 994 918 partem
1017 877 1202 917 temporalis
1225 887 1368 917 poenae,
1391 878 1418 908 si
1440 887 1520 918 poe-

458 929 561 958 nitens
586 926 689 957 adhuc
712 925 836 955 debitor
858 923 942 953 illius
966 929 1040 953 erat.

514 971 565 1001 IV.
590 970 641 1000 Ad
663 970 764 1009 prima
788 977 863 1007 ergo
887 972 1072 1006 argumenta
1088 967 1114 1002 ὕ,
1139 975 1222 1006 quae
1245 972 1357 997 contra
1379 966 1520 1007 primum

459 1016 594 1046 militant
610 1013 788 1054 quaesitum
801 1013 827 1047 ὕ,
840 1010 1066 1051 respondendo
1083 1010 1198 1041 dicitur
1214 1010 1313 1050 quod,
1325 1011 1457 1042 materia
1472 1021 1521 1042 sa-

458 1059 609 1090 cramenti
632 1056 847 1098 poenitentiae
871 1056 1023 1085 existente
1047 1055 1178 1095 duplici,
1201 1055 1322 1086 scilicet
1343 1060 1467 1086 remota
1490 1061 1521 1086 et

458 1103 649 1143 propinqua,
672 1110 747 1131 narn
770 1106 893 1130 remota
918 1105 964 1130 est
979 1105 1159 1139 peccatum,
1183 1100 1367 1140 propinqua
1382 1109 1458 1130 vero
1474 1105 1522 1130 est

458 1149 524 1187 ipse
548 1152 636 1177 actus
659 1144 863 1185 poenitentis,
887 1144 1007 1174 scilicet
1031 1143 1209 1179 confessio;
1239 1153 1308 1174 non
1335 1144 1522 1175 inconvenit

458 1200 552 1231 super
576 1190 687 1221 eadem
710 1189 841 1219 materia
863 1194 996 1224 remota,
1017 1187 1139 1219 diversa
1161 1193 1270 1218 tamen
1285 1189 1438 1219 existente
1453 1198 1521 1219 ma-

457 1236 533 1266 teria
556 1235 748 1275 propinqua,
773 1233 877 1263 iterari
901 1232 1038 1263 formam
1054 1233 1252 1263 sacramenti.
1276 1233 1318 1262 Et
1340 1238 1520 1273 propterea,

458 1280 533 1320 quia
556 1278 716 1309 confessio
739 1286 808 1308 non
832 1282 879 1308 est
902 1276 1024 1313 eadem,
1049 1277 1123 1307 licet
1145 1277 1185 1307 sit
1208 1276 1385 1307 eorundem
1408 1286 1521 1317 pecca*

457 1331 574 1359 torum,
591 1328 697 1363 potest
712 1322 797 1352 licite
813 1321 957 1361 replicari
973 1321 1092 1358 forma:
1113 1322 1225 1357 immo,
1242 1327 1327 1352 recte
1342 1321 1520 1362 loquendo,

457 1369 538 1399 sicut
561 1367 692 1398 materia
714 1366 898 1406 propinqua
920 1371 968 1396 est
990 1366 1051 1396 alia
1073 1374 1210 1396 numero
1234 1370 1266 1395 et
1280 1375 1348 1396 non
1364 1371 1411 1396 est
1426 1366 1521 1406 repli-

458 1414 540 1443 catio
565 1411 723 1446 eiusdem,
747 1411 791 1441 ita
818 1409 921 1440 forma
945 1415 991 1440 est
1015 1410 1075 1440 alia
1096 1419 1234 1440 numero
1258 1414 1290 1440 et
1312 1419 1380 1440 non
1404 1416 1450 1441 est
1473 1420 1521 1441 re-

458 1457 586 1497 plicatio
611 1455 765 1486 eiusdem.

511 1501 551 1531 V.
575 1500 627 1531 Ad
650 1499 829 1530 secundum
845 1498 960 1529 dicitur
976 1498 1066 1538 quod
1086 1499 1148 1529 hoc
1164 1504 1388 1538 argumentum
1405 1500 1522 1539 patitur

458 1545 676 1576 difficultatem
700 1552 910 1574 communem
933 1543 1009 1573 huic
1032 1543 1178 1583 quaesito
1203 1548 1234 1573 et
1249 1543 1338 1573 alteri
1354 1544 1519 1583 quaesito:

459 1589 536 1630 quid
560 1589 679 1620 scilicet
702 1588 797 1618 solvit
827 1587 958 1627 quando
981 1587 1119 1617 totaliter
1143 1588 1314 1623 contritus,
1343 1593 1374 1617 et
1397 1588 1521 1617 solutus

458 1645 476 1665 a
499 1634 594 1674 culpa
618 1639 648 1663 et
669 1642 785 1673 poena,
810 1631 931 1662 accedit
950 1632 1052 1672 prima
1069 1631 1271 1661 confessione
1288 1631 1327 1661 ad
1343 1641 1520 1661 sacramen-

458 1685 528 1709 tum
551 1677 777 1718 poenitentiae.
814 1675 935 1706 Eadem
959 1681 1006 1706 est
1029 1676 1115 1706 enim
1147 1676 1319 1715 utrobique
1343 1675 1519 1705 difficultas.

459 1724 499 1753 Et
523 1722 634 1753 eadem
649 1721 859 1761 responsione
875 1719 984 1750 satisfit
999 1721 1143 1760 utrique:
1169 1719 1304 1750 dicendo
1322 1719 1420 1759 quod,
1446 1720 1521 1759 quia

459 1771 693 1798 sacramentum
716 1770 763 1795 est
786 1765 922 1795 exterius
945 1764 1092 1794 sensibile
1116 1765 1257 1804 signum,
1282 1763 1459 1793 secundum
1484 1773 1521 1793 ea

460 1821 542 1852 quae
566 1811 701 1841 exterius
723 1814 877 1850 geruntur
900 1809 938 1838 ab
962 1808 1104 1839 Ecclesia
1126 1807 1284 1838 iudicatur
1307 1813 1338 1837 et
1363 1808 1519 1838 ministra-

458 1862 519 1886 tur.
543 1855 591 1885 Ac
614 1864 671 1894 per
692 1854 766 1889 hoc,
792 1853 867 1893 quia
889 1853 1057 1892 poenitens
1081 1853 1234 1893 proponit
1256 1857 1386 1892 peccata
1405 1861 1462 1881 sua
1486 1857 1521 1882 ut

460 1899 635 1940 expiabilia.
660 1908 696 1928 ac
719 1904 755 1928 ut
778 1908 814 1928 ea
838 1897 953 1937 quibus
977 1898 1117 1936 seipsum
1141 1896 1287 1936 alligavit,
1311 1895 1385 1926 ideo
1410 1896 1521 1926 Eccle-

459 1945 522 1974 siae
545 1944 687 1973 minister
710 1942 854 1977 absolvit,
873 1941 963 1977 idest,
979 1945 1216 1971 sacramentum
1234 1940 1446 1970 absolutionis
1463 1941 1520 1970 im-

219 1990 272 2012 ‘Cf-
284 1990 313 2011 111
326 1990 430 2017 Part-qu·
453 1988 594 2029 pendit*
610 1987 694 2017 licite
710 1986 872 2026 profitenti
888 1985 1112 2025 alligationem.
1126 1985 1167 2015 Et
1182 1985 1257 2024 quia
1272 1985 1306 2014 in
1321 1990 1519 2016 sacramento

219 2023 316 2043 mxxiv,
341 2021 382 2037 art.
406 2022 430 2042 3.

219 2044 247 2064 ad
263 2050 281 2070 §-

220 2212 228 2221 ·
240 2209 275 2231 Cf.
287 2210 330 2230 loc.
342 2210 379 2231 cit.
391 2216 430 2231 sn-

220 2243 267 2263 pra,
278 2237 319 2264 Qq.
332 2237 360 2257 de
371 2237 430 2258 Con-

218 2263 277 2288 trit„
286 2264 390 2290 quaesito
401 2270 430 2290 iv,

219 2296 282 2311 num.
298 2295 337 2311 vii.

221 3136 231 3144 “
247 3135 282 3156 Cf.
298 3141 361 3156 num.
376 3142 396 3156 v.

459 2032 593 2063 efficitur
615 2032 701 2061 intus
724 2030 813 2070 quod
837 2028 1032 2069 significatur
1055 2034 1150 2064 extra,
1174 2028 1247 2059 ideo
1270 2029 1356 2059 intus
1372 2038 1520 2060 commu-

458 2078 539 2107 niter
562 2075 598 2106 fit
620 2075 779 2105 absolutio
803 2074 942 2114 peccati,
966 2073 1078 2104 saltem
1102 2072 1210 2113 quoad
1233 2073 1374 2113 aliquam
1397 2079 1520 2114 partem

482 2129 593 2151 oenae.

458 2131 479 2161 p
513 2165 553 2195 Et
575 2164 649 2195 licet
670 2164 734 2194 hoc
757 2162 901 2194 sufficere
923 2161 1076 2198 videatur,
1100 2162 1175 2202 quia
1198 2161 1238 2192 ad
1260 2161 1294 2193 id
1317 2162 1407 2202 quod
1430 2172 1521 2194 com-

458 2209 596 2239 muniter
611 2208 770 2238 invenitur
785 2207 870 2246 leges
885 2207 1060 2246 respiciunt
1075 2207 1110 2236 *2
1135 2206 1396 2246 subiungendum
1412 2213 1521 2238 tamen

458 2259 505 2284 est
527 2252 752 2292 stringentibus
776 2260 885 2282 casum
909 2250 948 2281 ad
970 2251 1132 2281 immunes
1148 2251 1244 2281 etiam
1260 2261 1278 2281 a
1293 2261 1410 2291 poena,
1431 2251 1521 2292 quod

457 2298 525 2337 ipsa
547 2297 645 2337 gratia
668 2300 889 2336 augmentata,
921 2305 1004 2335 quae
1027 2304 1085 2335 per
1107 2296 1370 2326 sacramentalem
1392 2296 1521 2327 absolu-

456 2343 579 2372 tionem
602 2339 774 2376 confertur,
798 2340 893 2370 habet
915 2340 1073 2370 rationem
1095 2340 1196 2380 magis
1212 2340 1410 2371 absolutorii.
1435 2340 1521 2379 Quia

457 2387 543 2417 enim
565 2390 799 2416 sacramentum
821 2384 1038 2424 poenitentiae
1067 2394 1104 2414 ex
1127 2385 1257 2424 propria
1279 2385 1403 2415 ratione
1426 2385 1522 2416 habet

457 2429 546 2470 quod
564 2430 603 2460 sit
617 2429 807 2460 medicinale
824 2434 855 2459 et
871 2429 1049 2460 curativum
1064 2427 1254 2459 infirmitatis
1273 2429 1397 2469 peccati
1412 2435 1520 2460 actua-

455 2475 510 2511 lis;
539 2480 571 2505 et
593 2474 716 2514 peccati
738 2473 870 2504 actualis
893 2472 1058 2504 infirmitas
1088 2473 1232 2504 consistit
1261 2483 1329 2504 non
1352 2473 1460 2505 solum
1486 2474 1520 2505 in

456 2519 551 2559 culpa
574 2524 604 2549 et
627 2523 740 2548 vocata
770 2527 886 2557 poena,
918 2518 983 2548 sive
1014 2522 1141 2548 aeterna
1163 2518 1229 2548 sive
1252 2518 1439 2558 temporali,
1463 2517 1520 2549 sed

455 2564 489 2594 in
511 2563 620 2594 multis
643 2562 711 2593 aliis
731 2562 833 2598 malis,
858 2568 894 2592 ut
909 2562 990 2592 clare
1007 2567 1094 2602 patet
1108 2562 1142 2592 in
1158 2567 1333 2602 augmento
1348 2562 1519 2594 vulnerum

457 2607 676 2647 originalium:
706 2606 780 2637 ideo
804 2606 963 2637 absolutio
987 2606 1222 2638 sacramentalis
1244 2616 1312 2637 non
1335 2607 1443 2638 solum
1467 2616 1519 2640 ex-

455 2651 557 2682 tendit
579 2661 612 2682 se
635 2651 674 2682 ad
697 2651 826 2691 culpam
849 2657 880 2682 et
903 2660 1060 2691 poenam,
1092 2650 1147 2682 sed
1170 2650 1210 2681 ad
1233 2651 1293 2682 alia
1323 2660 1361 2682 ex
1383 2657 1519 2692 peccato

1544 422 1546 439 i

1573 259 1810 289 absolutionem
1833 258 2008 298 significata
2029 264 2060 289 et
2076 259 2200 295 collata,
2225 265 2383 300 quatenus
2399 266 2445 291 est
2459 270 2638 292 sacramen-

1572 303 1641 333 talis
1665 303 1761 332 huius
1777 303 1974 338 sacramenti,
2000 312 2040 333 eo
2056 304 2127 343 ipso
2145 303 2234 343 quod
2250 303 2430 335 extenditur
2445 304 2484 335 ad
2500 306 2638 346 amplius

1573 346 1751 376 sanandum
1774 356 1792 376 a
1814 347 1930 377 morbo
1954 347 2077 387 peccati
2094 348 2234 384 actualis,
2255 348 2351 378 habet
2365 349 2523 380 rationem
2538 350 2638 390 magis

1573 391 1759 421 absolutorii
1779 401 1797 421 a
1820 396 1973 431 peccato:
1998 392 2080 422 sicut
2103 392 2201 431 gratia
2223 392 2428 432 baptismalis,
2452 394 2478 424 si
2498 394 2638 434 baptiza-

1572 440 1658 465 retur
1682 436 1753 475 quis
1777 435 1871 475 plene
1895 436 1982 475 prius
2003 441 2196 466 consecutus
2211 436 2432 476 baptismalem
2447 438 2579 477 gratiam
2600 447 2639 469 ex

1545 489 1546 495 ¹
1573 479 1732 518 baptismo
1756 478 1904 515 flaminia
1929 485 2010 510 esset
2033 481 2132 519 magis
2156 480 2295 511 ablutiva
2318 489 2336 511 a
2354 487 2499 521 peccato,
2523 481 2602 513 dum
2621 492 2639 512 a

1573 524 1696 563 peccati
1719 524 1860 564 reliquiis
1883 524 1984 564 magis
2007 523 2185 555 mundaret.
2210 523 2352 555 Cuilibet
2370 525 2530 565 siquidem
2547 525 2639 557 Chri-

1573 568 1686 604 stiano,
1711 568 1792 599 sicut
1816 569 1968 599 convenit
1991 578 2097 604 orare,
2122 569 2269 609 Amplius
2292 569 2367 599 lava
2390 579 2458 604 me,
2481 569 2639 603 Domine.

1573 612 1614 642 ab
1629 612 1798 652 iniquitate
1813 622 1883 643 mea
1899 613 1926 648 ὓ,
1950 613 1993 643 ita
2009 613 2160 643 convenit
2176 622 2277 649 orare,
2301 613 2448 654 Amplius
2461 623 2554 649 sana,
2571 614 2640 645 Do-

1573 656 1668 691 mine,
1694 662 1734 692 et,
1759 657 1906 697 Amplius
1929 657 2068 692 absolve,
2093 657 2244 693 Domine,
2261 662 2321 688 etc.

1628 701 1696 732 Nec
1720 706 1812 741 putes
1836 710 1955 732 novam
1976 711 2029 732 me
2046 701 2249 732 introducere
2265 701 2304 732 de
2321 701 2437 732 effectu
2452 703 2641 733 sacramenti

1573 745 1789 785 poenitentiae
1813 745 2001 776 doctrinam.
2024 745 2106 776 Vide
2130 746 2276 786 superius
2292 745 2402 776 divum
2418 746 2591 783 Thomam‚
2607 747 2641 777 in

1574 795 1630 820 art.
1643 799 1664 825 1,
1681 799 1735 830 qu.
1754 800 1822 826 uv,
1836 790 2015 821 dicentem:
2031 790 2190 822 Extrema
2207 790 2316 821 unctio
2337 790 2512 822 ordinatur
2526 796 2643 822 contra

1574 834 1729 875 reliquias
1753 840 1979 875 peccatorum,
2004 844 2087 876 quae
2112 835 2235 866 scilicet
2257 844 2322 866 non
2346 839 2423 865 sunt
2443 835 2643 876 sufficienter

1568 888 1632 918 per
1641 878 1874 919 poenitentiam
1897 879 2052 915 sublatae,
2068 884 2128 910 aut
2142 889 2183 910 ex
2199 879 2400 921 negligentia
2417 884 2476 910 aut
2489 890 2532 911 ex
2547 879 2644 921 igno-

1574 923 1694 953 rantia.
1726 923 1767 954 Et
1792 924 1921 964 percipe
1949 933 1987 954 ex
2014 924 2062 954 his
2093 929 2327 955 sacramentum
2357 924 2576 964 poenitentiae
2602 923 2642 955 ad

1574 967 1731 998 tollendas
1747 968 1843 998 etiam
1865 968 2014 1007 reliquias
2037 973 2245 1008 peccatorum
2261 978 2294 998 se
2311 967 2490 1004 extendere,
2508 969 2534 1000 si
2548 969 2642 1009 igno-

1574 1012 1673 1042 rantia
1692 1017 1747 1042 aut
1761 1012 1954 1052 negligentia
1976 1022 2015 1042 ex
2038 1018 2126 1052 parte
2149 1018 2258 1044 nostra
2286 1021 2355 1043 non
2378 1012 2531 1052 impediat
2554 1012 2642 1044 suffi-

1575 1056 1713 1086 cientem
1735 1056 1862 1086 illarum
1887 1057 2090 1087 ablationem.

1629 1100 1683 1130 VI.
1707 1100 1759 1131 Ad
1781 1101 1911 1131 tertium
1935 1100 2050 1131 dicitur
2066 1101 2166 1141 quod,
2183 1101 2260 1140 quia
2275 1100 2436 1132 confessio
2457 1100 2493 1132 fit
2509 1100 2549 1132 de
2565 1103 2642 1132 acti-

1574 1144 1634 1175 bus
1661 1150 1886 1184 peccatorum‚
1917 1150 1948 1175 et
1975 1155 2043 1175 non
2067 1145 2106 1175 de
2130 1155 2199 1175 esse
2222 1146 2281 1175 sub
2305 1150 2457 1184 peccato,
2486 1144 2642 1176 debemus

1574 1189 1661 1219 enim
1685 1188 1831 1220 confiteri
1861 1189 1952 1229 quod
1981 1189 2116 1219 fecimus
2139 1189 2202 1219 tale
2234 1194 2266 1219 et
2287 1188 2351 1219 tale
2377 1194 2565 1228 peccatum,
2599 1199 2641 1221 an

1574 1238 1682 1264 autem
1711 1233 1814 1264 adhuc
1838 1233 2037 1264 detineamur
2066 1233 2150 1263 illius
2181 1233 2305 1272 peccati
2335 1233 2484 1269 vinculo,
2507 1233 2559 1264 vel
2582 1234 2643 1264 sub

1574 1283 1708 1317 peccato
1732 1287 1800 1308 non
1824 1278 1933 1312 simus,
1958 1277 2017 1307 sub
2034 1276 2238 1307 confessione
2260 1285 2328 1307 non
2345 1276 2444 1307 cadit:
2469 1276 2544 1308 ideo
2567 1278 2643 1308 satis

1575 1327 1622 1352 est
1645 1321 1821 1352 confessori
1841 1330 2036 1361 cognoscere
2052 1321 2274 1360 poenitentem
2295 1319 2506 1352 confitentem
2521 1330 2555 1352 se
2570 1331 2643 1362 per>

1574 1371 1713 1406 petrasse
1736 1366 1798 1395 tale
1821 1370 2000 1405 peccatum,
2026 1370 2057 1395 et
2079 1370 2226 1404 paratum
2249 1364 2289 1395 ad
2303 1365 2547 1405 poenitentiam,
2564 1371 2643 1403 etc.;

1575 1409 1689 1440 sufficit
1721 1411 1807 1439 enim
1841 1409 1930 1448 quod
1961 1409 2107 1439 subiiciat
2139 1418 2172 1439 se
2205 1408 2345 1444 iudicio,
2379 1409 2560 1441 accusando
2593 1419 2644 1442 se—

1575 1455 1692 1494 ipsum,
1710 1459 1770 1483 etc.

1629 1498 1670 1528 Et
1702 1496 1918 1527 confirmatur.
1954 1496 2039 1534 Quia
2066 1497 2299 1537 poenitentiam
2326 1498 2426 1539 egisse
2457 1497 2497 1529 de
2527 1499 2644 1531 talibus

1574 1542 1711 1582 peccatis
1741 1542 1878 1581 pertinet
1901 1540 1941 1571 ad
1964 1541 2216 1572 circumstantias
2243 1542 2426 1574 alleviantes
2450 1544 2643 1575 sententiam

1574 1586 1697 1616 iudicis.
1722 1585 1811 1622 Quas
1835 1589 1959 1615 constat
1982 1594 2050 1616 nou
2073 1595 2141 1616 esse
2166 1595 2249 1626 opus
2274 1586 2430 1618 confiteri.

2667 618 2777 671 LPsalm.
2787 623 2809 645 1.,
2819 623 2881 641 vers.

1629 1629 1696 1659 VII.
1721 1628 1771 1659 Ad
1795 1634 1946 1669 quartum
1970 1629 2085 1660 dicitur
2108 1630 2208 1670 quod,
2226 1631 2302 1671 quia
2324 1632 2517 1672 praecipuus
2539 1641 2642 1663 sacra-
2694 1662 2707 1671 ᾗ

1574 1674 1675 1704 menti
1699 1673 1831 1704 effectus
1855 1679 1902 1703 est
1924 1674 2022 1714 gratia
2045 1675 2148 1715 prima
2170 1675 2221 1705 vel
2238 1675 2306 1705 eius
2322 1681 2543 1716 augmentum,
2566 1676 2641 1708 ideo

1574 1718 1754 1758 frequentia
1777 1719 1966 1749 sacramenti
1988 1718 2049 1749 illis
2072 1719 2148 1749 solis
2172 1720 2324 1750 convenit
2353 1721 2410 1761 qui
2433 1721 2556 1761 seipsos
2586 1731 2644 1762 pa-

1574 1768 1658 1793 ratos
1682 1761 1820 1792 reddunt
1849 1762 1889 1792 ad
1911 1763 2029 1802 gratiae
2056 1769 2277 1803 augmentum.
2313 1764 2354 1795 Et
2376 1770 2547 1805 propterea
2573 1775 2643 1796 non

1573 1807 1718 1847 sequitur
1742 1806 1832 1847 quod
1852 1806 1974 1837 fructus
1990 1813 2263 1839 sacramentorum
2287 1814 2426 1850 exponat
2442 1818 2480 1840 ea
2494 1809 2641 1841 ridiculo.

1573 1851 1650 1882 Non
1673 1856 1748 1881 sunt
1771 1851 1858 1881 enim
1881 1850 2130 1892 frequentanda,
2160 1858 2450 1894 quantumcunque
2478 1852 2644 1885 fructuosa

1574 1896 1647 1931 sint,
1663 1895 1725 1926 nisi
1741 1905 1759 1925 a
1775 1894 1939 1935 dispositis¹
1952 1895 1992 1926 ad
2007 1897 2218 1937 praecipuum
2234 1906 2348 1928 eorum
2365 1897 2532 1928 effectum:
2553 1907 2643 1929 com-

1574 1940 1714 1970 muniter
1737 1945 1846 1971 autem
1872 1940 2059 1971 huiusmodi
2083 1940 2250 1981 dispositio
2279 1951 2348 1972 non
2370 1947 2437 1972 tam
2459 1941 2645 1983 frequenter

1573 1985 1735 2015 invenitur
1757 1985 1791 2015 in
1814 1985 2000 2016 hominibus
2022 1990 2059 2016 ut
2081 1986 2176 2016 toties
2199 1985 2347 2026 expediat
2369 1985 2526 2018 confiteri.

1628 2028 1711 2060 VIII.
1728 2028 1780 2060 Ad
1796 2030 1946 2069 quintum
1962 2028 2078 2061 dicitur
2093 2029 2183 2070 quod
2197 2030 2329 2070 sequela
2343 2031 2422 2062 nihil
2437 2031 2530 2063 valet.
2550 2031 2644 2070 Quo—

1573 2073 1661 2104 niam
1683 2073 1930 2104 irrevocabilitas
1953 2074 2128 2106 sententiae
2157 2075 2295 2115 pertinet
2321 2074 2361 2106 ad
2383 2074 2567 2108 firmitatem
2592 2077 2643 2107 iu·

1574 2117 1652 2149 dicis
1668 2123 1700 2148 et
1714 2117 1839 2149 iudicii:
1859 2117 2098 2150 infructuositas
2114 2124 2232 2156 autem,
2249 2120 2416 2160 supposita
2430 2120 2641 2158 iterabilitate,

1574 2171 1649 2203 prae
1673 2171 1706 2193 se
1730 2161 1790 2194 fert
1812 2167 1868 2193 aut
1889 2161 2107 2194 infirmitatem
2131 2169 2186 2194 aut
2207 2164 2368 2196 minorem
2390 2163 2568 2205 largitatem
2589 2165 2640 2197 iu-

1575 2206 1652 2237 dicis
1668 2206 1719 2237 vel
1734 2206 1861 2243 iudicii;
1885 2206 1999 2238 iudicis
2015 2207 2158 2247 quidem,
2175 2208 2202 2238 si
2216 2218 2285 2240 non
2299 2208 2368 2239 vult
2383 2214 2439 2240 aut
2453 2218 2521 2240 non
2535 2214 2645 2250 potent

1572 2251 1722 2282 virtutem
1751 2250 1825 2282 dare
1848 2251 1986 2283 similem
2009 2252 2121 2283 iterato
2144 2251 2283 2289 iudici03
2316 2251 2427 2284 iudicii
2458 2258 2584 2290 autem,
2614 2254 2642 2285 si

1573 2295 1730 2327 iudicium
1753 2296 1861 2336 ipsum
1892 2295 2073 2327 secundum
2095 2306 2129 2327 se
2154 2306 2223 2327 non
2246 2302 2295 2329 est
2316 2297 2515 2334 virtuosum,
2545 2297 2643 2339 quale

1574 2345 1621 2371 est
1650 2340 1831 2371 humanum
1860 2339 2016 2372 iudicium
2038 2341 2079 2372 in
2108 2340 2181 2372 foro
2209 2341 2359 2381 litigioso.
2382 2359 2407 2364 —
2428 2342 2470 2374 Et
2493 2351 2552 2383 pet
2576 2342 2643 2375 hoc

1573 2389 1661 2425 patet
1683 2385 1852 2425 responsio
1875 2383 1916 2415 ad
1939 2383 2229 2416 confirmationem.

1628 2428 1784 2459 Notanter
1807 2434 1915 2459 autem
1939 2428 2012 2465 dixi,
2035 2430 2201 2470 supposita
2225 2429 2440 2462 iterabilitate.
2475 2430 2643 2469 Quoniam

1574 2482 1612 2504 ex
1635 2473 1699 2504 hoc
1728 2473 1800 2513 ipso
1831 2472 1922 2513 quod
1951 2473 2040 2505 Deus
2069 2474 2211 2505 iterabile
2241 2474 2377 2506 instituit
2405 2481 2642 2507 sacramentum

1572 2518 1790 2558 poenitentiae
1805 2527 1902 2558 super
1918 2517 2038 2549 eisdem
2052 2518 2203 2558 peccatis,
2220 2528 2423 2559 consequens
2447 2525 2494 2551 est
2516 2525 2553 2551 ut
2574 2519 2642 2552 fru-

1574 2567 1725 2593 ctuosum
1747 2561 1890 2602 replicet.
1914 2561 2014 2594 Secus
2037 2567 2146 2594 autem
2169 2568 2216 2594 est
2238 2563 2272 2595 in
2295 2573 2364 2595 non
2383 2564 2578 2596 iterabilibus
2592 2574 2643 2597 sa·

1574 2607 1761 2638 eramentis:
1791 2605 1979 2638 huiusmodi
2001 2607 2098 2643 enim,
2123 2616 2163 2638 eo
2186 2608 2258 2648 ipso
2282 2607 2373 2648 quod
2396 2614 2471 2640 sunt
2492 2618 2560 2640 non
2583 2609 2643 2640 ite-

1571 2651 1691 2687 rabilia,
1714 2660 1796 2682 vana
1819 2656 1894 2682 sunt
1916 2651 1943 2682 si
1965 2651 2129 2682 iterantur.

1228 2843 1562 2894 QUAESITUM
1593 2843 1867 2897 QUINTUM

1097 2946 1156 2977 AN
1181 2945 1421 2978 CONFEssm
1446 2945 1653 2978 INFORMIS
1677 2946 1743 2978 SIT
1767 2947 1993 2978 ITERANDA

461 3061 593 3125 Cinea
623 3053 807 3092 qualitatem
831 3053 1057 3090 confessionis,
1082 3054 1256 3093 quaeritur:
1282 3054 1334 3084 An
1358 3053 1518 3084 confessio

523 3095 667 3127 informis
689 3097 728 3127 sit
750 3097 900 3128 iteranda.

512 3140 645 3170 Videtur
674 3142 760 3171 enim
791 3142 879 3181 quod
902 3142 947 3172 sic
962 3143 989 3172 ἦ
1020 3142 1140 3178 Primo,
1169 3142 1244 3182 quia
1270 3143 1519 3174 instrumentum

459 3189 585 3222 oportet
607 3185 729 3214 moveri
753 3195 770 3215 a
792 3186 958 3225 principali
981 3191 1112 3225 agente:
1143 3187 1287 3226 alioquin
1317 3187 1520 3217 instrumenti

459 3227 538 3256 ratio
560 3237 627 3257 non
650 3228 794 3258 salvatur.
819 3229 904 3268 Ergo
927 3229 1082 3260 iudicium
1105 3231 1334 3270 poenitentiale
1358 3236 1486 3271 oportet
1502 3241 1519 3261 a

460 3271 603 3301 ministro
628 3273 764 3302 exerceri
786 3278 883 3312 prout
905 3279 1053 3304 movetur
1076 3284 1094 3304 a
1117 3275 1198 3304 Deo.
1223 3274 1296 3311 Sed,
1317 3275 1519 3306 confessione

462 3315 612 3345 existente
634 3315 773 3351 informi,
789 3326 856 3346 non
873 3323 1035 3347 exercetur
1049 3318 1204 3348 iudicium
1227 3319 1454 3358 poenitentiale
1470 3329 1519 3350 se-

462 3358 603 3388 cundum
621 3360 799 3389 motionem
816 3359 964 3390 divinam.
989 3361 1073 3400 Ergo
1091 3367 1218 3401 oportet
1237 3362 1344 3393 denuo
1362 3363 1517 3400 confiteri,

461 3408 497 3432 ut
512 3408 693 3432 exerceatur
707 3404 933 3442 poenitentiale
952 3404 1106 3435 iudicium
1130 3411 1166 3436 ut
1181 3406 1427 3437 instrumentum
1446 3417 1517 3438 mo-

461 3451 530 3476 tum
554 3456 571 3476 a
594 3446 664 3476 Deo
689 3447 903 3486 principaliter
925 3448 1119 3479 absolvente.

1630 3053 1778 3084 Secundo
1791 3055 1818 3084 *.
1833 3053 2047 3084 Confessione
2063 3054 2216 3085 existente
2230 3052 2372 3090 informi,
2386 3053 2474 3084 deest
2489 3063 2555 3084 una
2569 3062 2642 3094 pm

1575 3099 1773 3134 sacramenti,
1787 3108 1870 3138 quae
1881 3103 1929 3128 est
1944 3098 2106 3129 contritio.
2123 3098 2210 3139 Ergo
2221 3103 2456 3129 sacramentum
2467 3107 2536 3129 non
2547 3097 2641 3134 valet,

1575 3142 1631 3173 sed
1654 3148 1700 3174 est
1722 3142 1921 3173 iterandum:
1954 3148 1991 3173 ut
2014 3148 2101 3183 patet
2129 3142 2164 3174 in
2186 3142 2254 3173 aliis
2276 3142 2480 3173 sacramentis
2510 3141 2642 3183 quando

1575 3185 1683 3217 deficit
1705 3187 1813 3227 aliqua
1836 3196 1918 3227 pars.

1633 3231 1742 3261 Tertio
1755 3232 1772 3248 ⁴*
1789 3232 1874 3271 quia,
1892 3230 2095 3262 confessione
2119 3231 2272 3262 existente
2287 3230 2430 3267 informi,
2447 3239 2578 3262 necesse
2594 3235 2643 3262 est

1574 3281 1743 3315 peccatum
1766 3275 1899 3316 aliquod
1921 3275 2056 3306 mortale
2079 3275 2220 3306 subtrahi
2237 3285 2254 3306 a
2269 3275 2400 3306 materia
2416 3274 2639 3306 absolutionis.

1574 3320 1623 3350 Ac
1645 3329 1703 3360 per
1725 3320 1799 3356 hoc,
1822 3329 1953 3351 necesse
1969 3325 2016 3350 est
2039 3318 2278 3350 confessionem
2299 3329 2368 3351 non
2384 3329 2452 3350 esse
2467 3320 2639 3359 integram:

1574 3370 1605 3394 et
1620 3369 1856 3404 consequenter
1875 3374 1943 3395 esse
1958 3363 2179 3394 reiterandam.
2201 3382 2225 3387 —
2247 3364 2459 3404 Assumptum
2475 3363 2638 3404 probatur.

1574 3408 1661 3438 Tum
1685 3409 1760 3449 quia
1784 3409 2000 3439 communiter
2022 3407 2183 3439 confessio
2203 3407 2349 3439 informis
2372 3407 2486 3439 accidit
2509 3412 2642 3448 propter

1573 3452 1693 3492 aliquid
1716 3462 1784 3483 non
1808 3453 2001 3494 explicatum
2022 3453 2055 3483 in
2072 3451 2286 3483 confessione.
2309 3470 2332 3475 —
2355 3452 2443 3483 Tum
2466 3453 2542 3493 quia
2564 3460 2640 3492 pec-

2669 3057 2679 3067 ·
2695 3055 2731 3078 ef.
2748 3061 2813 3079 num.
2828 3061 2863 3079 vi.

2668 3231 2863 3257 ‘camna
