2918 4088
213 316 222 324 ·
240 313 305 334 Vei-s.
324 318 357 339 ¹9.

211 841 221 851 ·
238 840 303 862 Vers.
322 847 354 866 ¹4·

211 1797 221 1807 '¹
237 1795 303 1818 Vei-s.
322 1801 351 1822 ¹5-

212 1950 223 1960 ·
237 1948 303 1970 Vei-⁵.
318 1953 353 1976 39.

213 2267 325 2320 'Revspaa
313 2266 381 2320 adua

218 2907 228 2915 ·
245 2904 309 2926 Vers.
327 2905 360 2926 ¹6.

221 3121 362 3142 ‘Vers.18.

459 189 533 213 210

454 256 555 300 dem,
587 262 622 290 et
650 253 915 303 principaliter,
946 254 994 290 ad
1015 253 1302 302 adipiscendam
1324 260 1518 289 aeternam

454 307 719 344 hereditatem:
751 307 967 344 secundum
987 306 1079 342 illud
1100 307 1199 342 Heb.
1216 318 1239 342 x
1257 305 1294 342 *ε
1324 307 1519 343 Habemus

440 361 626 408 fiduciam
646 362 682 397 in
703 362 851 397 introitu
870 365 1085 397 sanctorum
1101 371 1173 408 per
1186 360 1409 408 sanguinem
1429 360 1516 395 eius.

452 414 499 450 Et
527 413 576 449 ad
604 414 680 450 hoc
708 412 988 461 designandum
1018 411 1166 458 dicitur,
1189 413 1278 449 novi
1299 413 1521 448 Testamenti

452 472 485 502 et
503 468 645 503 aeterni
663 472 691 502 μ.
713 488 737 492 -
759 466 952 511 Secundo,
975 465 1023 501 ad
1043 464 1225 501 iustitiam
1244 464 1395 512 gratiae,
1418 476 1517 513 quae

211 527 221 537 ·
238 525 304 547 Vers·
320 531 352 553 25,
368 526 403 546 26·
452 527 507 555 est
534 531 603 568 per
630 519 769 556 fidem:
801 519 1016 555 secundum
1036 517 1129 554 illud
1148 519 1259 554 Rom.
1277 530 1309 554 111
1327 517 1361 554 *ε
1399 518 1517 559 Quem

446 574 640 622 proposuit
653 573 754 608 Deus
766 573 1050 621 propitiatorem
1065 571 1266 620 perfidem
1283 572 1319 607 in
1334 572 1520 620 sanguine

451 627 545 671 eius,
576 631 613 662 ut
640 627 684 661 sit
711 627 787 674 ipse
815 627 946 669 iustus,
976 630 1009 660 et
1037 625 1239 672 iustificans
1267 635 1351 660 eum
1380 625 1444 672 qui
1470 635 1520 660 ex

440 678 524 726 fide
551 684 601 715 est
628 679 713 714 Iesu
737 679 881 715 Christi.
913 678 960 714 Et
989 684 1177 726 quantum
1209 676 1258 713 ad
1288 677 1363 713 hoc
1391 675 1517 712 subdi-

451 739 523 778 tur,
553 732 772 779 mysterium
792 731 897 779 fidei.
927 753 951 756 —
980 729 1113 767 Tertio
1143 737 1284 776 autem,
1314 729 1362 766 ad
1391 741 1517 765 remo-

451 784 625 821 vendum
662 783 938 833 impedimenta
974 783 1174 832 utriusque
1211 782 1515 832 praedictorum,

451 836 590 873 scilicet
617 844 791 886 peccata:
822 836 1038 873 secundum
1062 835 1155 873 illud
1183 837 1282 872 Heb.
1304 847 1338 872 1x
1356 834 1393 871 *2
1424 837 1516 872 San-

449 891 535 940 guis
557 891 693 927 Christi
710 889 922 926 emundabit
941 890 1182 926 conscientias
1202 894 1346 925 nostras
1364 890 1412 925 ab
1431 901 1525 938 ope-⁷

451 945 551 979 ribus
579 944 748 988 mortuis,
782 941 877 978 idest
905 955 927 979 a
954 941 1130 991 peccatis.
1173 942 1221 978 Et
1249 948 1439 990 quantum
1468 941 1516 978 ad

450 996 525 1032 hoc
554 995 748 1040 subditur,
778 997 842 1044 qui
862 1007 936 1044 pro
964 996 1067 1031 vobis
1095 1001 1128 1030 et
1150 1007 1226 1043 pro
1253 994 1376 1031 multis
1404 994 1486 1030 aliis
1504 999 1516 1014 *⁶

450 1047 659 1096 effundetur
686 1049 722 1083 in
753 1049 1006 1096 remissionem
1033 1052 1282 1095 peccatorum.

502 1101 559 1136 AD
589 1112 723 1137 PRIMUM
752 1111 850 1136 ERGO
879 1112 1061 1136 DICENDUM
1097 1099 1214 1147 quod,
1245 1111 1336 1135 curn
1365 1098 1515 1143 dicitur,

448 1154 527 1190 Hic
547 1159 597 1189 est
616 1153 718 1189 calix
735 1153 930 1201 sanguinis
949 1153 1033 1197 mei,
1063 1159 1120 1188 est
1138 1151 1280 1188 locutio
1300 1150 1515 1199 figurativa,

449 1213 485 1242 et
512 1212 637 1254 potest
665 1204 865 1254 dupliciter
893 1204 1056 1252 intelligi.
1100 1205 1188 1241 Uno
1218 1204 1351 1250 modo,
1381 1215 1516 1240 secun-

450 1258 546 1295 dum
574 1257 866 1307 metonymiam,
897 1257 988 1306 quia
1007 1255 1018 1280 Ε
1046 1256 1205 1306 ponitur
1223 1256 1425 1293 continens
1444 1268 1516 1305 pro

449 1319 647 1358 contento,
684 1318 726 1347 ut
759 1310 804 1347 sit
839 1323 991 1347 sensus:
1030 1311 1109 1346 Hic
1144 1316 1194 1346 est
1225 1310 1379 1360 sanguis
1414 1321 1517 1357 meus

449 1370 638 1401 contentus
666 1365 703 1400 in
733 1364 858 1400 calice.
889 1364 947 1400 De
976 1375 1056 1412 quo
1084 1362 1128 1399 fit
1157 1362 1218 1399 hic
1247 1362 1404 1409 mentio,
1426 1361 1517 1411 quia

449 1417 601 1465 sanguis
631 1416 770 1454 Christi
808 1416 846 1453 in
885 1417 960 1453 hoc
995 1423 1235 1453 sacramento
1272 1422 1518 1452 consecratur

450 1470 682 1520 inquantum
719 1477 774 1506 est
809 1477 923 1518 potus
955 1468 1151 1516 fidelium,
1191 1469 1298 1518 quod
1332 1480 1412 1505 non
1445 1467 1516 1505 im-

448 1531 622 1573 portatur
656 1523 694 1559 in
728 1522 872 1559 ratione
909 1521 1120 1570 sanguinis:
1161 1529 1197 1558 et
1225 1521 1312 1558 ideo
1349 1521 1517 1570 oportuit

449 1576 512 1613 hic
526 1582 539 1598 ⁰
559 1576 745 1624 designari
767 1588 837 1625 per
854 1588 923 1612 vas
943 1575 1035 1612 huic
1054 1574 1141 1612 usui
1162 1575 1514 1612 accommodatum.

502 1629 588 1666 Alio
609 1629 729 1666 modo
757 1636 882 1678 potest
900 1627 1053 1677 intelligi
1081 1628 1296 1665 secundum
1319 1628 1517 1677 metapho-

450 1695 544 1729 ram,
573 1690 689 1732 prout
707 1694 776 1731 per
795 1681 952 1718 calicem
980 1681 1282 1718 similitudinarie
1302 1680 1518 1729 intelligitur

449 1736 577 1785 passio
607 1735 758 1778 Christi,
788 1747 888 1784 quae
917 1734 965 1771 ad
995 1734 1283 1771 similitudinem
1308 1733 1432 1771 calicis
1461 1733 1516 1771 in-

450 1789 587 1834 ebriat,
617 1789 831 1825 secundum
862 1788 966 1834 illud,
989 1790 1023 1825 T
1020 1789 1124 1824 hren.
1146 1800 1179 1824 111
1198 1787 1233 1834 ²⁸,
1263 1788 1431 1837 Replevit
1457 1799 1518 1824 me

451 1842 769 1888 amaritudinibus,
800 1842 995 1878 inebriavit
1022 1853 1084 1877 me
1111 1842 1330 1890 absynthio:
1358 1840 1462 1877 unde
1483 1848 1519 1877 et

450 1895 530 1944 ipse
550 1894 743 1933 Dominus
770 1893 992 1944 passionem
1012 1906 1125 1931 suam
1153 1893 1309 1930 calicem
1330 1893 1516 1941 nominat,

450 1949 585 1985 Matth.
606 1960 688 1984 xxvl
707 1948 738 1994 ²¹⁶,
760 1947 901 1994 dicens,
926 1949 1109 1985 Transeat
1132 1959 1156 1983 a
1175 1959 1236 1983 me
1262 1947 1364 1983 calix
1391 1948 1474 1991 iste;
1492 1969 1517 1973 —

450 2009 492 2038 ut
520 2000 566 2037 sit
593 2013 748 2037 sensus:
785 2001 864 2037 Hic
892 2006 942 2037 est
969 2001 1071 2037 calix
1093 2001 1279 2050 passionis
1307 2012 1423 2037 meae.
1459 2001 1517 2036 De

451 2067 529 2103 qua
556 2054 600 2090 fit
627 2053 772 2090 mentio
810 2053 848 2090 in
877 2053 1061 2102 sanguine
1097 2064 1272 2089 seorsum
1306 2065 1328 2089 a
1356 2064 1517 2102 corpore

451 2114 694 2152 consecrato,
731 2106 822 2156 quia
856 2105 1043 2156 separatio
1074 2105 1268 2154 sanguinis
1306 2118 1328 2142 a
1356 2118 1518 2155 corpore

450 2159 518 2198 fuit
545 2172 615 2209 per
641 2159 874 2209 passionem.

503 2215 560 2250 AD
593 2225 783 2250 SECUNDUM
816 2224 998 2250 mCENDUM
1031 2212 1140 2261 quod
1169 2211 1271 2262 quia,
1301 2219 1344 2248 ut
1372 2211 1519 2249 dictum

418 2274 506 2302 est
524 2266 554 2313 ²⁵²,
584 2265 737 2315 sanguis
761 2277 937 2302 seorsum
957 2273 1200 2302 consecratus
1229 2277 1405 2315 expresse
1433 2277 1518 2315 pas-

451 2319 601 2356 sionem
631 2318 769 2356 Christi
798 2326 1066 2368 repraesentat,
1097 2318 1185 2355 ideo
1213 2318 1341 2368 potius
1369 2318 1408 2355 in
1427 2330 1519 2355 con-

452 2372 662 2409 secratione
697 2371 891 2420 sanguinis
923 2371 966 2408 fit
995 2371 1140 2408 mentio
1177 2371 1224 2408 de
1260 2371 1399 2408 effectu
1433 2384 1519 2421 pas-

453 2425 570 2462 sionis
598 2437 717 2474 quam
747 2424 785 2461 in
813 2425 1099 2462 consecratione
1124 2423 1308 2475 corporis,
1338 2424 1444 2474 quod
1464 2431 1520 2461 est

453 2478 640 2528 passionis
669 2477 896 2515 subiectum.
941 2478 1061 2524 Quod
1090 2477 1205 2514 etiam
1235 2477 1454 2526 designatur
1481 2476 1520 2514 in

453 2532 529 2568 hoc
557 2531 663 2580 quod
692 2530 886 2568 Dominus
914 2530 1012 2578 dicit,
1044 2531 1142 2580 quod
1167 2543 1241 2581 pro
1269 2532 1372 2568 vobis
1399 2530 1519 2567 trade—

453 2591 533 2621 tur:
569 2583 678 2634 quasi
716 2583 835 2631 dicat,
875 2584 974 2633 quod
1001 2596 1075 2634 pro
1107 2586 1210 2621 vobis
1237 2585 1409 2632 passioni
1437 2585 1519 2621 sub-

455 2639 607 2674 iicietur.

508 2692 565 2727 AD
599 2702 758 2727 TERTIUM
792 2702 974 2728 monimum
1012 2690 1119 2739 quod
1155 2697 1425 2726 testamentum
1466 2697 1521 2726 est

455 2743 652 2792 dispositio
682 2743 909 2780 hereditatis.
953 2743 1214 2780 Hereditatem
1243 2750 1373 2780 autem
1401 2744 1520 2779 caele-

455 2804 553 2833 stem
581 2797 687 2833 Deus
711 2796 898 2846 disposuit
926 2796 1150 2834 hominibus
1171 2796 1340 2833 dandam
1359 2808 1428 2845 per
1446 2795 1520 2832 vir-

454 2857 576 2886 tutem
613 2849 808 2898 sanguinis
842 2851 926 2887 Iesu
961 2849 1117 2886 Christi:
1157 2848 1268 2899 quia,
1306 2857 1348 2886 ut
1385 2848 1522 2886 dicitur

455 2905 608 2940 Heb.1x
626 2902 661 2939 *2
697 2905 770 2940 Ubi
795 2909 846 2940 est
873 2909 1139 2950 testamentum,
1168 2915 1271 2940 mors
1299 2914 1444 2939 necesse
1471 2908 1522 2939 est

456 2956 656 2993 intercedat
682 2958 870 2993 testatoris.
902 2955 1065 3004 Sanguis
1085 2963 1215 2993 autem
1236 2955 1374 2993 Christi
1397 2955 1521 3005 dupli-

457 3009 548 3046 citer
575 3017 630 3046 est
657 3009 882 3046 hominibus
906 3009 1107 3046 exhibitus.
1137 3009 1269 3046 Primo
1289 3008 1490 3058 quidem,'
1482 3021 1520 3045 1n

457 3062 599 3110 figura.
630 3063 735 3111 quod
759 3062 921 3112 pertinet
940 3062 989 3099 ad
1007 3070 1118 3100 vetus
1137 3063 1443 3099 Testamentum.
1474 3063 1523 3099 Et

459 3115 546 3151 ideo
566 3117 773 3164 Apostolus
793 3115 972 3152 ibidem*
991 3115 1201 3153 concludit.
1236 3115 1343 3153 Unde
1362 3127 1430 3152 nec
1442 3116 1523 3165 pri-

221 3187 308 3240 Hvbers.
321 3187 385 3240 gups,
394 3186 433 3239 ,αα
459 3180 562 3204 mum
594 3170 866 3205 Testamentum
894 3170 973 3205 sine
999 3170 1199 3219 sanguine
1218 3169 1424 3205 dedicatum
1453 3174 1525 3205 est:

239 3230 379 3267 e1·.’,s¹92o

460 3221 567 3270 quod
586 3229 687 3270 patet
706 3233 752 3257 ex
772 3222 846 3258 hoc
866 3222 984 3270 quod,
1001 3221 1097 3258 sicut
1115 3221 1253 3258 dicitur
1266 3221 1387 3258 Exod.
1399 3220 1522 3268 xxlv*,

514 3335 542 3369 μ)
566 3336 727 3360 Testamenti
744 3339 770 3360 et
789 3336 900 3360 aeterni.
917 3349 936 3354 —
954 3340 980 3360 et
997 3336 1101 3361 aeterni
1124 3336 1286 3361 Testamenti
1304 3337 1383 3361 PlsG.

514 3371 538 3404 v)
557 3371 626 3396 aliis.
644 3385 662 3390 -
686 3372 746 3396 Om.
766 3371 785 3395 F
805 3376 829 3395 et
848 3371 928 3395 tertia.
948 3371 986 3396 Cf.
1007 3379 1050 3403 qu.
1070 3379 1143 3395 Lxxxx
1162 3377 1208 3397 nrt.
1228 3379 1253 3404 7.
1273 3371 1295 3397 δ.

517 3405 540 3440 ξ)
559 3406 630 3439 quia.
648 3421 667 3425 —
686 3414 737 3438 qua
757 3406 796 3431 ΡΙ.

516 3442 542 3475 ο)
561 3442 611 3467 hic.
629 3456 648 3460 —-
666 3443 714 3467 hoc
733 3441 819 3472 PFHI,
838 3442 879 3466 vel
899 3442 963 3466 haec
983 3442 1015 3466 Η.

515 3477 545 3511 π)
563 3478 710 3510 sanguinis.
729 3491 747 3495 -
765 3477 815 3501 hac
832 3477 972 3510 sanguinis
992 3476 1058 3508 HpG
1078 3482 1102 3501 et
1116 3476 1153 3506 bc,
1169 3477 1245 3501 huius
1264 3477 1404 3510 sanguinis
1423 3476 1524 3502 PFlsG.

516 3514 540 3548 ρ)
561 3513 727 3545 mysterium.
746 3527 764 3531 -
783 3512 957 3537 ministerium
977 3512 1071 3544 ABpC.

1097 175 1360 221 QUAESTIO
1391 174 1596 220 LXXVIII,
1627 173 1919 210 ARTICULUS
1948 174 1993 210 III

1545 252 1664 288 lecto
1693 253 1798 288 omni
1823 251 2000 288 mandato
2027 251 2121 300 legis
2155 264 2178 287 α
2206 252 2365 299 Moyse,
2395 263 2543 287 omnem
2566 263 2635 300 po-

1567 306 1700 354 pulum
1729 306 1892 354 aspersit
1922 304 2066 340 dicens:
2093 305 2171 340 Hic
2190 309 2240 340 est
2262 305 2416 353 sanguis
2434 305 2639 341 testamenti

1574 358 1672 407 quod
1697 358 1888 395 mandavit
1916 357 1967 394 ad
1991 369 2056 394 vos
2083 357 2195 392 Deus.

1627 410 1807 448 Secundo
1837 417 1967 447 autem
2000 416 2056 446 est
2084 408 2274 445 exhibitus
2310 408 2348 445 in
2376 408 2429 445 rei
2457 409 2634 446 veritate:

1573 464 1680 512 quod
1709 463 1870 512 pertinet
1898 462 1947 499 ad
1975 474 2125 499 novum
2153 462 2458 498 Testamentum.
2490 463 2537 498 Et
2560 462 2636 498 hoc

1573 524 1628 552 est
1656 516 1763 566 quod
1791 516 1998 565 Apostolus
2027 514 2171 551 ibidem
2190 513 2210 536 '¹‘
2238 514 2453 563 praemittit,
2483 514 2634 551 dicens:

1571 570 1661 606 Ideo
1699 571 1787 607 novi
1817 570 2040 606 Testamenti
2074 568 2255 604 mediator
2282 573 2333 604 est
2364 568 2549 613 Christus,
2586 573 2635 613 ut,

1571 628 1690 659 morte
1717 622 1978 667 intercedente,
2012 621 2336 670 repromissionem
2365 621 2548 669 accipiant
2575 621 2640 669 qui

1571 677 1693 712 vocati
1717 681 1800 712 sunt
1828 680 2002 712 aeternae
2029 674 2246 722 hereditatis.
2281 672 2429 710 Dicitur
2456 684 2546 721 ergo
2574 671 2638 709 hic

1570 730 1725 778 sanguis
1754 730 1842 766 novi
1863 728 2096 773 Testamenti,
2117 726 2208 776 quia
2236 726 2314 763 iam
2343 738 2422 762 non
2443 724 2482 762 in
2500 724 2636 774 figura,

1572 781 1639 818 sed
1667 781 1706 818 in
1726 780 1882 818 veritate
1902 780 2115 818 exhibetur.
2147 779 2258 817 Unde
2278 778 2466 823 subditur,
2488 780 2551 828 qui
2561 790 2637 828 pro

1571 836 1672 871 vobis
1706 834 1926 883 effundetur.
1956 855 1980 859 —
2013 834 2163 870 Interna
2198 839 2328 870 autem
2362 830 2557 881 inspiratio
2591 842 2637 867 ex

1571 887 1766 936 sanguinis
1784 893 1802 908 π
1821 886 1958 923 virtute
1987 885 2159 935 procedit
2187 885 2404 922 secundum
2424 884 2531 934 quod
2550 896 2636 934 pas-

1571 939 1678 977 sione
1709 939 1848 977 Christi
1877 939 2140 976 iustificamur.

1624 994 1681 1029 AD
1715 1005 1887 1035 QUARTUM
1914 1004 2097 1029 mOENDUM
2125 991 2232 1040 quod
2261 991 2337 1028 hoc
2364 994 2636 1028 testamentum

1571 1053 1627 1082 est
1663 1057 1814 1082 novum
1851 1045 1996 1082 ratione
2030 1044 2282 1082 exhibitionis.
2325 1043 2473 1081 Dicitur
2506 1050 2636 1080 autern

1571 1105 1784 1144 aeternum,
1812 1105 1892 1134 tam
1921 1097 2066 1134 ratione
2095 1104 2270 1134 aeternae
2290 1096 2362 1133 Dei
2389 1095 2635 1146 praeordina-

1571 1150 1702 1196 tionis;
1738 1162 1858 1199 quam
1886 1150 2001 1186 etiam
2030 1149 2174 1186 ratione
2202 1157 2377 1186 aeternae
2405 1148 2636 1195 hereditatis,

1571 1215 1671 1251 quae
1690 1215 1760 1252 per
1778 1203 1854 1239 hoc
1873 1210 2146 1246 testamentum
2165 1201 2391 1250 disponitur.
2416 1202 2502 1250 Ipsa
2521 1201 2636 1239 etiam

1570 1267 1736 1305 persona
1757 1254 1907 1302 Christi,
1937 1254 2047 1292 cuius
2067 1254 2251 1302 sanguine
2270 1261 2543 1291 testamentum
2562 1254 2635 1291 dis-

1571 1304 1739 1358 ponitur,
1769 1315 1824 1344 est
1851 1314 2015 1344 aeterna.

1624 1363 1681 1398 An
1719 1373 1880 1404 QUINTUM
1917 1373 2099 1398 monimum
2137 1360 2244 1409 quod
2281 1361 2502 1408 mysterium
2527 1365 2539 1388 Ρ
2573 1359 2638 1396 hic

1571 1414 1739 1464 ponitur,
1769 1426 1850 1451 non
1879 1413 2038 1463 quidem
2066 1413 2115 1450 ad
2144 1412 2430 1450 excludendum
2457 1411 2511 1449 rei
2539 1411 2637 1451 veri-

1570 1476 1700 1514 tatem,
1731 1467 1798 1504 sed
1818 1467 1867 1504 ad
1892 1466 2176 1504 ostendendum
2197 1465 2503 1503 occultationem.
2534 1465 2638 1513 Quia

1572 1529 1608 1558 et
1635 1520 1715 1570 ipse
1745 1519 1901 1569 sanguis
1929 1519 2068 1557 Christi
2096 1520 2246 1556 occulto
2271 1518 2391 1556 modo
2420 1525 2475 1555 est
2502 1518 2542 1555 in
2561 1519 2639 1558 hoc

1571 1581 1831 1620 sacramento;
1870 1580 1906 1610 et
1941 1572 2023 1622 ipsa
2055 1572 2183 1622 passio
2214 1571 2354 1609 Christi
2389 1572 2536 1609 occulte
2568 1570 2638 1609 fuit

1571 1627 1733 1675 figurata
1761 1626 1801 1663 in
1828 1625 1948 1663 veteri
1976 1627 2240 1663 Testamento.
2280 1662 2283 1665 .

1624 1682 1682 1717 AD
1715 1691 1857 1717 SEXTUM
1889 1691 2071 1717 DICENDUM
2106 1679 2213 1728 quod
2251 1677 2389 1715 dicitur
2423 1689 2636 1717 sacramen-

1571 1739 1648 1770 tum
1668 1739 1684 1755 ⁶
1701 1733 1809 1781 fidei,
1831 1732 1941 1782 quasi
1960 1731 2051 1769 fidei
2071 1731 2284 1768 obiectum:
2315 1730 2406 1780 quia
2425 1730 2532 1791 quod
2551 1735 2637 1768 san-

1571 1786 1655 1836 guis
1684 1785 1824 1823 Christi
1856 1785 2074 1822 secundum
2102 1783 2156 1821 rei
2183 1783 2383 1821 veritatem
2420 1783 2466 1820 sit
2493 1783 2533 1821 in
2560 1784 2638 1821 hoc

1572 1847 1823 1886 sacramento,
1853 1839 1934 1875 sola
1961 1838 2039 1875 fide
2067 1845 2227 1874 tenetur.
2257 1838 2343 1886 Ipsa
2366 1835 2481 1874 etiam
2508 1835 2637 1887 passio

1574 1891 1714 1930 Christi
1731 1904 1802 1942 per
1829 1891 1949 1928 fidem
1968 1890 2155 1928 iustificat.
2185 1889 2406 1939 Baptismus
2434 1897 2565 1927 autem
2584 1888 2640 1934 di-

1573 1946 1669 1983 citur
1695 1950 1970 1982 sacramentum
1993 1944 2092 1992 fidei
2124 1942 2216 1993 quia
2243 1950 2299 1980 est
2324 1943 2518 1992 quaedam
2546 1941 2639 1980 fidei
2697 1939 2708 1998 J

1572 1997 1804 2048 protestatio.
1834 2020 1859 2024 -
1887 1997 1974 2034 Ho'c
2002 2003 2132 2034 autem
2161 2003 2216 2032 est
2242 2001 2518 2033 sacramentum
2544 1997 2638 2033 cari-

1572 2053 1653 2089 tatis
1681 2050 1791 2101 quasi
1819 2049 2067 2099 figurativum
2096 2056 2132 2086 et
2159 2048 2392 2086 effectivum.

1627 2106 1684 2143 An
1704 2115 1883 2142 SEPTIMUM
1904 2115 2087 2148 ΒιαεΝουΜ
2106 2102 2225 2152 quod,
2255 2101 2352 2139 sicut
2370 2101 2514 2139 dictum
2537 2108 2592 2138 est
2604 2099 2637 2149 *,

1574 2156 1727 2206 sanguis
1756 2168 1933 2194 seorsum
1961 2163 2205 2193 consecratus
2240 2167 2263 2192 a
2290 2166 2452 2204 corpore
2487 2165 2638 2215 expres-

1574 2211 1652 2248 sius
1681 2216 1938 2270 repraesentat
1964 2208 2187 2268 passionem
2216 2207 2366 2245 Christi.
2405 2208 2454 2245 Et
2481 2207 2593 2247 ideo
2597 2206 2639 2248 in

1574 2263 1861 2302 consecratione
1897 2261 2091 2322 sanguinis
2127 2261 2170 2298 fit
2201 2260 2346 2298 mentio
2384 2260 2432 2297 de
2459 2259 2638 2310 passione

1576 2316 1715 2354 Christi
1748 2323 1785 2353 et
1812 2316 1935 2353 fructu
1971 2315 2111 2365 ipsius,
2139 2314 2269 2364 potius
2288 2320 2303 2336 τ
2330 2325 2451 2363 quam
2479 2312 2519 2350 in
2546 2324 2638 2351 con-

1574 2369 1785 2408 secratione
1814 2368 1996 2418 corporis.

1627 2424 1685 2460 An
1713 2434 1886 2460 ocrAthM
1917 2433 2107 2459 mCENDUM
2127 2420 2235 2470 quod
2270 2419 2423 2468 sanguis
2450 2418 2640 2469 passionis

1576 2475 1715 2514 Christi
1735 2487 1815 2512 non
1835 2476 1963 2512 solum
1982 2474 2098 2511 habet
2112 2473 2350 2511 efficaciam
2342 2485 2382 2510 1n
2401 2472 2549 2510 ludaeis
2569 2472 2640 2510 ele-

1575 2529 1654 2576 ctis,
1685 2528 1827 2578 quibus
1854 2527 2044 2564 exhibitus
2077 2533 2132 2564 est
2161 2526 2314 2575 sanguis
2341 2525 2480 2563 veteris
2506 2526 2640 2564 Testa-

1576 2581 1707 2628 menti,
1723 2582 1790 2618 sed
1806 2580 1921 2618 etiam
1941 2580 1980 2617 in
1995 2579 2213 2629 gentilibus,
2234 2591 2306 2616 nec
2320 2579 2445 2616 solum
2466 2578 2507 2615 in
2521 2591 2640 2626 sacer-

1576 2634 1742 2678 dotibus,
1764 2633 1831 2683 qui
1850 2635 1926 2671 hoc
1946 2632 2116 2670 efficiunt
2130 2638 2146 2654 υ
2167 2639 2463 2679 sacramentum,
2479 2633 2542 2671 vel
2559 2623 2644 2673 aliis

1576 2688 1643 2739 qui
1663 2695 1833 2731 sumunt,
1850 2687 1917 2724 sed
1937 2685 2052 2723 etiam
2072 2685 2111 2723 in
2130 2685 2200 2723 illis
2218 2697 2290 2736 pro
2310 2683 2452 2735 quibus
2467 2682 2638 2725 offertur.

1577 2742 1625 2779 Et
1652 2741 1739 2778 ideo
1767 2740 1958 2788 signanter
1982 2739 2082 2787 dicit,
2096 2751 2172 2789 pro
2197 2740 2299 2777 vobis
2323 2737 2484 2786 Iudaeis,
2511 2745 2545 2776 et
2564 2750 2640 2789 pro

1576 2795 1709 2841 multis,
1739 2793 1879 2830 scilicet
1904 2792 2125 2842 gentilibus:
2155 2793 2228 2837 vel,
2248 2804 2323 2842 pro
2350 2793 2452 2830 vobis
2476 2791 2640 2829 mandu-
2675 2792 2678 2797 '

1576 2824 1761 2894 cantibus,
1792 2852 1825 2883 et
1846 2858 1921 2896 pro
1949 2846 2071 2883 multis
2097 2857 2168 2895 pro
2198 2844 2339 2894 quibus
2367 2843 2532 2882 offertur.

1630 2902 1687 2938 AD
1709 2912 1834 2938 NONUM
1853 2911 2035 2936 mmmmm
2055 2899 2162 2948 quod
2183 2897 2447 2946 Evangelistae
2475 2909 2555 2935 non
2583 2895 2640 2934 in—

1576 2954 1784 2992 tendebant
1810 2951 1958 2990 tradere
1986 2952 2130 2989 formas
2157 2957 2507 2996 sacramentorum,
2543 2954 2640 2999 quas
2686 2973 2690 2977 —
2741 2947 2744 2950 ⁴

1576 3008 1616 3045 in
1644 3005 1838 3057 primitiva
1865 3004 2035 3043 Ecclesia
2063 3003 2263 3054 oportebat
2290 3015 2372 3040 esse
2391 3003 2569 3049 occultas,
2598 3010 2642 3040 ut

1577 3060 1666 3098 dicit
1680 3058 1902 3109 Dionysius,
1915 3058 1955 3095 in
1968 3057 2047 3094 fine
2061 3057 2340 3095 Ecclesiasticae
2347 3055 2638 3093 fferarchiae*.

1579 3114 1656 3152 Sed
1684 3112 1929 3160 intenderunt
1956 3109 2154 3147 historiam
2173 3109 2221 3146 de
2242 3108 2393 3146 Christo
2421 3115 2559 3146 texere

1631 3168 1679 3203 Et
1706 3173 1836 3203 tamen
1865 3162 1997 3201 omnia
2025 3163 2121 3200 haec
2157 3162 2275 3199 verba
2302 3161 2379 3198 fere
2408 3173 2454 3198 ex
2483 3161 2641 3198 diversis

1579 3219 1796 3269 Scripturae
1820 3216 1913 3254 locis
1941 3215 2064 3266 accipi,
2081 3222 2254 3264 possunt.
2285 3215 2388 3251 Nam
2416 3215 2523 3264 quod
2551 3214 2642 3252 dici-

1595 3360 1597 3362 ,
1632 3334 1658 3368 σ)
1678 3336 1882 3359 sacramentum.
1901 3347 1920 3351 -
1938 3331 2096 3365 mysterium
2115 3330 2135 3355 F
2154 3335 2180 3355 et
2198 3330 2280 3356 tertia.
2297 3344 2316 3348 —
2333 3330 2411 3363 quasi
2428 3330 2492 3358 fidei
2508 3338 2562 3356 om.
2581 3330 2611 3356 E.
2623 3344 2643 3350 -

1579 3371 1619 3395 rei
1637 3377 1691 3394 orn.
1709 3369 1792 3394 tertia.

1631 3405 1656 3439 τ)
1672 3405 1772 3437 potius.
1789 3417 1809 3423 -
1822 3410 1875 3435 per
1893 3402 1969 3435 HpG,
1988 3407 2048 3434 post
2067 3402 2103 3426 Et
2122 3401 2181 3426 ideo
2201 3407 2301 3435 ponunt
2317 3401 2452 3426 editiones.

1631 3440 1656 3475 u)
1676 3440 1802 3474 efficiunt.
1819 3453 1838 3457 -
1855 3437 1997 3472 conficiunt
2014 3437 2095 3462 tertia.

2663 521 2674 530 ¹
2688 519 2754 541 Vei-s.
2771 525 2802 547 ¹5.

2665 2099 2759 2127 ‘Reum
2774 2098 2803 2120 ud
2817 2104 2838 2121 π.

2669 3056 2752 3084 '0¹9-
2764 3062 2804 3084 vn,
2819 3057 2828 3083 ς
2845 3062 2882 3079 ιο.
2915 3047 2918 3056 '
