2878 4088
154 455 163 465 ¹¹
178 453 225 508 (31.
243 459 311 475 xxxv.

153 481 175 492 ··
216 486 237 501 ιι.
252 485 331 501 xxxvi.

156 1025 167 1036 ·
174 1023 213 1045 Aa
220 1023 308 1051 Galat„
317 1029 367 1050 cap.

157 1057 188 1077 ιν,
200 1056 258 1072 vers.
269 1057 302 1079 31;
317 1055 367 1077 cap.

155 1083 177 1104 v,
192 1082 250 1098 vers.
268 1083 299 1105 ¹3.

157 1206 167 1216 '¹
181 1204 247 1226 Vers.
262 1210 282 1232 3.

158 1510 168 1519 ·
182 1507 247 1529 Vers.
265 1514 284 1529 ι.

160 2088 170 2099 ·
176 2086 239 2108 Cael.
246 2086 313 2109 Hier.
321 2092 370 2115 cap.

159 2119 191 2139 ιν,
206 2114 249 2161 ςὲ
260 2119 310 2141 cap.
321 2119 368 2145 V.¹¹¹v

160 2141 169 2165 5
184 2145 208 2166 2;
245 2139 286 2162 ccl.
301 2140 371 2162 Hier.

158 2172 210 2194 πρ·
225 2173 247 2194 v,
262 2167 271 2193 S
286 2173 309 2193 4·

160 3491 374 3546 aarum

390 197 439 233 62

392 279 516 315 quarto,
542 274 581 305 de
604 274 840 315 impedimentis
865 275 1115 307 ordinandorum
1131 277 1164 313 ’ἢ
1197 276 1321 316 quinto,
1346 274 1385 306 de
1408 275 1456 305 his

393 328 475 359 quae
498 324 572 349 sunt
596 320 760 350 ordinibus
784 330 906 351 annexa
921 322 947 351 ’ἦ

448 363 497 393 De
520 363 591 403 ipso
616 369 724 395 autem
748 364 859 395 ordine
882 366 916 395 in
939 366 1106 395 communi
1128 365 1187 395 tria
1208 363 1344 395 videnda
1363 367 1454 394 sunt:

392 407 508 447 primo,
537 406 575 438 de
600 408 668 438 eius
692 409 820 439 entitate
845 414 876 440 et
899 408 1083 450 quidditate,
1098 414 1128 439 et
1143 409 1284 449 partibus
1300 408 1384 444 eius;
1409 416 1457 437 se-

989 198 1251 245 QUAESTIO
1282 198 1452 245 XXXIV,
1482 196 1775 234 ARTICULUS
1803 198 1829 244 1,
1858 198 1900 244 ΙΙ,
1931 198 1976 234 ΙΙΙ

1510 275 1636 311 clesiae,
1656 285 1719 315 per
1741 275 1828 316 quod
1858 275 2038 316 spiritualis
2064 281 2209 317 potestas
2239 277 2381 308 traditur
2413 277 2574 308 ordinato.

1510 319 1585 349 Pars
1609 320 1695 349 enim
1710 329 1778 349 non
1798 319 1892 350 debet
1906 320 1987 360 poni
2001 329 2102 360 genus
2117 321 2225 351 totius.
2246 321 2309 352 Sed
2324 321 2502 358 character,
2520 322 2577 362 qui

1510 373 1568 404 per
1586 363 1792 404 signaculum
1808 365 1978 404 exponitur
2000 365 2034 394 in
2058 365 2269 404 consequenti
2285 364 2471 396 definitione
2486 367 2512 402 ’ξ
2530 371 2577 396 est

1511 417 1583 447 pars
1607 406 1744 437 ordinis:
1771 408 1846 447 quia
1862 407 2011 439 dividitur
2035 414 2146 439 contra
2160 408 2193 439 id
2209 408 2299 449 quod
2315 414 2361 440 est
2375 419 2425 440 res
2440 415 2575 446 tantum,

393 451 511 487 cundo,
525 450 564 482 de
585 453 653 483 eius
670 452 830 490 effeetu*;
854 454 958 490 tertio,
978 453 1018 484 de
1033 453 1277 493 suscipientibus
1293 453 1400 492 ipsum
1411 452 1455 481 ⁴⁹³⁹.
1479 463 1487 483 5
1512 452 1562 482 vel
1586 457 1819 482 sacramentum
1849 457 1984 489 tantum,
2009 462 2084 483 cum
2107 453 2147 483 sit
2169 462 2218 483 res
2247 458 2278 483 et
2300 459 2534 485 sacramentum
2549 456 2575 485 θ.

394 495 487 526 Circa
509 496 651 536 primum
674 503 870 537 quaeruntur
894 498 1047 538 quinque.

447 539 574 571 Primo:
599 546 708 572 utrum
730 542 764 572 in
788 542 930 572 Ecclesia
954 552 1021 572 esse
1045 541 1168 572 debeat.

448 583 618 615 Secundo:
642 591 751 616 utrum
775 587 1001 617 convenienter
1025 585 1202 616 definiatur.

449 628 579 659 Tertio:
603 634 712 660 utrum
735 631 774 660 sit
797 635 1040 661 sacramentum.

450 672 592 711 Quarto:
617 680 725 704 utrum
749 675 816 705 eius
840 674 942 705 forma
962 675 1154 715 exprimatur
1177 674 1413 704 convenienter.

450 717 593 755 Quinto:
618 723 726 749 utrum
749 719 812 749 hoc
835 724 1069 749 sacramentum
1092 719 1257 749 materiam
1279 718 1402 748 habeat.

505 788 604 819 ART.
632 788 655 819 Ι.
678 799 783 819 UTRUM
806 799 892 819 onno
916 799 948 820 m
971 800 1115 820 nccmsm
1134 799 1204 820 ussa
1225 799 1345 819 naussa‘r

739 843 772 864 lv
789 843 855 866 Cont.
872 843 953 871 Geni„
969 849 1020 870 cap.
1035 850 1112 866 cxxiv.

1511 496 1598 536 Ergo
1613 495 1819 537 signaculum
1834 506 1903 526 non
1919 496 2013 527 debet
2029 497 2109 537 poni
2125 497 2216 537 quasi
2231 506 2332 537 genus
2349 497 2477 528 ordinis.

1569 550 1598 570 2.
1622 539 1826 577 Pmaremu,
1853 541 1934 571 sicut
1957 541 1990 571 in
2013 546 2210 571 sacramento
2239 540 2358 571 ordinis
2386 542 2578 581 imprimitur

1513 585 1682 620 character,
1708 585 1751 615 ita
1773 585 1807 615 in
1830 590 2028 615 sacramento
2058 585 2217 625 baptismi.
2249 584 2312 616 Sed
2335 585 2368 615 in
2392 585 2579 616 definitione

1512 629 1661 669 baptismi
1672 638 1740 659 non
1752 629 1932 669 ponebatur
1948 629 2108 660 character
2119 630 2146 659 *ἢ
2163 629 2249 669 Ergo
2265 638 2326 660 nec
2341 630 2375 659 in
2391 629 2579 660 definitione

1474 683 1500 698 ιο
1513 673 1633 704 ordinis
1656 673 1751 704 debet
1773 674 1861 713 poni.

1570 717 1599 748 3.
1623 717 1819 754 PRAETEREA,
1841 718 1875 748 in
1904 718 2063 758 baptismo
2095 718 2201 748 etiam·
2223 717 2381 757 quaedam
2411 717 2580 758 spiritualis

1514 762 1605 793 datur
1636 767 1777 802 potestas
1809 762 1983 793 accedendi
2012 762 2052 792 ad
2084 767 2297 792 sacramenta:
2332 766 2364 792 et
2385 762 2502 792 iterum
2534 766 2582 792 est

1515 805 1679 846 quoddam
1702 807 1921 846 signaculum,
1947 816 2022 837 cum
2046 807 2085 837 sit
2116 811 2360 837 sacramentum.
2392 806 2479 846 Ergo
2501 806 2582 836 haec

1514 850 1658 881 definitio
1682 851 1833 881 convenit
1848 851 2018 892 baptismo.
2042 851 2083 881 Et
2106 851 2151 882 sic
2166 851 2430 881 inconvenienter
2444 850 2582 890 assigna-

398 903 481 966 Αι)
497 903 614 923 pannum
638 903 683 923 src
705 903 909 924 rnocamrun.
933 893 1067 925 Videtur
1083 893 1172 934 quod
1188 894 1268 925 ordo
1292 895 1324 925 in
1348 894 1459 925 Eccle-
1475 908 1498 928 ις
1513 901 1565 926 tur
1588 894 1628 925 de
1652 894 1774 925 ordine.

461 938 506 967 sia
529 946 596 967 esse
620 947 688 967 non
709 937 831 968 debeat.
857 937 946 968 Ordo
964 939 1050 968 enim
1072 939 1204 978 requirit
1227 939 1460 968 subiectionem

396 986 427 1011 et
449 981 688 1021 praelationem.
713 980 776 1011 Sed
799 982 954 1012 subiectio
973 981 1098 1012 videtur
1120 991 1297 1022 repugnare
1321 982 1460 1012 libertati

395 1025 428 1055 in
459 1034 555 1064 quam
586 1025 693 1055 vocati
722 1034 832 1055 sumus
855 1035 920 1065 per
952 1025 1113 1056 Christum
1132 1027 1158 1056 *.
1195 1026 1280 1065 Ergo
1316 1025 1395 1056 ordo
1426 1027 1460 1056 in

395 1068 538 1099 Ecclesia
561 1077 629 1098 esse
652 1078 720 1098 non
743 1068 846 1099 debet.

451 1121 480 1142 2.
506 1112 705 1147 PRAanmzA,
730 1112 783 1142 ille
807 1113 863 1152 qui
886 1113 920 1142 in
944 1111 1056 1143 ordine
1080 1113 1297 1148 constituitur,
1322 1113 1384 1143 alio
1408 1122 1460 1143 su-

394 1157 501 1196 perior
515 1155 560 1186 fit.
586 1155 648 1186 Sed
663 1156 697 1185 in
713 1155 855 1186 Ecclesia
878 1156 1011 1196 quilibet
1035 1155 1129 1186 debet
1152 1166 1185 1186 se
1209 1156 1307 1186 altero
1331 1156 1460 1187 inferio-

393 1209 461 1230 rem
476 1205 640 1240 reputare:
665 1199 800 1240 Philipp.
817 1210 839 1229 11
854 1201 881 1236 ἡ
898 1200 1090 1240 Superiores
1106 1200 1240 1231 invicem
1256 1200 1459 1231 arbitrantes.

394 1244 479 1283 Ergo
503 1253 571 1274 non
594 1243 688 1274 debet
710 1244 744 1273 in
768 1244 910 1274 Ecclesia
934 1253 1002 1274 esse
1025 1244 1116 1275 ordo.

451 1288 480 1318 3.
504 1288 700 1324 PRAETEREA,
717 1287 797 1318 ordo
821 1289 980 1320 invenitur
1002 1289 1036 1318 in
1059 1288 1178 1328 angelis
1201 1293 1332 1328 propter
1351 1288 1460 1319 distin-

395 1332 537 1362 ctionem
560 1341 674 1362 eorum
697 1332 730 1362 in
753 1332 948 1363 naturalibus
965 1338 996 1363 et
1010 1333 1163 1373 gratuitis.
1188 1332 1251 1363 Sed
1272 1342 1385 1363 omnes
1401 1333 1460 1363 ho-

395 1377 497 1406 mines
521 1381 595 1406 sunt
617 1377 651 1406 in
674 1381 786 1406 natura
808 1386 930 1407 unum:
961 1377 1133 1417 gratiarum
1161 1377 1257 1407 etiam
1280 1376 1365 1407 dona
1389 1378 1461 1417 quis

396 1421 587 1450 eminentius
616 1420 746 1457 habeat,
770 1421 918 1461 ignotum
949 1427 1004 1452 est.
1036 1421 1122 1461 Ergo
1153 1420 1233 1452 ordo
1261 1422 1296 1452 in
1318 1421 1462 1452 Ecclesia

396 1474 464 1495 esse
487 1474 555 1494 non
578 1470 693 1505 potest.

451 1508 512 1539 San
538 1518 670 1545 CONTRA,
694 1509 787 1540 Rom.
805 1520 859 1540 xm
874 1511 907 1540 *z
939 1509 1031 1546 Quae
1053 1519 1073 1539 a
1096 1509 1168 1540 Deo
1191 1515 1283 1547 sunt,
1309 1510 1460 1541 ordinata

395 1558 480 1583 sunt.
511 1553 574 1584 Sed
596 1553 739 1584 Ecclesia
762 1564 780 1584 a
803 1555 874 1584 Deo
899 1559 963 1584 est:
995 1555 1071 1594 quia
1097 1555 1166 1595 ipse
1189 1564 1261 1585 eam
1285 1553 1462 1585 aedificavit

395 1598 550 1637 sanguine
573 1607 644 1628 suo.
668 1598 754 1638 Ergo
779 1598 858 1629 ordo
881 1599 915 1628 in
938 1598 1082 1629 Ecclesia
1104 1608 1172 1630 esse
1195 1598 1299 1629 debet.

452 1651 482 1672 2.
506 1641 702 1678 Pmnmnm,
719 1648 816 1672 status
837 1642 999 1673 Ecclesiae
1023 1648 1070 1673 est
1091 1643 1217 1674 medius
1239 1643 1321 1674 inter
1344 1649 1462 1675 statum

396 1691 527 1716 naturae
543 1691 574 1716 et
589 1686 717 1726 gloriae.
743 1686 805 1717 Sed
820 1687 853 1717 in
869 1692 981 1717 natura
998 1687 1159 1718 invenitur
1175 1687 1266 1724 ordo,
1279 1697 1346 1728 quo
1364 1697 1462 1728 quae-

397 1730 470 1760 dam
494 1730 561 1760 aliis
585 1731 747 1770 superiora
777 1736 868 1761 sunt:
902 1737 933 1761 et
955 1731 1098 1762 similiter
1120 1732 1153 1762 in
1176 1732 1293 1772 gloria,
1317 1737 1353 1762 ut
1375 1738 1463 1773 patet

396 1775 430 1804 in
454 1775 582 1814 angelis.
607 1775 691 1814 Ergo
715 1775 748 1804 in
772 1775 915 1805 Ecclesia
938 1775 1032 1806 debet
1055 1785 1124 1806 esse
1147 1776 1238 1807 ordo.

451 1819 639 1848 RESPONDEO
663 1829 823 1849 memnon
847 1818 937 1859 quod
952 1820 1040 1850 Deus
1064 1830 1121 1850 sua
1144 1830 1243 1860 opera
1261 1821 1294 1851 in
1310 1821 1360 1851 sui
1375 1822 1462 1851 simi-

396 1862 564 1893 litudinem
587 1861 764 1902 producere
779 1864 882 1894 voluit
905 1869 1063 1904 quantum
1085 1865 1237 1904 possibile
1253 1864 1323 1901 fuit,
1340 1871 1376 1895 ut
1391 1875 1462 1906 per-

397 1906 478 1937 fecta
502 1912 614 1943 essent,
632 1912 663 1937 et
678 1917 735 1947 per
759 1917 795 1938 ea
819 1909 972 1948 cognosci
995 1914 1112 1948 posset.
1137 1909 1178 1939 Et
1197 1908 1281 1945 ideo,
1298 1915 1334 1939 ut
1349 1910 1383 1940 in
1398 1910 1463 1940 suis

397 1951 546 1991 operibus
574 1957 861 1991 repraesentaretur
883 1962 951 1982 non
974 1953 1081 1983 solum
1110 1953 1289 1984 secundum
1317 1954 1407 1994 quod
1430 1954 1463 1984 in

1569 948 1600 978 4.
1624 939 1819 975 Primnum,
1837 938 1917 969 ordo
1940 939 2051 970 relatio
2075 939 2233 979 quaedam
2261 944 2308 970 est
2331 948 2414 979 quae
2437 939 2471 969 in
2493 943 2582 969 utro-

1515 993 1579 1024 que
1603 988 1820 1013 extremorum
1835 984 1981 1014 salvatur.
2006 984 2155 1014 Extrema
2178 989 2287 1014 autem
2302 983 2398 1014 huius
2420 983 2582 1013 relationis

1515 1032 1589 1058 sunt
1612 1027 1757 1066 superior
1781 1032 1811 1057 et
1834 1027 1974 1058 inferior.
1999 1028 2085 1068 Ergo
2105 1027 2271 1058 inferiores
2293 1028 2412 1058 habent
2435 1027 2582 1058 ordinem

1515 1072 1597 1101 sicut
1630 1076 1661 1100 et
1692 1071 1882 1110 superiores.
1916 1071 1979 1102 Sed
2001 1072 2035 1102 in
2059 1073 2103 1102 eis
2130 1081 2198 1103 non
2231 1077 2278 1102 est
2308 1073 2414 1112 aliqua
2440 1077 2582 1112 potestas

1475 1125 1501 1140 20
1514 1115 1794 1154 praeeminentiae,
1819 1115 1921 1154 qualis
1944 1116 2076 1155 ponitur
2098 1116 2150 1146 hic
2173 1117 2206 1146 in
2231 1116 2418 1147 definitione
2450 1115 2580 1152 ordinis,

1514 1163 1551 1188 ut
1572 1162 1660 1197 patet
1682 1167 1739 1197 per
1763 1159 1997 1197 expositionem
2023 1165 2212 1199 sequentem
2227 1161 2254 1196 ἡ
2276 1161 2332 1190 ubi
2354 1161 2485 1200 ponitur
2500 1170 2582 1200 pro—

1515 1202 1614 1232 motio
1632 1202 1813 1241 potestatis.
1848 1202 1933 1242 Ergo
1957 1203 2220 1234 inconvenienter
2242 1203 2392 1234 definitur
2413 1204 2466 1234 hic
2489 1203 2581 1234 ordo.

1569 1246 1759 1276 stpommo
1783 1255 1943 1276 morannum
1967 1246 2057 1286 quod
2079 1246 2224 1277 definitio
2248 1257 2346 1288 quam
2370 1247 2520 1287 Magister
2543 1247 2583 1278 de

1516 1289 1628 1321 ordine
1650 1290 1753 1330 ponit,
1770 1290 1922 1331 convenit
1945 1290 2049 1321 ordini
2072 1290 2252 1321 secundum
2282 1290 2372 1331 quod
2395 1296 2442 1322 est
2471 1291 2583 1322 Eccle-

1475 1345 1499 1365 ις
1515 1335 1579 1365 siae
1605 1339 1849 1364 sacramentum.
1881 1334 1923 1364 Et
1948 1333 2022 1365 ideo
2050 1334 2116 1365 duo
2139 1335 2247 1375 ponit:
2278 1336 2406 1376 signum
2436 1336 2582 1372 exterius,

1514 1379 1569 1415 ibi,
1585 1378 1791 1420 signaculum
1815 1378 1977 1419 quoddam
2000 1384 2071 1415 etc„
2088 1378 2179 1415 idest,
2193 1380 2322 1419 signum
2345 1379 2528 1420 quoddam;
2553 1385 2585 1410 et

1515 1422 1666 1453 effectum
1688 1423 1883 1460 interiorem,
1899 1423 1954 1459 ibi,
1971 1433 2034 1464 quo
2058 1423 2238 1464 spiritualis
2254 1429 2401 1464 potestas
2423 1425 2514 1454 etc.*

1571 1467 1621 1497 An
1645 1477 1762 1497 pamma
1785 1477 1868 1497 aneo
1891 1477 2051 1498 mcunmm
2070 1467 2160 1508 quod
2182 1468 2389 1509 signaculum
2403 1477 2472 1499 non
2490 1469 2584 1508 poni-

1514 1517 1566 1542 tur
1588 1512 1642 1542 hic
1665 1521 1724 1552 pro
1741 1512 1921 1542 charactere
1943 1512 2104 1542 interiori:
2130 1511 2186 1543 sed
2204 1522 2263 1552 pro
2283 1522 2323 1543 eo
2340 1512 2430 1553 quod
2448 1513 2584 1543 exterius

1477 1565 1502 1586 ιο
1515 1556 1642 1596 geritur,
1660 1555 1750 1596 quod
1773 1561 1820 1586 est
1843 1556 1970 1596 signum
1993 1557 2150 1587 interioris
2173 1557 2338 1597 potestatis
2362 1562 2393 1587 et
2416 1566 2520 1587 causa.
2544 1557 2586 1588 Et

1515 1601 1560 1631 sic
1585 1601 1680 1631 etiam
1703 1601 1840 1630 sumitur
1862 1601 2032 1631 character
2053 1601 2087 1631 in
2110 1601 2171 1631 alia
2193 1600 2391 1632 definitione.

1571 1644 1604 1675 Si
1626 1650 1734 1675 tamen
1757 1654 1817 1685 pro
1840 1645 1983 1675 interiori
2006 1645 2186 1676 charactere
2207 1651 2395 1682 sumeretur,
2411 1654 2481 1676 non
2503 1650 2586 1676 esset

1515 1689 1756 1720 inconveniens.
1781 1689 1868 1727 Quia
1891 1688 2004 1720 divisio
2029 1690 2218 1720 sacramenti
2239 1690 2274 1720 in
2297 1689 2350 1720 illa
2373 1690 2432 1720 tria
2453 1699 2522 1720 non
2538 1694 2586 1720 est

1516 1734 1549 1764 in
1572 1739 1676 1774 partes
1692 1733 1869 1773 integrales,
1886 1734 2016 1774 proprie
2031 1733 2208 1774 loquendo.
2233 1734 2319 1772 Quia
2338 1733 2417 1764 illud
2433 1733 2523 1774 quod
2538 1739 2586 1764 est

1478 1786 1500 1807 ιι
1516 1787 1566 1808 res
1588 1783 1723 1813 tantum,
1739 1787 1807 1808 non
1831 1783 1878 1808 est
1901 1777 1941 1808 de
1960 1778 2095 1808 essentia
2117 1779 2315 1808 sacramenti.
2346 1778 2447 1816 Quod
2469 1783 2517 1808 est
2539 1783 2585 1808 et-

1516 1823 1581 1852 iam
1597 1827 1830 1852 sacramentum
1853 1827 1988 1859 tantum,
2005 1823 2130 1853 transit:
2156 1827 2187 1853 et
2206 1828 2440 1853 sacramentum
2455 1832 2585 1853 manere

1517 1865 1641 1897 dicitur.
1666 1865 1760 1897 Unde
1782 1866 1971 1906 relinquitur
1995 1865 2086 1907 quod
2107 1867 2176 1906 ipse
2200 1867 2360 1897 character
2391 1867 2522 1897 interior
2545 1867 2586 1897 sit

1518 1910 1724 1941 essentialiter
1751 1916 1782 1941 et
1804 1911 2020 1951 principaliter
2049 1911 2157 1951 ipsum
2186 1916 2420 1942 sacramentum
2453 1910 2583 1942 ordinis.

1573 1955 1624 1985 An
1648 1965 1810 1985 secuuntur
1833 1965 1993 1985 mensuum
2016 1954 2107 1995 quod
2121 1955 2308 1995 bapfismus,
2325 1955 2471 1995 quamvis
2486 1956 2520 1985 in
2544 1964 2584 1986 eo

397 2004 430 2025 se
447 2000 502 2031 est,
519 1994 574 2025 sed
597 1996 693 2026 etiam
716 1996 895 2027 secundum
919 1996 1008 2036 quod
1032 1997 1099 2027 aliis
1122 1997 1237 2033 influit,
1254 1998 1336 2028 hanc
1358 1998 1464 2038 legem
1477 2007 1504 2027 40
1517 1998 1700 2029 conferatur
1719 1999 1824 2039 aliqua
1847 1999 2015 2039 spiritualis
2038 2004 2180 2039 potestas
2202 1999 2377 2039 recipiendi
2400 1999 2460 2030 alia
2483 2008 2585 2030 sacra-

397 2039 572 2069 naturalem
595 2040 750 2080 imposuit
777 2041 942 2077 omnibus,
967 2046 1003 2071 ut
1025 2042 1138 2072 ultima
1160 2051 1218 2082 per
1240 2041 1346 2072 media
1368 2041 1463 2083 perfi-

398 2089 543 2114 cerentur
559 2088 590 2114 et
604 2084 710 2114 media
728 2094 785 2125 per
801 2086 912 2125 prima,
929 2090 965 2115 ut
981 2085 1155 2126 Dionysius
1180 2085 1256 2116 dicit
1271 2087 1297 2116 *.
1322 2087 1363 2116 Et
1378 2086 1462 2123 ideo,

397 2132 433 2157 ut
454 2128 513 2158 ista
535 2128 718 2168 pulcritudo
742 2129 904 2159 Ecclesiae
926 2139 994 2160 non
1018 2129 1156 2167 deesset,
1181 2131 1290 2170 posuit
1317 2130 1464 2162 ordinem

397 2172 431 2201 in
447 2182 493 2209 ea,
510 2178 546 2203 ut
562 2172 693 2212 quidam
716 2173 783 2203 aliis
807 2179 1002 2204 sacramenta
1024 2173 1169 2211 traderet,
1191 2184 1251 2205 suo
1275 2174 1375 2206 modo
1392 2176 1462 2206 Deo

397 2216 430 2246 in
454 2217 516 2247 hoc
539 2217 709 2253 assimilati,
727 2218 817 2258 quasi
837 2218 908 2248 Deo
932 2224 1160 2258 cooperantes:
1185 2219 1267 2249 sicut
1290 2225 1321 2250 et
1343 2220 1377 2250 in
1393 2229 1463 2251 cor-

397 2270 475 2301 pore
498 2261 632 2291 naturali
656 2261 814 2301 quaedam
837 2263 981 2293 membra
1004 2263 1072 2293 aliis
1094 2262 1244 2294 influunt.

452 2306 502 2335 An
526 2316 643 2335 ramum
666 2316 749 2336 aizoo
773 2316 932 2337 mensuum
949 2306 1038 2347 quod
1061 2308 1217 2338 subiectio
1241 2309 1399 2338 servitutis
1414 2318 1462 2339 re-

396 2355 517 2389 pugnat
539 2350 689 2380 libertati:
715 2360 798 2391 quae
821 2352 953 2382 servitus
978 2357 1024 2382 est
1047 2361 1123 2382 cum
1146 2352 1261 2392 aliquis
1280 2351 1463 2383 dominatur

397 2393 437 2424 ad
459 2394 508 2424 sui
537 2394 705 2425 utilitatem
736 2395 884 2426 subiectis
914 2401 1018 2426 utens.
1049 2395 1136 2426 Talis
1167 2402 1275 2427 autem
1306 2397 1461 2428 subiectio

397 2447 464 2468 non
486 2439 655 2478 requiritur
677 2440 711 2469 in
735 2439 856 2476 ordine,
873 2449 930 2480 per
953 2449 1051 2480 quern
1075 2441 1131 2481 qui
1154 2446 1305 2481 praesunt
1327 2441 1462 2472 salutem

398 2482 598 2513 subditorum
621 2493 774 2523 quaerere
797 2483 923 2521 debent,
947 2494 1015 2515 non
1037 2485 1201 2525 propriam
1224 2485 1402 2516 utilitatem.

451 2527 502 2557 An
526 2537 687 2558 suen-rmum
710 2538 869 2558 mensumn
893 2528 983 2569 quod
1006 2529 1140 2569 quilibet
1155 2529 1250 2560 debet
1265 2539 1298 2560 se
1315 2535 1462 2570 reputare

398 2570 580 2602 inferiorem
603 2573 728 2608 merito,
753 2572 809 2603 sed
831 2582 899 2603 non
922 2572 1041 2604 officio.
1067 2573 1203 2604 Ordines
1226 2579 1334 2604 autem
1357 2573 1461 2605 officia

399 2615 555 2655 quaedam
578 2622 661 2647 sunt.

1517 2049 1635 2079 menta,
1651 2044 1775 2073 ratione
1791 2044 1883 2074 cuius
1899 2044 2112 2074 characterem
2135 2044 2299 2083 imprimit,
2315 2053 2383 2074 non
2402 2049 2511 2074 tamen
2533 2044 2585 2074 hic

1518 2093 1565 2118 est
1586 2087 1769 2127 principalis
1793 2086 1924 2118 effectus
1948 2088 2035 2118 eius:
2060 2087 2116 2118 sed
2139 2087 2260 2118 ablutio
2282 2088 2430 2124 interior,
2454 2093 2586 2128 propter

1518 2141 1616 2171 quam
1639 2132 1815 2172 baptismus
1838 2131 1928 2162 fieret
1958 2132 2053 2162 etiam
2075 2132 2175 2172 priori
2204 2141 2300 2162 causa
2321 2141 2391 2162 non
2421 2132 2584 2162 existente.

1518 2175 1581 2207 Sed
1605 2175 1685 2206 ordo
1709 2181 1901 2216 potestatem
1924 2175 2140 2216 principaliter
2163 2176 2325 2216 importat.
2349 2175 2391 2206 Et
2412 2175 2487 2206 ideo
2512 2176 2586 2206 cha-

1477 2232 1501 2252 45
1517 2225 1635 2257 racter,
1662 2221 1718 2261 qui
1741 2225 1788 2251 est
1819 2220 1988 2260 spiritualis
2020 2225 2171 2260 potestas,
2188 2220 2222 2250 in
2245 2219 2433 2251 definitione
2466 2219 2586 2251 ordinis

1517 2265 1659 2305 ponitur,
1676 2274 1744 2295 non
1767 2269 1875 2295 autem
1898 2265 1932 2294 in
1955 2263 2142 2295 definitione
2166 2265 2324 2305 baptismi.

1572 2309 1623 2339 An
1647 2319 1782 2339 rnnrmu
1804 2318 1964 2339 mensuum
1980 2308 2070 2349 quod
2092 2309 2126 2339 in
2142 2309 2301 2349 baptismo
2318 2308 2411 2339 datur
2426 2308 2585 2349 quaedam

1517 2354 1661 2394 potentia
1690 2353 1859 2393 spiritualis
1889 2352 1928 2383 ad
1951 2352 2188 2393 recipiendum,
2220 2357 2252 2383 et
2274 2353 2317 2383 ita
2340 2353 2584 2393 quodammodo

1517 2398 1649 2438 passiva.
1673 2398 1818 2428 Potestas
1842 2402 1949 2428 autem
1981 2398 2110 2438 proprie
2133 2397 2279 2428 nominat
2294 2398 2476 2438 potentiam
2505 2398 2585 2429 acti-

1478 2453 1503 2473 50
1517 2451 1590 2472 vam
1606 2452 1678 2473 cum
1702 2442 1812 2483 aliqua
1823 2442 2091 2482 praeeminentia.
2115 2442 2156 2472 Et
2178 2441 2253 2472 ideo
2269 2442 2347 2472 haec
2369 2441 2514 2473 definitio
2530 2443 2584 2473 ba-

1516 2487 1635 2527 ptismo
1659 2496 1726 2517 non
1751 2487 1915 2526 competit.

1571 2531 1622 2561 An
1647 2541 1795 2561 QUARTUM
1818 2540 1977 2560 DICENDUM
2009 2530 2099 2570 quod
2121 2540 2244 2561 nomen
2267 2530 2393 2562 ordinis
2415 2530 2585 2572 dupliciter

1516 2575 1680 2616 accipitur.
1705 2574 1912 2615 Quandoque
1928 2575 2015 2605 enim
2030 2574 2186 2615 significat
2203 2575 2306 2615 ipsam
2322 2575 2520 2606 relationem.
2543 2575 2585 2606 Et

1516 2620 1561 2650 sic
1586 2625 1632 2650 est
1647 2624 1713 2649 tam
1735 2620 1768 2649 in
1784 2618 1926 2649 inferiori
1941 2628 2040 2660 quam
2063 2620 2097 2649 in
2120 2620 2286 2659 superiori,
2302 2625 2339 2650 ut
2359 2620 2499 2650 obiectio
2515 2625 2584 2651 tan-

452 2660 502 2690 An
526 2670 659 2691 marrim
683 2671 842 2691 mea-mmm
866 2661 955 2702 quod
979 2661 1059 2692 ordo
1079 2663 1112 2692 in
1129 2663 1248 2703 angelis
1270 2672 1339 2693 non
1361 2668 1462 2693 atten-
1477 2674 1499 2694 55
1515 2664 1570 2704 git.
1595 2664 1636 2694 Et
1658 2664 1703 2694 sic
1718 2673 1786 2694 non
1802 2664 1956 2704 accipitur
1975 2664 2036 2694 hic.
2052 2681 2075 2686 —
2090 2663 2276 2705 Aliquando
2299 2669 2407 2695 autem
2430 2665 2584 2705 accipitur

398 2702 481 2734 ditur
503 2704 681 2735 secundum
709 2705 947 2736 distinctionem
976 2711 1108 2737 naturae
1134 2707 1194 2737 nisi
1218 2716 1275 2747 per
1298 2707 1460 2744 accidens,

397 2748 588 2788 inquantum
612 2749 651 2780 ad
675 2749 911 2781 distinctionem
933 2755 1065 2781 naturae
1083 2752 1227 2792 sequitur
1242 2751 1276 2782 in
1292 2752 1337 2782 eis
1353 2751 1461 2782 distin-

398 2793 461 2822 ctio
477 2794 603 2833 gratiae.
627 2794 810 2825 Attenditur
833 2800 941 2825 autem
962 2804 1019 2835 per
1034 2805 1067 2826 se
1083 2795 1263 2826 secundum
1285 2795 1460 2826 distinctio-

397 2846 472 2867 nem
494 2838 527 2867 in
550 2838 663 2878 gratia:
696 2839 771 2879 quia
795 2848 908 2870 eorum
932 2839 1059 2870 ordines
1089 2841 1264 2880 respiciunt
1293 2841 1461 2880 participa-

397 2881 519 2911 tionem
542 2881 733 2919 divinorum,
758 2889 789 2914 et
813 2884 1142 2915 communicationem
1165 2885 1198 2914 in
1222 2890 1305 2915 statu
1330 2885 1460 2925 gloriae,
1475 2893 1503 2914 ⁶0

398 2934 481 2964 quae
504 2931 551 2956 est
574 2926 751 2957 secundum
774 2937 957 2959 mensuram
979 2929 1107 2968 gratiae,
1132 2929 1222 2969 quasi
1249 2929 1366 2969 gratiae
1389 2928 1462 2959 finis

399 2974 430 2998 et
453 2969 582 3001 effectus
606 2971 859 3011 quodammodo.
884 2972 947 3003 Sed
970 2971 1098 3003 ordines
1114 2973 1275 3004 Ecclesiae
1298 2973 1462 3004 militantis

398 3015 570 3054 respiciunt
592 3016 869 3056 participationem
891 3022 1163 3048 sacramentorum
1187 3022 1218 3048 et
1241 3018 1461 3048 communica-

398 3057 529 3094 tionem,
547 3068 629 3099 quae
653 3065 727 3090 sunt
749 3070 844 3091 causa
866 3062 993 3101 gratiae,
1011 3066 1042 3092 et
1062 3061 1306 3102 quodammodo
1329 3062 1461 3102 gratiam

1515 2717 1575 2748 pro
1598 2708 1670 2748 ipso
1693 2707 1792 2748 gradu
1816 2709 1872 2748 qui
1889 2707 2036 2738 ordinem
2059 2708 2164 2748 primo
2188 2707 2289 2739 modo
2305 2713 2475 2749 acceptum
2497 2708 2582 2739 facit.

1516 2752 1557 2782 Et
1581 2753 1656 2792 quia
1671 2753 1750 2782 ratio
1775 2752 1895 2782 ordinis
1910 2757 2007 2792 prout
2030 2758 2077 2783 est
2092 2752 2214 2790 relatio,
2230 2753 2391 2784 invenitur
2405 2753 2462 2784 ubi
2476 2753 2582 2794 primo

1516 2796 1637 2837 aliquid
1660 2797 1806 2837 superius
1829 2796 1917 2827 alteri
1941 2797 2096 2833 occurrit,
2122 2796 2196 2827 ideo
2219 2797 2272 2828 hic
2294 2796 2410 2837 gradus
2439 2797 2583 2828 eminens

1515 2850 1573 2881 per
1595 2846 1787 2882 potestatem
1810 2841 2007 2881 spiritualem
2030 2840 2111 2871 ordo
2134 2841 2329 2872 nominatur.

1659 2912 1759 2942 ART.
1791 2911 1843 2942 111.
1878 2922 1983 2942 urium
2015 2921 2101 2943 oano
2133 2922 2180 2943 sn·
2211 2922 2436 2943 sacnmnruu

1688 2967 1748 2988 Part.
1762 2966 1803 2994 111,
1819 2973 1858 2995 qu.
1872 2973 1925 2993 mxv,
1940 2970 1983 2989 nrt.
1999 2973 2022 2994 ις
2037 2966 2071 2988 1v
2085 2966 2154 2989 Cont-
2170 2966 2251 2994 Geni„
2267 2972 2317 2995 cap.
2331 2972 2410 2989 uxiv-

1581 3028 1600 3048 ι)
1624 3028 1759 3048 ranrnm
1782 3027 1828 3048 s1c
1851 3027 2055 3048 raocnnrrtm.
2080 3017 2214 3049 Videtur
2237 3017 2327 3058 quod
2351 3017 2432 3048 ordo
2455 3027 2523 3048 non
2543 3017 2582 3048 sit

1517 3030 1824 3093 Asacrarnentum.
1855 3061 2100 3093 Sacramentum
2130 3062 2230 3098 enim,
2256 3067 2293 3092 ut
2316 3061 2392 3092 dicit
2418 3062 2517 3102 Hugo
2541 3061 2582 3092 de

398 3102 600 3140 praecedunt.
625 3104 666 3134 Et
688 3105 732 3134 sic
755 3114 823 3135 non
847 3111 893 3136 est
908 3105 948 3136 de
963 3107 1149 3137 necessitate
1172 3111 1358 3137 nostrorum
1377 3106 1461 3137 ordi·
1475 3114 1499 3140 ες
1515 3105 1633 3137 Sancto
1656 3107 1786 3137 Victore
1802 3107 1829 3143 ἦ
1845 3111 1892 3137 est
1913 3106 2082 3137 materiale
2104 3106 2303 3137 elementum.
2327 3105 2390 3137 Sed
2410 3106 2490 3137 ordo
2513 3115 2582 3137 non

398 3154 477 3175 num
499 3148 596 3186 gratia
611 3153 735 3187 gratum
759 3148 886 3186 faciens,
903 3149 959 3180 sed
974 3150 1081 3181 solum
1102 3156 1243 3191 potestas
1259 3149 1462 3191 dispensandi

399 3196 600 3221 sacramenta.
625 3192 665 3222 Et
680 3198 811 3233 propter
825 3194 889 3224 hoc
905 3193 985 3224 ordo
1001 3204 1069 3225 non
1093 3194 1265 3226 attenditur
1279 3204 1337 3236 per
1351 3194 1461 3226 distin-

398 3233 539 3307 tctictmem
554 3236 669 3275 gratiae
684 3242 808 3276 gratum
823 3237 976 3275 facientis,
993 3238 1049 3269 sed
1068 3248 1126 3279 per
1149 3238 1386 3270 distinctionem
1400 3248 1461 3280 po-

413 3286 445 3307 es
460 3283 526 3308 atis.

495 3345 594 3376 ART.
611 3346 648 3376 II.
671 3357 775 3377 ornum
798 3358 1032 3380 couvmmmrun
1056 3359 1141 3380 ormo
1165 3361 1186 3381 A
1208 3360 1363 3382 MonsrRo

707 3400 938 3423 suumn-rmum
965 3403 1152 3425 nnrmmrun

401 3461 485 3523 An
502 3462 663 3484 sactmmm
679 3465 724 3484 sm
739 3465 941 3488 pnocnmrun.
962 3458 1096 3490 Videtur
1119 3459 1209 3500 quod
1231 3460 1461 3492 inconvenien-

465 3501 512 3525 ter
537 3497 616 3527 ordo
640 3508 658 3527 a
680 3499 829 3539 Magistro
852 3500 1095 3539 Sententiarum,
1119 3514 1191 3534 xxrv
1215 3503 1417 3535 distinctione
1432 3506 1459 3541 ⁴³,

1515 3151 1662 3181 nominat
1677 3150 1797 3191 aliquid
1819 3149 2016 3186 huiusmodi,
2039 3149 2094 3181 sed
2115 3151 2216 3191 magis
2239 3150 2427 3181 relationem
2447 3151 2498 3181 vel
2521 3160 2581 3191 po-

1515 3199 1677 3225 testatem:
1703 3196 1779 3236 quia
1801 3194 1882 3226 ordo
1906 3200 1953 3226 est
1974 3204 2046 3235 pars
2072 3194 2254 3234 potestatis,
2279 3194 2459 3232 secundum
2482 3194 2581 3226 Isido-

1515 3249 1597 3270 rum.
1622 3239 1708 3280 Ergo
1731 3249 1799 3270 non
1823 3243 1870 3269 est
1892 3243 2136 3269 sacramentum.

1572 3293 1602 3314 2.
1625 3283 1821 3320 Pius-rimas,
1838 3287 2033 3314 sacramenta
2054 3291 2122 3313 non
2144 3287 2219 3312 sunt
2242 3281 2282 3313 de
2304 3282 2447 3314 Ecclesia
2469 3283 2580 3314 trium-

1476 3341 1502 3362 70
1515 3328 1644 3368 phante.
1669 3327 1732 3359 Sed
1756 3327 1836 3358 ordo
1856 3332 1903 3358 est
1925 3327 1985 3357 ibi:
2010 3332 2046 3357 ut
2068 3331 2155 3367 patet
2173 3325 2213 3357 de
2236 3327 2365 3367 angelis.
2390 3328 2476 3368 Ergo
2500 3327 2580 3358 ordo

1515 3381 1584 3403 non
1608 3377 1655 3403 est
1677 3376 1920 3402 sacramentum.

1573 3416 1602 3447 3.
1626 3416 1822 3452 Pinarum,
1839 3416 1921 3446 sicut
1942 3415 2095 3456 praelatio
2119 3415 2298 3456 spiritualis,
2315 3425 2398 3456 quae
2418 3421 2465 3447 est
2487 3415 2579 3453 ordo,

1516 3460 1608 3491 datur
1623 3470 1699 3491 cum
1715 3459 1853 3500 quadam
1869 3460 2120 3496 consecratione,
2136 3460 2179 3490 ita
2195 3465 2227 3490 et
2241 3460 2394 3500 praelatio
2411 3460 2578 3492 secularis:

1516 3505 1592 3545 quia
1608 3510 1640 3535 et
1654 3513 1744 3544 reges
1758 3505 1967 3544 inunguntur,
1983 3509 2020 3534 ut
2040 3503 2161 3534 dictum
2178 3509 2225 3534 est
2240 3505 2267 3535 ἦ
2292 3503 2355 3535 Sed
2377 3505 2462 3545 regia
2477 3504 2580 3545 digni-

401 3537 578 3577 definiatur‚
593 3541 649 3572 ubi
672 3541 800 3574 dicitur:
829 3543 917 3575 Ordo
934 3550 981 3576 est
1002 3546 1206 3588 signaculum
1222 3548 1384 3589 quoddam
1397 3549 1460 3580 Ec·
1474 3561 1498 3582 75
1514 3554 1561 3580 tas
1576 3558 1644 3580 non
1661 3554 1708 3579 est
1722 3553 1965 3579 sacramentum.
1990 3548 2076 3588 Ergo
2091 3557 2152 3579 nec
2169 3547 2249 3579 ordo
2266 3547 2306 3580 de
2321 3558 2389 3590 quo
2405 3549 2578 3590 loquimur.

2604 369 2614 380 “
2627 368 2652 390 In
2666 367 2748 390 littera.

2603 456 2614 466 ¹*
2635 454 2671 477 Cf.
2695 455 2755 477 Part.
2776 455 2816 482 m.

2603 487 2721 530 affl
2739 485 2780 504 “²-
2795 488 2816 511 ³»

2605 637 2616 646 ¹
2625 634 2659 656 1v
2673 634 2746 662 Sent„
2762 634 2821 657 dist.

2606 667 2643 689 m,
2657 667 2708 689 cap.
2723 667 2739 683 1.

2609 1170 2619 1181 ·
2634 1169 2710 1191 citato
2724 1175 2775 1198 cap.
2796 1170 2829 1192 S?

2609 1197 2822 1224 autmqmeritur.

2611 1431 2622 1441 ·
2638 1428 2675 1451 Cf.
2693 1428 2716 1451 H
2769 1434 2783 1452 ι
2797 1429 2822 1452 S.

2611 1455 2672 1478 νισι.
2681 1455 2711 1478 de
2749 1461 2827 1479 eram

2610 1482 2681 1511 lib.11,
2687 1489 2710 1511 p.
2715 1488 2746 1509 ιιι,
2751 1488 2828 1512 aas.

2608 3111 2619 3122 ·
2640 3110 2676 3133 De
2697 3110 2823 3137 Sacram..

2608 3137 2821 3166 1ib.1,p.¹x,enp.a.

2606 3505 2820 3560 irssu-‚xmuts-
