2918 4088
243 900 457 922 'Videcommenn

246 926 319 948 Caiet.
326 929 379 953 post
389 930 430 948 nrt.
438 933 457 948 ι.

248 1159 257 1168 ’
271 1157 317 1204 (ξι,
330 1162 397 1182 Lxxv,
413 1159 454 1177 art.

244 1189 268 1209 4,
300 1199 304 1203 ·

244 2268 255 2278 ‘
275 2267 371 2289 Aristot.
394 2267 456 2295 Phy-

245 2294 288 2315 sic.
296 2293 368 2320 lib.V‚
374 2299 424 2321 cap.
434 2300 456 2320 ιι,

245 2326 268 2341 n.
290 2326 310 2347 7.
334 2330 345 2335 -
368 2320 392 2342 S.
411 2320 456 2342 Th.

244 2347 336 2395 &egl-¹1¹⁶

247 3058 382 3116 2‘1³''.5¹{:h.
390 3112 395 3117 .
406 3087 458 3108 tect.

247 3111 458 3140 xni.-D1d.lib.11,

248 3143 300 3165 cap.
314 3144 335 3165 v,

342 2166 358 2182 α

344 2378 364 2401 3.

344 3001 359 3035 β

352 3144 374 3160 n.
391 3145 425 3161 to.

492 217 561 264 198

1133 216 1395 263 QUAESTIO
1425 215 1615 260 LXXVII,
1645 212 1938 250 ARTICULUS
1965 212 2015 248 IV

486 296 616 334 activis
645 305 681 334 et
707 297 880 346 passivis,
909 309 1009 346 quae
1037 305 1153 345 agunt
1180 297 1219 333 in
1238 296 1375 332 virtute
1399 296 1544 331 formae
1601 293 1649 329 ad
1682 292 1848 329 formam
1884 291 2171 328 substantialem
2205 290 2557 329 instrumentaliter:
2595 304 2665 342 per

486 350 750 387 substantialis.
794 351 901 387 Haec
933 358 1062 387 autem
1095 349 1214 386 virtus
1251 346 1545 385 instrumentalis
1602 357 1721 393 quem
1749 344 1915 380 modum
1947 343 2090 392 aliquid
2127 351 2252 393 potest
2285 356 2395 392 agere
2427 345 2525 381 ultra
2553 353 2664 382 suam

486 411 736 440 conservatur
763 403 802 440 in
832 403 1030 452 speciebus
1052 400 1388 439 sacramentalibus
1415 398 1545 434 divina
1602 396 1781 445 speciem,
1812 408 1892 432 non
1921 396 2030 445 quasi
2058 396 2196 433 virtute
2225 396 2401 446 propria,
2431 397 2498 434 sed
2525 397 2664 435 virtute

485 455 623 493 virtute
654 455 750 493 sicut
778 463 813 493 et
835 455 941 505 prius
961 463 1050 492 erat.
1081 456 1128 491 Et
1148 454 1234 490 ideo
1254 459 1415 502 possunt
1435 461 1544 498 agere
1601 448 1819 498 principalis
1848 449 1991 497 agentis
2010 449 2040 485 ²¹⁶.

1261 612 1580 654 ARTICULUS
1611 611 1886 662 QUARTUS

971 716 1127 747 UTRUM
1152 714 1325 746 spncnss
1348 713 1728 744 SACRAMENTALES
1753 712 1979 745 CORRUMPI
2003 713 2182 745 PossmT
2199 697 2218 727 Ἰ

774 805 806 829 tv
826 804 908 832 Sent„
929 803 986 827 dist.
1006 809 1048 831 xn,
1068 809 1112 834 qu.
1131 808 1149 831 1,
1168 805 1214 825 art.
1235 807 1258 831 2,
1278 800 1327 832 qu*
1349 799 1376 830 33
1397 800 1430 824 1v
1451 800 1528 825 Cont.
1550 801 1636 830 Gent„
1657 807 1712 832 cap.
1732 807 1804 831 va13
1823 799 1922 832 Respp.
1941 800 1978 824 ad
1996 800 2069 826 Lect.
2093 800 2194 832 Venet„
2212 809 2283 835 resp.
2301 809 2374 827 xxxv-

610 916 618 925 .
694 898 715 922 D
754 894 924 926 QUARTUM
966 893 1017 917 s1c
1060 891 1285 917 PROCEmTUR
1312 879 1342 915 ³¹².
1385 878 1548 916 Videtur

599 924 667 987 '¹⁷³3
695 936 799 986 quod
838 934 982 984 species
1020 933 1312 970 sacramentales
1350 931 1546 981 corrumpi

694 1001 773 1026 non
810 994 982 1037 possunt.
1026 985 1232 1034 Corruptio
1270 984 1374 1022 enim
1412 985 1547 1022 accidit

649 1034 682 1077 k
693 1054 762 1091 per
781 1039 1061 1089 separationem
1079 1038 1226 1075 formae
1241 1050 1264 1075 a
1278 1037 1447 1075 materia.
1470 1038 1546 1075 Sed

483 1096 642 1133 materia
668 1094 779 1144 panis
811 1105 891 1129 non
921 1099 1093 1128 remanet
1120 1091 1159 1128 in
1188 1092 1264 1128 hoc
1292 1098 1545 1136 sacramento,

482 1157 524 1186 ut
552 1161 597 1186 ex
626 1159 742 1197 supra
760 1147 780 1168 '¹‘
807 1145 914 1182 dictis
942 1152 1055 1194 patet.
1086 1145 1188 1193 Ergo
1217 1143 1443 1181 huiusmodi
1463 1156 1546 1193 spe-

482 1202 558 1239 cies
587 1214 666 1238 non
694 1206 857 1249 possunt
885 1197 1094 1247 corrumpi.

537 1266 571 1291 2.
601 1255 842 1298 PRAETEREA,
882 1252 985 1288 nulla
1017 1251 1141 1288 forma
1179 1250 1439 1300 corrumpitur
1475 1249 1548 1286 nisi

481 1319 551 1357 per
578 1306 774 1351 accidens,
811 1311 994 1353 corrupto
1023 1303 1215 1341 subiecto:
1259 1304 1364 1341 unde
1399 1303 1546 1341 formae

480 1373 550 1410 per
564 1373 603 1397 se
624 1359 870 1396 subsistentes
890 1356 1195 1406 incorruptibiles
1211 1364 1309 1404 sunt,
1330 1357 1427 1394 sicut
1445 1363 1548 1405 patet

482 1413 521 1450 in
541 1412 757 1450 substantiis
777 1410 1047 1460 spiritualibus,
1070 1410 1147 1447 Sed
1166 1410 1312 1459 species
1332 1421 1547 1447 sacramen-

481 1467 573 1503 tales
601 1473 689 1502 sunt
717 1465 864 1501 formae
893 1463 974 1500 sine
1004 1463 1187 1500 subiecto.
1218 1464 1320 1512 Ergo
1349 1462 1547 1512 corrumpi

482 1531 562 1556 non
590 1525 762 1568 possunt.

538 1572 572 1609 3.
603 1573 840 1618 PRAETEREA,
870 1570 900 1607 si
929 1577 1252 1619 corrumpuntur,
1282 1576 1348 1606 aut
1376 1570 1452 1606 hoc
1479 1568 1548 1606 erit

482 1625 712 1672 naturaliter,
743 1631 808 1661 aut
835 1622 1077 1660 miraculose.
1109 1623 1185 1660 Sed
1207 1635 1288 1660 non
1307 1622 1545 1660 naturaliter:

482 1678 572 1728 quia
609 1690 689 1715 non
717 1685 772 1714 est
800 1676 851 1713 ibi
881 1676 1071 1725 assignare
1105 1675 1263 1725 aliquod
1291 1675 1547 1725 corruptionis

482 1731 710 1778 subiectum,
740 1730 847 1779 quod
875 1737 1030 1766 maneat
1057 1729 1304 1779 corruptione
1332 1729 1545 1766 terminata.

483 1784 662 1822 Similiter
697 1783 811 1820 etiam
846 1781 917 1820 nec
955 1782 1203 1820 miraculose:
1243 1782 1335 1832 quia
1362 1782 1548 1820 miracula

482 1850 582 1887 quae
611 1844 700 1874 sunt
727 1836 766 1873 in
795 1837 870 1872 hoc
899 1843 1150 1883 sacramento,
1179 1835 1280 1873 fiunt
1298 1835 1436 1873 virtute
1456 1847 1547 1873 con-

483 1890 713 1937 secrationis,
742 1901 812 1939 per
839 1901 958 1938 quam
978 1888 1123 1938 species
1143 1890 1436 1926 sacramentales
1455 1901 1547 1926 con-

483 1951 703 1988 servantur;
734 1954 813 1990 non
842 1949 897 1978 est
924 1950 1055 1980 autem
1083 1942 1187 1979 idem
1209 1954 1326 1979 causa
1344 1954 1547 1979 conserva-

482 1996 596 2034 tionis
625 2004 661 2033 et
689 1995 956 2045 corruptionis.
986 1996 1088 2044 Ergo
1118 1996 1223 2032 nullo
1252 1996 1373 2033 modo
1403 1995 1548 2045 species

484 2050 775 2087 sacramentales
804 2048 1001 2098 corrumpi
1029 2056 1203 2098 possunt.

538 2104 611 2140 SED
632 2114 776 2140 CONTRA
795 2114 860 2139 EST
888 2102 996 2151 quod
1024 2114 1140 2138 sensu
1160 2100 1462 2151 deprehenditur
1481 2103 1547 2139 ho-

483 2156 571 2194 stias
591 2162 608 2177 ‘²
637 2163 875 2193 consecratas
902 2154 1099 2205 putrefieri
1128 2162 1164 2191 et
1192 2154 1400 2205 corrumpi.

535 2211 760 2247 RnsPONDEo
780 2221 962 2246 DICENDUM
986 2208 1093 2258 quod
1122 2207 1317 2258 corruptio
1346 2216 1402 2245 est
1429 2214 1549 2246 motus

484 2275 533 2300 ex
560 2275 636 2299 esse
654 2264 691 2299 in
713 2274 786 2299 non
816 2274 893 2299 esse
909 2261 940 2299 ³¹².
970 2261 1127 2298 Dictum
1147 2269 1202 2298 est
1223 2269 1353 2298 autem
1378 2273 1494 2311 supra
1508 2261 1548 2283 ²¹⁸*

484 2316 590 2365 quod
626 2314 770 2364 species
805 2316 1097 2352 sacramentales
1134 2311 1297 2351 retinent
1333 2314 1436 2352 idern
1465 2327 1548 2352 esse

484 2369 591 2418 quod
628 2368 734 2417 prius
771 2368 964 2405 habebant
1006 2367 1215 2405 substantia
1252 2367 1363 2417 panis
1398 2375 1435 2404 et
1467 2367 1548 2404 vini

484 2421 677 2458 existente.
707 2421 756 2457 Et
783 2420 882 2468 ideo,
912 2420 1008 2457 sicut
1027 2432 1109 2457 esse
1129 2421 1272 2457 horum
1292 2419 1548 2458 accidentium

484 2481 632 2523 poterat
669 2473 865 2523 corrumpi
902 2473 1111 2510 substantia
1145 2473 1255 2523 panis
1290 2480 1326 2510 et
1354 2473 1433 2510 vini
1473 2473 1549 2510 exi-

485 2534 621 2573 stente,
650 2526 700 2563 ita
729 2525 840 2563 etiam
870 2533 994 2575 potest
1021 2525 1218 2575 corrumpi
1247 2525 1307 2563 illa
1340 2526 1549 2564 substantia

485 2580 663 2617 abeunte.

539 2633 719 2669 Poterant
753 2639 883 2670 autem
921 2631 1146 2669 huiusmodi
1175 2631 1384 2670 accidentia
1419 2632 1548 2682 primo

485 2685 682 2734 corrumpi
719 2685 935 2734 dupliciter:
974 2697 1055 2722 uno
1093 2685 1235 2731 modo,
1273 2697 1343 2735 per
1375 2698 1436 2732 se3
1473 2686 1547 2723 alio

485 2739 624 2785 modo,
653 2750 722 2787 per
749 2737 935 2775 accidens.
979 2739 1052 2775 Per
1079 2750 1119 2775 se
1148 2737 1326 2787 quidem,
1357 2738 1453 2776 sicut
1479 2751 1550 2789 per

485 2791 748 2828 alterationem
776 2790 1023 2840 qualitatum,
1060 2799 1096 2828 et
1124 2799 1376 2840 augmentum
1403 2794 1466 2829 vel
1493 2793 1548 2830 di-

485 2844 741 2881 minutionem
761 2844 995 2894 quantitatis:
1018 2856 1098 2882 non
1117 2844 1276 2893 quidem
1295 2857 1365 2894 per
1383 2845 1549 2883 modum

485 2897 679 2946 augmenti
707 2898 769 2934 vel
796 2897 1072 2944 diminutionis,
1102 2897 1169 2947 qui
1188 2897 1383 2935 invenitur
1401 2898 1440 2935 in
1459 2899 1549 2936 solis

484 2950 711 3000 corporibus
740 2950 928 2998 animatis,
957 2950 1085 3000 qualia
1112 2963 1193 2988 non
1221 2958 1310 2988 sunt
1339 2951 1549 2989 substantia

484 3003 594 3052 panis
623 3011 659 3040 et
685 3002 784 3051 vini,
814 3004 881 3040 sed
908 3016 978 3053 per
1005 3003 1242 3042 additionem
1261 3003 1276 3034 β
1303 3006 1365 3042 vel
1394 3004 1547 3042 divisio-

485 3068 576 3093 nem
594 3056 632 3103 *;
662 3068 764 3102 nam,
785 3056 881 3094 sicut
901 3057 1037 3094 dicitur
1055 3057 1094 3094 in
1114 3058 1158 3094 111
1177 3059 1391 3107 Metaphys.
1407 3058 1459 3104 *¹¹2
1479 3070 1549 3108 per

486 3109 715 3146 divisionem
747 3122 825 3146 una
863 3109 1051 3147 dimensio
1090 3110 1350 3160 corrumpitur
1381 3119 1418 3148 et
1449 3111 1548 3149 fiunt

486 3162 607 3209 duae,
648 3173 718 3211 per
758 3162 994 3200 additionem
1035 3171 1165 3200 autem
1207 3176 1228 3200 e
1270 3176 1458 3201 converso
1501 3177 1547 3202 ex

487 3214 638 3251 duabus
665 3214 708 3250 fit
735 3227 825 3252 una.
855 3216 903 3252 Et
930 3228 999 3264 per
1027 3217 1132 3253 hunc
1155 3217 1321 3254 modum
1350 3217 1547 3254 manifeste

540 3344 568 3386 a)
587 3345 696 3371 hostias.
714 3359 733 3364 -
752 3345 822 3377 Psss;
844 3351 906 3378 post
929 3348 1154 3373 consecrationem
1178 3349 1279 3374 hostias
1301 3349 1346 3380 sD,
1361 3353 1426 3381 post
1449 3349 1550 3375 hostias

487 3386 575 3406 ceteri.

540 3414 566 3448 β)
584 3415 759 3441 additionem.
778 3430 796 3434 -
814 3416 856 3441 EF
876 3421 902 3441 et
919 3417 1006 3447 tertia3
1026 3418 1238 3443 diminutionem.

539 3451 567 3484 γ)
586 3458 687 3476 eorum.
705 3465 724 3470 —
742 3459 834 3476 earum
854 3452 934 3477 tertia.

541 3485 567 3521 ὃ)
585 3489 650 3511 tam.
668 3500 687 3505 —
705 3490 793 3512 tamen
813 3487 858 3516 Fb.
876 3487 931 3512 sive
950 3488 977 3511 Ρ.

1599 887 1763 928 possunt
1781 879 1979 929 corrumpi
1998 880 2225 919 huiusmodi
2244 881 2453 920 accidentia
2471 891 2559 932 post
2577 895 2666 921 con-

1600 932 1874 970 secrationem:
1917 933 2009 982 quia
2043 941 2080 970 et
2106 933 2190 983 ipsa
2226 935 2416 984 quantitas
2451 935 2666 974 dimensiva

1599 997 1805 1022 remanens
1824 993 1957 1035 ,potest
1985 986 2215 1024 divisionem
2243 996 2280 1025 et
2307 988 2544 1026 additionem
2573 989 2665 1027 reci·-

1599 1050 1711 1087 pere;
1742 1046 1788 1086 et,
1818 1051 1909 1076 cum
1937 1038 1983 1076 sit
2011 1040 2226 1078 subiectum
2255 1041 2480 1090 qualitatum
2508 1042 2666 1080 sensibi-

1599 1091 1708 1136 lium,
1737 1091 1834 1128 sicut
1861 1092 2007 1129 dictum
2036 1101 2091 1129 est
2108 1093 2140 1140 ³⁸,
2169 1101 2294 1143 potest
2321 1094 2437 1132 etiam
2466 1107 2548 1133 esse
2576 1096 2666 1133 sub-

1599 1143 1743 1181 iectum
1771 1144 2002 1182 alterationis
2031 1158 2169 1182 eorum
2187 1152 2214 1193 Y,
2243 1154 2338 1196 puta
2357 1147 2387 1185 si
2406 1150 2584 1186 alteretur
2602 1161 2666 1187 co-

1599 1198 1657 1234 lor
1685 1205 1751 1234 aut
1779 1209 1895 1246 sapor
1922 1197 2033 1247 panis
2061 1206 2127 1236 aut
2154 1198 2246 1236 vini.

1653 1250 1739 1287 Alio
1768 1251 1889 1288 modo
1926 1258 2103 1300 poterant
2138 1253 2337 1302 corrumpi
2371 1265 2444 1303 per
2477 1254 2666 1302 accidens,

1599 1315 1670 1352 per
1693 1303 1983 1353 corruptionem
2002 1304 2172 1342 subiecti.
2203 1306 2251 1342 Et
2270 1307 2346 1343 hoc
2364 1306 2486 1344 modo
2505 1315 2668 1356 possunt

1600 1356 1798 1406 corrumpi
1827 1357 1942 1394 etiam
1975 1365 2063 1406 post
2090 1358 2431 1396 consecrationem.
2475 1359 2667 1407 Quamvis

1600 1409 1706 1446 enim
1735 1409 1953 1447 subiectum
1981 1423 2062 1447 non
2091 1420 2306 1459 remaneat,
2337 1421 2510 1450 remanet
2536 1421 2667 1451 tamen

1601 1475 1683 1500 esse
1705 1463 1812 1512 quod
1832 1463 2026 1501 habebant
2045 1463 2271 1502 huiusmodi
2291 1465 2500 1503 accidentia
2518 1466 2558 1503 in
2577 1466 2667 1504 sub—

1601 1516 1721 1562 iecto,
1759 1516 1868 1566 quod
1896 1516 2056 1566 quidem
2089 1525 2144 1554 est
2171 1518 2375 1568 proprium
2404 1527 2440 1556 et
2467 1519 2666 1557 conforme

1601 1569 1786 1607 subiecto.
1808 1571 1856 1606 Et
1875 1569 1963 1608 ideo
1982 1569 2209 1608 huiusmodi
2224 1583 2307 1608 esse
2326 1579 2451 1621 potest
2469 1571 2667 1623 corrumpi

1601 1635 1623 1659 a
1660 1623 1852 1660 contrario
1891 1631 2024 1672 agente
2037 1653 2046 1671 ,
2085 1623 2183 1661 sicut
2219 1625 2541 1675 corrumpebatur
2577 1625 2666 1663 sub-

1601 1675 1736 1713 stantia
1763 1675 1873 1726 panis
1901 1677 1963 1713 vel
1990 1676 2088 1714 vini:
2118 1689 2218 1727 quae
2242 1677 2357 1715 etiarn
2385 1690 2466 1716 non
2494 1691 2666 1716 corrum-

1600 1729 1764 1778 pebatur
1800 1728 1871 1766 nisi
1903 1730 2156 1779 praecedente
2189 1731 2410 1769 alteratione
2442 1731 2543 1770 circa
2570 1731 2667 1770 acci-

1601 1782 1739 1820 dentia.

1654 1835 1980 1885 Distinguendum
1998 1844 2129 1874 tamen
2145 1844 2200 1874 est
2219 1836 2316 1875 inter
2333 1845 2540 1888 utramque
2557 1850 2667 1890 prae-

1601 1888 1791 1926 dictarum
1810 1889 2116 1939 corruptionum.
2148 1890 2263 1938 Quia,
2284 1903 2376 1928 curn
2394 1903 2537 1941 corpus
2556 1890 2666 1931 Chri-

1601 1942 1647 1979 sti
1675 1950 1712 1979 et
1739 1941 1892 1990 sanguis
1921 1943 2128 1980 succedant
2155 1943 2194 1980 in
2223 1944 2299 1981 hoc
2318 1951 2558 1983 sacramento
2577 1944 2667 1983 sub-

1602 1995 1759 2032 stantiae
1787 1995 1897 2045 panis
1926 2003 1962 2033 et
1988 1995 2081 2043 vini,
2111 1995 2141 2033 si
2169 1996 2237 2034 fiat
2263 1996 2346 2034 talis
2374 1996 2592 2036 immutatio
2619 2007 2668 2036 ex

1601 2056 1708 2098 parte
1736 2048 1992 2086 accidentium
2027 2061 2127 2099 quae
2155 2061 2236 2086 non
2265 2049 2476 2088 suffecisset
2507 2051 2556 2089 ad
2584 2063 2668 2089 cor·

1601 2101 1824 2151 ruptionem
1851 2101 1962 2152 panis
1990 2109 2027 2139 et
2053 2101 2154 2149 vini,
2193 2110 2352 2154 propter
2381 2105 2498 2141 talem
2525 2102 2668 2143 immu-

1601 2155 1787 2193 tationem
1821 2167 1902 2192 non
1930 2155 2067 2193 desinit
2103 2167 2246 2206 corpus
2278 2164 2315 2194 et
2346 2156 2499 2206 sanguis
2528 2156 2668 2196 Christi

1602 2221 1685 2246 esse
1713 2208 1786 2246 sub
1809 2209 1886 2246 hoc
1905 2216 2166 2246 sacramento:
2197 2209 2278 2247 sive
2296 2209 2364 2247 fiat
2382 2209 2600 2249 immutatio
2619 2222 2667 2248 ex

1601 2270 1707 2311 parte
1736 2261 1944 2312 qualitatis,
1973 2269 2067 2312 puta
2094 2274 2186 2299 cum
2213 2261 2415 2300 modicum
2442 2262 2669 2302 immutatur

1602 2316 1709 2352 color
1743 2323 1809 2352 aut
1843 2327 1960 2365 sapor
1985 2315 2067 2352 vini
2101 2323 2167 2353 aut
2198 2315 2327 2365 panis3
2366 2315 2447 2353 sive
2481 2328 2530 2354 ex
2560 2325 2667 2367 parte

1602 2367 1833 2418 quantitatiS,
1863 2367 1959 2405 sicut
1986 2380 2078 2406 curn
2106 2367 2290 2406 dividitur
2314 2369 2426 2418 panis
2445 2377 2512 2407 aut
2528 2370 2668 2408 vinum

1602 2421 1642 2458 in
1669 2422 1763 2458 tales
1789 2429 1917 2470 partes
1945 2421 2052 2471 quod
2081 2421 2211 2458 adhuc
2237 2421 2278 2458 in
2306 2421 2360 2459 eis
2387 2422 2508 2472 possit
2531 2423 2669 2461 salvari

1602 2481 1739 2511 natura
1766 2473 1877 2523 panis
1896 2482 1962 2511 aut
1979 2473 2071 2511 vini.
2093 2496 2117 2501 —
2138 2474 2178 2512 Si
2196 2487 2291 2512 vero
2309 2474 2377 2512 fiat
2403 2483 2508 2513 tanta
2525 2475 2668 2514 immu-

1602 2526 1692 2564 tatio
1721 2527 1829 2576 quod
1856 2526 1987 2564 fuisset
2014 2535 2195 2577 corrupta
2223 2528 2433 2566 substantia
2459 2529 2570 2578 panis
2602 2537 2669 2568 aut

1601 2580 1693 2627 vini,
1723 2592 1803 2617 non
1827 2588 2028 2618 remanent
2046 2589 2244 2630 corpus'et
2262 2581 2417 2631 sanguis
2437 2582 2576 2620 Christi
2595 2583 2668 2621 sub

1603 2634 1679 2670 hoc
1707 2641 1958 2671 sacramento.
1989 2634 2037 2671 Et
2065 2635 2142 2671 hoc
2168 2641 2248 2671 tam
2267 2632 2281 2656 ὅ
2309 2646 2356 2672 ex
2383 2642 2490 2685 parte
2510 2636 2668 2686 qualita-

1602 2694 1697 2734 tum,
1727 2687 1824 2724 sicut
1851 2698 1943 2724 cum
1971 2686 2022 2724 ita
2050 2686 2279 2725 immutatur
2305 2689 2413 2726 color
2439 2696 2477 2726 et
2497 2695 2614 2739 sap‘or
2631 2697 2669 2727 et

1603 2739 1697 2777 aliae
1725 2739 1924 2790 qualitates
1952 2739 2062 2789 panis
2091 2748 2156 2777 aut
2174 2739 2255 2778 vini
2283 2741 2391 2790 quod
2419 2742 2526 2780 nullo
2546 2742 2668 2780 modo

1601 2800 1732 2842 posset
1750 2793 1918 2843 compati
1937 2801 2073 2831 natura
2087 2798 2099 2815 ⁸
2117 2793 2229 2844 panis
2247 2802 2314 2831 aut
2331 2794 2432 2832 vini:
2452 2794 2533 2832 sive
2552 2794 2668 2834 etiam

1603 2858 1649 2883 ex
1676 2854 1783 2896 parte
1812 2846 2050 2896 quantitatis,
2079 2854 2174 2896 puta
2201 2846 2232 2884 si
2259 2847 2518 2897 pulverizetur
2542 2847 2666 2898 panis,

1601 2901 1664 2937 vel
1690 2899 1830 2936 vinum
1858 2899 1897 2936 in
1917 2899 2098 2937 minimas
2118 2899 2130 2925 ἶ
2157 2907 2284 2950 partes
2303 2899 2507 2949 dividatur,
2527 2908 2570 2938 ut
2587 2900 2667 2939 iam

1601 2965 1682 2990 non
1710 2961 1935 2990 remaneant
1962 2953 2109 3003 species
2136 2952 2247 3003 panis
2273 2954 2338 2991 vel
2363 2952 2454 2990 vini.

1654 3007 1712 3043 An
1746 3018 1881 3044 PthJM
1910 3018 2009 3044 ERGO
2037 3018 2220 3044 memnon
2247 3005 2367 3055 quod,
2397 3005 2488 3056 quia
2515 3007 2565 3044 ad
2586 3018 2667 3045 cor-

1602 3059 1823 3109 ruptionem
1859 3071 1930 3109 per
1956 3071 1997 3096 se
2033 3058 2196 3108 pertinet
2229 3059 2336 3108 quod
2364 3059 2558 3097 auferatur
2585 3071 2667 3102 esse

1601 3112 1655 3150 rei
1675 3118 1693 3140 *ι
1722 3112 1954 3162 inquantum
1982 3124 2065 3149 esse
2092 3111 2252 3149 alicuius
2272 3111 2419 3149 formae
2448 3119 2503 3150 est
2527 3112 2567 3150 in
2586 3125 2667 3154 ma-

1601 3165 1705 3211 teria,
1735 3177 1979 3215 consequens
1997 3172 2054 3202 est
2080 3165 2187 3214 quod
2214 3176 2285 3215 per
2303 3164 2592 3215 corruptionem
2609 3178 2667 3206 se-

1601 3226 1757 3268 paretur
1783 3218 1908 3255 forma
1926 3230 1949 3255 a
1967 3217 2137 3255 materia.
2168 3216 2208 3255 Si
2226 3229 2320 3255 vero
2340 3217 2566 3256 huiusmodi
2584 3231 2668 3261 esse

1657 3349 1679 3383 ε)
1695 3353 1787 3382 posset
1813 3350 1932 3382 compati
1959 3353 2067 3375 natura.
2084 3363 2103 3368 —
2122 3353 2214 3382 posset
2241 3349 2290 3375 hoc
2311 3350 2375 3382 pari
2401 3354 2500 3377 natura
2518 3352 2544 3382 b,
2558 3355 2671 3385 possent
2691 3340 2694 3343 ,

1602 3386 1720 3417 compati
1738 3388 1864 3410 naturam
1885 3385 1919 3415 Ρ;
1939 3385 2011 3417 quod
2028 3384 2128 3411 nullo...
2146 3388 2195 3410 aut
2213 3384 2269 3410 vini
2286 3392 2339 3410 om.
2359 3385 2402 3410 HI.

1654 3420 1680 3454 ζ)
1701 3421 1832 3446 minimas.
1850 3434 1870 3439 —
1888 3424 1943 3445 tam
1964 3420 2088 3446 minimas
2105 3428 2128 3450 c,
2142 3423 2197 3446 eam
2218 3421 2335 3446 minutas
2355 3421 2382 3447 Ρ.
2394 3435 2413 3440 -
2432 3422 2483 3448 Pro
2502 3425 2668 3452 remaneant,

1602 3459 1740 3481 remaneat
1759 3455 1779 3480 F
1798 3461 1823 3480 et
1841 3455 1914 3481 tertia
1933 3461 2035 3488 praeter
2053 3456 2085 3482 Η.

1654 3490 1681 3523 η)
1701 3491 1764 3523 quia
1783 3491 1820 3515 ad
1837 3491 2061 3523 corruptionem...
2074 3492 2217 3526 auferatur
2235 3499 2290 3518 esse
2303 3492 2351 3518 rei.
2362 3506 2382 3511 —
2394 3492 2432 3517 ad
2442 3493 2669 3526 corruptionem...

1601 3527 1710 3560 auferat
1728 3533 1783 3551 esse
1802 3526 1850 3551 rei.
1873 3526 1949 3551 Unde
1967 3526 2073 3558 PFIsG;
2092 3527 2200 3561 auferat
2218 3527 2295 3553 etiam
2313 3528 2380 3561 HpG
2400 3534 2426 3555 et
2443 3529 2482 3554 bc.

2691 452 2701 462 ·
2716 451 2744 473 D.
2760 457 2796 479 92·

2691 1102 2702 1113 ‘
2718 1101 2804 1124 Arma.
