2918 4088
964 207 1226 252 QUAESTIO
1254 208 1415 255 LXXX,
1444 207 1736 245 ARTICULUS
1763 209 1830 244 XII

68 282 280 311 ·cf.Act.cap.n,
305 282 382 312 bant
397 283 427 312 ⁴*:
456 287 487 313 et
503 292 541 313 ex
564 292 603 314 eo
621 283 710 323 quod
733 284 812 314 sacri
835 293 974 314 canones
990 284 1199 315 excludebant
1222 285 1260 315 ab
1277 284 1364 315 audi-

67 316 127 332 vero.
140 309 180 337 46.

67 373 181 397 'Cf-G
222 373 278 396 .M.

158 399 278 427 .1i.11,

66 401 158 430 niueae

67 433 118 455 cap.
131 432 199 449 xxm.

18 747 19 750 ,
66 725 77 736 ·
90 723 187 750 Num-1,
201 723 277 746 Prae-

12 767 15 769 .
62 752 132 773 terea
145 750 251 773 dannan.

42 1502 185 1522 ,Λαυρ-πη
206 1501 212 1516 ι
234 1504 237 1509 ·
263 1499 269 1507 ’

305 326 394 356 tione
409 327 522 357 missae
546 336 659 357 omnes
675 337 742 357 non
758 328 1042 365 communicantes,
1066 334 1102 359 ut
1117 334 1203 369 patet
1223 328 1262 358 de
1280 328 1364 358 Con-

304 379 396 404 secr„
413 369 483 400 dist.
501 370 538 406 11,
555 380 624 411 cap.
640 371 777 402 Peracta
792 373 818 402 *.
843 372 928 402 Hinc
943 372 1030 402 enim
1045 372 1271 402 rationabiliter
1286 381 1363 402 con-

303 413 399 444 iicere
413 423 585 454 possumus
601 414 690 455 quod
705 416 796 451 sicut,
813 415 1072 455 recognoscendo
1088 415 1364 456 imperfectionem

303 458 532 497 posteriorum,
561 458 679 489 destitit
707 459 850 490 Ecclesia
876 469 895 489 a
920 459 1104 500 quotidiana
1132 459 1364 490 communione

303 501 419 541 populi
442 507 473 532 et
495 502 534 532 ab
555 502 744 542 expellendo
761 513 779 533 a
793 503 888 533 missa
910 503 1285 539 non-communicantes;
1308 503 1361 539 ita,

303 545 566 585 recognoscendo
581 545 858 587 imperfectionem
874 556 1091 581 communem,
1108 545 1225 576 destitit
1240 556 1258 576 a
1273 555 1363 576 com-

303 589 459 619 munione
482 590 541 620 sub
563 595 699 630 utraque
714 591 830 630 speeie,
847 595 960 630 utpote
978 589 1099 620 reddita
1113 589 1311 620 infructuosa
1325 599 1362 620 ac

303 633 484 672 periculosa
507 634 673 664 communi
695 634 830 674 populo.

358 676 400 706 Et
422 686 479 717 per
501 677 580 707 haec
602 682 690 717 patet
711 678 878 717 responsio
902 676 942 707 ad
964 677 1023 707 tria
1040 677 1143 716 prima
1166 682 1362 716 argumenta.

358 720 397 750 V.
420 720 472 751 Ad
488 726 636 760 quartum
652 722 668 738 ⁴*
690 730 767 751 vero
783 720 898 751 dicitur
913 720 1003 760 quod
1024 721 1127 750 maior
1142 719 1362 760 distinguenda

303 769 365 794 est:
389 764 590 805 simpliciter,
614 764 666 794 vel
692 764 867 795 secundum
890 763 976 804 quid.
1011 764 1053 793 Et
1075 764 1101 793 si
1123 763 1308 803 simpliciter
1331 769 1362 794 et

302 807 447 838 absolute
469 808 663 848 intelligitur,
686 817 760 838 vera
783 813 839 843 est,
863 808 975 838 ceteris
997 807 1135 847 paribus.
1160 807 1194 838 Si
1213 816 1289 837 vero
1314 816 1362 837 se-

303 850 446 882 cundum
469 851 557 891 quid,
582 856 629 882 est
651 850 729 881 falsa
750 850 927 881 manifeste.

356 894 518 926 Intellecta
539 895 635 934 igitur
656 895 778 925 maiore
796 894 941 924 absolute
961 899 993 924 et
1008 894 1202 934 simpliciter,
1218 894 1252 924 in
1267 903 1362 924 sensu

301 947 369 978 quo
392 937 581 974 verificatur,
597 937 712 968 dicitur
735 937 825 978 quod
842 937 950 968 minor
972 942 1019 968 est
1034 936 1120 967 falsa.
1145 937 1187 967 Et
1204 942 1240 968 ut
1255 937 1362 977 singil-

300 981 390 1011 latim
411 980 630 1012 manifestetur
651 981 686 1012 in
708 981 839 1021 singulis
861 981 1003 1021 partibus
1026 981 1105 1017 eius,
1130 980 1245 1011 dicitur
1261 980 1361 1021 quod,

299 1023 375 1055 licet
397 1025 637 1055 communicare
659 1024 719 1055 sub
734 1029 870 1064 utraque
893 1025 999 1064 specie
1017 1024 1178 1065 populum
1193 1025 1232 1055 sit
1248 1025 1362 1055 clarius

299 1067 479 1099 secundum
509 1077 640 1099 sensum
662 1073 694 1098 et
717 1068 826 1108 quoad
847 1078 924 1105 nos,
948 1078 1017 1099 non
1039 1074 1147 1099 tamen
1175 1074 1221 1099 est
1248 1069 1361 1099 clarius

300 1111 480 1143 secundum
501 1112 710 1148 intellectum,
734 1117 766 1142 et
787 1121 827 1143 ex
848 1118 938 1153 parte
952 1113 998 1143 rei
1014 1118 1193 1143 contentae.
1217 1112 1362 1143 Difficul-

264 1168 268 1195 l
299 1160 380 1187 tates
401 1155 561 1196 siquidem
584 1165 667 1197 quae
690 1162 872 1193 occurrunt,
897 1166 935 1187 ex
957 1162 1046 1197 parte
1061 1157 1171 1193 nostri,
1188 1161 1220 1187 et
1238 1166 1307 1187 non
1323 1166 1361 1187 ex

298 1204 389 1240 parte
410 1200 472 1236 rei:
506 1205 538 1230 et
561 1209 599 1230 ex
621 1200 719 1241 signis
748 1200 965 1237 sensibilibus,
995 1210 1063 1231 non
1093 1210 1132 1231 ex
1153 1210 1188 1231 re
1211 1206 1361 1231 contenta

300 1249 508 1284 consurgunt.

355 1287 455 1326 Quod
470 1293 578 1319 autem
600 1288 640 1318 sit
661 1289 771 1326 tutius,
795 1288 999 1319 falsissimum
1018 1294 1073 1319 est.
1098 1289 1139 1319 Et
1154 1298 1230 1319 cum
1246 1288 1361 1319 dicitur

300 1331 392 1373 quod
408 1332 542 1372 nullius
555 1332 737 1363 omissionis
759 1332 904 1373 periculo
929 1342 963 1363 se
985 1333 1126 1373 exponit,
1150 1331 1361 1372 respondetur

265 1371 408 1416 -qffobs,
435 1375 510 1407 licet
532 1385 600 1407 non
623 1377 749 1407 omittat
771 1377 898 1417 signum
922 1377 1086 1413 sensibile,
1111 1377 1230 1407 omittit
1251 1381 1359 1407 tamen

298 1416 464 1460 popularis
487 1421 676 1451 communio
698 1420 901 1461 prudentiam
925 1420 1063 1451 debitam
1092 1420 1126 1450 in
1150 1419 1292 1451 cavendo
1321 1421 1359 1451 ab

298 1464 502 1495 irreverentia
516 1465 714 1501 sacramenti,
727 1470 758 1496 et
770 1466 901 1505 exponit
916 1474 949 1495 se
963 1464 1108 1506 periculo
1125 1465 1360 1495 commissionis
1390 1497 1393 1501 ⁴

298 1507 470 1549 sacrilegii:
493 1518 512 1539 a
527 1509 652 1549 ‘quibus
674 1514 742 1540 tuta
765 1514 812 1540 est
830 1509 1018 1540 communio
1037 1508 1152 1549 populi
1174 1509 1233 1539 sub
1252 1509 1359 1549 specie

267 1583 270 1585 .
298 1553 391 1594 panis
412 1557 548 1584 tantum.

2398 211 2471 247 255

1473 284 1572 322 Quod
1594 294 1670 314 vero
1694 284 1807 315 dicitur
1831 284 1869 315 de
1892 287 1991 325 magis
2015 293 2246 319 consentaneo:
2266 307 2289 311 —
2311 294 2473 329 oporteret

1418 327 1538 364 dicere,
1571 328 1676 369 magis
1699 333 1911 358 consentaneo
1936 330 2056 360 rationi
2080 337 2200 367 rectae,
2224 338 2278 362 aut
2297 338 2470 373 praecepto

1420 371 1548 402 Christi.
1581 371 1779 402 Communio
1811 371 1967 411 siquidem
1994 374 2107 412 populi
2129 376 2187 405 sub
2211 377 2315 415 specie
2337 381 2471 416 utraque
2511 372 2519 383 '

1417 415 1492 445 licet
1514 416 1554 445 sit
1576 415 1676 455 magis
1700 420 1913 446 consentanea
1935 425 1992 455 per
2015 417 2149 448 modum
2173 420 2403 450 assimilationis
2423 421 2471 450 in-

1417 459 1575 489 stitutioni
1597 459 1794 495 sacramenti,
1811 463 1843 489 et
1857 459 2026 499 integritati
2041 463 2237 497 sacramenti,
2254 468 2285 492 et
2302 463 2472 503 integritati

1417 503 1572 533 sensibilis
1594 502 1792 538 refectionis;
1824 503 2012 533 communio
2035 509 2140 534 tamen
2164 506 2278 545 populi
2300 506 2358 536 sub
2381 508 2470 546 panis

1416 547 1522 586 specie
1543 552 1669 577 tantum
1692 551 1738 577 est
1760 547 1860 586 magis
1876 552 2089 577 consentanea
2112 553 2142 577 et
2157 555 2326 588 praecepto
2344 549 2469 586 Christi,

1415 589 1492 620 Hoc
1504 590 1613 631 facite
1627 590 1660 620 in
1677 599 1779 621 meam
1795 590 2137 626 commemorationem,
2154 597 2189 621 ut
2204 592 2470 631 praedeclaratum

1416 638 1462 663 est
1473 634 1490 650 ⁴*
1506 643 1544 664 ex
1560 633 1672 664 ordine
1687 634 1807 664 litterae
1822 633 2045 673 Evangelicae;
2063 640 2094 664 et
2108 636 2223 665 rationi
2238 641 2350 672 rectae,
2363 646 2470 667 curam

1415 678 1536 716 gerenti
1559 677 1599 708 de
1620 678 1794 708 reverentia
1824 677 1918 707 huius
1941 679 2136 708 sacramenti.
2171 678 2212 708 Et
2238 679 2316 709 illud
2342 679 2470 719 quidem

1415 726 1536 760 spectat
1559 720 1599 751 ad
1622 726 1873 751 consentaneum
1897 720 2074 751 secundum
2097 721 2191 761 quid,
2218 723 2280 752 hoc
2304 728 2409 753 autem
2432 723 2473 754 ad

1416 770 1668 795 consentaneum
1691 765 1874 804 simpliciter
1898 770 1928 794 et
1951 765 2109 795 absolute:
2136 766 2210 805 quia
2232 766 2295 796 hoc
2311 768 2472 806 consurgit

1416 817 1457 838 ex
1488 808 1633 839 omnibus
1663 807 1894 844 consideratis;
1922 808 2001 838 illud
2030 813 2137 839 autem
2165 809 2204 839 ad
2234 809 2471 841 similitudinem

1416 851 1604 882 exteriorem
1614 867 1616 870 .
1627 857 1752 882 tantum
1774 851 1985 891 respiciendo.

1470 895 1524 925 VI.
1546 895 1599 925 Ad
1614 896 1764 935 quintum
1775 896 1792 911 ἦ
1811 900 1918 925 autem
1934 895 2048 926 dicitur
2064 895 2153 936 quod
2167 896 2282 927 falsum
2297 897 2470 934 subsumit3

1415 938 1543 974 scilicet,
1567 939 1707 969 tenentia
1730 948 1764 969 se
1787 948 1824 969 ex
1847 944 1936 978 parte
1959 940 2111 970 sumentis
2135 949 2323 970 concurrere
2346 950 2402 981 per
2420 950 2471 971 ac-

1416 981 1524 1012 cidens
1553 982 1593 1012 ad
1621 992 1718 1013 usum
1743 983 1838 1013 huius
1861 984 2056 1014 sacramenti.
2090 984 2174 1014 Usus
2204 985 2308 1020 enim,
2337 984 2411 1014 licet
2433 985 2472 1015 sit

1414 1026 1509 1056 huius
1532 1027 1719 1056 sacramenti
1741 1031 1777 1056 ut
1792 1027 1837 1057 rei
1860 1036 1924 1066 qua
1938 1027 2067 1063 utimur,
2084 1027 2147 1058 hoc
2163 1033 2218 1063 est,
2235 1028 2401 1064 materiae;
2425 1033 2473 1058 est

1414 1075 1522 1100 tamen
1543 1071 1660 1100 utenn's
1683 1075 1719 1100 ut
1741 1071 1889 1110 proprius
1904 1076 1993 1101 actus
2015 1080 2072 1101 seu
2088 1072 2241 1112 operatio.
2264 1072 2340 1102 Non
2359 1071 2472 1102 accidit

1414 1119 1522 1144 autem
1546 1115 1724 1154 operationi
1746 1113 1902 1145 rectitudo
1920 1124 1958 1145 ex
1972 1120 2060 1155 parte
2076 1115 2246 1155 operantis.
2270 1115 2373 1146 Immo
2389 1114 2470 1146 adeo

1414 1167 1472 1198 per
1494 1167 1527 1188 se
1551 1167 1589 1188 ex
1611 1158 1670 1188 hac
1693 1163 1781 1198 parte
1809 1159 1903 1198 exigit
1931 1158 2153 1189 rectitudinem
2175 1164 2220 1195 ut,
2243 1159 2304 1189 nisi
2327 1160 2470 1199 operatio

1414 1206 1499 1232 recta
1521 1202 1561 1232 sit
1584 1211 1622 1232 ex
1643 1207 1733 1242 parte
1756 1202 1926 1242 operantis,
1949 1212 2017 1233 non
2034 1203 2135 1243 possit
2158 1212 2225 1233 esse
2243 1208 2328 1233 recta
2350 1203 2470 1243 simpli-

1415 1245 1492 1275 citer
1514 1245 1706 1285 egabsolute
1720 1245 1896 1285 loquendo.
1921 1246 1962 1276 Et
1975 1247 2010 1276 in
2024 1247 2191 1286 proposito
2207 1246 2279 1287 plus
2294 1247 2469 1277 invenitur:

1414 1289 1534 1320 scilicet
1556 1289 1646 1330 quod
1669 1289 1812 1320 conditio
1835 1289 1875 1320 de
1898 1299 1962 1330 qua
1984 1290 2148 1330 loquimur
2171 1300 2209 1320 ex
2230 1296 2319 1330 parte
2341 1291 2468 1326 utentis,

1413 1342 1481 1363 non
1504 1334 1583 1363 sistit
1604 1334 1638 1363 in
1660 1333 1731 1373 ipso
1754 1338 1881 1369 utente,
1909 1333 1964 1364 sed
1986 1333 2142 1364 redundat
2163 1335 2197 1364 in
2219 1339 2468 1370 sacramentum;

1414 1378 1568 1418 quoniam
1592 1377 1762 1407 attenditur
1793 1377 1971 1408 secundum
1993 1378 2200 1408 reverentiam
2226 1378 2277 1408 vel
2299 1378 2469 1408 irreveren—

1413 1421 1489 1451 tiam
1513 1420 1552 1451 ad
1575 1426 1817 1451 sacramentum.
1851 1421 1892 1452 Et
1920 1427 2089 1462 propterea
2117 1421 2260 1462 undique
2289 1421 2352 1452 ruit
2378 1431 2469 1462 argu-

1413 1470 1569 1495 mentum.

1469 1509 1511 1539 Et
1533 1509 1612 1539 haec
1635 1508 1674 1539 de
1698 1509 1928 1540 communione
1954 1509 2102 1550 populari
2125 1510 2183 1540 sub
2206 1514 2341 1550 utraque
2363 1509 2469 1550 specie

1413 1551 1496 1583 dicta
1517 1562 1577 1593 pro
1600 1562 1688 1583 nunc
1710 1552 1877 1583 sufficiant.

2497 644 2508 655 ·
2526 643 2551 665 ln
2571 650 2609 672 qu.
2640 645 2709 670 rima,

2498 675 2561 691 num.
2569 676 2607 698 nr,
2670 673 2707 692 rto

2499 695 2592 718 dicitur.

2498 899 2509 909 ·
2522 898 2591 920 Num.
2606 904 2622 925 ι,
2636 899 2710 920 Prae-

2499 925 2563 946 terea
2578 925 2641 952 quod
2653 931 2709 946 con-

2496 951 2570 982 grusz.
