2918 4088
185 836 197 847 ·
210 837 272 858 Part.
286 841 301 863 1,
318 836 326 862 S
341 835 363 857 6.

185 996 195 1007 '
210 995 266 1022 Cap.
283 991 322 1022 ιιι,’
338 997 398 1021 part.

185 1028 220 1049 ιιι,
236 1023 244 1048 s
259 1028 278 1050 7.

183 1524 194 1534 '
207 1523 245 1544 Aa
257 1521 397 1550 Ludifred.-

184 1550 220 1571 Cf.
242 1555 292 1571 can.
315 1549 395 1570 Perle-

183 1576 234 1603 ctis,
251 1576 303 1598 dist.
321 1575 394 1597 XXV.

185 1954 195 1963 '¹
210 1952 270 1974 Part.
282 1958 296 1978 1,
314 1952 333 1978 §5
343 1951 365 1979 6,
376 1958 396 1979 7.

186 2059 196 2068 “
217 2056 316 2077 Primus.
330 2068 341 2073 -
361 2055 397 2077 Cf.

186 2089 234 2104 can.
250 2082 397 2108 Catechismi,

184 2109 337 2157 iixe'tlonsecr„
344 2108 396 2130 dist.

185 2222 196 2232 ¹
215 2220 303 2242 Hamil.
322 2219 398 2242 XXIX

186 2247 210 2269 in
230 2247 322 2274 Enang.
337 2257 348 2262 -
362 2246 397 2268 Cf.

186 2279 236 2295 can.
247 2272 397 2299 Sacerdotes,

186 2300 219 2348 1116
220 2300 239 2321 C
239 2306 328 2321 onsecr.
329 2316 338 2327 ,
345 2300 397 2321 dist.

284 2354 298 2387 β

435 195 505 230 124

1102 180 1365 228 QUAESTIO
1394 179 1534 226 LXXI,
1563 177 1855 215 ARTICULUS
1884 178 1934 214 IV

1204 310 1523 353 ARTICULUS
1554 309 1827 358 QUARTUS

721 407 877 438 UTRUM
901 406 966 438 Slr
991 405 1262 437 SACERDorts
1286 403 1595 435 CATECHIZARE
1618 403 1676 434 ET
1700 402 1975 434 EXORcleRE
1998 403 2310 435 BAPTIZANDUM

1099 484 1132 509 IV
1152 484 1234 513 Sent.,
1256 484 1313 508 dist.
1332 490 1366 513 v1,
1385 490 1428 516 qu.
1448 490 1476 514 11,
1496 487 1543 507 art.
1563 489 1587 514 2,
1607 482 1656 514 qu*
1677 490 1706 512 2;
1726 487 1773 508 art.
1793 481 1821 512 3,
1841 482 1890 515 qu·
1911 481 1934 507 3.

478 585 519 626 333·
545 610 554 619 W
575 597 583 604 s
636 580 658 604 D
681 578 853 609 QUARTUM
872 578 924 602 Slc
944 576 1180 602 PROCEDITUR.
1203 562 1361 600 Videtur
1380 562 1486 611 quod

473 616 553 680 Δ
610 649 611 654 1

443 677 483 732 ,t

620 672 757 710 cizare
777 671 1052 720 baptizandum
1068 676 1096 706 ².
1118 670 1178 706 Ad
1194 669 1367 706 officium
1383 667 1487 705 enim

594 720 900 763 Kministrorum
934 723 1096 774 pertinet
1128 722 1270 760 habere
1299 720 1487 771 operatio-

426 792 518 816 nem
537 791 653 828 super
672 778 910 815 immundos:
937 785 979 814 ut
998 775 1219 825 Dionysius,
1239 788 1262 812 v
1281 787 1364 824 cap.
1385 774 1485 812 Eccl.

426 834 535 870 flier.
556 831 586 879 ²¹²,
607 831 705 868 dicit.
747 831 823 868 Sed
852 829 1129 876 catechumeni,
1155 828 1221 878 qui
1249 828 1488 864 instruuntur

426 885 465 923 in
493 884 738 931 catechismo,
769 891 804 920 et
832 882 1093 931 energumeni,
1123 881 1190 931 qui
1218 888 1430 930 purgantur
1448 879 1488 916 in

425 938 651 984 exorcismo,
673 944 946 985 computantur
965 935 1061 972 inter
1079 934 1320 972 immundos:
1342 941 1383 970 ut
1398 933 1486 970 Dio-

424 991 556 1041 nysius
584 990 728 1027 ibidem
746 989 766 1011 ‘³‘
794 989 893 1026 dicit.
925 990 1026 1036 Ergo
1055 987 1286 1024 catechizare
1315 994 1351 1023 et
1379 998 1486 1023 exor-

424 1044 544 1081 cizare
579 1055 659 1080 non
687 1042 849 1091 pertinet
877 1041 927 1078 ad
955 1040 1128 1078 officium
1157 1038 1383 1086 sacerdotis,
1419 1039 1486 1075 sed

423 1096 551 1147 potius
579 1095 856 1132 ministrorum.

479 1161 512 1185 2.
543 1149 774 1193 PRAETEREA,
795 1145 1063 1184 catechumeni
1082 1145 1322 1182 instruuntur
1341 1144 1389 1180 de
1408 1143 1486 1180 fide

422 1214 492 1251 per
520 1213 668 1238 sacram
696 1200 943 1249 Scripturam,
974 1211 1074 1248 quae
1094 1198 1133 1234 in
1153 1197 1310 1234 ecclesia
1330 1209 1400 1246 per
1417 1197 1485 1233 mi-

422 1254 560 1292 nistros
588 1253 782 1290 recitatur:
818 1252 914 1289 sicut
942 1251 1047 1288 enim
1074 1263 1144 1300 per
1172 1252 1330 1287 lectores
1358 1249 1398 1286 in
1427 1262 1485 1286 ec-

423 1307 535 1345 clesia
563 1306 697 1354 legitur
723 1313 833 1342 vetus
861 1306 1167 1350 Testamentum,
1197 1303 1247 1340 ita
1275 1302 1390 1340 etiam
1418 1314 1487 1352 per

423 1360 603 1398 diacones
632 1367 668 1396 et
700 1358 955 1396 subdiacones
990 1357 1125 1406 legitur
1151 1368 1314 1393 novum.
1358 1356 1406 1392 Et
1434 1355 1487 1392 sic

423 1414 472 1451 ad
486 1413 679 1450 ministros
693 1412 855 1462 pertinet
870 1411 1114 1448 catechizare.
1131 1432 1156 1436 —
1172 1409 1352 1447 Similiter
1372 1408 1487 1446 etiam

423 1475 459 1504 et
487 1466 719 1511 exorcizare,
747 1473 789 1502 ut
816 1465 984 1512 videtur,
1015 1464 1063 1501 ad
1092 1462 1285 1500 ministros
1313 1462 1485 1511 pertinet.

422 1519 522 1557 Dicit
550 1519 654 1556 enirn
682 1519 868 1565 Isidorus,
898 1517 938 1554 in
966 1517 1137 1567 quadam
1166 1516 1337 1566 Epistola
1355 1515 1392 1552 *ε
1427 1515 1490 1552 Ad

423 1575 645 1611 exorcistam
659 1573 818 1622 pertinet
837 1573 1065 1608 exorcismos
1084 1571 1299 1607 memoriter
1318 1570 1486 1615 retinere,

423 1639 628 1675 manusque
654 1638 766 1675 super
793 1636 1066 1674 energumenos
1090 1629 1123 1660 et
1141 1624 1422 1660 catechumenos
1451 1624 1487 1659 in

424 1681 632 1717 exorcismo
662 1681 863 1728 imponere.
898 1678 991 1714 Non
1020 1689 1109 1725 ergo
1137 1676 1300 1726 pertinet
1327 1676 1376 1712 ad
1405 1675 1488 1712 offi-

425 1732 528 1770 cium
557 1732 761 1769 sacerdotis
790 1730 1021 1768 catechizare
1051 1738 1087 1767 et
1115 1729 1340 1766 exorcizare.

480 1786 513 1823 3.
530 1787 762 1832 PRAETEREA,
778 1785 1004 1832 catechizare
1022 1783 1126 1820 idern
1142 1790 1196 1820 est
1211 1782 1317 1832 quod
1333 1782 1487 1819 docere:

425 1846 462 1876 et
489 1840 565 1876 hoc
592 1839 697 1876 idem
726 1845 781 1875 est
808 1837 916 1886 quod
945 1839 1140 1887 perficere.
1181 1835 1300 1882 Quod
1328 1835 1376 1872 ad
1406 1835 1489 1872 offi-

425 1892 530 1929 cium
558 1892 832 1941 episcoporum
869 1889 1050 1940 pertinet:
1081 1898 1123 1926 ut
1151 1888 1240 1926 dicit
1267 1887 1488 1938 Dionysius,

425 1958 448 1982 v
472 1958 554 1994 cap.
580 1946 680 1982 Eccl.
707 1946 815 1982 Hier.
836 1944 856 1966 ’¹‘
894 1944 988 1981 Non
1017 1955 1107 1991 ergo
1136 1942 1299 1992 pertinet
1327 1942 1375 1979 ad
1406 1941 1489 1978 offi-

425 1998 531 2036 cium
559 1997 776 2035 sacerdotis.

480 2052 553 2088 SED
582 2063 726 2088 CONTRA
754 2063 819 2088 Esr
854 2050 962 2099 quod
997 2049 1181 2087 Nicolaus
1210 2049 1315 2097 Papa
1333 2047 1353 2068 '¹‘
1381 2046 1487 2084 dicit:

429 2106 650 2142 Catechismi
675 2104 982 2153 baptizandorum
1010 2116 1033 2140 a
1052 2101 1302 2139 sacerdotibus
1321 2102 1489 2137 uniuscu-

425 2160 552 2207 iusque
588 2158 762 2194 ecclesiae
792 2158 881 2203 fieri
909 2162 1075 2206 possunt.
1119 2154 1327 2202 Gregorius
1362 2153 1489 2199 etiam,

423 2223 535 2260 super
562 2212 692 2259 Ezech.
712 2210 744 2256 ²¹⁸,
774 2209 880 2247 dicit:
911 2209 1142 2254 Sacerdotes,
1172 2220 1257 2245 cum
1279 2219 1352 2258 per
1380 2219 1490 2244 exor-

425 2266 531 2301 cismi
547 2266 713 2314 gratiam
741 2276 895 2300 manum
920 2263 1148 2300 credentibus
1171 2263 1375 2311 imponunt,
1406 2260 1494 2310 quid

425 2317 529 2355 aliud
543 2318 695 2366 faciunt
723 2319 794 2354 nisi
821 2316 920 2366 quod
945 2317 1143 2353 daemonia
1172 2316 1367 2352 eiiciantur
1385 2312 1411 2350 β.

478 2372 703 2408 ΒΕεΡοΝῡΕο
723 2382 905 2407 mOENDUM
929 2369 1037 2418 quod
1055 2367 1227 2406 minister
1246 2374 1493 2416 comparatur

426 2423 475 2461 ad
504 2424 743 2461 sacerdotem
771 2422 867 2460 sicut
894 2421 1168 2459 secundarium
1198 2429 1234 2458 et
1262 2420 1492 2457 instrumen-

425 2477 499 2514 tale
518 2489 633 2525 agens
653 2477 700 2514 ad
720 2475 947 2526 principale:
978 2483 1020 2513 ut
1039 2474 1180 2512 indicat
1198 2474 1327 2524 ipsum
1346 2485 1492 2510 nornen

481 2607 508 2639 α)
528 2606 726 2639 baptizandum.
744 2621 763 2625 -
782 2607 815 2637 P;
836 2607 1008 2640 baptizatum.

481 2641 506 2676 β)
526 2643 677 2668 eiiciuntur.
695 2657 714 2661 -
731 2643 841 2668 eiiciunt
859 2643 932 2667 tertia
951 2649 976 2667 et
994 2650 1021 2668 a.

480 2677 507 2711 γ)
525 2681 629 2711 agente.
648 2692 668 2697 —
686 2677 794 2711 (agente
818 2677 955 2712 editiones)
978 2678 1025 2703 sed
1049 2680 1209 2710 cooperatur
1229 2675 1376 2709 principali
1399 2676 1493 2709 agenti

427 2714 499 2738 EIsG
519 2719 543 2738 et
563 2714 698 2739 editiones.

1541 564 1699 599 ministri
1711 561 1741 599 ²¹⁶.
1759 563 1885 610 Agens
1900 570 2027 599 autem
2050 561 2322 599 secundarium
2336 575 2417 600 non
2431 563 2505 611 agit
2523 563 2604 600 sine

1541 614 1740 664 principali
1768 623 1900 663 agente
1920 621 1935 644 Υ
1963 615 2003 652 in
2032 615 2243 664 operando.
2288 615 2446 662 Quanto
2475 624 2603 654 autem

1542 668 1712 717 operatio
1742 676 1797 705 est
1822 668 1958 717 potior,
1979 676 2083 705 tanto
2103 668 2311 718 principale
2330 680 2446 716 agens
2464 668 2606 717 indiget

1542 721 1755 770 potioribus
1775 720 1787 743 δ
1815 721 2087 758 instrumentis.
2118 721 2249 758 Potior
2271 729 2402 758 autern
2431 729 2486 759 est
2514 734 2605 771 ope-

1542 774 1637 811 ratio
1666 774 1871 811 sacerdotis
1899 774 2130 824 inquantum
2158 774 2302 811 confert
2330 774 2459 824 ipsum
2483 787 2605 812 sacra-

1542 835 1731 874 mentum,
1748 840 1867 876 quam
1881 827 1921 864 in
1934 827 2227 877 praeparatoriis
2243 828 2291 865 ad
2307 835 2603 865 sacramentum.

1543 881 1591 917 Et
1618 879 1705 917 ideo
1735 880 1906 930 supremi
1934 880 2106 929 ministri,
2127 880 2193 930 qui
2213 880 2393 918 dicuntur
2411 880 2604 929 diacones,

1543 941 1800 982 cooperantur
1837 933 2023 970 sacerdoti
2059 934 2099 970 in
2132 934 2214 983 ipsa
2247 934 2448 971 collatione
2483 946 2605 972 sacra-

1543 994 1786 1023 mentorum:
1815 986 1903 1023 dicit
1922 986 2027 1024 enim
2053 986 2220 1024 Isidorus
2238 986 2258 1008 '¹‘
2276 987 2383 1036 quod
2408 988 2459 1024 ad
2482 988 2605 1025 diaco-

1543 1051 1632 1075 num
1664 1041 1823 1088 pertinet
1850 1041 2016 1076 assistere
2051 1040 2300 1077 sacerdotibus
2328 1046 2361 1077 et
2394 1042 2607 1078 ministrare

1541 1093 1579 1128 in
1608 1094 1777 1129 omnibus
1804 1104 1899 1141 quae
1926 1098 2091 1142 aguntur
2118 1094 2155 1129 in
2183 1094 2424 1130 sacramentis
2460 1095 2604 1140 Christi,

1542 1146 1579 1180 in
1599 1146 1779 1194 baptismo
1805 1146 1951 1191 scilicet,
1973 1147 2010 1181 in
2037 1147 2245 1192 chrismate,
2259 1152 2400 1195 patena
2427 1152 2460 1183 et
2479 1147 2604 1184 calice.

1542 1197 1741 1234 Inferiores
1769 1205 1900 1234 autem
1934 1197 2096 1234 ministri
2131 1206 2387 1247 cooperantur
2421 1199 2607 1236 sacerdoti

1542 1249 1582 1286 in
1610 1249 1669 1286 his
1698 1262 1798 1299 quae
1833 1257 1921 1286 sunt
1955 1251 2239 1299 praeparatoria
2266 1251 2314 1288 ad
2348 1259 2604 1289 sacramenta:

1543 1301 1639 1339 sicut
1658 1303 1818 1340 lectores
1836 1302 1875 1339 in
1895 1302 2128 1340 'catechismo
2146 1303 2177 1350 ⁹¹²,
2199 1303 2406 1341 exorcistae
2431 1304 2470 1341 in
2499 1316 2607 1342 exor—

1542 1355 1663 1392 cismo
1682 1355 1713 1392 ²¹².

1595 1410 1653 1445 Αι)
1682 1421 1817 1446 PRIMUM
1837 1421 1934 1446 ERGO
1954 1421 2136 1446 DICENDUM
2159 1409 2266 1458 quod
2295 1421 2411 1459 super
2438 1409 2607 1448 immun-

1543 1462 1614 1498 dos
1634 1461 1795 1499 ministri
1814 1461 1958 1498 habent
1977 1462 2243 1511 operationem
2266 1462 2553 1510 ministerialem
2572 1471 2609 1501 et

1544 1514 1653 1565 quasi
1679 1514 2022 1560 instrumentalem,
2043 1515 2110 1552 sed
2139 1516 2316 1553 sacerdos
2343 1516 2606 1566 principalem.

1597 1569 1654 1605 Αι)
1680 1580 1870 1606 SECUNDUM
1898 1581 2079 1606 DICENDUM
2112 1569 2219 1618 quod
2247 1570 2406 1606 lectores
2434 1577 2471 1607 et
2499 1582 2608 1607 exor-

1544 1620 1658 1658 cistae
1678 1621 1820 1659 habent
1835 1621 2008 1658 officium
2023 1621 2336 1660 catechizandiet
2355 1623 2606 1671 exorcizandi,

1544 1687 1625 1712 non
1653 1674 1813 1724 quidem
1840 1674 2106 1724 principaliter,
2130 1675 2197 1712 sed
2226 1675 2321 1712 sicut
2340 1675 2379 1712 in
2398 1675 2458 1713 his
2485 1688 2607 1714 sacer-

1545 1727 1625 1765 doti
1653 1727 1920 1764 ministrantes.

1597 1782 1654 1817 AD
1683 1793 1842 1819 TERTmM
1874 1793 2055 1818 DICENDUM
2091 1781 2198 1830 quod
2235 1781 2434 1831 multiplex
2469 1789 2525 1819 est
2551 1781 2607 1820 in·

1545 1833 1712 1871 structio.
1742 1835 1829 1872 Una
1856 1834 2083 1871 conversiva
2109 1835 2159 1871 ad
2186 1833 2318 1871 fidem.
2356 1835 2488 1882 Quam
2516 1835 2608 1874 Dio-

1545 1887 1677 1937 nysius
1704 1887 1871 1924 attribuit
1890 1887 2083 1937 episcopo,
2113 1886 2152 1924 in
2172 1899 2193 1924 ιι
2212 1899 2294 1936 cap.
2315 1888 2416 1924 Eccl.
2436 1889 2547 1925 ffier.
2568 1888 2606 1926 *ε

1544 1948 1581 1977 et
1594 1948 1718 1989 potest
1733 1948 1952 1990 competere
1967 1940 2120 1978 cuilibet
2133 1940 2397 1990 praedicatori,
2413 1942 2475 1978 vel
2493 1940 2609 1979 etiam

1545 1993 1699 2030 cuilibet
1726 1993 1842 2030 fideli.
1872 2016 1897 2020 -
1926 1994 2106 2031 Secunda
2134 2001 2189 2030 est
2207 1993 2404 2030 instructio
2426 2006 2504 2043 qua
2522 1993 2609 2044 quis

1546 2045 1718 2083 eruditur
1736 2046 1784 2083 de
1803 2045 1895 2083 fidei
1914 2046 2153 2090 rudimentis,
2173 2053 2210 2084 et
2229 2046 2390 2096 qualiter
2412 2059 2453 2084 se
2472 2047 2611 2085 debeat

1546 2099 1688 2136 habere
1716 2099 1756 2136 in
1784 2099 2026 2149 susceptione
2055 2107 2396 2137 sacramentorum.
2439 2101 2488 2137 Et
2514 2101 2610 2138 haec

1545 2152 1707 2202 pertinet
1739 2153 1966 2190 secundario
1995 2152 2154 2202 quidem
2182 2153 2231 2190 ad
2258 2152 2470 2200 ministros,
2506 2153 2609 2204 prin-

1546 2205 1715 2255 cipaliter
1749 2213 1879 2243 autem
1915 2206 1964 2243 ad
1999 2206 2224 2244 sacerdotes.
2254 2228 2280 2233 —
2307 2206 2438 2244 Tertia
2470 2214 2526 2244 est
2553 2206 2609 2244 in-

1547 2259 1701 2296 structio
1739 2259 1787 2296 de
1817 2259 2108 2297 conversatione
2139 2259 2375 2297 Christianae
2406 2259 2518 2310 vitae.
2561 2261 2610 2298 Et

1547 2313 1643 2349 haec
1676 2311 1839 2362 pertinet
1873 2313 1922 2350 ad
1949 2312 2130 2362 patrinos.
2161 2335 2186 2340 -
2215 2313 2363 2360 Quarta
2390 2320 2445 2350 est
2472 2313 2609 2351 instru-

1547 2365 1621 2403 ctio
1650 2365 1698 2402 de
1725 2365 1926 2415 profundis
1954 2365 2142 2416 mysteriis
2169 2365 2278 2412 fidei,
2315 2373 2351 2403 et
2378 2366 2610 2416 perfectione

1549 2418 1786 2456 Christianae
1814 2418 1925 2456 vitae.
1955 2420 2004 2456 Et
2031 2419 2127 2456 haec
2155 2431 2202 2456 ex
2222 2418 2351 2456 officio
2379 2419 2543 2469 pertinet
2560 2420 2610 2458 ad

1548 2471 1761 2522 episcopos.

1596 2602 1621 2638 δ)
1636 2604 1797 2636 potioribus.
1815 2618 1834 2622 -
1848 2604 2021 2636 paucioribus
2040 2605 2129 2637 HpBG
2149 2610 2174 2630 et
2193 2605 2231 2630 bc.
2249 2619 2268 2624 —
2285 2605 2335 2630 Pro
2354 2605 2546 2635 instrumentis,
2561 2605 2611 2631 mi-

1545 2639 1637 2664 nistris
1655 2640 1701 2669 Fa,
1722 2640 1907 2665 instrumentis
1924 2647 1970 2665 seu
1989 2640 2119 2665 ministris
2138 2641 2177 2666 ΡΙ.

2633 570 2644 581 ·
2652 569 2688 591 Cf.
2696 569 2779 600 Isidor.
2787 569 2846 600 Eq-

2632 596 2686 644 ἶιίἱ.
2702 596 2742 618 hb.
2757 595 2786 623 Χ,
2801 596 2846 619 lm.

2728 659 2745 684 Υ

2731 729 2745 755 δ

2633 997 2644 1008 ·
2652 996 2708 1019 Loe.
2716 995 2756 1019 cit.
2763 996 2787 1018 ἰιι
2797 1001 2846 1024 arg.

2633 1029 2653 1045 2.

2635 1313 2646 1324 ·
2659 1312 2687 1334 D.
2701 1317 2752 1341 3²⁰·

2635 1366 2646 1376 ·
2659 1364 2687 1386 D.
2702 1370 2751 1394 59¹-

2635 1889 2647 1901 ·
2660 1888 2722 1911 Part.
2736 1895 2762 1916 ιι,
2777 1890 2786 1916 fi
2802 1896 2822 1912 ι.
