2918 4088
79 1193 94 1206 ²
113 1192 149 1216 Cf.
170 1198 236 1215 ιιιιιιι.
258 1198 294 1220 ιιι,

88 2795 178 2850 'aa
179 2795 279 2820 Armet.
295 2795 307 2817 1

125 2854 154 2878 ⁹
147 2854 241 2898 -ινίἀε
251 2837 306 2924 ,ἕξ-Ξ

165 2907 291 3004 ³3.th
235 2901 306 2968 ¹.¹''¹¹¹¹

91 2854 116 2872 ΙΙ.

90 2881 166 2956 ἔτι

92 2944 216 3004 am

91 3007 174 3031 nrt-6.

94 3285 108 3296 ·
127 3283 165 3306 Cf.
179 3289 245 3306 num.
267 3288 310 3310 ui,

1276 179 1539 217 APPENDIX

317 270 349 296 et
361 266 387 295 si
402 264 559 294 rationem
574 267 819 302 praeceptorum
833 261 1094 292 affirmativorum
1109 261 1379 301 perspexerimus·
1372 282 1380 296 ,

319 308 483 349 apparebit
514 316 685 337 occursum
715 316 782 336 non
806 306 999 336 constituere
1026 312 1154 345 tempus
1177 304 1381 335 necessitatis.

316 353 400 384 Nam
429 353 464 382 in
486 356 658 391 praecepto
683 351 848 390 baptismi,
882 356 1181 390 quantumcumque
1207 348 1382 379 memoriae

317 402 463 428 occurrat
485 396 662 435 baptismus
685 400 720 424 ut
744 394 965 434 suscipiendus
987 403 1062 424 curn
1079 392 1308 423 commoditate
1324 392 1382 422 ob-

317 442 388 477 lata,
411 450 480 471 non
503 445 673 480 propterea
696 439 848 478 obligatio
872 438 908 468 fit
930 448 989 478 pro
1013 444 1090 468 tunc
1114 437 1154 467 ad
1177 437 1381 477 baptismum.

317 486 359 516 Et
377 485 520 516 similiter
534 485 568 514 in
583 489 755 524 praecepto
775 482 995 518 confessionis,
1016 488 1047 512 et
1061 482 1095 512 in
1111 487 1283 521 praecepto
1300 481 1382 510 elee—

317 539 472 570 mosynae
489 528 528 559 de
548 527 723 568 superfluo,
740 537 808 557 non
823 532 949 557 tenetur
964 527 1039 577 'quis
1059 532 1136 556 tunc
1160 524 1306 556 confiteri
1329 530 1383 554 aut

319 574 558 614 eleemosynam
581 572 655 602 dare
682 571 812 612 quando
835 571 1010 601 memoriae
1035 570 1172 600 occurrit
1196 579 1270 600 cum
1294 578 1383 599 com-

318 617 473 649 moditate
497 622 618 657 parata:
642 621 678 646 ut
696 621 783 656 patet
806 615 925 645 ibidem
949 625 987 645 ex
1003 614 1077 645 divo
1094 614 1232 644 Thoma.
1257 613 1290 644 Si
1307 622 1382 653 ergo

318 663 352 693 in
383 662 450 693 aliis
478 661 671 691 affirmativis
703 659 879 710 praeceptis
914 668 1066 689 occursus
1098 657 1266 689 exercendi
1295 663 1384 688 actus

319 705 492 737 commode
515 715 583 736 non
607 704 771 735 constituit
793 704 987 734 necessitatis
1011 708 1156 743 tempus»,
1181 711 1384 742 consequens

319 756 367 782 est
394 756 431 781 ut
459 759 520 780 nec
550 750 583 779 in
607 753 779 789 praecepto
811 748 1012 778 contritionis
1035 746 1200 777 habendae
1230 755 1384 776 occursus

318 795 442 835 peccati
458 800 494 824 ut
510 793 696 824 conterendi
720 793 892 823 constituat
907 798 1034 842 tempus
1049 791 1253 822 necessitatis.
1278 790 1384 830 Opor-

319 845 365 869 tet
388 839 474 870 enim
501 838 689 878 oppositum
712 837 872 867 dicentem
901 836 1058 866 rationem
1084 834 1215 865 reddere
1245 844 1343 875 quare
1367 844 1385 865 a

321 883 488 914 communi
510 882 620 922 regula
635 881 831 911 occurrentis
846 885 935 911 actus
951 886 982 911 et
997 880 1147 910 materiae
1163 889 1239 910 cum
1254 879 1385 919 reliquis

319 927 435 967 paratis
458 927 491 956 in
510 926 687 966 praeceptis
703 925 905 961 affirmativis,
929 925 1104 964 excipiatur
1119 933 1290 954 occurrens
1306 933 1385 954 con-

319 971 456 1001 tritionis
474 979 549 1000 cum
565 979 622 999 sua
642 970 772 1000 materia
795 974 902 1000 actus:
927 974 963 999 ut
986 969 1105 999 scilicet
1127 969 1196 1008 ipse
1219 968 1307 999 solus
1330 968 1386 998 ha-

320 1016 393 1045 beat
407 1015 474 1044 vim
490 1014 729 1044 constitutivam
751 1014 906 1054 temporis
929 1014 1070 1053 urgentis
1085 1012 1126 1043 ad
1141 1013 1282 1053 seipsum
1298 1022 1386 1043 exer-

321 1058 472 1094 cendum,
489 1058 618 1097 reliquis
642 1058 724 1087 hanc
747 1059 813 1088 vim
836 1067 903 1088 non
919 1057 1119 1088 habentibus.
1143 1057 1184 1087 Et
1200 1058 1275 1097 quia
1297 1056 1386 1087 nulla

322 1107 453 1144 apparet
476 1101 672 1141 exceptionis
700 1102 796 1137 ratio,
825 1111 997 1142 sequamur
1023 1102 1204 1142 generalem
1231 1101 1384 1142 regulam,

320 1153 475 1187 tanquam
499 1155 709 1175 communem
732 1146 807 1176 huic
832 1152 862 1176 et
886 1147 953 1176 aliis
976 1147 1154 1186 praeceptis
1182 1145 1385 1176 affirmativis.

377 1191 430 1222 1V.
447 1190 601 1230 Negativa
612 1199 688 1219 vero
701 1196 870 1229 praecepta
882 1191 898 1207 ὓ
911 1190 1053 1230 obligant
1068 1200 1194 1231 semper
1206 1196 1237 1220 et
1252 1190 1292 1221 ad
1303 1199 1386 1221 sem-

320 1245 396 1276 per:
421 1234 593 1276 prohibent
616 1234 702 1263 enim
725 1234 822 1269 mala,
848 1244 930 1274 quae
954 1235 1135 1265 nullatenus
1158 1235 1387 1266 committenda

321 1285 378 1311 aut
391 1277 582 1310 incurrenda
597 1283 681 1308 sunt.
694 1278 735 1307 Et
750 1278 825 1307 licet
841 1279 949 1308 omnia
964 1280 1109 1318 negativa
1124 1285 1294 1319 praecepta
1309 1289 1387 1310 con-

321 1322 710 1363 veniant-,inobliga‘tione
727 1321 766 1351 ad
782 1331 908 1362 semper
932 1323 1040 1362 quoad
1059 1333 1127 1354 esse
1147 1323 1305 1359 illicitum,
1326 1323 1386 1354 dif-

282 1377 292 1380 ’
322 1366 455 1400 ferentia
469 1373 578 1398 tamen
594 1366 850 1406 quaedaminter
865 1366 933 1406 ipsa
949 1373 1127 1407 praecepta,
1145 1373 1275 1399 extenso
1288 1377 1388 1408 prae-

321 1413 404 1454 cepti
430 1413 574 1448 nomine,
591 1416 639 1442 est
661 1411 695 1440 in
719 1410 914 1450 obligatione
939 1411 978 1441 ad
998 1421 1124 1452 semper
1152 1412 1261 1452 quoad
1279 1417 1388 1443 actum

321 1457 456 1499 peccati.
489 1457 573 1487 Nam
595 1455 742 1495 negativa
773 1460 942 1495 praecepta
972 1455 1011 1485 de
1035 1457 1156 1487 actibus
1180 1462 1388 1497 peccatorum

323 1502 467 1543 obligant
490 1500 529 1531 ad
552 1509 679 1540 semper
701 1509 769 1530 non
792 1499 899 1529 solum
923 1499 1031 1539 quoad
1055 1510 1122 1531 esse
1146 1501 1307 1537 illicitum,
1333 1494 1397 1532 sed‘

269 1574 272 1576 ,
323 1546 419 1578 etiam
435 1544 544 1586 quoad
559 1550 666 1575 actum
682 1544 820 1584 peccati:
839 1544 914 1584 quia
930 1544 1101 1584 prohibent
1125 1551 1231 1576 actum
1255 1546 1388 1586 peccati,

322 1597 403 1632 puta
416 1589 632 1625 mendacium,
645 1588 846 1624 adulterium,
860 1588 1100 1628 blasphemiam,
1119 1595 1149 1620 et
1165 1590 1288 1626 similia,
1306 1599 1388 1630 quae

322 1645 391 1666 non
414 1635 521 1666 solum
544 1639 618 1664 sunt
640 1633 758 1668 illicita,
783 1632 839 1663 sed
863 1632 992 1673 quando
1017 1633 1132 1663 adsunt
1154 1636 1277 1674 peccati
1300 1639 1389 1665 actus

323 1679 553 1715 committitur;
582 1677 691 1708 nullus
722 1678 808 1707 enim
838 1677 1065 1717 transgreditur
1095 1685 1263 1719 praecepta
1293 1679 1388 1715 haec,

322 1723 399 1755 Non
415 1722 588 1758 mentieris,
602 1722 677 1752 Non
693 1721 902 1758 adulterabis,
915 1722 990 1752 Non
1003 1722 1243 1762 blasphemabis,
1256 1723 1317 1754 nisi
1333 1724 1389 1766 qui

323 1769 486 1804 mentitur,
503 1766 706 1802 adulteratur,
720 1772 775 1797 aut
790 1767 988 1807 blasphemat
1003 1772 1076 1797 actu
1093 1769 1249 1804 exteriori,
1262 1768 1313 1798 vel
1329 1768 1389 1798 sal-

319 1819 390 1845 -tsem
404 1813 557 1844 interiori.
580 1811 734 1851 Negativa
757 1816 865 1841 autern
887 1817 1057 1852 praecepta
1076 1812 1115 1842 de
1132 1813 1284 1843 habituali
1306 1817 1390 1842 statu

324 1858 449 1901 peccati
471 1856 615 1897 obligant
634 1855 813 1886 secundum
829 1865 863 1886 se
878 1855 918 1886 ad
933 1865 1059 1896 semper
1074 1857 1181 1887 solum
1196 1855 1306 1897 quoad
1321 1866 1389 1887 esse

323 1903 481 1938 illicitum,
499 1906 530 1931 et
544 1910 613 1931 non
629 1899 738 1940 quoad
754 1905 862 1931 actum
883 1901 1020 1940 peccati:
1045 1901 1121 1941 quia
1136 1911 1204 1931 non
1219 1901 1391 1953 prohibent

325 1952 433 1978 actum
456 1946 589 1986 peccati,
607 1945 662 1975 sed
678 1945 945 1984 perseverantiam
960 1945 993 1975 in
1008 1950 1092 1976 statu
1114 1946 1239 1985 peccati
1254 1946 1324 1976 talis
1340 1946 1391 1976 vel

324 1991 519 2032 simpliciter.

379 2036 591 2075 Praeceptum
626 2039 751 2069 autem,
782 2034 870 2064 verbi
903 2034 1019 2073 gratia,
1051 2033 1091 2063 de
1121 2043 1189 2064 non
1224 2033 1390 2064 retinendo

326 2081 468 2111 alienum
491 2080 591 2109 invito
617 2078 761 2113 domino,
785 2077 953 2118 dupliciter
976 2077 1109 2118 intelligi
1132 2083 1247 2117 potest.
1272 2079 1391 2114 Primo,

327 2125 367 2156 de
391 2124 576 2155 detentione
599 2122 770 2152 habituali:
795 2132 877 2162 quae
900 2132 968 2152 non
993 2128 1039 2152 est
1059 2127 1157 2157 actus,
1182 2122 1237 2152 sed
1262 2122 1393 2153 effectus

326 2170 460 2210 peccati.
485 2168 526 2198 Et
549 2168 594 2197 sic
617 2176 685 2197 non
709 2172 755 2196 est
777 2172 984 2207 praeceptum
1008 2166 1182 2206 prohibens
1205 2172 1313 2197 actum
1336 2167 1392 2197 ali-

327 2223 426 2254 quem
450 2211 554 2253 (quod
577 2216 664 2251 patet
685 2220 722 2241 ex
739 2221 778 2241 eo
795 2210 885 2251 quod
908 2211 965 2250 qui
988 2211 1126 2246 abstulit,
1151 2211 1246 2242 etiam
1270 2211 1295 2241 si
1319 2211 1392 2241 dor-

327 2258 415 2294 miat,
439 2257 553 2287 retinet
576 2256 716 2286 alienum
739 2256 840 2286 invito
865 2255 1024 2294 domino),
1048 2254 1104 2285 sed
1124 2255 1272 2295 prohibet
1287 2265 1394 2295 perse-

326 2302 501 2333 verantiam
527 2301 561 2330 in
584 2306 667 2330 statu
691 2301 814 2339 peccati
837 2300 916 2330 talis.
952 2299 1102 2330 Similiter
1131 2305 1162 2330 et
1185 2305 1393 2340 praeceptum

329 2346 368 2378 de
391 2356 459 2376 non
474 2344 642 2375 retinendo
658 2344 857 2375 habitualiter
873 2343 984 2374 odium
1005 2353 1077 2384 erga
1094 2344 1210 2380 Deum,
1235 2354 1302 2374 non
1318 2353 1394 2384 pro-

328 2391 417 2422 hibet
440 2390 582 2432 aliquem
605 2394 728 2425 actum,
752 2394 830 2428 puta
853 2394 960 2419 actum
987 2388 1054 2418 odii
1077 2388 1193 2418 divini:
1222 2388 1294 2424 sed,
1319 2398 1394 2428 sup-

328 2436 436 2476 posito
453 2433 542 2475 quod
553 2434 654 2464 homo
667 2433 831 2473 peccando
844 2433 1018 2463 mortaliter
1030 2432 1106 2463 odio
1118 2433 1263 2463 habuerit
1275 2432 1392 2469 Deum,

329 2489 366 2510 ac
389 2489 446 2519 per
468 2479 531 2509 hoc
554 2483 733 2518 perseveret
756 2487 859 2528 usque
883 2476 922 2508 ad
946 2478 1172 2507 contritionem
1195 2478 1228 2507 in
1250 2482 1332 2507 statu
1349 2477 1395 2507 di-

329 2524 395 2554 vini
422 2522 488 2553 odii
513 2522 593 2562 (non
620 2522 727 2552 solum
749 2522 872 2562 passive
896 2522 972 2562 quia
998 2521 1180 2561 Altissimus
1204 2521 1278 2552 odio
1302 2521 1397 2552 habet

89 2574 249 2632 fflup.
260 2580 304 2601 ιιι,
324 2573 556 2609 peccatores,
530 2568 546 2583 ³
573 2566 638 2602 sed,
656 2565 746 2606 quod
760 2566 852 2606 peius
873 2572 929 2602 est,
947 2566 1058 2602 active,
1076 2567 1151 2606 quia
1169 2571 1347 2606 perseverat
1362 2567 1396 2597 in

330 2618 414 2643 statu
443 2591 566 2652 peccati
595 2611 737 2641 mortalis
766 2609 958 2641 includentis
987 2611 1022 2640 in
1049 2620 1082 2640 se
1115 2610 1259 2641 divinum
1283 2610 1396 2641 odium

330 2662 461 2698 propter
485 2656 740 2686 contrarietatem
770 2654 809 2685 ad
833 2654 1037 2685 dilectionem
1065 2655 1224 2695 caritatis),
1247 2655 1397 2695 prohibet

330 2701 597 2742 perseverantiam
621 2700 654 2729 in
677 2704 759 2729 statu
782 2699 904 2739 peccati
932 2698 1073 2729 mortalis
1096 2699 1290 2739 simpliciter.
1319 2699 1396 2738 Quo

330 2745 367 2776 fit
390 2751 443 2780 ut,
475 2745 550 2784 quia
573 2745 721 2779 statibus,
746 2744 827 2773 sicut
849 2743 1026 2779 habitibus,
1056 2753 1124 2773 non
1147 2752 1309 2774 meremur
1336 2753 1397 2774 nec

332 2789 543 2824 demeremur,
561 2787 617 2818 sed
633 2788 754 2818 actibus
770 2788 801 2824 *;
822 2787 947 2818 nullum
963 2797 1086 2817 novum
1101 2793 1271 2826 peccatum
1287 2793 1398 2818 contra

331 2835 395 2866 hoc
418 2834 602 2874 negativum
626 2837 833 2872 praeceptum
856 2832 1042 2867 incurratur,
1066 2832 1127 2861 nisi
1150 2837 1247 2861 status
1265 2832 1334 2862 talis
1358 2831 1398 2862 de

331 2888 419 2910 novo
444 2882 636 2917 acceptetur,
653 2882 730 2916 puta
750 2877 775 2906 si
792 2875 831 2906 de
847 2885 934 2906 novo
959 2876 1174 2906 consentiatur
1196 2876 1230 2905 in
1253 2885 1397 2915 perseve-

332 2923 467 2954 rantiam
487 2922 556 2952 talis
572 2926 679 2951 status.
697 2938 717 2943 —
734 2919 895 2955 Secundo,
913 2919 951 2950 de
968 2918 1152 2949 detentione
1169 2920 1297 2950 actuali:
1315 2930 1398 2960 quae

300 2967 412 3008 nihil
435 2966 522 2997 aliud
546 2971 592 2996 est
615 2974 713 3005 quam
737 2974 911 2995 consensus
931 2963 1041 2994 efficax
1059 2964 1092 2993 in
1109 2963 1327 2994 detentionem
1343 2965 1398 2994 ha-

333 3011 496 3047 bitualem,
521 3021 577 3041 seu
602 3019 683 3050 quae
706 3015 752 3040 est
771 3008 901 3039 effectus
918 3009 1050 3048 peccati.
1074 3008 1115 3037 Et
1131 3009 1175 3038 sic
1190 3014 1398 3048 praeceptum

334 3061 382 3087 est
403 3055 576 3096 prohibens
593 3060 700 3085 actum
716 3054 854 3094 peccati:
881 3058 911 3082 et
927 3058 1050 3082 constat
1074 3051 1163 3092 quod
1180 3052 1298 3092 obligat
1316 3062 1398 3083 sern-

334 3110 391 3141 per
415 3105 446 3130 et
469 3098 508 3130 ad
531 3108 673 3139 semper,
698 3099 780 3128 sicut
802 3097 924 3137 reliqua
947 3097 1101 3136 negativa.
1133 3096 1174 3126 Et
1201 3097 1245 3126 sic
1268 3097 1398 3137 proprie

334 3145 430 3175 habet
444 3144 511 3174 vim
528 3149 558 3174 et
573 3152 694 3174 nomen
710 3142 885 3182 praecepti:
911 3141 1065 3181 quoniam
1082 3146 1252 3180 praecepta
1270 3142 1399 3181 proprie

335 3188 376 3219 de
399 3188 520 3218 actibus
544 3194 627 3218 sunt.

390 3232 430 3264 V.
453 3231 663 3262 Discutiendo
679 3241 755 3262 vero
774 3235 981 3271 praeceptum
998 3230 1197 3260 contritionis
1212 3234 1248 3259 ut
1264 3230 1399 3259 mixtum

337 3286 375 3307 ex
398 3275 584 3306 affirmativo
609 3281 640 3306 et
662 3275 810 3316 negativo
827 3276 853 3311 ὓ,
877 3275 958 3305 sicut
980 3279 1188 3314 praeceptum
1212 3273 1251 3303 de
1274 3274 1399 3304 restitu-

336 3321 435 3356 tione,
451 3320 632 3350 invenimus
648 3319 737 3360 quod
761 3319 880 3359 obligat
903 3319 943 3350 ad
966 3319 1071 3349 statim
1086 3317 1265 3348 habendam
1283 3318 1399 3348 contri—

336 3365 459 3395 tionem
475 3364 557 3395 sicut
580 3369 787 3404 praeceptum
813 3363 852 3394 de
875 3364 1074 3394 restitutione
1091 3362 1210 3402 obligat
1233 3361 1271 3392 ad
1295 3363 1401 3392 statim

336 3407 579 3439 restituendum.
603 3408 645 3438 Et
659 3409 739 3439 ratio
757 3414 803 3439 est
819 3408 894 3448 quia
917 3414 1044 3448 tempus
1066 3405 1252 3437 huiusmodi
1269 3412 1400 3436 actuum

337 3452 470 3484 dilatum
500 3462 656 3484 annexam
685 3453 780 3483 habet
803 3453 1058 3483 contrarietatem
1082 3451 1121 3481 ad
1144 3451 1304 3481 virtutem.
1338 3451 1400 3480 Re-

337 3497 458 3527 stitutio
475 3497 561 3527 enim
573 3495 667 3527 dilata
683 3506 839 3527 annexam
855 3497 950 3527 habet
965 3496 1177 3526 retentionem
1190 3495 1284 3525 alieni
1300 3495 1400 3525 invito

338 3540 482 3577 domino,
507 3550 589 3581 quae
614 3541 821 3571 contrariatur
844 3541 996 3571 iustitiae:
1033 3546 1063 3570 et
1086 3540 1228 3570 similiter
1251 3539 1400 3569 contritio

477 3601 589 3627 Summa
602 3601 704 3626 Tnssor.
724 3601 756 3627 D.
770 3601 887 3626 ΤιιοιιΑιῑ
907 3601 937 3625 Τ.
952 3601 995 3625 lx.

2421 179 2496 227 377

1437 258 1531 289 dilata
1554 267 1710 289 annexam
1734 258 1830 288 habet
1854 259 2066 288 retentionem
2092 258 2189 289 divini
2213 259 2293 295 odii,
2319 269 2400 299 quae
2425 269 2502 291 con-

1435 304 1581 333 trariatur
1606 303 1734 333 caritati.

1491 347 1560 377 Nec
1590 352 1760 386 propterea
1790 345 1976 376 huiusmodi
2005 346 2103 375 mixta
2126 354 2295 387 praecepta
2326 349 2503 378 exorbitant

1436 401 1454 422 a
1478 392 1645 422 communi
1668 391 1777 430 regula
1800 395 2047 430 praeceptorum
2071 390 2347 427 affirmativorum‚
2377 392 2431 422 sed
2455 402 2502 422 se-

1437 441 1581 476 quuntur
1603 444 1694 471 eam,
1725 434 1897 474 obligando
1926 440 2050 463 tantum
2076 434 2115 464 ad
2138 440 2265 474 tempus
2291 437 2500 466 necessitatis:

1436 490 1512 510 nam
1534 480 1710 520 implicatio
1734 479 1886 509 inhibitae
1911 478 2139 508 contrarietatis
2162 479 2201 508 ad
2225 480 2374 509 virtutem
2402 480 2503 510 deter-

1436 525 1537 555 minat
1559 530 1687 564 tempus
1709 523 1904 553 necessitatis
1928 522 1967 552 ad
1989 522 2096 552 statim
2104 529 2116 558 ;
2147 528 2275 562 tempus
2304 525 2424 563 quippe
2447 534 2503 554 ne-

1437 569 1590 599 cessitatis
1613 567 1807 598 exercendae
1830 566 2048 597 affirmationis
2072 573 2118 596 est
2141 573 2268 607 tempus
2288 567 2327 597 ad
2344 569 2503 598 actionem

1436 613 1524 643 illam
1547 622 1664 652 urgens
1680 613 1725 642 sic
1741 611 1840 651 quod,
1857 612 1918 641 nisi
1933 610 1998 646 fiat,
2022 611 2192 641 incurritur
2211 617 2390 651 peccatum.
2416 611 2505 642 Sicut

1436 658 1532 697 igitur
1554 662 1761 697 praeceptum
1792 655 1832 686 de
1855 656 2054 685 restitutione
2086 661 2216 695 propter
2239 656 2427 695 implicitam
2451 655 2504 685 de-

1437 701 1615 732 tentionem
1638 701 1733 731 alieni
1757 700 1876 740 obligat
1899 699 1939 729 ad
1957 700 2062 729 statim
2085 699 2328 736 restituendum,
2349 700 2392 730 ita
2414 709 2505 740 prae-

1438 750 1569 786 ceptum
1588 745 1627 775 de
1644 745 1837 775 contritione
1853 749 1984 784 propter
1999 745 2188 784 implicitam
2204 744 2423 774 detentionem
2440 743 2506 774 odii

1438 795 1549 820 contra
1561 789 1668 820 Deum
1683 789 1802 829 obligat
1813 788 1853 819 ad
1865 789 1970 818 statim
1983 788 2226 819 conterendum.
2244 788 2285 818 Et
2296 789 2375 819 haec
2391 788 2506 828 procul

1438 834 1537 865 dubio
1561 840 1609 864 est
1630 834 1754 864 veritas.

1492 879 1547 909 VI.
1571 878 1635 909 Sed
1651 878 1774 918 exurgit
1790 876 1970 908 difficultas:
1992 877 2133 915 Quando
2149 883 2300 917 peccatur
2316 882 2427 907 contra
2442 877 2507 907 hoc

1437 920 1667 963 praeceptum?
1697 923 1811 953 Dicere
1835 922 1931 958 enim,
1956 928 1992 952 ut
2014 923 2117 961 prima
2140 921 2221 952 facie
2244 927 2385 962 apparet,
2417 921 2507 961 quod

1438 973 1549 998 contra
1571 972 1741 1007 praecepta
1764 966 1948 997 affirmativa
1972 967 2145 1006 obligantia
2169 966 2208 996 ad
2228 967 2333 996 statim
2356 971 2507 1006 peccetur

1438 1013 1562 1042 statim:
1586 1017 1674 1052 puta,
1699 1017 1924 1042 consummato
1944 1010 2047 1047 furto,
2072 1012 2098 1041 si
2120 1020 2188 1041 non
2212 1011 2318 1041 statim
2341 1010 2396 1040 fiat
2418 1011 2507 1040 resti-

1438 1057 1531 1093 tutio,
1547 1062 1707 1096 ,peccatur
1729 1061 1840 1086 contra
1856 1061 2064 1096 praeceptum
2083 1055 2302 1091 restitutionis,
2326 1054 2506 1085 omittendo

1439 1102 1544 1132 statim
1560 1101 1742 1136 restituere;
1763 1105 1793 1130 et
1809 1100 1961 1136 similiter,
1979 1105 2203 1130 consummato
2220 1105 2353 1140 peccato
2370 1099 2506 1135 mortali,

1440 1147 1543 1186 agitur
1565 1150 1677 1175 contra
1699 1150 1907 1185 praeceptum
1931 1145 2130 1175 contritionis
2160 1145 2186 1174 si
2209 1154 2277 1174 non
2300 1144 2405 1174 statim
2430 1154 2508 1174 con-

1439 1191 1525 1221 tritio
1542 1190 1686 1225 habetur,
1703 1207 1723 1213 -
1739 1189 1952 1219 irrationabile
1963 1189 2097 1219 videtur.
2115 1188 2200 1226 Quia
2215 1187 2402 1219 huiusmodi
2417 1198 2508 1229 prae-

1441 1240 1534 1275 cepta
1557 1234 1699 1274 obligant
1722 1233 1762 1264 ad
1777 1234 1901 1273 singula
1916 1234 2033 1269 statim,
2058 1239 2089 1263 et
2104 1243 2172 1263 non
2188 1232 2228 1263 ad
2243 1233 2385 1273 primum
2399 1233 2508 1263 statim

1439 1284 1581 1309 tantum:
1606 1284 1642 1308 ut
1664 1283 1751 1318 patet
1774 1287 1811 1308 ex
1828 1287 1867 1308 eo
1885 1277 1984 1318 quod,
2001 1283 2159 1308 transacto
2183 1278 2288 1317 primo
2304 1277 2423 1313 statim,
2440 1287 2508 1308 non

1441 1323 1614 1354 absolvitur
1637 1333 1655 1352 a
1676 1322 1808 1353 vinculo
1832 1323 2010 1362 praecepti,
2035 1322 2091 1353 sed
2113 1327 2256 1352 remanet
2279 1331 2406 1362 semper
2428 1322 2509 1352 obli-

1441 1373 1532 1407 gatus
1555 1367 1595 1397 ad
1618 1368 1738 1403 statim,
1763 1366 1867 1397 donec
1891 1366 2063 1407 adimpleat
2092 1371 2310 1406 praeceptum.
2345 1366 2378 1396 Si
2401 1371 2509 1397 autem

1442 1412 1585 1451 obligant
1607 1411 1647 1441 ad
1670 1411 1794 1451 singula
1816 1411 1934 1446 statim,
1959 1412 2103 1451 sequitur
2119 1411 2208 1451 quod
2223 1409 2374 1441 infinities
2397 1416 2510 1450 peccat

1441 1456 1616 1486 mortaliter
1638 1465 1705 1486 non
1728 1455 1925 1486 restituendo
1950 1456 2006 1495 qui
2030 1455 2152 1486 furatus
2176 1460 2222 1485 est
2244 1460 2275 1485 et
2289 1465 2358 1485 non
2373 1455 2510 1485 restituit

1441 1501 1556 1536 statim,
1581 1500 1668 1530 iuxta
1691 1499 1830 1530 infinitas
1845 1509 1951 1530 moras
1974 1500 2128 1540 temporis
2143 1498 2324 1530 intermedii
2347 1500 2428 1530 inter
2444 1499 2510 1529 fur-

1442 1550 1513 1575 tum
1537 1550 1568 1574 et
1590 1545 1836 1580 restitutionem,
1861 1545 1887 1574 si
1910 1543 2040 1574 tandem
2062 1543 2107 1574 fit.

1498 1589 1600 1628 Magis
1623 1593 1731 1618 autern
1754 1589 1869 1618 rationi
1889 1594 2143 1619 consentaneum
2159 1594 2206 1619 est
2221 1593 2257 1618 ut
2273 1594 2385 1618 contra
2399 1589 2511 1619 huius-

1443 1632 1533 1663 modi
1551 1638 1721 1673 praecepta
1744 1638 1822 1662 tunc
1838 1632 1945 1662 solum
1968 1638 2120 1672 peccetur
2136 1642 2174 1662 ex
2189 1633 2415 1672 praeteritione
2430 1638 2511 1663 tem-

1442 1678 1540 1718 poris,
1557 1676 1688 1717 quando
1709 1686 1777 1707 non
1793 1676 1900 1707 solum
1923 1678 2090 1713 omittitur,
2108 1676 2164 1707 sed
2187 1677 2400 1707 committitur
2423 1682 2511 1707 actus

1442 1722 1566 1762 peccati
1590 1721 1829 1751 determinantis
1853 1726 2061 1761 praeceptum
2084 1720 2308 1751 affirmativum
2331 1721 2371 1751 ad
2394 1722 2510 1751 statim.

1497 1767 1560 1797 Pro
1584 1767 1676 1797 cuius
1699 1765 1825 1796 clariori
1840 1766 1963 1802 notitia,
1984 1765 2215 1796 advertendum
2231 1771 2278 1796 est
2300 1766 2390 1806 quod
2413 1766 2512 1806 tripli—

1443 1812 1520 1842 citer
1549 1811 1710 1842 invenitur
1740 1819 1931 1840 concurrere
1961 1815 2090 1850 tempus
2115 1819 2232 1850 urgens
2263 1810 2303 1840 ad
2325 1811 2512 1841 exercitium

1443 1855 1606 1896 praecepti
1629 1854 1815 1886 affirmativi.
1843 1855 1962 1891 Primo,
1986 1860 2022 1885 ut
2045 1860 2134 1885 actus
2157 1855 2242 1885 illius
2265 1864 2415 1885 mensura
2438 1856 2513 1886 sim-

1443 1901 1568 1941 pliciter
1583 1905 1614 1930 et
1629 1899 1774 1930 absolute
1786 1909 1793 1929 z
1814 1899 1896 1929 sicut
1910 1904 2038 1939 tempus
2055 1899 2119 1930 diei
2135 1898 2206 1929 festi
2218 1899 2408 1930 determinat
2422 1909 2513 1940 prae-

1445 1950 1576 1985 ceptum
1600 1944 1639 1975 de
1655 1943 1816 1974 audiendo
1832 1944 1971 1980 missam,
1989 1949 2020 1974 et
2036 1943 2277 1984 quadragesima
2296 1944 2408 1974 ieiunii
2423 1954 2514 1984 prae-

1446 1995 1586 2030 ceptum.
1610 2007 1633 2010 —
1656 1987 1817 2024 Secundo,
1841 1993 1877 2018 ut
1900 1993 1989 2018 actus
2011 1988 2094 2018 illius
2116 1997 2267 2018 mensura
2291 1997 2328 2018 ex
2347 1998 2514 2029 praepara-

1445 2035 1534 2065 tione
1564 2033 1604 2063 ad
1632 2033 1749 2063 alium:
1783 2033 1865 2063 sicut
1894 2038 2022 2072 tempus
2050 2032 2243 2072 praecedens
2274 2034 2514 2073 susceptionem

1445 2079 1495 2109 vel
1528 2077 1834 2108 administrationem
1864 2077 2052 2107 sacramenti
2084 2076 2273 2107 determinat
2303 2083 2514 2118 praeceptum

1447 2122 1663 2157 contritionis;
1683 2131 1751 2151 non
1770 2121 1856 2151 enim
1872 2126 1999 2161 tempus
2015 2121 2095 2151 illud
2110 2126 2202 2161 urget
2218 2121 2363 2152 absolute
2380 2122 2420 2152 ad
2436 2132 2515 2152 con-

1446 2166 1632 2201 terendum,
1664 2165 1737 2201 sed,
1768 2166 1794 2195 si
1818 2165 2059 2205 suscipiendum
2082 2171 2136 2196 aut
2159 2165 2445 2197 administrandum
2469 2172 2515 2197 est

1447 2216 1692 2242 sacramentum.
1715 2228 1738 2232 -
1760 2209 1881 2245 Tertio,
1905 2215 1941 2240 ut
1962 2215 2050 2240 actus
2066 2210 2150 2240 illius
2174 2219 2323 2240 mensura
2341 2220 2378 2241 ex
2394 2221 2515 2242 conne—

1447 2257 1543 2286 xione
1567 2255 1694 2285 alterius
1713 2259 1817 2284 actus:
1842 2254 1924 2284 sicut
1942 2259 2071 2294 tempus
2086 2253 2299 2294 significatum
2323 2265 2380 2295 per
2403 2255 2435 2296 ly
2450 2261 2516 2286 sta-

1448 2301 1503 2331 tim
1528 2299 1716 2330 determinat
1738 2304 1947 2338 praeceptum
1970 2299 2179 2329 restitutionis
2207 2300 2282 2339 quia
2313 2305 2402 2330 actus
2427 2299 2516 2330 diffe-

1447 2344 1538 2375 rendi
1560 2343 1794 2374 restitutionem
1817 2343 1913 2373 habet
1935 2352 2097 2373 annexum
2121 2349 2228 2374 actum
2245 2344 2442 2375 voluntariae
2461 2345 2516 2375 de-

1448 2389 1600 2419 tentionis
1624 2387 1717 2418 alieni
1740 2388 1877 2417 interim.

1504 2433 1588 2463 Inter
1610 2433 1690 2462 haec
1713 2437 1821 2462 autem
1844 2437 1991 2472 tempora
2019 2431 2195 2462 differentia
2217 2442 2282 2463 una
2306 2432 2345 2463 ad
2368 2434 2517 2473 proposi-

1448 2483 1519 2508 tum
1542 2477 1703 2507 invenitur
1730 2475 1837 2516 quod,
1862 2477 1887 2506 si
1910 2482 2038 2516 tempus
2061 2482 2153 2516 urget
2180 2476 2220 2507 ad
2243 2482 2351 2508 actum
2374 2483 2409 2508 ut
2432 2478 2516 2508 illius

1449 2531 1599 2552 mensura
1626 2520 1790 2556 absolute,
1819 2520 2007 2551 adveniente
2033 2521 2089 2551 illo
2116 2526 2279 2561 tempore,
2311 2523 2337 2552 si
2360 2523 2518 2553 omittitur

1450 2572 1549 2602 actus,
1565 2567 1608 2596 ita
1632 2564 1721 2605 quod
1745 2565 1878 2595 omissio
1902 2565 1941 2595 sit
1962 2565 2142 2596 voluntaria
2165 2566 2327 2606 privative,
2344 2567 2420 2606 quia
2435 2567 2518 2597 scili-

1451 2616 1501 2641 cet
1516 2610 1623 2651 potuit
1639 2615 1671 2640 et
1686 2610 1777 2639 scivit
1801 2619 1946 2639 exercere
1969 2615 2077 2640 actum
2100 2610 2202 2646 illum,
2219 2616 2297 2650 puta
2320 2611 2427 2641 audire
2442 2612 2518 2641 mis-

1451 2665 1519 2686 sam
1542 2660 1574 2685 et
1595 2664 1664 2685 non
1688 2653 1823 2684 audivit:
1848 2654 2019 2684 incurritur
2041 2660 2212 2694 peccatum
2235 2655 2417 2685 omissionis
2441 2665 2519 2686 con-

1450 2705 1498 2730 tra
1515 2703 1725 2740 praeceptum
1739 2697 1828 2728 illud.
1852 2716 1875 2720 -
1899 2698 1932 2728 Si
1946 2708 2024 2728 vero
2045 2704 2174 2738 tempus
2197 2705 2289 2739 urget
2305 2699 2344 2729 ad
2360 2705 2467 2730 actum
2483 2705 2519 2730 ut

1450 2753 1601 2774 mensura
1615 2742 1700 2773 illius
1716 2751 1753 2772 ex
1766 2741 1877 2772 ordine
1894 2741 1934 2772 ad
1949 2743 2084 2773 alterum
2100 2748 2218 2779 actum,
2231 2743 2420 2774 adveniente
2437 2754 2519 2784 quo—

1453 2797 1594 2827 cumque
1616 2792 1773 2826 tempore,
1790 2787 1850 2816 nisi
1874 2787 1926 2817 ille
1950 2787 2027 2817 alter
2050 2792 2139 2817 actus
2162 2793 2293 2827 propter
2316 2797 2415 2827 quem
2438 2794 2519 2818 tem-

1451 2842 1512 2872 pus
1539 2836 1631 2871 urget
1658 2835 1851 2866 exerceatur,
1875 2840 1943 2860 non
1966 2830 2002 2861 fit
2025 2836 2136 2861 contra
2164 2837 2382 2871 praeceptum.
2408 2832 2519 2869 Quan-

1451 2882 1665 2915 tumcumque
1700 2875 1786 2904 enim
1821 2874 1934 2914 aliquis
1964 2875 2004 2904 sit
2034 2875 2307 2906 administraturus
2342 2885 2519 2906 sacramen-

1452 2926 1532 2955 tum,
1549 2920 1610 2950 nisi
1633 2918 1829 2949 administret
1843 2918 1923 2948 illud
1946 2924 2001 2949 aut
2023 2925 2185 2959 proponat
2208 2919 2424 2950 administrare
2439 2920 2519 2951 illud

1452 2965 1520 2995 sine
1551 2963 1763 2998 contritione,
1794 2972 1963 3002 nunquam
1993 2963 2057 3002 agit
2086 2970 2256 3003 propterea
2287 2969 2398 2994 contra
2429 2974 2519 3004 prae-

1453 3014 1583 3048 ceptum
1608 3007 1818 3042 contritionis,
1843 3013 1878 3037 ut
1901 3012 1997 3046 patet.
2020 3026 2044 3029 -
2066 3007 2107 3037 Et
2137 3008 2232 3038 simili
2260 3007 2378 3044 modo,
2407 3008 2519 3039 eadem

1452 3053 1591 3088 ratione,
1623 3056 1923 3091 quantumcumque
1951 3051 2065 3091 aliquis
2094 3061 2162 3082 non
2191 3058 2373 3082 conteratur
2402 3054 2518 3090 statim,

1453 3098 1514 3127 nisi
1538 3095 1577 3126 ad
1594 3096 1658 3126 hoc
1682 3095 1828 3125 deveniat
1851 3094 1941 3135 quod
1964 3096 2200 3126 commissionis
2224 3102 2357 3136 peccato
2381 3097 2521 3128 incurrat

1454 3141 1673 3171 detentionem
1697 3139 1795 3169 divini
1818 3139 1904 3175 odii,
1927 3149 1996 3170 non
2018 3146 2131 3180 peccat
2153 3141 2345 3177 mortaliter,
2374 3143 2520 3181 quamvis

1453 3190 1632 3235 perseveret
1655 3184 1688 3214 in
1712 3188 1795 3213 statu
1817 3184 1941 3223 peccati
1955 3184 2113 3214 mortalis:
2139 3185 2221 3215 sicut
2244 3186 2300 3225 qui
2322 3195 2390 3216 non
2414 3187 2520 3216 statim

1453 3229 1598 3265 restituit,
1622 3229 1682 3258 nisi
1706 3226 1745 3257 ad
1761 3227 1824 3257 hoc
1848 3227 1994 3258 deveniat
2017 3228 2106 3268 quod
2130 3230 2365 3260 commissionis
2385 3236 2519 3270 peccato

1453 3274 1593 3304 incurrat
1619 3272 1838 3302 detentionem
1869 3272 1980 3308 alieni,
2004 3282 2072 3303 non
2104 3279 2216 3313 peccat
2243 3273 2283 3304 de
2314 3284 2402 3304 novo
2434 3284 2520 3305 mor-

1453 3318 1564 3348 taliter.
1591 3316 1712 3347 Contra
1734 3322 1904 3356 praecepta
1926 3326 2067 3357 namque
2090 3318 2168 3348 haec
2193 3317 2232 3348 de
2255 3328 2323 3348 non
2347 3318 2520 3350 detinendo

1455 3361 1567 3392 odium
1590 3361 1660 3397 Dei,
1685 3361 1735 3391 vel
1759 3360 1910 3397 alienum,
1935 3370 2010 3392 cum
2026 3362 2088 3392 sint
2103 3362 2258 3402 negativa,
2284 3364 2520 3394 commissionis

1455 3411 1588 3446 peccato
1613 3410 1741 3445 oportet
1771 3404 1861 3445 quod
1884 3411 2003 3446 agatur.
2038 3406 2086 3436 Ac
2110 3416 2167 3446 per
2190 3407 2270 3443 hoc,
2302 3408 2328 3437 si
2351 3414 2521 3447 propterea

1456 3455 1606 3490 peccatur
1636 3455 1746 3480 contra
1776 3455 1945 3490 praecepta
1977 3449 2161 3481 affirmativa
2184 3450 2224 3481 de
2251 3451 2446 3482 restituendo
2471 3453 2521 3482 vel

1456 3493 1653 3524 conterendo
1686 3494 1762 3534 quia
1793 3499 1903 3524 contra
1935 3495 2014 3524 haec
2043 3495 2190 3538 negativa
2227 3496 2344 3536 agitur,
2377 3506 2444 3526 non
2475 3502 2521 3526 est

1456 3539 1588 3568 omissio
1622 3537 1799 3569 affirmativi
1838 3539 1898 3568 nisi
1925 3538 2005 3569 adsit
2035 3540 2220 3570 commissio
2257 3546 2367 3571 contra
2400 3541 2520 3580 negati-

2344 3600 2378 3632 48
