2878 4088
174 839 184 849 ·
191 838 227 859 Ad
233 838 292 859 Heb.
300 843 350 865 cap.
362 844 383 864 v,

174 871 232 887 vers.
250 872 268 887 ι.

414 185 463 220 66

413 263 622 292 constituatur
645 261 709 292 dux
727 263 794 292 aliis
810 263 843 293 in
859 258 952 293 rebus
977 262 1099 299 divinis,
1118 263 1207 302 quasi
1230 266 1475 302 praesumptuo-

412 316 464 337 sus
480 306 653 337 mortaliter
675 312 787 346 peccat
803 308 859 347 qui
883 316 958 338 cum
974 307 1169 337 conscientia
1192 306 1314 346 peccati
1332 303 1474 334 mortalis

412 350 451 380 ad
468 350 594 380 ordines
617 350 747 381 accedit.
772 351 813 381 Et
834 351 907 381 ideo
923 352 1070 381 sanctitas
1085 351 1167 380 vitae
1183 349 1352 388 requiritur
1368 346 1407 376 ad
1423 356 1473 376 or-

412 394 520 425 dinem
536 394 575 425 de
590 395 776 425 necessitate
798 396 968 435 praecepti.
994 394 1057 425 Sed
1071 403 1138 424 non
1163 393 1202 423 de
1225 391 1410 422 necessitate
1426 399 1472 419 sa-

412 439 573 469 cramenti.
598 438 701 475 Unde,
723 440 749 469 si
771 440 873 470 malus
898 439 1070 474 ordinatur,
1094 436 1303 467 nihilominus
1327 433 1473 464 ordinem
1494 442 1504 462 5

411 483 523 513 habet:
548 488 655 514 tamen
679 493 754 514 cum
777 489 920 524 peccato.

465 527 516 556 AD
540 537 656 557 PruMUM
679 537 761 558 mmo
786 536 943 557 DICENDUM
965 524 1062 565 quod,
1080 525 1160 553 sicut
1182 531 1256 552 vera
1278 526 1473 551 sacramenta

412 576 486 601 sunt
508 580 590 611 quae
613 577 763 611 peccator
786 571 954 611 dispensat,
971 570 1013 598 ita
1036 576 1147 597 verum
1170 570 1404 595 sacramentum
1421 574 1471 595 or-

412 614 493 645 dinis
509 616 638 655 recipit:
665 621 695 646 et
711 616 792 646 sicut
807 614 936 653 indigne
960 612 1128 651 dispensat,
1145 610 1188 639 ita
1203 608 1333 648 indigne
1349 609 1470 649 recipit.

466 660 516 689 AD
540 669 700 690 SECUNDUM
724 667 880 689 DICENDUM
897 655 985 696 quod
1000 653 1079 684 illud
1094 653 1306 683 ministerium
1323 659 1388 683 erat
1403 658 1471 683 tan·
1487 666 1513 680 10

410 708 480 733 tum
504 704 537 733 in
561 704 747 733 executione
771 701 941 741 corporalis
965 698 1129 737 obsequii:
1155 697 1245 737 quod
1269 698 1364 728 etiam
1387 697 1472 728 licite

411 753 593 788 peccatores
616 747 718 777 facere
741 750 883 786 possunt.
912 743 1009 773 Secus
1032 747 1140 771 autern
1164 746 1211 772 est
1234 740 1273 771 de
1296 742 1471 772 ministerio

411 791 572 831 spirituali,
598 790 636 820 ad
660 789 748 830 quod
776 789 972 829 applicantur
1001 785 1155 816 ordinati:
1187 786 1262 826 quia
1285 795 1342 826 per
1364 786 1472 826 ipsum

411 835 590 866 efficiuntur
612 834 708 864 medii
731 834 812 863 inter
834 832 939 861 Deum
956 835 987 860 et
1002 829 1131 870 plebem
1146 831 1180 867 ἢ
1205 835 1236 860 et
1254 829 1329 860 ideo
1354 829 1472 860 debent

411 879 450 910 de
473 880 557 909 bona
580 877 773 908 conscientia
802 876 900 906 nitere
932 873 1040 914 quoad
1070 874 1194 911 Deum,
1219 879 1251 904 et
1273 875 1359 905 bona
1388 874 1472 905 fama
1487 887 1509 907 ις

411 923 518 963 quoad
541 923 696 952 homines.

463 967 513 996 AD
530 975 663 995 marium
685 973 842 994 DICENDUM
858 962 948 1002 quod
963 962 1089 1002 aliquae
1104 962 1283 993 medicinae
1299 968 1373 993 sunt
1389 972 1472 1003 quae

410 1011 538 1049 exigunt
567 1009 665 1039 robur
694 1013 840 1043 naturae,
869 1007 944 1036 alias
975 1016 1051 1036 cum
1077 1006 1222 1046 periculo
1249 1007 1361 1037 mortis
1384 1017 1471 1037 assu-

408 1059 556 1084 muntur:
586 1058 620 1082 ‘et
643 1052 720 1082 aliae
747 1056 820 1081 sunt
851 1060 933 1090 quae
965 1050 1121 1081 debilibus
1152 1050 1218 1081 dari
1248 1056 1394 1091 possunt.
1427 1051 1472 1081 Ita

1004 183 1267 230 QUAESTlo
1297 183 1467 228 XXXVI,
1494 179 1786 217 ARTICULUS
1814 179 1856 226 Π,
1877 179 1933 225 111,
1955 179 2006 214 lv

1530 267 1647 298 corpus
1672 257 1789 287 Christi
1811 257 1993 298 mysticum.
2018 257 2059 288 Et
2082 267 2100 288 a
2121 258 2232 289 talium
2257 269 2312 290 ore
2327 260 2469 300 populus
2491 260 2596 301 legem

1529 302 1669 342 requirit.
1694 300 1788 331 Unde
1811 302 1942 331 scientia
1965 302 2043 341 legis
2066 302 2100 332 in
2123 303 2168 332 eis
2192 302 2286 334 debet
2316 313 2400 335 esse:
2432 314 2500 335 non
2523 306 2595 345 qui—

1529 345 1603 375 dem
1626 350 1662 375 ut
1685 345 1785 375 sciant
1808 354 1921 375 omnes
1945 345 2087 376 difficiles
2117 347 2319 386 quaestiones
2341 348 2437 388 legis,
2463 349 2539 389 quia
2562 350 2595 379 in

1528 390 1576 419 his
1593 388 1686 419 debet
1702 388 1741 419 ad
1764 390 1944 429 superiores
1959 399 2106 420 recursus
2122 391 2247 427 haberi;
2271 391 2327 422 sed
2341 393 2442 423 sciant
2458 403 2495 423 ea
2511 402 2595 434 quae

1527 433 1670 473 populus
1693 433 1788 463 debet
1804 433 1932 464 credere
1956 439 1987 464 et
2010 435 2177 465 observare
2194 434 2234 465 de
2252 435 2332 475 lege.
2357 436 2421 467 Sed
2436 436 2476 468 ad
2499 447 2594 478 supe-

1527 478 1626 507 riores
1650 476 1839 514 sacerdotes,
1864 478 1984 508 scilicet
2008 479 2195 519 episcopos,
2219 481 2357 519 pertinet
2379 486 2415 511 ut
2439 481 2534 512 etiam
2558 491 2595 512 ea

1528 530 1611 560 quae
1635 521 1854 552 difficultatem
1876 522 1910 552 in
1933 522 2004 562 lege
2020 521 2123 553 facere
2146 528 2292 563 possunt,
2309 525 2425 555 sciant:
2450 530 2481 555 et
2503 530 2592 556 tanto

1526 566 1627 606 magis
1652 571 1773 606 quanto
1797 566 1830 596 in
1853 566 1968 596 maiori
1990 566 2090 607 gradu
2113 567 2323 598 collocantur.

1582 610 1633 640 AD
1657 620 1818 640 SECUNDUM
1842 620 2002 640 mmmmm
2025 610 2115 651 quod
2137 612 2217 642 ratio
2237 611 2398 642 reddenda
2421 611 2461 642 de
2483 611 2547 644 fide
2563 619 2595 644 et

1527 664 1583 695 spe
1606 664 1674 684 non
1698 660 1745 685 est
1759 654 1963 694 intelligenda
1978 655 2048 685 talis
2068 665 2151 695 quae
2171 655 2306 686 sufficiat
2329 655 2368 686 ad
2391 656 2595 696 probandum

1527 708 1610 739 quae
1633 698 1708 729 fidei
1731 698 1781 729 vel
1805 699 1873 739 spei
1903 704 1987 735 sunt,
2011 709 2086 730 cum
2118 705 2292 740 utrumque
2315 700 2355 731 de
2383 701 2594 732 invisibilibus

1527 743 1584 773 sit:
1609 742 1665 773 sed
1688 748 1724 773 ut
1753 743 1854 773 sciant
1876 743 1910 773 in
1940 744 2107 774 communi
2139 745 2396 784 probabilitatem
2427 740 2595 785 utriusque

1527 786 1704 818 ostendere.
1721 787 1773 818 Ad
1789 786 1879 828 quod
1893 797 1961 818 non
1976 788 2147 828 requiritur
2164 788 2305 819 multum
2320 798 2436 828 magna
2451 790 2592 820 scientia.

1582 832 1634 862 AD
1657 842 1791 862 ram-mM
1814 841 1973 862 manDUM
2001 831 2091 872 quod
2120 831 2160 862 ad
2182 833 2337 863 lectorem
2359 842 2428 863 non
2457 834 2595 873 pertinet

1525 875 1648 907 tradere
1671 875 1870 906 intellectum
1887 886 1992 907 sacrae
2016 876 2196 917 Scripturae
2211 877 2347 918 populo,
2369 878 2445 917 quia
2468 878 2532 908 hoc
2547 883 2595 908 est

1526 920 1729 960 superiorum
1752 919 1918 951 ordinum:
1943 920 1999 951 sed
2022 921 2129 951 solum
2151 922 2369 962 pronuntiare.
2393 922 2435 952 Et
2456 921 2531 952 ideo
2555 923 2593 952 ab

1526 974 1566 995 eo
1590 974 1659 995 non
1682 965 1817 1004 exigitur
1840 964 1930 1004 quod
1944 965 2059 996 habeat
2081 970 2207 996 tantum
2231 965 2271 996 de
2286 966 2417 996 scientia
2441 965 2531 1006 quod
2546 975 2594 997 sa-

1526 1018 1612 1039 cram
1636 1008 1832 1049 Scripturam
1846 1009 2018 1049 intelligat:
2043 1009 2099 1040 sed
2121 1010 2228 1040 solum
2244 1009 2334 1050 quod
2348 1015 2434 1041 recte
2449 1020 2594 1051 pronun-

1525 1053 1602 1083 tiare
1626 1053 1712 1083 sciat.
1737 1053 1779 1082 Et
1802 1053 1878 1092 quia
1899 1053 1970 1083 talis
1991 1054 2122 1084 scientia
2146 1053 2186 1085 de
2213 1054 2297 1085 facili
2328 1054 2499 1085 addiscitur
2522 1060 2554 1085 et
2576 1065 2594 1086 a

409 1098 503 1128 etiam
525 1097 557 1126 in
581 1095 794 1136 spiritualibus
825 1094 983 1135 quaedam
1010 1100 1205 1125 sacramenta
1229 1100 1303 1125 sunt
1326 1094 1471 1125 ordinata
1486 1106 1512 1121 2⁰

407 1141 446 1171 ad
462 1140 638 1171 remedium
653 1140 793 1179 peccati:
819 1145 850 1169 et
865 1139 939 1169 talia
954 1140 1177 1179 peccatoribus
1192 1145 1267 1169 sunt
1283 1138 1470 1175 exhibenda,

407 1186 487 1215 sicut
507 1185 681 1224 baptismus
698 1189 728 1214 et
743 1184 951 1224 poenitentia.
977 1183 1031 1214 Illa
1047 1193 1123 1213 vero
1141 1193 1223 1223 quae
1238 1182 1471 1224 perfectionem

406 1230 521 1269 gratiae
552 1227 736 1263 conferunt,
761 1228 927 1268 requirunt
957 1228 1125 1258 hominem
1151 1237 1208 1268 per
1234 1229 1366 1268 gratiam
1393 1237 1471 1258 con-

407 1273 568 1303 fortatum.

1525 1096 1644 1132 multis,
1661 1096 1735 1126 ideo
1758 1097 1964 1136 probabiliter
1994 1098 2149 1128 aestimari
2180 1103 2287 1138 potest
2310 1098 2399 1138 quod
2430 1098 2594 1130 ordinatus

1525 1141 1623 1171 talem
1646 1141 1811 1170 scientiam
1835 1141 1987 1180 acquiret,
2004 1142 2030 1171 si
2054 1142 2150 1172 etiam
2172 1147 2250 1172 tunc
2274 1151 2345 1173 eam
2367 1152 2436 1173 non
2458 1143 2591 1174 habeat:

1525 1185 1664 1215 maxime
1688 1185 1714 1214 si
1736 1185 1770 1214 in
1793 1185 1844 1214 via
1866 1183 1906 1215 ad
1928 1185 1992 1215 hoc
2016 1194 2084 1215 esse
2106 1185 2260 1216 videatur.

1630 1255 1798 1286 ART.111.
1822 1265 1927 1285 UTRUM
1951 1265 1989 1285 nx
2016 1265 2083 1286 11>so
2107 1265 2222 1286 MERITO
2245 1265 2338 1286 vrrAi:
2367 1266 2490 1287 amotus

1801 1308 1926 1330 oanmrs
1950 1309 2070 1330 omnus
2095 1309 2319 1330 CONSEQUATUR

1858 1353 1942 1381 Supra,
1957 1360 1996 1382 qu.
2011 1360 2092 1382 xxxiv,
2105 1358 2148 1376 art.
2165 1361 2184 1380 ι,
2198 1354 2226 1376 ad
2240 1361 2261 1383 3.

554 1339 652 1369 ART.
677 1339 712 1369 II.
737 1349 841 1368 UTRUM
864 1349 896 1369 IN
919 1348 1159 1369 SUSCIPIENTIBUS
1182 1348 1314 1369 onomns
1485 1327 1509 1348 ²⁵

515 1394 711 1414 REQUIRATUR
735 1393 873 1413 SCIENTIA
896 1393 1006 1413 TOTIUS
1029 1393 1145 1413 SACRAE
1170 1393 1356 1414 SCRIPTURAE
1590 1417 1610 1437 D
1634 1416 1769 1437 TERTIUM
1797 1415 1843 1436 SIC
1870 1415 2066 1436 PROCEDITUR
2107 1405 2242 1436 Videtur
2257 1406 2347 1446 quod
2370 1416 2408 1437 ex
2431 1407 2502 1447 ipso
2526 1416 2594 1438 me-

1527 1421 1651 1482 Arito
1679 1451 1763 1481 vitae
1791 1450 1905 1490 aliquis
1936 1449 2056 1480 ordinis
2086 1449 2201 1490 gradus
2233 1456 2458 1491 consequatur.
2489 1450 2593 1489 Quia,

407 1460 489 1522 AD
514 1459 673 1480 SECUNDUM
701 1459 746 1479 src
773 1458 977 1479 psoenmrun.
1008 1448 1143 1480 Videtur
1173 1449 1263 1489 quod
1290 1450 1471 1490 requiratur

1525 1497 1608 1526 sicut
1631 1494 1707 1526 dicit
1738 1494 1989 1535 Chrysostomus
2005 1495 2040 1530 *,
2065 1504 2130 1525 non
2156 1494 2260 1525 omnis
2289 1495 2442 1526 sacerdos
2463 1500 2595 1527 sanctus

470 1494 598 1524 scientia
625 1494 722 1523 totius
751 1493 864 1523 Sacrae
891 1493 1081 1533 Scripturae.
1109 1493 1195 1531 Quia
1217 1493 1270 1524 ille
1298 1493 1393 1524 debet
1415 1494 1470 1524 ha·
2621 1501 2793 1531 ·0p.1mperj.
2807 1503 2833 1524 in

405 1539 478 1568 bere
502 1538 578 1577 legis
602 1538 766 1568 scientiam
782 1548 799 1567 a
816 1538 906 1568 cuius
923 1547 978 1568 ore
1001 1538 1051 1568 lex
1074 1538 1255 1578 requiritur.
1280 1537 1343 1569 Sed
1367 1538 1470 1579 legem
1486 1546 1512 1567 ³0
1525 1545 1580 1577 est,
1597 1539 1654 1570 sed
1677 1539 1781 1570 omnis
1802 1543 1934 1569 sanctus
1955 1538 2109 1570 sacerdos
2131 1544 2187 1570 est.
2219 1538 2282 1570 Sed
2305 1549 2343 1570 ex
2372 1540 2488 1570 merito
2510 1540 2595 1571 vitae
2621 1528 2834 1578 ”x‘fiffl‘sssthffiffffi

171 1591 180 1601 ·
194 1589 260 1611 Vers.
275 1595 295 1617 7.
406 1583 574 1623 requirunt
599 1582 638 1612 de
665 1591 722 1612 ore
748 1582 942 1618 sacerdotis,
967 1588 1004 1612 ut
1026 1587 1114 1622 patet
1137 1582 1271 1613 Malach.
1289 1593 1311 1612 11
1326 1583 1352 1612 *.
1384 1582 1470 1623 Ergo
1525 1585 1640 1625 aliquis
1664 1583 1800 1614 efficitur
1822 1588 1960 1613 sanctus.
1984 1583 2070 1623 Ergo
2095 1588 2126 1614 et
2150 1583 2306 1614 sacerdos.
2338 1584 2380 1614 Et
2401 1584 2505 1615 multo
2529 1583 2594 1615 for·
2621 1581 2684 1610 Opp.
2699 1581 2781 1611 0²¹7*-

405 1628 472 1667 ipse
495 1627 589 1657 debet
611 1626 689 1666 legis
712 1627 811 1656 totius
834 1627 950 1657 habere
974 1627 1148 1657 scientiam.
1523 1629 1587 1659 tius
1610 1628 1690 1659 alios
1714 1627 1841 1658 ordines
1864 1628 1994 1658 habens.
2265 1664 2268 1667 .

170 1674 180 1684 '
195 1672 260 1694 Vers-
278 1678 307 1700 15-
461 1681 489 1701 2.
514 1671 708 1707 PRAETEREA,
725 1670 738 1701 1
754 1671 819 1701 Pet.
837 1681 871 1701 111
886 1672 919 1701 *ε
936 1671 1050 1702 Parati
1072 1681 1197 1711 semper
1216 1671 1259 1701 ad
1273 1671 1470 1712 satisfactio-
1581 1682 1609 1703 2.
1634 1672 1830 1708 Pium-ansa,
1847 1672 1880 1702 in
1903 1672 1998 1702 rebus
2020 1671 2215 1702 naturalibus
2240 1681 2278 1702 ex
2301 1672 2364 1703 hoc
2391 1673 2463 1713 ipso
2486 1672 2594 1713 aliqua

405 1725 475 1746 nem
497 1715 583 1745 omni
601 1715 749 1755 poscenti
768 1725 825 1746 vos
844 1715 1003 1746 rationem
1027 1715 1066 1746 de
1089 1725 1126 1746 ea
1149 1725 1232 1756 quae
1255 1715 1288 1745 in
1313 1715 1401 1746 vobis
1424 1720 1472 1746 est
1523 1718 1558 1748 in
1580 1716 1680 1757 gradu
1703 1717 1860 1756 superiori
1883 1716 2083 1747 collocantur
2106 1715 2196 1756 quod
2218 1716 2290 1747 Deo
2321 1717 2592 1757 appropinquant,

394 1760 465 1801 fide
488 1765 518 1790 et
539 1769 602 1799 spe.
627 1759 690 1790 Sed
713 1759 844 1790 reddere
867 1760 1025 1790 rationem
1055 1759 1095 1790 de
1118 1760 1167 1790 his
1191 1769 1273 1800 quae
1297 1765 1372 1790 sunt
1394 1759 1470 1790 fidei
1485 1773 1508 1794 35
1525 1767 1556 1792 et
1578 1762 1679 1801 magis
1703 1760 1742 1792 de
1759 1761 1826 1791 eius
1850 1761 2045 1791 bonitan'bus
2061 1761 2267 1801 participant:
2298 1765 2334 1791 ut
2355 1760 2530 1802 Dionysius
2545 1761 2593 1792 di-

405 1809 435 1835 et
458 1804 534 1844 spei,
552 1809 598 1834 est
613 1803 743 1834 illorum
760 1805 816 1844 qui
831 1803 1006 1844 perfectam
1030 1805 1196 1834 scientiam
1212 1813 1372 1834 sacrarum
1388 1804 1470 1835 Scri-
1524 1806 1576 1842 cit,
1589 1816 1620 1835 rv
1633 1815 1702 1846 cap.
1714 1805 1837 1836 Eccles.
1850 1804 1944 1835 Hier.
1958 1806 1975 1821 ⁴*
1994 1804 2058 1836 Sed
2073 1814 2111 1835 ex
2126 1805 2241 1835 merito
2257 1805 2428 1835 sanctitatis
2445 1810 2476 1836 et
2490 1806 2593 1836 scien·
2619 1813 2630 1824 ·
2644 1812 2654 1839 s
2667 1817 2688 1840 5·

404 1854 567 1889 pturarum
590 1848 717 1878 habent.
742 1848 827 1888 Ergo
844 1849 941 1879 talem
964 1849 1130 1879 scientiam
1152 1848 1270 1879 debent
1291 1849 1408 1879 habere
1424 1849 1470 1879 illi
1523 1851 1586 1880 tiae
1609 1850 1723 1890 aliquis
1747 1849 1881 1880 efficitur
1903 1849 1975 1879 Deo
1998 1849 2222 1889 propinquior,
2240 1854 2271 1880 et
2289 1849 2362 1889 plus
2386 1849 2426 1880 de
2442 1850 2510 1880 eius
2532 1850 2592 1880 bo-

405 1893 459 1933 qui
471 1898 636 1932 ponuntur
651 1893 684 1922 in
697 1892 871 1929 ordinibus,
890 1893 1006 1933 quibus
1018 1894 1114 1923 verba
1129 1892 1290 1933 praedicta
1309 1892 1468 1923 dicuntur.
1523 1894 1674 1924 nitatibus
1690 1894 1857 1934 recipiens.
1882 1893 1968 1933 Ergo
1993 1902 2031 1923 ex
2054 1893 2118 1923 hoc
2133 1893 2205 1933 ipso
2224 1893 2258 1923 in
2273 1893 2374 1933 gradu
2389 1893 2510 1924 ordinis
2526 1894 2594 1924 col-

460 1937 488 1967 3.
512 1937 714 1973 Puni-nana,
739 1937 847 1967 nullus
872 1947 1014 1978 congrue
1037 1937 1113 1977 legit
1137 1938 1193 1977 qui
1223 1947 1291 1967 non
1322 1937 1470 1977 intelligit
1524 1939 1657 1969 locatur.

405 1981 493 2021 quod
515 1981 606 2021 legit:
632 1982 708 2021 quia
724 1981 832 2022 legere
847 1986 878 2012 et
893 1991 957 2012 non
980 1982 1162 2023 intelligere
1178 1982 1346 2022 negligere
1362 1986 1416 2017 est,
1434 1987 1470 2012 ut
1483 1994 1510 2014 40
1580 1982 1642 2013 SED
1666 1991 1800 2017 CONTRA,
1817 1981 1965 2011 sanctitas
1995 1981 2094 2012 semel
2126 1981 2232 2011 habita
2254 1986 2362 2021 potest
2383 1982 2495 2012 amitti.
2530 1981 2594 2013 Sed

170 2028 179 2038 ·
195 2027 290 2049 Distich.
306 2027 344 2048 llb·
360 2027 377 2054 1,
405 2026 479 2056 dicit
503 2025 584 2056 Cato
601 2026 627 2055 ’ἱ
653 2025 715 2056 Sed
739 2026 778 2056 ad
801 2026 946 2062 lectores,
965 2027 1020 2066 qui
1045 2031 1092 2056 est
1115 2026 1205 2066 quasi
1223 2025 1353 2056 infimus
1377 2025 1469 2062 ordo,
1525 2026 1605 2057 ordo
1629 2026 1728 2056 semel
1751 2026 1877 2056 habitus
1899 2035 2068 2066 nunquam
2100 2025 2263 2056 amittitur.
2298 2025 2385 2066 Ergo
2415 2025 2496 2056 ordo
2525 2035 2593 2057 non

171 2054 377 2111 Pssicsftfftixivstap.
403 2070 538 2110 pertinet
556 2070 660 2110 legere
683 2075 775 2100 vetus
801 2070 1054 2106 Testamentum,
1071 2075 1107 2100 ut
1130 2071 1164 2100 in
1187 2070 1290 2100 littera
1304 2071 1321 2087 ³*
1345 2069 1469 2100 dicitur.
1525 2070 1669 2101 consistit
1691 2071 1725 2100 in
1748 2071 1819 2110 ipso
1842 2070 1958 2100 merito
1982 2070 2163 2100 sanctitatis.

169 2106 378 2160 ggf⁰”}{2⁴,2'1;d,5s‘
405 2115 488 2154 Ergo
512 2113 551 2144 ad
575 2124 630 2144 eos
653 2115 790 2154 pertinet
808 2115 924 2145 habere
947 2115 1046 2145 totius
1068 2115 1183 2145 veteris
1199 2114 1398 2145 Testamenti
1421 2115 1470 2145 in·
1579 2115 1769 2145 Rasponmzo
1793 2124 1953 2144 D1csNDUM
1977 2113 2067 2154 quod
2089 2123 2184 2144 causa
2200 2113 2295 2144 debet
2318 2123 2386 2144 esse
2409 2115 2593 2155 proportio-

169 2161 211 2181 επ·
404 2159 575 2189 tellectum.
600 2159 641 2189 Et
663 2159 767 2189 multo
787 2158 900 2189 fortius
924 2158 963 2189 ad
987 2159 1066 2189 alios
1082 2159 1262 2200 superiores
1286 2158 1424 2189 ordines.
1523 2164 1597 2189 nata
1620 2169 1680 2189 suo
1705 2158 1842 2189 effectui.
1867 2159 1908 2188 Et
1923 2158 2007 2195 ideo,
2025 2159 2106 2189 sicut
2129 2160 2163 2189 in
2179 2157 2318 2194 Christo,
2334 2168 2353 2189 a
2377 2167 2444 2198 quo
2460 2158 2593 2190 descen-

460 2203 521 2233 SED
545 2213 668 2233 CONTRA
692 2213 745 2233 asr
770 2202 859 2243 quod
882 2203 975 2234 multi
1004 2209 1238 2244 promoventur
1261 2202 1301 2233 ad
1324 2202 1470 2234 sacerdo-
1484 2216 1507 2236 45
1525 2203 1570 2234 dit
1592 2204 1690 2244 gratia
1713 2204 1746 2233 in
1766 2212 1879 2233 omnes
1895 2203 2053 2239 homines,
2070 2207 2198 2243 oportet
2222 2201 2312 2243 quod
2334 2203 2374 2233 sit
2387 2203 2506 2243 gratiae
2524 2203 2592 2244 ple-

405 2248 485 2277 tium
509 2248 564 2287 qui
587 2248 714 2287 penitus
738 2247 778 2278 de
801 2248 915 2278 talibus
934 2248 1013 2279 nihil
1037 2249 1150 2284 sciunt,
1169 2248 1264 2278 etiam
1287 2248 1321 2278 in
1343 2247 1470 2288 religio·
1524 2247 1658 2285 nitudo;
1682 2248 1724 2278 ita
1748 2248 1781 2278 in
1804 2247 1954 2278 ministris
1984 2247 2160 2283 Ecclesiae,
2187 2256 2328 2287 quorum
2351 2256 2419 2277 non
2442 2253 2489 2278 est
2519 2247 2594 2279 dare

405 2292 497 2322 nibus
520 2292 637 2322 multis.
663 2292 748 2332 Ergo
771 2291 897 2323 videtur
921 2292 1010 2332 quod
1033 2293 1102 2323 talis
1118 2293 1250 2323 scientia
1272 2301 1340 2322 non
1363 2293 1470 2332 requi·
1524 2293 1666 2332 gratiam,
1692 2291 1747 2322 sed
1771 2292 1888 2332 gratiae
1912 2297 2125 2328 sacramenta,
2151 2301 2219 2322 non
2243 2291 2447 2322 constituitur
2477 2291 2593 2332 gradus

406 2341 498 2366 ratur.
1525 2336 1645 2367 ordinis
1670 2346 1707 2366 ex
1731 2337 1793 2366 hoc
1811 2335 1900 2376 quod
1915 2336 2029 2366 habeat
2044 2336 2187 2376 gratiam,
2204 2335 2267 2366 sed‘
2283 2345 2321 2366 ex
2337 2336 2400 2366 hoc
2416 2335 2506 2376 quod
2521 2346 2594 2377 per—

171 2381 182 2391 ·
203 2379 258 2427 Lib&
274 2379 322 2427 ¹2in
330 2385 378 2427 Ἑβ-
461 2390 490 2410 2.
514 2380 709 2417 Pam-mmm,
726 2381 759 2410 in
789 2381 865 2411 Vitis
880 2381 1014 2411 Patrum
1031 2382 1047 2398 ⁴*
1070 2381 1185 2422 legitur
1201 2381 1325 2421 aliquos
1349 2381 1470 2422 simpli·
1526 2381 1603 2421 cipit
1626 2380 1758 2420 aliquod
1780 2381 1898 2420 gratiae
1921 2385 2165 2411 sacramentum.

171 2409 304 2457 iiiii-‘na
322 2412 382 2458 'vn‘iss
407 2435 458 2455 ces
481 2426 657 2455 monachos
673 2425 713 2455 ad
735 2425 949 2456 sacerdotium
964 2431 1144 2465 promotos,
1161 2426 1218 2465 qui
1237 2431 1325 2456 erant
1340 2426 1470 2456 sanctis·
1486 2437 1511 2457 ςο
1580 2425 1631 2455 AD
1654 2435 1772 2455 PmMUM
1794 2434 1877 2455 amo
1901 2434 2060 2455 DICENDUM
2084 2424 2174 2464 quod
2204 2424 2455 2465 Chrysostomus
2478 2425 2594 2465 accipit

172 2459 382 2510 {ZEbffijssffifffi
407 2470 503 2499 simae
526 2469 616 2499 vitae.
641 2469 726 2509 Ergo
750 2479 818 2500 non
834 2471 1003 2511 requiritur
1026 2470 1187 2510 praedicta
1210 2470 1340 2500 scientia
1362 2471 1395 2500 in
1419 2479 1471 2500 or-
1525 2469 1697 2500 sacerdotis
1726 2478 1847 2499 nomen
1878 2474 2035 2509 quantum
2063 2469 2102 2499 ad
2130 2469 2288 2499 rationem
2314 2469 2592 2508 interpretationis,

171 2512 381 2563 ffifflffifflhfflffi·
408 2513 560 2543 dinandis.
1525 2513 1704 2544 secundum
1728 2513 1817 2553 quod
1832 2513 1984 2544 sacerdos
2007 2512 2093 2544 idem
2109 2518 2155 2544 est
2171 2512 2261 2553 quod
2275 2521 2372 2544 sacra
2392 2513 2474 2544 dans
2489 2514 2522 2544 ἐ
2547 2514 2593 2544 sic
2620 2511 2833 2568 figfidffiiffrffg:

461 2558 647 2588 RESPONDEO
672 2568 830 2588 D1csNDUM
861 2558 951 2599 quod
973 2559 1007 2588 in
1038 2559 1184 2599 quolibet
1207 2563 1280 2589 actu
1311 2558 1469 2594 hominis,

408 2602 434 2632 si
457 2601 567 2632 debeat
591 2612 657 2632 esse
674 2602 846 2638 ordinatuS,
864 2608 992 2643 oportet
1016 2603 1106 2643 quod
1129 2602 1209 2633 adsit
1224 2602 1355 2633 directio
1375 2603 1470 2633 ratio-

408 2647 466 2676 nis.
490 2646 582 2677 Unde
605 2646 644 2676 ad
667 2647 730 2677 hoc
754 2646 844 2687 quod
867 2647 986 2678 ordinis
1003 2647 1146 2678 officium
1171 2652 1355 2687 exequatur,
1373 2657 1470 2687 opor·
1485 2659 1508 2679 55

408 2695 453 2720 tet
475 2690 563 2730 quod
586 2691 698 2721 habeat
721 2697 845 2722 tantum
869 2691 908 2722 de
932 2692 1063 2722 scientia
1086 2701 1169 2732 quae
1186 2691 1321 2722 sufficiat
1344 2691 1384 2722 ad
1406 2692 1470 2722 hoc

409 2734 497 2774 quod
520 2734 667 2774 dirigatur
682 2736 715 2765 in
739 2741 846 2766 actum
870 2735 990 2766 ordinis
1008 2736 1102 2766 illius.
1126 2736 1167 2767 Et
1190 2736 1264 2766 ideo
1284 2736 1379 2766 etiam
1401 2736 1470 2766 talis

409 2779 538 2808 scientia
560 2780 728 2819 requiritur
751 2780 784 2810 in
808 2790 847 2810 eo
872 2781 928 2821 qui
944 2780 1038 2811 debet
1061 2780 1101 2811 ad
1124 2779 1251 2811 ordines
1267 2781 1468 2820 promoveri:

410 2828 441 2852 et
462 2832 529 2853 non
552 2823 640 2863 quod
664 2824 880 2855 universaliter
902 2826 936 2855 in
959 2830 1026 2855 tota
1050 2825 1211 2865 Scriptura
1227 2825 1265 2855 sit
1287 2825 1469 2861 instructus,

409 2866 464 2897 sed
486 2867 557 2906 plus
572 2868 622 2897 vel
644 2869 750 2898 minus
769 2868 948 2900 secundum
972 2868 1062 2909 quod
1085 2869 1124 2900 ad
1139 2869 1231 2909 plura
1252 2869 1303 2900 vel
1318 2870 1471 2910 pauciora
1484 2875 1511 2895 6ο

411 2920 444 2941 se
467 2911 534 2941 eius
557 2911 698 2942 officium
723 2912 878 2950 extendit;
902 2918 939 2944 ut
962 2913 1082 2944 scilicet
1103 2913 1149 2944 illi
1172 2914 1227 2954 qui
1243 2913 1311 2944 aliis
1334 2923 1470 2954 praepo-

409 2960 528 2985 nuntur
551 2965 659 2986 curam
682 2957 858 2987 animarum
882 2958 1107 2997 suscipientes,
1134 2958 1234 2988 sciant
1264 2967 1301 2988 ea
1325 2967 1407 2998 quae
1431 2957 1471 2988 ad

411 2998 585 3029 doctrinam
608 2999 683 3030 fidei
706 3006 737 3031 et
751 3011 880 3031 morum
903 3002 1072 3042 pertinent,
1090 3007 1121 3032 et
1137 3002 1188 3032 alii
1212 3002 1312 3032 sciant
1328 3012 1365 3032 ea
1388 3012 1471 3043 quae

411 3042 450 3072 ad
473 3044 693 3074 executionem
716 3046 765 3075 sui
788 3045 906 3076 ordinis
929 3051 1082 3086 spectant.

464 3086 514 3116 AD
538 3097 652 3118 PRIMUM
675 3099 757 3119 mmo
789 3099 947 3120 DICENDUM
970 3089 1061 3130 quod
1090 3089 1237 3120 sacerdos
1267 3090 1361 3120 habet
1389 3089 1471 3120 duos
1484 3097 1509 3123 ες

412 3135 514 3160 actus:
539 3141 640 3162 unum
663 3133 881 3173 principalem,
898 3143 993 3174 supra
1014 3143 1131 3174 corpus
1155 3133 1273 3164 Christi
1288 3143 1415 3171 verum;
1440 3139 1472 3164 et

412 3174 509 3204 alium
531 3176 768 3213 secundarium,
793 3187 888 3218 supra
918 3188 1036 3219 corpus
1060 3177 1177 3209 Christi
1203 3179 1384 3218 mysticum.
1416 3177 1471 3208 Se-

413 3217 535 3248 cundus
558 3224 664 3250 autem
687 3226 775 3251 actus
794 3221 952 3262 dependet
975 3233 993 3253 a
1015 3222 1132 3262 primo,
1149 3221 1205 3252 sed
1222 3231 1291 3252 non
1313 3223 1471 3252 converti-

412 3266 472 3291 tur.
496 3262 536 3292 Et
559 3262 631 3293 ideo
662 3264 759 3304 aliqui
783 3265 822 3295 ad
852 3266 1064 3297 sacerdotium
1094 3271 1325 3306 promoventur
1355 3266 1471 3306 quibus

414 3306 620 3337 committitur
642 3308 762 3347 primus
791 3315 879 3340 actus
906 3316 1047 3341 tantum:
1082 3311 1163 3341 sicut
1193 3310 1332 3350 religiosi
1355 3310 1471 3350 quibus
1485 3323 1512 3344 7⁰

414 3358 489 3379 cura
511 3351 686 3381 animarum
701 3362 768 3382 non
791 3355 1007 3385 committitur.
1032 3355 1073 3385 Et
1088 3365 1106 3385 a
1129 3354 1241 3385 talium
1264 3363 1319 3385 ore
1338 3354 1388 3385 lex
1403 3364 1472 3385 non

413 3394 590 3432 requiritur,
607 3394 662 3425 sed
684 3396 790 3426 solum
809 3397 897 3436 quod
920 3404 1114 3429 sacramenta
1129 3398 1310 3429 conficiant.
1334 3399 1375 3429 Et
1397 3398 1471 3429 ideo

413 3436 527 3467 talibus
546 3437 660 3468 sufficit
675 3440 701 3468 si
723 3445 847 3470 tantum
870 3441 909 3471 de
925 3443 1054 3472 scientia
1072 3443 1207 3473 habeant
1223 3442 1313 3483 quod
1336 3452 1373 3474 ea
1388 3452 1472 3483 quae

415 3479 454 3510 ad
469 3487 700 3512 sacramentum
715 3483 945 3522 perficiendum
957 3491 1109 3525 spectant,
1126 3488 1183 3517 rite
1200 3497 1321 3518 servare
1337 3487 1470 3528 possint.

469 3524 532 3555 Alii
555 3531 662 3556 autem
677 3533 906 3565 promoventur
922 3529 961 3559 ad
984 3530 1081 3560 alium
1105 3537 1222 3567 actum,
1240 3533 1296 3571 qui
1315 3537 1362 3562 est
1377 3541 1472 3572 supra
1485 3544 1509 3565 75

1525 2559 1612 2588 enim
1636 2558 1769 2598 quilibet
1791 2558 1902 2594 iustus,
1919 2558 2111 2598 inquantum
2128 2567 2214 2588 sacra
2237 2557 2349 2588 merita
2363 2557 2459 2588 alicui
2481 2557 2515 2588 in
2536 2567 2592 2588 au-

1524 2602 1637 2632 xilium
1660 2602 1723 2638 dat,
1739 2601 1911 2632 sacerdotis
1934 2602 2228 2642 interpretationem
2250 2601 2354 2632 habet.
2385 2601 2462 2632 Non
2484 2606 2593 2633 autem

1524 2647 1668 2687 loquitur
1691 2646 1869 2677 secundum
1885 2647 2025 2677 nominis
2047 2645 2322 2686 significationem.
2347 2645 2404 2676 Est
2419 2646 2506 2677 enim
2529 2646 2593 2677 hoc

1524 2700 1646 2722 nomen
1657 2691 1810 2722 sacerdos
1824 2691 2006 2721 institutum
2021 2690 2061 2721 ad
2077 2689 2322 2731 significandum
2338 2699 2414 2720 eum
2425 2690 2481 2731 qui
2495 2699 2592 2722 sacra

1525 2735 1581 2766 dat
1596 2735 1629 2766 in
1645 2740 1924 2766 sacramentorum
1940 2735 2185 2776 dispensatione.

1579 2780 1630 2810 AD
1654 2789 1816 2810 SECUNDUM
1839 2789 1999 2810 manDUM
2015 2779 2104 2820 quod
2119 2789 2168 2810 res
2184 2779 2343 2810 naturales
2362 2778 2543 2810 efficiuntur
2558 2779 2592 2809 in

1524 2823 1625 2864 gradu
1648 2833 1744 2864 super
1767 2824 1827 2854 alia
1850 2823 2029 2854 secundum
2052 2823 2143 2864 quod
2165 2824 2199 2854 in
2223 2833 2260 2854 ea
2282 2832 2375 2863 agere
2394 2827 2531 2863 possunt
2553 2832 2592 2853 ex

1525 2868 1628 2899 forma
1651 2878 1724 2899 sua:
1750 2874 1781 2898 et
1795 2867 1869 2898 ideo
1894 2878 1932 2898 ex
1954 2868 2018 2899 hoc
2041 2868 2113 2908 ipso
2130 2866 2220 2908 quod
2242 2867 2380 2898 formam
2399 2867 2591 2898 nobiliorem

1525 2913 1653 2949 habent,
1669 2913 1703 2943 in
1727 2912 1829 2943 altiori
1852 2911 1951 2952 gradu
1968 2913 2215 2943 constituuntur.
2240 2911 2303 2942 Sed
2325 2911 2459 2942 ministri
2479 2910 2591 2941 Eccle-

1525 2957 1589 2987 siae
1611 2966 1679 2987 non
1702 2961 1930 2997 proponuntur
1953 2957 2020 2987 aliis
2048 2961 2085 2987 ut
2107 2957 2152 2987 eis
2175 2965 2213 2986 ex
2242 2956 2390 2996 propriae
2420 2955 2591 2985 sanctitatis

1524 3001 1640 3031 virtute
1656 3000 1777 3041 aliquid
1793 3001 1973 3037 attribuant,
1990 3001 2066 3041 quia
2080 3001 2144 3030 hoc
2159 3000 2258 3030 solius
2276 2999 2338 3029 Dei
2353 3003 2417 3029 est:
2437 2998 2494 3029 sed
2509 2999 2592 3029 sicut

1525 3045 1660 3075 ministri
1684 3050 1715 3075 et
1743 3044 1987 3085 quodammodo
2017 3045 2228 3075 instrumenta
2256 3043 2340 3073 illius
2372 3042 2506 3073 effluxus
2534 3043 2591 3083 qui

1525 3088 1561 3119 fit
1583 3099 1602 3119 a
1625 3089 1727 3129 capite
1751 3089 1784 3119 in
1807 3089 1960 3119 membra.
1985 3089 2026 3119 Et
2048 3087 2122 3118 ideo
2145 3097 2213 3118 non
2237 3092 2284 3117 est
2306 3087 2409 3117 simile
2432 3092 2591 3127 quantum

1525 3132 1565 3163 ad
1581 3133 1767 3173 dignitatem
1783 3132 1919 3163 ordinis:
1945 3132 2091 3173 quamvis
2107 3132 2147 3162 sit
2162 3130 2264 3162 simile
2283 3136 2440 3171 quantum
2456 3131 2496 3162 ad
2512 3141 2590 3162 con-

1524 3177 1703 3217 gruitatem.

1547 3243 1646 3274 ART.
1664 3243 1716 3274 IV.
1740 3252 1845 3273 urium
1860 3251 2044 3273 pnouovsns
2064 3251 2212 3272 mmonos
2235 3251 2276 3272 AD
2300 3251 2432 3273 onnmns
2453 3252 2568 3273 Pacem

1591 3320 1611 3340 D
1642 3319 1790 3340 onim-run
1813 3319 1858 3339 src
1882 3318 2085 3339 paocsmwn.
2118 3308 2253 3339 Videtur
2283 3309 2372 3349 quod
2394 3319 2591 3350 promovens

1526 3321 1739 3393 Aindignos
1759 3352 1799 3383 ad
1819 3352 1946 3384 ordines
1966 3362 2034 3383 non
2055 3358 2177 3393 peccet.
2206 3353 2292 3391 Quia
2315 3355 2486 3395 episcopus
2508 3354 2590 3386 indi-

1525 3403 1579 3439 get
1598 3397 1836 3428 coadiutoribus
1852 3397 1885 3427 in
1901 3397 2079 3427 minoribus
2095 3396 2207 3427 officiis
2231 3399 2420 3429 constitutis.
2445 3398 2508 3429 Sed
2522 3409 2590 3430 non

1524 3447 1634 3483 posset
1649 3451 1705 3472 eos
1728 3442 1870 3472 invenire
1885 3441 1919 3471 in
1934 3440 2103 3471 sufficienti
2120 3451 2257 3472 numero
2277 3443 2303 3472 si
2318 3442 2414 3473 talem
2434 3442 2590 3474 idoneita-

1525 3492 1591 3517 tem
1611 3486 1786 3526 requireret
1806 3486 1838 3516 in
1861 3485 1905 3515 eis
1926 3485 2028 3526 qualis
2047 3495 2065 3515 a
2087 3485 2209 3516 Sanctis
2230 3485 2425 3517 describitur.
2450 3487 2546 3527 Ergo,
2563 3488 2590 3518 si

1526 3531 1650 3571 aliquos
1665 3540 1733 3561 non
1749 3530 1885 3561 idoneos
1900 3535 2081 3570 promovet,
2091 3529 2217 3560 videtur
2233 3530 2322 3570 quod
2337 3531 2377 3562 sit
2392 3531 2588 3562 excusabilis.

2619 2572 2666 2594 xm,
2680 2572 2704 2589 n.
2718 2572 2753 2589 an.
