2878 4088
99 295 110 306 ·
125 294 193 316 Vm.
207 300 229 321 7.

98 523 107 532 ·
122 520 178 544 boe.
193 521 233 544 cit.

85 1721 99 1732 ⁶
113 1718 170 1743 lad
177 1719 302 1748 concup.

87 1752 114 1774 x,
127 1751 188 1769 vn.
205 1752 240 1774 ¹7.

6 2083 15 2091 ι
10 2026 20 2053 e.
9 1984 26 2011 s,
0 1707 25 1970 senensem-aff»
14 1683 16 1686 ,

13 2414 46 2448 1.,

88 2479 99 2489 ·
114 2477 170 2500 Luc.
180 2483 299 2506 eupaxu,

89 2509 150 2528 ven.
191 2519 197 2526 .

87 2531 110 2543 ‘¹
191 2535 299 2559 etp-xxi,

87 2563 148 2580 ven.
165 2563 198 2585 ¹7.

1038 180 1302 227 QUAESTIO
1331 180 1417 226 XL,
1437 179 1730 219 ARTICULUS
1759 181 1824 217 VII

337 256 609 292 contradictione,
639 258 728 298 quod
759 258 865 290 minus
901 263 947 290 est
983 267 1003 289 a
1039 259 1158 290 maiori
1189 258 1403 293 benedicitur,

337 299 420 331 Heb.
435 310 480 331 vn
495 301 521 331 ³.
547 301 640 333 Unde
656 302 752 332 etiam
774 302 921 334 sacerdos
936 312 1005 334 non
1020 309 1191 343 promovet
1214 304 1403 343 episcopum

337 353 444 384 neque
474 345 691 376 sacerdotem:
724 346 780 377 sed
810 347 980 387 episcopus
1010 347 1219 378 sacerdotem.
1250 346 1312 378 Sed
1336 346 1403 386 epi-

337 397 455 428 scopus
470 395 577 429 potest
593 391 770 430 quemlibet
785 391 974 431 episcopum
989 401 1198 432 promovere:
1217 391 1292 431 quia
1308 391 1403 421 etiam

337 431 493 464 Ostiensis
516 434 688 474 episcopus
711 441 876 466 consecrat
893 435 1023 475 Papam.
1048 435 1133 475 Ergo
1150 435 1340 476 episcopalis
1356 434 1402 466 di·-

336 477 438 516 gnitas
454 478 487 508 in
504 479 654 509 omnibus
678 484 725 510 est
747 479 897 519 aequalis.
921 479 962 511 Et
977 480 1022 510 sic
1039 489 1124 510 unus
1148 481 1319 520 episcopus
1333 488 1402 510 non

336 520 432 551 debet
455 522 508 552 alii
530 523 670 559 subesse,
695 529 731 554 ut
753 524 786 554 in
809 523 912 554 littera
926 524 943 540 ⁴*
967 523 1090 555 dicitur.

391 565 454 597 Set>
479 576 602 597 eom-m
625 577 678 598 ssr
702 567 791 608 quod
813 568 928 607 legitur
947 568 981 599 in
997 567 1147 598 Concilio
1172 567 1401 599 Constantino-

334 609 498 649 politano:
530 611 743 647 Veneramur,
766 612 942 643 secundum
965 611 1152 652 Scripturas
1174 617 1205 642 et
1226 611 1401 643 secundum

335 663 497 685 canonum
520 655 731 696 definitiones,
747 656 983 686 sanctissimum
1006 656 1159 695 antiquae
1177 656 1302 686 Romae
1323 655 1401 695 Epi-

333 707 466 739 scopum
484 699 628 739 primum
658 710 726 731 esse
748 705 780 731 et
801 700 978 731 maximum
1009 700 1247 739 episcoporum,
1272 705 1303 730 et
1324 704 1402 739 post

334 742 438 782 ipsum
464 743 859 784 Constantinopolitanum
882 744 1074 784 episcopum.
1108 743 1195 783 Ergo
1225 753 1310 775 unus
1333 744 1400 783 epi-

333 796 453 827 scopus
477 793 524 818 est
546 797 642 828 super
665 788 773 819 alium.

391 841 420 862 2.
444 831 640 868 Pmrnmu,
665 833 776 862 beatus
800 831 948 872 Cyrinus,
966 832 1137 871 episcopus
1155 830 1399 867 Alexandriam,

332 875 427 906 dicit:
448 876 492 907 Ut
510 876 651 906 membra
674 885 863 906 maneamus
889 875 922 905 in
949 875 1053 915 capite
1077 881 1189 907 nostro
1212 876 1399 916 Apostolico

333 920 451 950 throno
473 920 698 950 Romanorum
720 920 923 960 Pontificum,
940 929 961 950 a
976 929 1040 960 quo
1064 925 1211 951 nostrum
1235 925 1282 951 est
1303 930 1400 960 quae-

333 973 406 994 rere
427 963 505 1004 quid
527 964 658 995 credere
680 969 712 995 et
733 964 811 1004 quid
833 969 941 995 tenere
971 964 1155 1000 debeamus,
1182 965 1284 1005 ipsum
1308 974 1400 996 vene-

332 1012 458 1043 rantes,
487 1007 590 1048 ipsum
621 1013 777 1049 rogantes
800 1018 885 1048 prae
915 1009 1071 1039 omnibus.
1109 1009 1272 1046 Quoniam
1301 1009 1401 1050 ipsius

330 1051 434 1082 solius
464 1057 511 1082 est
541 1053 789 1092 reprehendere,
821 1053 1002 1093 corripere,
1031 1058 1189 1090 statuere,
1213 1054 1398 1094 disponere,

330 1096 457 1127 solvere
472 1101 504 1126 et
518 1097 634 1138 ligare,
651 1098 724 1128 loco
741 1098 830 1128 illius
852 1098 909 1138 qui
932 1098 1034 1138 ipsum
1057 1098 1249 1139 aedificavit,
1266 1103 1297 1129 et
1318 1098 1401 1129 nulli
1414 1108 1442 1123 20

329 1140 390 1170 alii
410 1141 499 1182 quod
520 1150 615 1172 suum
633 1147 681 1173 est
697 1142 840 1182 plenum,
857 1142 913 1173 sed
934 1142 995 1182 ipsi
1009 1142 1073 1173 soli
1094 1142 1182 1174 dedit
1189 1150 1201 1179 ,·
1223 1143 1276 1174 cui
1291 1152 1401 1174 omnes

331 1185 404 1215 iure
426 1185 536 1216 divino
560 1191 657 1226 caput
680 1186 853 1222 inclinant,
878 1192 910 1217 et
927 1186 1084 1227 primates
1107 1187 1219 1219 mundi
1247 1192 1400 1228 tanquam

330 1229 393 1270 ipsi
414 1229 557 1261 Domino
581 1230 656 1262 Iesu
682 1231 810 1262 Christo
836 1231 995 1262 obediunt.
1027 1231 1113 1271 Ergo
1137 1232 1282 1272 episcopi
1305 1232 1400 1263 alicui

329 1274 467 1304 subsunt
490 1275 586 1306 etiam
610 1274 650 1307 de
672 1276 741 1306 iure
765 1275 885 1307 divino.

331 1345 352 1349 a-
387 1318 577 1350 Rnsrormeo
601 1329 761 1350 manntm
783 1319 884 1360 quod,
908 1320 1107 1360 ubicumque
1131 1325 1205 1350 sunt
1228 1320 1329 1351 multa
1350 1330 1399 1352 re-

331 1363 452 1402 gimina
475 1362 620 1394 ordinata
641 1364 675 1394 in
698 1373 812 1400 unum,
828 1370 958 1404 oportet
981 1374 1049 1395 esse
1072 1364 1204 1404 aliquod
1222 1365 1399 1396 universale

331 1407 474 1447 regimen
498 1417 594 1447 super
615 1408 816 1448 particularia
833 1409 997 1448 regimina.
1021 1408 1108 1447 Quia
1122 1409 1156 1440 in
1172 1409 1322 1440 omnibus
1337 1410 1399 1440 vir—

297 1457 304 1477 3
330 1451 452 1482 tutibus
477 1457 508 1482 et
530 1452 663 1488 actibus,
679 1458 716 1483 ut
731 1452 846 1484 dicitnr
868 1453 902 1484 in
926 1453 938 1484 1
953 1453 1058 1484 Ethic.
1075 1454 1101 1489 ὓ,
1117 1458 1166 1483 est
1181 1452 1261 1484 ordo
1284 1463 1407 1485 secun--

298 1519 304 1527 .
330 1494 410 1526 dum
426 1495 573 1527 ordinem
595 1495 720 1528 finium.
743 1497 874 1528 Bonum
889 1502 997 1528 autem
1013 1507 1182 1528 commune
1197 1502 1244 1528 est
1258 1497 1399 1529 divinius

275 1542 277 1544 '
297 1556 303 1568 ,
329 1549 428 1580 quam
449 1540 569 1572 bonum
590 1541 729 1581 speciale
744 1542 770 1571 *.
806 1541 847 1572 Et
879 1541 953 1572 ideo
983 1551 1078 1582 supra
1101 1547 1292 1582 potestatem
1317 1543 1398 1582 regi—

296 1583 302 1589 '
330 1585 428 1615 tivam
451 1593 535 1624 quae
557 1586 717 1616 coniectat
739 1586 863 1617 bonum
886 1586 1038 1625 speciale,
1063 1591 1192 1625 oportet
1215 1595 1283 1616 esse
1305 1592 1399 1626 pote-

330 1633 443 1658 statem
473 1629 686 1660 universalem
715 1635 862 1669 respectu
890 1630 968 1661 boni
996 1630 1197 1661 communis:
1228 1630 1303 1660 alias
1330 1640 1398 1662 non

328 1677 439 1712 posset
461 1682 529 1704 esse
553 1673 714 1713 colligatio
731 1673 771 1704 ad
786 1683 899 1705 unum.
923 1674 964 1704 Et
979 1673 1064 1709 ideo,
1082 1683 1157 1704 cum
1173 1679 1240 1704 tota
1256 1674 1399 1706 Ecclesia

327 1716 368 1747 sit
391 1726 491 1747 unum
514 1726 633 1757 corpus
648 1718 675 1753 θ,
691 1723 831 1757 oportet,
846 1719 873 1748 si
888 1718 947 1749 ista
962 1718 1066 1749 unitas
1090 1717 1184 1749 debet
1208 1720 1397 1755 conservari,

327 1760 420 1800 quod
441 1761 482 1792 sit
504 1761 611 1801 aliqua
632 1767 773 1802 potestas
791 1762 923 1802 regitiva
944 1767 1092 1802 respectu
1111 1763 1209 1793 totius
1225 1762 1396 1799 Ecclesiae,

327 1814 424 1845 supra
445 1810 639 1846 potestatem
670 1806 902 1847 episcopalem,
928 1815 992 1846 qua
1015 1816 1229 1847 unaquaeque
1252 1807 1398 1847 specialis

326 1849 462 1881 ecclesia
484 1850 612 1890 regitur.
645 1850 687 1882 Et
710 1851 788 1881 haec
812 1856 859 1882 est
882 1856 1022 1891 potestas
1045 1851 1160 1891 Papae.
1191 1851 1232 1882 Et
1255 1851 1329 1883 ideo
1353 1852 1398 1882 illi

325 1894 385 1934 qui
407 1893 490 1925 hanc
512 1900 705 1934 potestatem
734 1901 869 1935 negant,
893 1895 1087 1926 schismatici
1117 1895 1282 1931 dicuntur,
1307 1897 1398 1936 quasi

326 1938 485 1970 divisores
500 1939 730 1970 ecclesiasticae
753 1940 892 1971 unitatis.
903 1940 958 1971 -Et
973 1940 1055 1971 inter
1070 1940 1261 1980 episcopum
1277 1941 1398 1980 simpli-

326 1992 399 2014 cem
414 1988 447 2013 et
461 1983 582 2023 Papam
597 1989 672 2015 sunt
687 1984 739 2014 alii
754 1983 870 2024 gradus
893 1983 1093 2024 dignitatum,
1111 1984 1397 2024 correspondentes

326 2026 476 2067 gradibus
508 2029 654 2064 unionis,
681 2028 862 2060 secundum
895 2037 978 2068 quos
1011 2038 1076 2059 una
1108 2030 1313 2068 congregatio
1346 2029 1396 2059 vel

326 2073 543 2103 communitas
565 2072 700 2103 includit
723 2073 834 2103 aliam:
867 2073 949 2103 sicut
975 2073 1191 2103 communitas
1214 2074 1398 2115 proyinciae

326 2116 463 2153 includit
479 2117 745 2148 communitatem
765 2117 908 2153 civitatis,
925 2122 957 2148 et
973 2117 1187 2148 communitas
1202 2118 1291 2157 regni
1307 2127 1396 2149 com-

325 2161 518 2192 munitatem
541 2161 637 2192 unius
660 2162 855 2201 provinciae,
872 2166 904 2192 et
924 2162 1139 2193 communitas
1162 2162 1261 2192 totius
1283 2161 1397 2194 mundi

327 2206 595 2236 communitatem
618 2206 714 2236 unius
737 2206 837 2245 regni.

382 2249 433 2279 An
464 2259 582 2279 rammi
614 2259 697 2279 nnoo
730 2259 890 2279 mcsnouu
923 2249 1031 2290 quod,
1067 2250 1213 2289 quamvis
1246 2250 1397 2281 omnibus

325 2293 494 2333 Apostolis
516 2292 589 2324 data
604 2294 644 2324 sit
659 2295 875 2325 communiter
897 2299 1037 2334 potestas
1060 2294 1179 2334 ligandi
1194 2299 1226 2325 et
1241 2294 1396 2331 solvendi,

327 2343 446 2374 tamen,
459 2342 494 2368 ut
510 2338 544 2368 in
559 2338 619 2368 hac
635 2343 792 2378 potestate
809 2338 890 2369 ordo
906 2338 1020 2378 aliquis
1035 2337 1274 2378 significaretur,
1291 2339 1396 2378 primo

326 2382 389 2413 soli
411 2382 602 2413 Petro-data
624 2388 682 2418 est,
706 2388 743 2413 ut
766 2382 951 2414 ostendatur
975 2382 1065 2423 quod
1083 2383 1122 2413 ab
1139 2392 1178 2413 eo
1194 2383 1227 2412 in
1243 2383 1323 2414 alios
1338 2384 1398 2414 ista

2468 195 2517 231 77

1517 279 1616 310 ART.
1640 280 1708 310 VII.
1733 290 1837 310 tri-mm
1859 291 1970 311 vastus
1994 292 2202 314 mmxsrnonuu
2226 294 2461 315 coxvnmnn‘rmz

1743 334 1810 355 sim·
1834 335 1865 354 m
1888 335 2032 355 zcctsssm
2056 337 2234 358 msrxrnms

1522 400 1542 420 D
1567 400 1717 421 serrnnm
1741 400 1786 421 stc
1808 400 2013 422 PROCEDrrUR.
2036 391 2169 422 Videtur
2189 393 2278 432 quod
2297 400 2399 425 vestes
2425 395 2518 425 mini-

1423 443 1434 466 5
1522 439 1660 466 strorum
1689 443 1757 466 non
1788 435 2016 466 convenienter
2039 435 2100 465 sint
2122 436 2154 466 in
2179 437 2320 467 Ecclesia
2347 438 2517 469 institutae.

1457 478 1593 510 Ministri
1616 479 1703 509 enim
1725 479 1803 510 novi
1826 478 2023 510 Testamenti
2045 480 2146 519 magis
2168 486 2315 512 tenentur
2339 481 2378 513 ad
2397 483 2518 514 castita-

1456 527 1523 553 tem
1545 532 1644 562 quam
1666 523 1802 554 ministri
1823 523 1946 554 veteris.
1972 522 2035 554 Sed
2050 523 2131 553 inter
2146 524 2220 555 alias
2238 530 2340 555 vestes
2359 526 2519 558 ministro-

1455 576 1528 597 rum
1550 567 1664 598 veteris
1688 567 1887 599 Testamenti
1909 573 1998 599 erant
2011 567 2189 608 feminalia
2204 569 2237 604 *‚
2261 569 2294 599 in
2319 569 2445 608 signum
2468 579 2518 600 ca-

1455 611 1576 642 stitatis.
1600 611 1686 651 Ergo
1708 611 1813 642 multo
1838 610 1950 642 fortius
1973 620 2061 643 nunc
2084 621 2153 643 esse
2177 611 2293 644 debent
2314 613 2396 645 inter
2418 619 2519 645 vestes

1416 663 1442 679 ¹⁰
1455 655 1674 686 ministrorum
1697 655 1869 687 Ecclesiae.

1513 708 1541 729 2.
1564 699 1762 735 Palmam,
1778 699 1992 731 sacerdotium
2014 700 2092 731 novi
2107 700 2304 732 Testamenti
2327 707 2374 733 est
2395 701 2519 741 dignius

1454 751 1554 782 quam
1568 742 1783 775 sacerdotium
1799 745 1922 775 veteris.
1947 743 2010 775 Sed
2026 749 2146 776 veteres
2162 744 2341 776 sacerdotes
2363 746 2520 776 habebant

1453 787 1569 818 mitras
1583 788 1609 823 ⁴³,
1626 786 1717 826 quod
1732 793 1779 817 est
1794 788 1922 827 signum
1938 788 2106 828 dignitatis.
2121 788 2208 828 Ergo
2224 789 2402 821 sacerdotes
2417 799 2520 821 novae

1454 830 1532 870 legis
1556 840 1608 862 eas
1632 831 1750 863 debent
1772 832 1898 863 habere.

1511 875 1540 906 3.
1565 875 1768 912 Faunum,
1793 876 1939 908 sacerdos
1962 882 2010 908 est
2032 877 2247 917 propinquior
2274 877 2438 910 ordinibus
2461 878 2520 908 mi—

1454 919 1628 951 nisu-orum
1659 929 1756 960 quam
1787 920 1867 952 ordo
1896 921 2094 961 episcopalis.
2127 921 2190 952 Sed
2217 923 2361 962 episcopi
2388 928 2521 954 utuntur

1454 964 1594 995 vestibus
1621 965 1857 996 ministrorum:
1889 965 2009 996 scilicet
2030 965 2215 1003 dalmatica,
2239 976 2322 1006 quae
2352 972 2399 999 est
2426 967 2520 998 vestis

1455 1007 1601 1045 diaconi;
1627 1014 1658 1039 et
1674 1009 1793 1045 tunica,
1811 1019 1894 1049 quae
1911 1015 1956 1040 est
1972 1010 2066 1041 vestis
2089 1010 2287 1042 subdiaconi.
2311 1011 2396 1051 Ergo
2415 1011 2519 1043 multo

1455 1051 1568 1084 fortius
1592 1053 1709 1084 debent
1732 1054 1779 1083 uti
1803 1054 1847 1084 eis
1870 1054 2030 1094 simplices
2053 1054 2243 1086 sacerdotes.

1509 1106 1541 1135 4.
1565 1097 1760 1133 paramum,
1786 1098 1819 1128 in
1842 1099 1940 1129 veteri
1963 1098 2032 1138 lege
2055 1098 2200 1138 pontifex
2228 1098 2387 1130 deferebat
2408 1109 2520 1140 super-

1454 1141 1621 1172 humerale
1636 1143 1668 1172 *x
1701 1142 1791 1182 quod
1819 1142 2017 1182 significabat
2047 1153 2129 1174 onus
2157 1143 2348 1185 Evangelii,
2379 1150 2415 1175 ut
2443 1143 2520 1176 dicit

1454 1185 1542 1216 Beda
1557 1187 1583 1218 ’ἢ
1608 1186 1682 1217 Hoc
1698 1192 1806 1218 autem
1821 1188 1959 1218 maxime
1982 1186 2189 1227 pontificibus
2212 1189 2329 1220 nostris
2352 1189 2518 1220 incumbit.

1454 1229 1540 1270 Ergo
1565 1230 1683 1262 debent
1704 1231 1820 1262 habere
1844 1232 2113 1271 superhumerale.

1511 1275 1540 1306 5.
1565 1275 1767 1311 Prummu,
1799 1276 1832 1306 in
1856 1276 2029 1312 rationali,
2054 1286 2121 1316 quo
2151 1277 2322 1309 utebantur
2350 1276 2520 1317 pontifices

1414 1330 1438 1350 ²5
1454 1319 1568 1350 veteris
1591 1319 1679 1359 legis,
1696 1320 1891 1351 scribebatur
1905 1320 2066 1351 Doctrina
2082 1326 2113 1351 et
2132 1321 2255 1351 Veritas
2271 1322 2297 1351 *ἢ
2325 1321 2389 1352 Sed
2406 1322 2519 1353 veritas

1453 1364 1592 1395 maxime
1607 1364 1640 1395 in
1655 1373 1740 1395 nova
1756 1364 1826 1404 lege
1847 1364 2003 1395 declarata
2020 1370 2075 1395 est.
2093 1365 2178 1405 Ergo
2194 1364 2401 1404 pontificibus
2416 1375 2519 1397 novae

1453 1407 1532 1447 legis
1557 1408 1721 1448 competit.

1508 1452 1539 1482 6.
1563 1452 1760 1488 Proxumum,
1777 1453 1899 1484 lamina
1924 1462 2025 1484 aurea
2043 1454 2069 1488 ἥ,
2086 1454 2118 1483 in
2136 1462 2199 1493 qua
2218 1454 2372 1493 scriptum
2393 1459 2458 1485 erat
2474 1453 2520 1483 di-

1451 1496 1642 1536 gnissimum
1669 1506 1791 1528 nomen
1818 1497 1879 1528 Dei
1895 1498 1925 1533 ἢ
1950 1502 2016 1528 erat
2045 1497 2267 1537 dignissimum
2294 1503 2520 1530 ornamentum

1414 1550 1440 1570 ιο
1453 1540 1531 1580 legis
1547 1541 1670 1572 veteris.
1695 1541 1781 1581 Ergo
1798 1541 1878 1573 illud
1892 1542 2030 1572 maxime
2047 1541 2156 1572 debuit
2179 1541 2338 1573 transferri
2353 1543 2386 1574 in
2401 1551 2520 1575 novam

1453 1585 1464 1616 l
1506 1594 1570 1616 em.

1465 1594 1540 1668 eg7.
1565 1629 1767 1666 Pramum,
1793 1639 1830 1660 ea
1857 1639 1940 1670 quae
1971 1630 2107 1661 exterius
2137 1636 2291 1670 geruntur
2313 1630 2347 1661 in
2369 1631 2520 1662 ministris

1453 1673 1625 1709 Ecclesiae,
1642 1679 1716 1704 sunt
1739 1674 1828 1713 signa
1850 1674 2008 1705 interioris
2031 1675 2206 1714 potestatis.
2231 1674 2293 1705 Sed
2310 1675 2520 1715 archiepisco-

1454 1726 1515 1757 pus
1530 1726 1598 1748 non
1613 1718 1709 1748 habet
1725 1717 1851 1749 alterius
1870 1719 1994 1758 generis
2017 1723 2209 1758 potestatem
2225 1728 2322 1759 quam
2339 1719 2520 1760 episcopus,

1413 1774 1436 1796 ,ς
1453 1767 1489 1791 ut
1512 1761 1634 1791 dictum
1658 1767 1706 1791 est
1720 1763 1747 1792 *.
1780 1762 1866 1802 Ergo
1899 1772 1966 1794 non
1990 1762 2085 1794 debet
2106 1763 2223 1794 habere
2249 1763 2406 1803 pallium,
2431 1764 2520 1805 quod

1451 1815 1520 1837 non
1543 1806 1662 1836 habent
1685 1806 1838 1846 episcopi.

1509 1850 1539 1880 8.
1564 1850 1760 1887 Pmmnm,
1776 1851 1941 1890 potestatis
1956 1850 2125 1891 plenitudo
2149 1850 2265 1881 residet
2287 1860 2386 1891 penes
2402 1851 2520 1883 Roma—

1452 1903 1533 1924 num
1555 1893 1756 1925 Pontificem.
1782 1894 1844 1925 Sed
1867 1895 1935 1935 ipse
1959 1904 2027 1925 non
2050 1895 2145 1925 habet
2166 1895 2326 1926 baculum.
2350 1895 2436 1936 Ergo
2460 1906 2519 1928 nec

1452 1939 1505 1970 alii
1529 1939 1674 1979 episcopi
1696 1939 1814 1970 debent
1835 1940 1962 1971 habere.

1507 1983 1697 2013 Responnno
1715 1994 1873 2013 memnon
1889 1983 1979 2023 quod
2001 1989 2104 2013 vestes
2119 1984 2338 2013 ministrorum
2355 1983 2520 2025 designant

1452 2026 1660 2058 idoneitatem
1685 2037 1767 2067 quae
1790 2028 1824 2058 in
1848 2028 1892 2059 eis
1919 2028 2091 2068 requiritur
2114 2027 2153 2058 ad
2176 2027 2376 2059 tractandum
2404 2028 2519 2059 divina.

1452 2071 1494 2102 Et
1516 2072 1592 2112 quia
1616 2072 1774 2112 quaedam
1798 2078 1872 2103 sunt
1894 2081 1978 2112 quae
2001 2072 2034 2103 in
2062 2072 2213 2103 omnibus
2242 2073 2464 2112 requiruntur,
2489 2079 2520 2103 et

1452 2115 1611 2155 quaedam
1640 2116 1847 2156 requiruntur
1869 2117 1902 2147 in
1933 2116 2149 2156 superion'bus
2180 2125 2262 2157 quae
2292 2126 2359 2147 non
2389 2117 2432 2148 ita
2456 2118 2519 2148 exi—

1450 2166 1571 2199 guntur
1593 2160 1626 2191 in
1642 2159 1863 2197 inferioribus;
1887 2160 1961 2192 ideo
1978 2160 2135 2201 quaedam
2158 2166 2260 2191 vestes
2279 2166 2354 2191 sunt
2369 2162 2519 2193 omnibus

1411 2217 1435 2237 ις
1452 2205 1601 2234 ministris
1625 2214 1826 2241 communes,
1843 2204 2001 2245 quaedam
2025 2210 2132 2235 autem
2155 2205 2356 2247 superiorum
2383 2211 2517 2236 tantum.

1507 2249 1549 2279 Et
1570 2248 1644 2279 ideo
1669 2249 1819 2281 omnibus
1843 2249 1993 2280 ministris
2017 2249 2172 2289 competit
2203 2249 2339 2280 amictus
2367 2249 2519 2281 humeros

1452 2298 1581 2333 tegens,
1608 2302 1675 2333 quo
1709 2292 1904 2333 significatur
1934 2293 2089 2324 fortitudo
2113 2292 2153 2324 ad
2184 2293 2288 2325 divina
2318 2293 2424 2325 officia
2447 2304 2519 2325 exe-

1453 2337 1591 2377 quenda,
1607 2338 1725 2377 quibus
1747 2338 1962 2378 mancipatur;
1987 2343 2018 2368 et
2041 2338 2183 2369 similiter
2205 2338 2294 2373 alba,
2317 2347 2400 2378 quae
2423 2339 2518 2378 signi-

1452 2381 1526 2412 ficat
1549 2382 1719 2421 puritatem
1734 2382 1834 2418 vitae;
1859 2387 1890 2412 et
1913 2382 2090 2423 cingulum,
2109 2381 2198 2423 quod
2221 2381 2376 2423 significat
2398 2392 2519 2424 repres-

326 2431 468 2466 potestas
497 2425 611 2457 debeat
641 2426 844 2458 descendere.
877 2427 1012 2467 Propter
1035 2426 1125 2467 quod
1147 2427 1244 2458 etiam
1266 2428 1297 2458 ei
1320 2426 1398 2458 dixit
1413 2437 1438 2457 50
1452 2427 1578 2457 sionem
1601 2426 1703 2456 carnis
1718 2427 1745 2456 *.

326 2471 535 2511 singulariter,
550 2471 718 2512 Confirma
725 2471 857 2513 fratres
869 2476 941 2503 tuos
950 2472 977 2508 ’ζ
991 2477 1031 2508 et,
1044 2472 1144 2503 Pasce
1160 2481 1234 2502 oves
1250 2481 1337 2502 meas
1351 2473 1396 2508 st,

1508 2470 1571 2502 Sed
1594 2469 1809 2501 subdiaconus
1833 2470 1965 2501 ulterius
1988 2471 2084 2501 habet
2102 2470 2312 2511 manipulum,
2333 2480 2400 2510 quo
2424 2471 2520 2511 signi-

2546 579 2556 589 ·
2581 576 2656 599 Exod.
2680 583 2730 605 cap.

2546 610 2631 630 xxviii,
2648 609 2705 625 vers.
2720 609 2758 630 42.

2548 799 2558 808 '
2568 797 2625 819 lbid.
2634 803 2684 825 cap.
2693 805 2757 824 xxxx,

2547 830 2606 845 vers.
2621 830 2643 852 9.

2547 1149 2557 1158 ·
2593 1147 2669 1170 Ετοό.
2707 1154 2758 1176 cap.

2547 1180 2629 1211 fxvnt,
2646 1180 2704 1196 vers.
2720 1181 2743 1201 4·

2547 1200 2758 1275 ngeljngmss:

2547 1330 2557 1338 ¹¹
2570 1326 2646 1349 Exod.
2675 1333 2726 1354 cap.

2546 1359 2631 1379 xxvni,
2646 1359 2706 1375 vers.
2720 1359 2757 1382 3⁰·

2547 1460 2623 1482 '1bid.
2632 1466 2690 1482 vers.
2701 1460 2739 1488 36.

2547 1506 2557 1516 ·
2565 1504 2598 1526 Cf.
2606 1504 2670 1526 Hier.
2678 1504 2711 1525 ad
2716 1504 2760 1525 Fa-

2548 1531 2600 1552 biol.
2617 1531 2635 1552 E
2656 1548 2658 1550 .
2675 1530 2757 1557 LXIV,

2548 1558 2576 1579 al.
2593 1557 2631 1579 CX
2657 1557 2718 1583 vm,
2735 1563 2756 1578 n.

2549 1584 2587 1609 ι8;
2596 1583 2721 1609 1nnoc.111,
2730 1583 2759 1605 de

2547 1610 2572 1632 S.
2586 1610 2664 1632 Altar.
2687 1610 2757 1638 Myse.

2547 1637 2587 1658 lib.
2602 1637 2621 1663 1,
2636 1643 2686 1663 cap.
2704 1643 2757 1658 xxx.

2548 1770 2557 1779 ·
2572 1769 2623 1790 Art.
2639 1768 2697 1795 mad
2711 1774 2730 1797 3.

2547 2428 2557 2436 ·
2571 2426 2651 2448 innoc.
2673 2426 2713 2451 111.
2729 2426 2759 2448 de

2546 2452 2571 2474 S.
2591 2453 2668 2475 Altar.
2684 2453 2755 2480 Myse.

2547 2479 2587 2500 lib.
2595 2479 2614 2505 1,
2624 2485 2673 2507 cap.
2682 2486 2696 2501 ι.
2706 2486 2757 2507 sqq.

327 2515 427 2546 idest:
449 2515 537 2546 Loco
569 2515 647 2551 mei,
672 2521 708 2546 ut
737 2515 815 2546 dicit
845 2515 1112 2557 Chrysostomus‚
1131 2516 1340 2556 praepositus
1368 2521 1399 2547 et
1452 2513 1565 2545 ficatur
1588 2515 1723 2544 extersio
1746 2515 1953 2546 minimarum
1976 2515 2175 2545 macularum
2190 2515 2217 2550 *,
2239 2515 2315 2554 quia
2337 2515 2520 2555 manipulus
2548 2521 2558 2530 ·
2572 2518 2758 2546 1b1d.,eap.11.1x.

325 2564 424 2600 caput
450 2565 517 2590 esto
536 2560 710 2601 fratrum:
740 2565 776 2591 ut
799 2561 860 2601 ipsi
883 2565 913 2591 te
936 2561 969 2590 in
993 2561 1065 2592 loco
1089 2570 1159 2591 meo
1184 2565 1396 2597 assumentes,

326 2604 444 2645 ubique
467 2609 631 2635 terrarum
655 2609 684 2636 te
707 2604 740 2635 in
765 2605 882 2636 throno
907 2610 962 2636 tuo
985 2605 1145 2636 sedentem
1162 2605 1355 2645 praedicent
1368 2610 1400 2636 et

326 2649 529 2690 confirment.

383 2693 435 2723 Ao
458 2702 621 2723 SECUNDUM
644 2703 804 2723 mensurna
825 2693 916 2733 quod
938 2694 1017 2724 ritus
1041 2693 1234 2724 Iudaeorum
1249 2703 1318 2725 non
1333 2699 1399 2724 erat

329 2736 463 2767 diffusus
485 2737 519 2767 in
543 2736 673 2767 diversis
696 2738 801 2777 regnis
818 2743 849 2768 et
864 2738 1046 2778 provinciis,
1063 2737 1119 2768 sed
1141 2743 1267 2768 tantum
1285 2739 1320 2768 in
1334 2748 1399 2768 una

328 2787 434 2821 gente.
457 2781 500 2812 Et
513 2780 587 2812 ideo
603 2791 671 2812 non
686 2782 857 2822 oportebat
872 2782 963 2822 quod
980 2782 1039 2813 sub
1056 2791 1096 2813 eo
1113 2783 1170 2822 qui
1189 2783 1325 2813 habebat
1339 2791 1399 2822 po-

328 2830 475 2858 testatem
502 2826 712 2866 principalem
742 2826 795 2857 alii
821 2826 991 2866 pontifices
1020 2825 1299 2866 distinguerentur.
1335 2826 1399 2858 Sed

1453 2564 1500 2590 est
1528 2560 1621 2599 quasi
1652 2558 1816 2589 sudarium
1839 2558 1880 2589 ad
1907 2558 2136 2599 extergendum
2167 2559 2310 2589 vultum:
2343 2559 2404 2599 ipsi
2435 2560 2520 2590 enim

1452 2604 1558 2644 primo
1582 2602 1622 2634 ad
1644 2613 1731 2634 sacra
1760 2602 1922 2634 tractanda
1945 2603 2163 2634 admittuntur.
2195 2603 2324 2634 Habent
2351 2603 2447 2634 etiam
2470 2609 2519 2634 tu-

1414 2658 1436 2679 55
1453 2648 1559 2678 nicam
1581 2648 1736 2682 strictam,
1753 2657 1811 2688 per
1834 2657 1932 2687 quam
1956 2647 2099 2679 doctrina
2130 2646 2246 2678 Christi
2277 2646 2471 2687 significatur
2486 2649 2519 2677 ⁴⁹:

1453 2692 1540 2722 unde
1564 2698 1595 2722 et
1617 2693 1651 2722 in
1680 2693 1779 2722 veteri
1801 2692 1872 2732 lege
1901 2692 1935 2722 in
1957 2692 2026 2732 ipsa
2050 2692 2266 2722 tintinnabula
2294 2691 2476 2732 pendebant
2491 2693 2518 2722 ’ἢ

1453 2736 1649 2767 Subdiaconi
1673 2737 1759 2766 enim
1782 2737 1888 2776 primo
1916 2736 2126 2766 admittuntur
2149 2736 2189 2766 ad
2212 2736 2389 2766 doctrinam
2417 2746 2519 2766 novae

1453 2781 1531 2821 legis
1555 2780 1816 2812 annuntiandam.

1509 2824 1572 2856 Sed
1588 2825 1742 2856 diaconus
1758 2825 1853 2855 habet
1876 2825 2012 2865 amplius
2027 2825 2144 2855 stolam
2167 2825 2199 2854 in
2224 2824 2348 2854 sinistro
2365 2824 2517 2854 humero:

327 2870 491 2902 Ecclesiae
514 2870 609 2906 ritus,
633 2870 715 2901 sicut
738 2876 770 2901 et
792 2871 960 2910 gentilium
982 2870 1078 2907 ritus,
1102 2880 1160 2911 per
1183 2870 1319 2902 diversas
1341 2881 1399 2902 na—
1412 2878 1440 2898 60
1453 2870 1487 2900 in
1511 2870 1638 2910 signum
1662 2869 1751 2910 quod
1774 2869 1951 2909 applicatur
1974 2869 2013 2899 ad
2029 2869 2240 2899 ministerium
2263 2869 2295 2898 in
2319 2869 2395 2908 ipsis
2418 2878 2518 2898 sacra-

328 2915 434 2946 tiones
456 2913 654 2945 diffunditur.
677 2915 720 2946 Et
734 2914 809 2946 ideo
828 2920 958 2955 oportet
979 2915 1078 2955 quod,
1095 2920 1253 2956 quantum
1269 2915 1308 2945 ad
1323 2915 1397 2952 hoc,

329 2959 430 2999 magis
456 2959 625 2999 gentilium
654 2959 729 2990 n'tui
758 2968 858 2999 quam
887 2959 1079 2991 Iudaeorum
1107 2965 1207 2991 status
1236 2959 1398 2992 Ecclesiae

327 3002 561 3035 conformetur.

382 3047 435 3078 An
458 3057 594 3078 *rantum
611 3057 771 3078 DIOENDUH
787 3047 878 3087 quod
892 3053 1032 3088 potestas
1047 3046 1220 3079 sacerdotis
1235 3047 1398 3079 exceditur

1452 2915 1578 2946 mentis.
1602 2914 1644 2945 Et
1659 2914 1875 2950 dalmaticam,
1893 2923 1976 2954 quae
1999 2919 2045 2944 est
2064 2913 2158 2944 vestis
2174 2913 2268 2953 larga,
2285 2913 2329 2943 sic
2346 2912 2428 2943 dicta
2444 2913 2519 2953 quia

1453 2959 1487 2991 in
1509 2958 1687 2990 Dalmatiae
1702 2958 1843 2999 partibus
1859 2959 1964 2999 primo
1980 2967 2057 2989 usus
2074 2958 2141 2988 eius
2164 2956 2224 2988 fuit
2238 2958 2271 2987 *z
2296 2956 2335 2987 ad
2351 2957 2518 2997 designan-

1451 3002 1532 3034 dum
1547 3002 1638 3044 quod
1652 3003 1720 3043 ipse
1731 3003 1837 3044 primo
1854 3002 2052 3044 dispensator
2067 3007 2337 3033 sacramentorum
2349 3001 2481 3041 ponitur
2490 3002 2517 3037 *‚

1452 3048 1520 3087 ipse
1537 3048 1622 3078 enim
1639 3048 1828 3087 sanguinem
1843 3046 2017 3087 dispensat;
2035 3047 2069 3077 in
2084 3045 2319 3087 dispensatione
2336 3050 2443 3077 autem
2458 3045 2518 3076 lar-

328 3101 348 3122 a
362 3096 520 3131 potestate
542 3092 688 3132 episcopi
705 3092 798 3132 quasi
814 3102 832 3122 a
847 3097 1004 3132 potestate
1027 3092 1154 3123 alterius
1177 3093 1311 3132 generis.
1335 3091 1398 3124 Sed
1410 3099 1436 3125 65
1452 3093 1531 3133 gitas
1554 3092 1734 3131 requiritur.

326 3141 470 3176 potestas
493 3137 637 3176 episcopi
660 3136 824 3167 exceditur
846 3146 864 3167 a
887 3142 1045 3177 potestate
1067 3136 1173 3176 Papae
1196 3137 1287 3177 quasi
1305 3146 1323 3168 a
1338 3146 1398 3176 po—

330 3184 442 3210 testate
465 3180 608 3211 eiusdem
631 3181 765 3220 generis.
790 3181 831 3211 Et
846 3180 920 3211 ideo
942 3190 1075 3212 omnem
1098 3186 1206 3212 actum
1228 3181 1397 3212 hierarchi·-

330 3233 408 3255 cum
431 3233 529 3264 quem
551 3230 657 3265 potest
679 3224 783 3256 facete
805 3225 892 3265 Papa
913 3226 947 3256 in
964 3225 1197 3256 ministratione
1219 3235 1397 3256 sacramen-

331 3272 450 3304 torum,
466 3273 573 3308 potest
590 3268 694 3300 facere
717 3270 908 3310 episcopus:
933 3279 1001 3301 non
1017 3274 1126 3301 autem
1140 3279 1273 3301 omnem
1288 3275 1398 3300 actum

1508 3135 1571 3166 Sed
1586 3135 1743 3166 sacerdoti
1754 3136 1788 3166 in
1800 3141 1939 3177 utroque
1950 3136 2086 3166 humero
2098 3134 2230 3175 ponitur
2240 3134 2345 3165 stola:
2363 3139 2399 3165 ut
2411 3139 2517 3165 osten-

1453 3179 1544 3211 datur
1568 3180 1657 3220 quod
1681 3181 1710 3210 ei
1733 3180 1829 3220 plena
1851 3185 1990 3221 potestas
2015 3178 2217 3221 dispensandi
2246 3183 2439 3210 sacramenta
2464 3177 2517 3207 da-

1452 3230 1513 3260 tur,
1529 3234 1597 3254 non
1614 3230 1650 3254 ut
1665 3225 1810 3254 ministro
1827 3224 1970 3260 alterius3
1996 3229 2027 3254 et
2042 3223 2116 3254 ideo
2139 3223 2220 3254 stola
2236 3222 2398 3254 descendit
2414 3231 2516 3261 usque

1453 3268 1492 3299 ad
1514 3268 1674 3299 inferiora.
1698 3269 1804 3299 Habet
1828 3269 1923 3299 etiam
1947 3268 2100 3302 casulam,
2125 3276 2207 3308 quae
2231 3266 2385 3307 significat
2408 3266 2517 3298 carita-

331 3321 432 3351 quem
453 3317 560 3352 potest
581 3312 685 3345 faeere
712 3314 901 3354 episcopus,
925 3319 1032 3354 potest
1060 3313 1164 3345 facere
1194 3313 1341 3345 sacerdos
1362 3314 1398 3345 in
1412 3325 1438 3345 70
1452 3318 1518 3343 tem
1533 3313 1567 3342 *2
1598 3313 1674 3353 quia
1701 3318 1939 3343 sacramentum
1970 3317 2133 3342 consecrat
2162 3311 2308 3341 caritatis
2323 3311 2374 3346 **,
2399 3310 2517 3340 scilicet

330 3361 604 3388 sacramentorum
627 3357 808 3389 collatione.
837 3358 879 3389 Et
901 3358 986 3395 ideo,
1009 3363 1168 3398 quantum
1191 3358 1231 3388 ad
1253 3368 1292 3389 ea
1315 3367 1398 3398 quae

331 3405 407 3431 sunt
429 3400 619 3440 episcopalis
642 3401 772 3438 ordinis,
788 3411 902 3434 omnes
924 3403 1070 3443 episcopi
1090 3408 1166 3434 sunt
1180 3402 1340 3443 aequales.
1357 3402 1398 3434 Et

330 3449 464 3484 propter
486 3444 550 3475 hoc
573 3445 707 3485 quilibet
729 3446 828 3478 alium
850 3452 957 3487 potest
980 3456 1175 3478 consecrare.

1452 3357 1694 3388 Eucharistiam.

1509 3401 1572 3431 Sed
1596 3401 1756 3441 episcopis
1779 3400 1939 3432 adduntur
1953 3410 2073 3432 novem
2096 3405 2282 3430 ornamenta
2297 3408 2392 3438 super
2415 3407 2516 3428 sacer-

1454 3445 1555 3481 dotes,
1580 3454 1662 3485 quae
1685 3450 1760 3476 sunt
1783 3445 1918 3485 caligae,
1943 3444 2091 3480 sandalia,
2116 3443 2373 3478 succinctorium,
2398 3443 2515 3478 tunica,

1452 3489 1631 3526 dalmatica,
1646 3490 1750 3527 mitra,
1765 3490 1978 3525 chirothecae,
1995 3489 2109 3520 anulus
2134 3494 2164 3518 et
2186 3488 2334 3519 baculus:
2360 3487 2435 3527 quia
2458 3495 2516 3516 no-

1413 3548 1436 3569 75
1453 3543 1527 3565 vem
1549 3539 1624 3565 sunt
1648 3543 1730 3574 quae
1754 3543 1849 3575 supra
1871 3533 2050 3565 sacerdotes
2073 3538 2218 3574 possunt,
2242 3532 2363 3563 scilicet
2386 3530 2516 3562 clericos

2548 2648 2759 2676 'Ibid.,cap.xxxxx.

2548 2694 2558 2703 ·
2577 2692 2652 2714 Exod.
2680 2698 2731 2720 cap.

2548 2725 2628 2745 xxvm,
2635 2725 2692 2741 vers.
2698 2725 2732 2748 33,

2547 2751 2582 2773 34.

2546 2960 2758 3015 nblmiiiffr’ss'af'ssl

2545 3019 2649 3070 ῗῖιῖἰιέἑ.
2656 3019 2704 3066 ⁹1'u‚
2718 3040 2758 3062 nb.

2545 3070 2592 3092 cit„
2603 3072 2652 3094 esp.
2668 3073 2713 3089 ui.

2545 3310 2554 3319 '
2562 3308 2628 3335 1bid.,
2635 3315 2683 3336 cap.
2693 3314 2756 3330 ινιιι.

2544 3336 2566 3346 ··
2581 3335 2611 3357 cf
2634 3335 2693 3357 Part.
2710 3335 2757 3361 111,

2544 3368 2582 3410 <⁸1:¹¹
2586 3368 2672 3416 guin.
2684 3365 2726 3383 art.
2736 3367 2756 3389 3,
