<?xml version="1.0" encoding="UTF-8"?>
<!DOCTYPE html PUBLIC "-//W3C//DTD XHTML 1.0 Transitional//EN"
    "http://www.w3.org/TR/xhtml1/DTD/xhtml1-transitional.dtd">
<html xmlns="http://www.w3.org/1999/xhtml" xml:lang="en" lang="en">
 <head>
  <title>
</title>
<meta http-equiv="Content-Type" content="text/html;charset=utf-8" />
  <meta name='ocr-system' content='tesseract 3.04.00' />
  <meta name='ocr-capabilities' content='ocr_page ocr_carea ocr_par ocr_line ocrx_word'/>
</head>
<body>
  <div class='ocr_page' id='page_1' title='image "./operaomniaiussui12thom/operaomniaiussui12thom_0500.png"; bbox 0 0 2878 4088; ppageno 0'>
   <div class='ocr_carea' id='block_1_1' title="bbox 192 285 404 366">
    <p class='ocr_par' dir='ltr' id='par_1_1' title="bbox 192 285 404 366">
     <span class='ocr_line' id='line_1_1' title="bbox 193 285 402 312; baseline 0 -6"><span class='ocrx_word' id='word_1_1' title='bbox 193 287 204 297; x_wconf 73' lang='lat'><strong>⁸</strong></span> <span class='ocrx_word' id='word_1_2' title='bbox 214 285 249 306; x_wconf 83' lang='lat' dir='ltr'>De</span> <span class='ocrx_word' id='word_1_3' title='bbox 258 285 328 312; x_wconf 82' lang='lat' dir='ltr'>Bapt.</span> <span class='ocrx_word' id='word_1_4' title='bbox 342 286 402 306; x_wconf 76' lang='lat' dir='ltr'>cont.</span> 
     </span>
     <span class='ocr_line' id='line_1_2' title="bbox 192 311 404 338; baseline -0.005 -5"><span class='ocrx_word' id='word_1_5' title='bbox 192 311 323 338; x_wconf 69' lang='lat' dir='ltr'>Donatist„</span> <span class='ocrx_word' id='word_1_6' title='bbox 332 311 404 338; x_wconf 88' lang='lat' dir='ltr'>lib.V‚</span> 
     </span>
     <span class='ocr_line' id='line_1_3' title="bbox 194 344 307 366; baseline 0 -7"><span class='ocrx_word' id='word_1_7' title='bbox 194 344 244 366; x_wconf 85' lang='lat' dir='ltr'>cap.</span> <span class='ocrx_word' id='word_1_8' title='bbox 260 344 307 359; x_wconf 78' lang='lat' dir='ltr'>xxi.</span> 
     </span>
    </p>
   </div>
   <div class='ocr_carea' id='block_1_2' title="bbox 193 682 406 763">
    <p class='ocr_par' dir='ltr' id='par_1_2' title="bbox 193 682 406 763">
     <span class='ocr_line' id='line_1_4' title="bbox 193 682 406 712; baseline 0 -9"><span class='ocrx_word' id='word_1_9' title='bbox 193 683 204 693; x_wconf 89' lang='grc'>·</span> <span class='ocrx_word' id='word_1_10' title='bbox 214 682 334 712; x_wconf 68' lang='grc' dir='ltr'><em>Ραειοναζ.</em></span> <span class='ocrx_word' id='word_1_11' title='bbox 346 685 406 709; x_wconf 82' lang='lat' dir='ltr'>part.</span> 
     </span>
     <span class='ocr_line' id='line_1_5' title="bbox 193 709 406 763; baseline 0 -7"><span class='ocrx_word' id='word_1_12' title='bbox 193 714 344 763; x_wconf 62' lang='lat' dir='ltr'>k=.⁶{¹3;‚.²‘3.¹.3²</span> <span class='ocrx_word' id='word_1_13' title='bbox 358 709 406 735; x_wconf 66' lang='lat'>‘&#39;¹¹&#39;’</span> 
     </span>
    </p>
   </div>
   <div class='ocr_carea' id='block_1_3' title="bbox 430 208 482 244">
    <p class='ocr_par' dir='ltr' id='par_1_3' title="bbox 430 208 482 244">
     <span class='ocr_line' id='line_1_6' title="bbox 430 208 482 244; baseline 0 -10"><span class='ocrx_word' id='word_1_14' title='bbox 430 208 482 244; x_wconf 90' lang='lat'>40</span> 
     </span>
    </p>
   </div>
   <div class='ocr_carea' id='block_1_4' title="bbox 432 277 1502 672">
    <p class='ocr_par' dir='ltr' id='par_1_4' title="bbox 432 277 1502 574">
     <span class='ocr_line' id='line_1_7' title="bbox 489 277 1502 318; baseline -0.001 -11"><span class='ocrx_word' id='word_1_15' title='bbox 489 277 519 307; x_wconf 86' lang='lat'>3.</span> <span class='ocrx_word' id='word_1_16' title='bbox 543 277 746 313; x_wconf 76' lang='lat' dir='ltr'>PRAETEREA,</span> <span class='ocrx_word' id='word_1_17' title='bbox 777 278 976 317; x_wconf 86' lang='lat' dir='ltr'>Augustinus</span> <span class='ocrx_word' id='word_1_18' title='bbox 1008 277 1084 308; x_wconf 89' lang='lat' dir='ltr'>dicit</span> <span class='ocrx_word' id='word_1_19' title='bbox 1104 278 1120 294; x_wconf 38' lang='grc' dir='ltr'><strong>ᾗ</strong></span> <span class='ocrx_word' id='word_1_20' title='bbox 1145 277 1235 318; x_wconf 92' lang='lat' dir='ltr'>quod</span> <span class='ocrx_word' id='word_1_21' title='bbox 1264 282 1502 308; x_wconf 86' lang='lat' dir='ltr'>sacramentum</span> 
     </span>
     <span class='ocr_line' id='line_1_8' title="bbox 432 321 1501 362; baseline 0 -10"><span class='ocrx_word' id='word_1_22' title='bbox 432 322 563 362; x_wconf 86' lang='lat' dir='ltr'>gratiae</span> <span class='ocrx_word' id='word_1_23' title='bbox 586 321 642 352; x_wconf 82' lang='lat' dir='ltr'>dat</span> <span class='ocrx_word' id='word_1_24' title='bbox 662 321 752 352; x_wconf 84' lang='lat' dir='ltr'>Deus</span> <span class='ocrx_word' id='word_1_25' title='bbox 775 322 871 352; x_wconf 87' lang='lat' dir='ltr'>etiam</span> <span class='ocrx_word' id='word_1_26' title='bbox 895 331 959 362; x_wconf 82' lang='lat' dir='ltr'>per</span> <span class='ocrx_word' id='word_1_27' title='bbox 980 322 1099 358; x_wconf 89' lang='lat' dir='ltr'>malos,</span> <span class='ocrx_word' id='word_1_28' title='bbox 1125 322 1225 362; x_wconf 83' lang='lat' dir='ltr'><strong><em>ipsam</em></strong></span> <span class='ocrx_word' id='word_1_29' title='bbox 1254 331 1330 352; x_wconf 84' lang='lat' dir='ltr'>vero</span> <span class='ocrx_word' id='word_1_30' title='bbox 1358 321 1501 362; x_wconf 82' lang='lat' dir='ltr'><strong><em>gratiam</em></strong></span> 
     </span>
     <span class='ocr_line' id='line_1_9' title="bbox 434 365 1502 406; baseline -0.001 -10"><span class='ocrx_word' id='word_1_31' title='bbox 434 375 497 396; x_wconf 87' lang='lat' dir='ltr'>non</span> <span class='ocrx_word' id='word_1_32' title='bbox 523 366 585 396; x_wconf 88' lang='lat' dir='ltr'>nisi</span> <span class='ocrx_word' id='word_1_33' title='bbox 602 375 665 406; x_wconf 81' lang='lat' dir='ltr'>per</span> <span class='ocrx_word' id='word_1_34' title='bbox 679 366 816 406; x_wconf 80' lang='lat' dir='ltr'>seipsum</span> <span class='ocrx_word' id='word_1_35' title='bbox 841 366 891 397; x_wconf 75' lang='lat' dir='ltr'>vel</span> <span class='ocrx_word' id='word_1_36' title='bbox 907 376 971 406; x_wconf 80' lang='lat' dir='ltr'>per</span> <span class='ocrx_word' id='word_1_37' title='bbox 984 371 1113 397; x_wconf 85' lang='lat' dir='ltr'>sanctos</span> <span class='ocrx_word' id='word_1_38' title='bbox 1135 376 1221 397; x_wconf 83' lang='lat' dir='ltr'>suos.</span> <span class='ocrx_word' id='word_1_39' title='bbox 1244 366 1288 396; x_wconf 88' lang='lat' dir='ltr'>Et</span> <span class='ocrx_word' id='word_1_40' title='bbox 1303 365 1374 396; x_wconf 88' lang='lat' dir='ltr'>ideo</span> <span class='ocrx_word' id='word_1_41' title='bbox 1391 365 1502 395; x_wconf 89' lang='lat' dir='ltr'>remis-</span> 
     </span>
     <span class='ocr_line' id='line_1_10' title="bbox 432 409 1501 452; baseline -0.001 -12"><span class='ocrx_word' id='word_1_42' title='bbox 432 410 555 440; x_wconf 85' lang='lat' dir='ltr'><em>sionem</em></span> <span class='ocrx_word' id='word_1_43' title='bbox 572 415 783 451; x_wconf 85' lang='lat' dir='ltr'>peccatorum</span> <span class='ocrx_word' id='word_1_44' title='bbox 800 420 863 451; x_wconf 87' lang='lat' dir='ltr'>per</span> <span class='ocrx_word' id='word_1_45' title='bbox 885 411 1023 451; x_wconf 83' lang='lat' dir='ltr'>seipsum</span> <span class='ocrx_word' id='word_1_46' title='bbox 1038 411 1137 452; x_wconf 86' lang='lat' dir='ltr'>facit,</span> <span class='ocrx_word' id='word_1_47' title='bbox 1162 411 1212 441; x_wconf 81' lang='lat' dir='ltr'>vel</span> <span class='ocrx_word' id='word_1_48' title='bbox 1227 420 1291 450; x_wconf 79' lang='lat' dir='ltr'>per</span> <span class='ocrx_word' id='word_1_49' title='bbox 1315 409 1414 450; x_wconf 83' lang='lat' dir='ltr'>ipsius</span> <span class='ocrx_word' id='word_1_50' title='bbox 1440 409 1501 439; x_wconf 91' lang='lat' dir='ltr'>Co-</span> 
     </span>
     <span class='ocr_line' id='line_1_11' title="bbox 434 453 1502 495; baseline -0.001 -11"><span class='ocrx_word' id='word_1_51' title='bbox 434 454 559 485; x_wconf 87' lang='lat' dir='ltr'>lumbae</span> <span class='ocrx_word' id='word_1_52' title='bbox 589 454 739 485; x_wconf 84' lang='lat' dir='ltr'>membra.</span> <span class='ocrx_word' id='word_1_53' title='bbox 771 454 835 486; x_wconf 90' lang='lat' dir='ltr'>Sed</span> <span class='ocrx_word' id='word_1_54' title='bbox 864 455 1008 485; x_wconf 87' lang='lat' dir='ltr'>remissio</span> <span class='ocrx_word' id='word_1_55' title='bbox 1039 459 1246 495; x_wconf 89' lang='lat' dir='ltr'>peccatorum</span> <span class='ocrx_word' id='word_1_56' title='bbox 1269 459 1315 484; x_wconf 89' lang='lat' dir='ltr'>est</span> <span class='ocrx_word' id='word_1_57' title='bbox 1338 463 1415 484; x_wconf 90' lang='lat' dir='ltr'>usus</span> <span class='ocrx_word' id='word_1_58' title='bbox 1439 453 1502 483; x_wconf 89' lang='lat' dir='ltr'>cla-</span> 
     </span>
     <span class='ocr_line' id='line_1_12' title="bbox 433 498 1501 540; baseline -0.001 -12"><span class='ocrx_word' id='word_1_59' title='bbox 433 499 532 529; x_wconf 91' lang='lat' dir='ltr'>vium.</span> <span class='ocrx_word' id='word_1_60' title='bbox 556 499 642 539; x_wconf 89' lang='lat' dir='ltr'>Ergo</span> <span class='ocrx_word' id='word_1_61' title='bbox 666 505 860 539; x_wconf 89' lang='lat' dir='ltr'>peccatores,</span> <span class='ocrx_word' id='word_1_62' title='bbox 878 500 934 540; x_wconf 92' lang='lat' dir='ltr'>qui</span> <span class='ocrx_word' id='word_1_63' title='bbox 956 509 1024 530; x_wconf 91' lang='lat' dir='ltr'>non</span> <span class='ocrx_word' id='word_1_64' title='bbox 1048 504 1121 529; x_wconf 90' lang='lat' dir='ltr'>sunt</span> <span class='ocrx_word' id='word_1_65' title='bbox 1146 499 1325 530; x_wconf 87' lang='lat' dir='ltr'>Columbae</span> <span class='ocrx_word' id='word_1_66' title='bbox 1348 498 1501 533; x_wconf 88' lang='lat' dir='ltr'>membra,</span> 
     </span>
     <span class='ocr_line' id='line_1_13' title="bbox 433 543 933 574; baseline 0.002 -1"><span class='ocrx_word' id='word_1_67' title='bbox 433 553 529 574; x_wconf 90' lang='lat' dir='ltr'>usum</span> <span class='ocrx_word' id='word_1_68' title='bbox 553 543 692 574; x_wconf 85' lang='lat' dir='ltr'>clavium</span> <span class='ocrx_word' id='word_1_69' title='bbox 713 553 783 574; x_wconf 92' lang='lat' dir='ltr'>non</span> <span class='ocrx_word' id='word_1_70' title='bbox 805 544 933 574; x_wconf 88' lang='lat' dir='ltr'>habent.</span> 
     </span>
    </p>

    <p class='ocr_par' dir='ltr' id='par_1_5' title="bbox 435 586 1502 672">
     <span class='ocr_line' id='line_1_14' title="bbox 487 586 1502 626; baseline -0.002 -8"><span class='ocrx_word' id='word_1_71' title='bbox 487 596 518 626; x_wconf 89' lang='lat'>4.</span> <span class='ocrx_word' id='word_1_72' title='bbox 543 587 740 625; x_wconf 62' lang='lat' dir='ltr'>Faunum,</span> <span class='ocrx_word' id='word_1_73' title='bbox 759 589 943 618; x_wconf 84' lang='lat' dir='ltr'>intercessio</span> <span class='ocrx_word' id='word_1_74' title='bbox 967 589 1043 619; x_wconf 89' lang='lat' dir='ltr'>mali</span> <span class='ocrx_word' id='word_1_75' title='bbox 1066 587 1237 618; x_wconf 83' lang='lat' dir='ltr'>sacerdotis</span> <span class='ocrx_word' id='word_1_76' title='bbox 1253 596 1321 617; x_wconf 91' lang='lat' dir='ltr'>non</span> <span class='ocrx_word' id='word_1_77' title='bbox 1336 587 1431 616; x_wconf 92' lang='lat' dir='ltr'>habet</span> <span class='ocrx_word' id='word_1_78' title='bbox 1447 586 1502 616; x_wconf 88' lang='lat' dir='ltr'>ali—</span> 
     </span>
     <span class='ocr_line' id='line_1_15' title="bbox 435 630 1502 672; baseline -0.001 -10"><span class='ocrx_word' id='word_1_79' title='bbox 435 641 532 672; x_wconf 89' lang='lat' dir='ltr'>quam</span> <span class='ocrx_word' id='word_1_80' title='bbox 550 631 724 663; x_wconf 85' lang='lat' dir='ltr'>efficaciam</span> <span class='ocrx_word' id='word_1_81' title='bbox 747 632 787 663; x_wconf 90' lang='lat' dir='ltr'>ad</span> <span class='ocrx_word' id='word_1_82' title='bbox 809 632 1099 663; x_wconf 89' lang='lat' dir='ltr'>reconciliandum:</span> <span class='ocrx_word' id='word_1_83' title='bbox 1125 632 1210 672; x_wconf 90' lang='lat' dir='ltr'>quia,</span> <span class='ocrx_word' id='word_1_84' title='bbox 1227 630 1406 661; x_wconf 89' lang='lat' dir='ltr'>secundum</span> <span class='ocrx_word' id='word_1_85' title='bbox 1424 630 1502 661; x_wconf 90' lang='lat' dir='ltr'>Gre-</span> 
     </span>
    </p>
   </div>
   <div class='ocr_carea' id='block_1_5' title="bbox 722 197 2301 245">
    <p class='ocr_par' dir='ltr' id='par_1_6' title="bbox 722 197 2301 245">
     <span class='ocr_line' id='line_1_16' title="bbox 722 197 2301 245; baseline 0.001 -12"><span class='ocrx_word' id='word_1_86' title='bbox 722 197 984 244; x_wconf 88' lang='lat' dir='ltr'>QUAESTIO</span> <span class='ocrx_word' id='word_1_87' title='bbox 1014 199 1112 245; x_wconf 86' lang='lat' dir='ltr'>XIX,</span> <span class='ocrx_word' id='word_1_88' title='bbox 1133 198 1426 236; x_wconf 87' lang='lat' dir='ltr'>ARTICULUS</span> <span class='ocrx_word' id='word_1_89' title='bbox 1454 199 1504 235; x_wconf 92' lang='lat' dir='ltr'>VI</span> <span class='ocrx_word' id='word_1_90' title='bbox 1523 219 1547 224; x_wconf 97' lang='lat'><em>-</em></span> <span class='ocrx_word' id='word_1_91' title='bbox 1569 197 1832 244; x_wconf 89' lang='lat' dir='ltr'>QUAESTIO</span> <span class='ocrx_word' id='word_1_92' title='bbox 1862 197 1946 243; x_wconf 83' lang='lat' dir='ltr'>XX,</span> <span class='ocrx_word' id='word_1_93' title='bbox 1966 197 2259 234; x_wconf 91' lang='lat' dir='ltr'>ARTICULUS</span> <span class='ocrx_word' id='word_1_94' title='bbox 2288 199 2301 234; x_wconf 96' lang='lat'>1</span> 
     </span>
    </p>
   </div>
   <div class='ocr_carea' id='block_1_6' title="bbox 1556 276 2625 451">
    <p class='ocr_par' dir='ltr' id='par_1_7' title="bbox 1556 276 2625 451">
     <span class='ocr_line' id='line_1_17' title="bbox 1613 276 2625 318; baseline 0.003 -12"><span class='ocrx_word' id='word_1_95' title='bbox 1613 277 1642 306; x_wconf 88' lang='lat'>3.</span> <span class='ocrx_word' id='word_1_96' title='bbox 1667 276 1863 311; x_wconf 57' lang='lat' dir='ltr'>Paua-eam,</span> <span class='ocrx_word' id='word_1_97' title='bbox 1880 276 2050 315; x_wconf 87' lang='lat' dir='ltr'>spiritualis</span> <span class='ocrx_word' id='word_1_98' title='bbox 2068 276 2166 315; x_wconf 88' lang='lat' dir='ltr'>gratia</span> <span class='ocrx_word' id='word_1_99' title='bbox 2181 276 2281 316; x_wconf 84' lang='lat' dir='ltr'>magis</span> <span class='ocrx_word' id='word_1_100' title='bbox 2297 276 2470 317; x_wconf 87' lang='lat' dir='ltr'>impeditur</span> <span class='ocrx_word' id='word_1_101' title='bbox 2485 287 2542 318; x_wconf 89' lang='lat' dir='ltr'>per</span> <span class='ocrx_word' id='word_1_102' title='bbox 2558 279 2625 309; x_wconf 91' lang='lat' dir='ltr'>cul-</span> 
     </span>
     <span class='ocr_line' id='line_1_18' title="bbox 1556 319 2623 362; baseline 0.003 -12"><span class='ocrx_word' id='word_1_103' title='bbox 1556 329 1632 360; x_wconf 90' lang='lat' dir='ltr'>pam</span> <span class='ocrx_word' id='word_1_104' title='bbox 1656 329 1754 360; x_wconf 90' lang='lat' dir='ltr'>quam</span> <span class='ocrx_word' id='word_1_105' title='bbox 1773 329 1830 359; x_wconf 90' lang='lat' dir='ltr'>per</span> <span class='ocrx_word' id='word_1_106' title='bbox 1848 329 1998 359; x_wconf 90' lang='lat' dir='ltr'>poenam.</span> <span class='ocrx_word' id='word_1_107' title='bbox 2023 319 2086 350; x_wconf 90' lang='lat' dir='ltr'>Sed</span> <span class='ocrx_word' id='word_1_108' title='bbox 2102 321 2392 351; x_wconf 85' lang='lat' dir='ltr'>excommunicatio</span> <span class='ocrx_word' id='word_1_109' title='bbox 2410 327 2441 352; x_wconf 90' lang='lat' dir='ltr'>et</span> <span class='ocrx_word' id='word_1_110' title='bbox 2456 323 2623 362; x_wconf 90' lang='lat' dir='ltr'>suspensio</span> 
     </span>
     <span class='ocr_line' id='line_1_19' title="bbox 1558 363 2625 407; baseline 0.003 -13"><span class='ocrx_word' id='word_1_111' title='bbox 1558 370 1588 394; x_wconf 89' lang='lat' dir='ltr'>et</span> <span class='ocrx_word' id='word_1_112' title='bbox 1612 364 1793 404; x_wconf 86' lang='lat' dir='ltr'>degradatio</span> <span class='ocrx_word' id='word_1_113' title='bbox 1822 369 1895 394; x_wconf 89' lang='lat' dir='ltr'>sunt</span> <span class='ocrx_word' id='word_1_114' title='bbox 1922 373 2047 403; x_wconf 91' lang='lat' dir='ltr'>poenae</span> <span class='ocrx_word' id='word_1_115' title='bbox 2075 363 2244 404; x_wconf 88' lang='lat' dir='ltr'>quaedam.</span> <span class='ocrx_word' id='word_1_116' title='bbox 2277 363 2362 395; x_wconf 88' lang='lat' dir='ltr'>Cum</span> <span class='ocrx_word' id='word_1_117' title='bbox 2390 375 2465 406; x_wconf 86' lang='lat' dir='ltr'>ergo</span> <span class='ocrx_word' id='word_1_118' title='bbox 2493 371 2625 407; x_wconf 86' lang='lat' dir='ltr'>propter</span> 
     </span>
     <span class='ocr_line' id='line_1_20' title="bbox 1558 408 2624 451; baseline 0.003 -13"><span class='ocrx_word' id='word_1_119' title='bbox 1558 409 1687 449; x_wconf 90' lang='lat' dir='ltr'>culpam</span> <span class='ocrx_word' id='word_1_120' title='bbox 1709 418 1777 438; x_wconf 91' lang='lat' dir='ltr'>non</span> <span class='ocrx_word' id='word_1_121' title='bbox 1800 408 1922 438; x_wconf 85' lang='lat' dir='ltr'>amittat</span> <span class='ocrx_word' id='word_1_122' title='bbox 1945 408 2059 448; x_wconf 90' lang='lat' dir='ltr'>aliquis</span> <span class='ocrx_word' id='word_1_123' title='bbox 2082 417 2178 438; x_wconf 87' lang='lat' dir='ltr'>usum</span> <span class='ocrx_word' id='word_1_124' title='bbox 2202 408 2356 445; x_wconf 84' lang='lat' dir='ltr'>clavium,</span> <span class='ocrx_word' id='word_1_125' title='bbox 2380 409 2505 440; x_wconf 91' lang='lat' dir='ltr'>videtur</span> <span class='ocrx_word' id='word_1_126' title='bbox 2535 409 2624 451; x_wconf 91' lang='lat' dir='ltr'>quod</span> 
     </span>
    </p>
   </div>
   <div class='ocr_carea' id='block_1_7' title="bbox 1523 453 1862 493">
    <p class='ocr_par' dir='ltr' id='par_1_8' title="bbox 1523 453 1862 493">
     <span class='ocr_line' id='line_1_21' title="bbox 1523 453 1862 493; baseline 0 -11"><span class='ocrx_word' id='word_1_127' title='bbox 1523 462 1532 482; x_wconf 79' lang='grc' dir='ltr'>ς</span> <span class='ocrx_word' id='word_1_128' title='bbox 1557 462 1617 482; x_wconf 93' lang='lat' dir='ltr'>nec</span> <span class='ocrx_word' id='word_1_129' title='bbox 1640 457 1771 493; x_wconf 90' lang='lat' dir='ltr'>propter</span> <span class='ocrx_word' id='word_1_130' title='bbox 1793 453 1862 482; x_wconf 88' lang='lat' dir='ltr'>ista.</span> 
     </span>
    </p>
   </div>
   <div class='ocr_carea' id='block_1_8' title="bbox 1552 495 2625 669">
    <p class='ocr_par' dir='ltr' id='par_1_9' title="bbox 1552 495 2625 669">
     <span class='ocr_line' id='line_1_22' title="bbox 1613 495 2625 537; baseline 0.003 -11"><span class='ocrx_word' id='word_1_131' title='bbox 1613 496 1675 527; x_wconf 72' lang='lat' dir='ltr'>Ser&gt;</span> <span class='ocrx_word' id='word_1_132' title='bbox 1700 506 1832 532; x_wconf 80' lang='lat' dir='ltr'>CONTRA,</span> <span class='ocrx_word' id='word_1_133' title='bbox 1857 497 2056 536; x_wconf 79' lang='lat' dir='ltr'>Augusu&#39;nus</span> <span class='ocrx_word' id='word_1_134' title='bbox 2080 495 2156 526; x_wconf 91' lang='lat' dir='ltr'>dicit</span> <span class='ocrx_word' id='word_1_135' title='bbox 2170 497 2187 512; x_wconf 68' lang='lat'>⁴*</span> <span class='ocrx_word' id='word_1_136' title='bbox 2211 496 2301 537; x_wconf 90' lang='lat' dir='ltr'>quod</span> <span class='ocrx_word' id='word_1_137' title='bbox 2315 496 2481 528; x_wconf 85' lang='lat' dir='ltr'>Ecclesiae</span> <span class='ocrx_word' id='word_1_138' title='bbox 2503 499 2625 530; x_wconf 88' lang='lat' dir='ltr'>caritas</span> 
     </span>
     <span class='ocr_line' id='line_1_23' title="bbox 1552 540 2624 583; baseline 0.003 -12"><span class='ocrx_word' id='word_1_139' title='bbox 1552 546 1687 583; x_wconf 81' lang='lat' dir='ltr'>peccata</span> <span class='ocrx_word' id='word_1_140' title='bbox 1718 540 1857 571; x_wconf 83' lang='lat' dir='ltr'>dimittit.</span> <span class='ocrx_word' id='word_1_141' title='bbox 1890 540 2011 571; x_wconf 87' lang='lat' dir='ltr'>Caritas</span> <span class='ocrx_word' id='word_1_142' title='bbox 2041 546 2149 571; x_wconf 89' lang='lat' dir='ltr'>autem</span> <span class='ocrx_word' id='word_1_143' title='bbox 2180 546 2226 571; x_wconf 92' lang='lat' dir='ltr'>est</span> <span class='ocrx_word' id='word_1_144' title='bbox 2254 550 2337 581; x_wconf 91' lang='lat' dir='ltr'>quae</span> <span class='ocrx_word' id='word_1_145' title='bbox 2366 540 2440 572; x_wconf 89' lang='lat' dir='ltr'>facit</span> <span class='ocrx_word' id='word_1_146' title='bbox 2463 541 2624 574; x_wconf 85' lang='lat' dir='ltr'>Ecclesiae</span> 
     </span>
     <span class='ocr_line' id='line_1_24' title="bbox 1557 584 2624 625; baseline 0.003 -10"><span class='ocrx_word' id='word_1_147' title='bbox 1557 586 1723 616; x_wconf 90' lang='lat' dir='ltr'>unionem.</span> <span class='ocrx_word' id='word_1_148' title='bbox 1756 584 1842 615; x_wconf 90' lang='lat' dir='ltr'>Cum</span> <span class='ocrx_word' id='word_1_149' title='bbox 1873 594 1948 625; x_wconf 88' lang='lat' dir='ltr'>ergo</span> <span class='ocrx_word' id='word_1_150' title='bbox 1979 584 2132 625; x_wconf 85' lang='lat' dir='ltr'>praedicti</span> <span class='ocrx_word' id='word_1_151' title='bbox 2161 585 2224 615; x_wconf 83' lang='lat' dir='ltr'>sint</span> <span class='ocrx_word' id='word_1_152' title='bbox 2251 586 2290 615; x_wconf 92' lang='lat' dir='ltr'>ab</span> <span class='ocrx_word' id='word_1_153' title='bbox 2314 585 2476 616; x_wconf 90' lang='lat' dir='ltr'>Ecclesiae</span> <span class='ocrx_word' id='word_1_154' title='bbox 2502 587 2624 618; x_wconf 87' lang='lat' dir='ltr'>unione</span> 
     </span>
     <span class='ocr_line' id='line_1_25' title="bbox 1558 629 2624 669; baseline 0.002 -9"><span class='ocrx_word' id='word_1_155' title='bbox 1558 630 1658 666; x_wconf 87' lang='lat' dir='ltr'>divisi,</span> <span class='ocrx_word' id='word_1_156' title='bbox 1682 629 1807 660; x_wconf 90' lang='lat' dir='ltr'>videtur</span> <span class='ocrx_word' id='word_1_157' title='bbox 1830 629 1920 669; x_wconf 91' lang='lat' dir='ltr'>quod</span> <span class='ocrx_word' id='word_1_158' title='bbox 1946 639 2041 660; x_wconf 90' lang='lat' dir='ltr'>usum</span> <span class='ocrx_word' id='word_1_159' title='bbox 2070 629 2208 660; x_wconf 84' lang='lat' dir='ltr'>clavium</span> <span class='ocrx_word' id='word_1_160' title='bbox 2230 638 2298 660; x_wconf 92' lang='lat' dir='ltr'>non</span> <span class='ocrx_word' id='word_1_161' title='bbox 2321 629 2440 660; x_wconf 91' lang='lat' dir='ltr'>habent</span> <span class='ocrx_word' id='word_1_162' title='bbox 2461 631 2496 661; x_wconf 90' lang='lat' dir='ltr'>in</span> <span class='ocrx_word' id='word_1_163' title='bbox 2517 632 2624 662; x_wconf 88' lang='lat' dir='ltr'>remit-</span> 
     </span>
    </p>
   </div>
   <div class='ocr_carea' id='block_1_9' title="bbox 433 673 1831 717">
    <p class='ocr_par' dir='ltr' id='par_1_10' title="bbox 433 673 1831 717">
     <span class='ocr_line' id='line_1_26' title="bbox 433 673 1831 717; baseline -0.002 -10"><span class='ocrx_word' id='word_1_164' title='bbox 433 677 561 716; x_wconf 82' lang='lat' dir='ltr'>gotium</span> <span class='ocrx_word' id='word_1_165' title='bbox 576 677 603 711; x_wconf 55' lang='grc' dir='ltr'>’ξ</span> <span class='ocrx_word' id='word_1_166' title='bbox 619 686 692 707; x_wconf 88' lang='lat' dir='ltr'>cum</span> <span class='ocrx_word' id='word_1_167' title='bbox 715 677 742 707; x_wconf 88' lang='lat' dir='ltr'>is</span> <span class='ocrx_word' id='word_1_168' title='bbox 764 677 820 717; x_wconf 84' lang='lat' dir='ltr'>qui</span> <span class='ocrx_word' id='word_1_169' title='bbox 843 677 987 717; x_wconf 82' lang='lat' dir='ltr'>displicet</span> <span class='ocrx_word' id='word_1_170' title='bbox 1009 677 1051 707; x_wconf 86' lang='lat' dir='ltr'>ad</span> <span class='ocrx_word' id='word_1_171' title='bbox 1067 675 1335 716; x_wconf 74' lang='lat' dir='ltr'>interpellandum</span> <span class='ocrx_word' id='word_1_172' title='bbox 1355 675 1501 710; x_wconf 83' lang='lat' dir='ltr'>mittitur,</span> <span class='ocrx_word' id='word_1_173' title='bbox 1518 687 1543 701; x_wconf 83' lang='grc' dir='ltr'>ιο</span> <span class='ocrx_word' id='word_1_174' title='bbox 1557 673 1660 705; x_wconf 89' lang='lat' dir='ltr'>tendis</span> <span class='ocrx_word' id='word_1_175' title='bbox 1683 674 1831 714; x_wconf 90' lang='lat' dir='ltr'>peccatis.</span> 
     </span>
    </p>
   </div>
   <div class='ocr_carea' id='block_1_10' title="bbox 434 719 1502 894">
    <p class='ocr_par' dir='ltr' id='par_1_11' title="bbox 434 719 1502 850">
     <span class='ocr_line' id='line_1_27' title="bbox 435 719 1502 761; baseline -0.002 -10"><span class='ocrx_word' id='word_1_176' title='bbox 435 721 512 751; x_wconf 87' lang='lat' dir='ltr'>irati</span> <span class='ocrx_word' id='word_1_177' title='bbox 534 720 662 751; x_wconf 87' lang='lat' dir='ltr'>animus</span> <span class='ocrx_word' id='word_1_178' title='bbox 685 721 728 751; x_wconf 86' lang='lat' dir='ltr'>ad</span> <span class='ocrx_word' id='word_1_179' title='bbox 751 721 914 751; x_wconf 88' lang='lat' dir='ltr'>deteriora</span> <span class='ocrx_word' id='word_1_180' title='bbox 931 726 1144 761; x_wconf 84' lang='lat' dir='ltr'>provocatur.</span> <span class='ocrx_word' id='word_1_181' title='bbox 1178 719 1241 751; x_wconf 90' lang='lat' dir='ltr'>Sed</span> <span class='ocrx_word' id='word_1_182' title='bbox 1264 729 1340 750; x_wconf 92' lang='lat' dir='ltr'>usus</span> <span class='ocrx_word' id='word_1_183' title='bbox 1365 719 1502 750; x_wconf 90' lang='lat' dir='ltr'>clavium</span> 
     </span>
     <span class='ocr_line' id='line_1_28' title="bbox 434 763 1502 805; baseline -0.001 -10"><span class='ocrx_word' id='word_1_184' title='bbox 434 764 471 795; x_wconf 88' lang='lat' dir='ltr'>fit</span> <span class='ocrx_word' id='word_1_185' title='bbox 493 774 550 805; x_wconf 91' lang='lat' dir='ltr'>per</span> <span class='ocrx_word' id='word_1_186' title='bbox 573 764 735 805; x_wconf 88' lang='lat' dir='ltr'>quandam</span> <span class='ocrx_word' id='word_1_187' title='bbox 757 766 1037 796; x_wconf 82' lang='lat' dir='ltr'>intercessionem:</span> <span class='ocrx_word' id='word_1_188' title='bbox 1062 770 1099 795; x_wconf 89' lang='lat' dir='ltr'>ut</span> <span class='ocrx_word' id='word_1_189' title='bbox 1122 770 1209 805; x_wconf 90' lang='lat' dir='ltr'>patet</span> <span class='ocrx_word' id='word_1_190' title='bbox 1230 765 1264 794; x_wconf 90' lang='lat' dir='ltr'>in</span> <span class='ocrx_word' id='word_1_191' title='bbox 1287 763 1391 794; x_wconf 88' lang='lat' dir='ltr'>forma</span> <span class='ocrx_word' id='word_1_192' title='bbox 1410 764 1502 794; x_wconf 92' lang='lat' dir='ltr'>abso-</span> 
     </span>
     <span class='ocr_line' id='line_1_29' title="bbox 434 809 1394 850; baseline -0.001 -11"><span class='ocrx_word' id='word_1_193' title='bbox 434 809 575 839; x_wconf 89' lang='lat' dir='ltr'>lutionis.</span> <span class='ocrx_word' id='word_1_194' title='bbox 600 810 686 850; x_wconf 89' lang='lat' dir='ltr'>Ergo</span> <span class='ocrx_word' id='word_1_195' title='bbox 710 819 777 840; x_wconf 93' lang='lat' dir='ltr'>non</span> <span class='ocrx_word' id='word_1_196' title='bbox 800 810 918 840; x_wconf 90' lang='lat' dir='ltr'>habent</span> <span class='ocrx_word' id='word_1_197' title='bbox 941 810 1104 840; x_wconf 87' lang='lat' dir='ltr'>efficacem</span> <span class='ocrx_word' id='word_1_198' title='bbox 1128 809 1265 840; x_wconf 89' lang='lat' dir='ltr'>clavium</span> <span class='ocrx_word' id='word_1_199' title='bbox 1289 818 1394 839; x_wconf 90' lang='lat' dir='ltr'>usum.</span> 
     </span>
    </p>

    <p class='ocr_par' dir='ltr' id='par_1_12' title="bbox 490 853 1501 894">
     <span class='ocr_line' id='line_1_30' title="bbox 490 853 1501 894; baseline -0.001 -11"><span class='ocrx_word' id='word_1_200' title='bbox 490 853 553 884; x_wconf 71' lang='lat' dir='ltr'>San</span> <span class='ocrx_word' id='word_1_201' title='bbox 577 863 710 890; x_wconf 75' lang='lat' dir='ltr'>CONTRA,</span> <span class='ocrx_word' id='word_1_202' title='bbox 733 853 841 884; x_wconf 90' lang='lat' dir='ltr'>nullus</span> <span class='ocrx_word' id='word_1_203' title='bbox 865 859 971 894; x_wconf 90' lang='lat' dir='ltr'>potest</span> <span class='ocrx_word' id='word_1_204' title='bbox 994 855 1073 884; x_wconf 91' lang='lat' dir='ltr'>scire</span> <span class='ocrx_word' id='word_1_205' title='bbox 1097 854 1137 884; x_wconf 91' lang='lat' dir='ltr'>de</span> <span class='ocrx_word' id='word_1_206' title='bbox 1160 853 1223 883; x_wconf 92' lang='lat' dir='ltr'>alio</span> <span class='ocrx_word' id='word_1_207' title='bbox 1248 863 1288 883; x_wconf 93' lang='lat' dir='ltr'>an</span> <span class='ocrx_word' id='word_1_208' title='bbox 1311 853 1351 883; x_wconf 91' lang='lat' dir='ltr'>sit</span> <span class='ocrx_word' id='word_1_209' title='bbox 1366 854 1399 883; x_wconf 91' lang='lat' dir='ltr'>in</span> <span class='ocrx_word' id='word_1_210' title='bbox 1418 858 1501 883; x_wconf 92' lang='lat' dir='ltr'>statu</span> 
     </span>
    </p>
   </div>
   <div class='ocr_carea' id='block_1_11' title="bbox 435 896 1561 938">
    <p class='ocr_par' dir='ltr' id='par_1_13' title="bbox 435 896 1561 938">
     <span class='ocr_line' id='line_1_31' title="bbox 435 896 1561 938; baseline 0 -11"><span class='ocrx_word' id='word_1_211' title='bbox 435 897 552 928; x_wconf 83' lang='lat' dir='ltr'>salutis.</span> <span class='ocrx_word' id='word_1_212' title='bbox 587 897 620 928; x_wconf 94' lang='lat' dir='ltr'>Si</span> <span class='ocrx_word' id='word_1_213' title='bbox 644 907 719 937; x_wconf 87' lang='lat' dir='ltr'>ergo</span> <span class='ocrx_word' id='word_1_214' title='bbox 747 898 854 928; x_wconf 91' lang='lat' dir='ltr'>nullus</span> <span class='ocrx_word' id='word_1_215' title='bbox 882 904 991 938; x_wconf 91' lang='lat' dir='ltr'>posset</span> <span class='ocrx_word' id='word_1_216' title='bbox 1013 899 1059 928; x_wconf 91' lang='lat' dir='ltr'>uti</span> <span class='ocrx_word' id='word_1_217' title='bbox 1084 898 1224 928; x_wconf 91' lang='lat' dir='ltr'>clavibus</span> <span class='ocrx_word' id='word_1_218' title='bbox 1247 898 1281 927; x_wconf 92' lang='lat' dir='ltr'>in</span> <span class='ocrx_word' id='word_1_219' title='bbox 1305 896 1501 927; x_wconf 87' lang='lat' dir='ltr'>absolvendo</span> <span class='ocrx_word' id='word_1_220' title='bbox 1518 907 1539 927; x_wconf 69' lang='grc' dir='ltr'>ις</span> <span class='ocrx_word' id='word_1_221' title='bbox 1559 925 1561 927; x_wconf 86' lang='grc'>.</span> 
     </span>
    </p>
   </div>
   <div class='ocr_carea' id='block_1_12' title="bbox 433 942 1502 1323">
    <p class='ocr_par' dir='ltr' id='par_1_14' title="bbox 434 942 1502 1023">
     <span class='ocr_line' id='line_1_32' title="bbox 434 942 1502 978; baseline 0 -7"><span class='ocrx_word' id='word_1_222' title='bbox 434 942 494 971; x_wconf 93' lang='lat' dir='ltr'>nisi</span> <span class='ocrx_word' id='word_1_223' title='bbox 519 942 654 972; x_wconf 84' lang='lat' dir='ltr'>existens</span> <span class='ocrx_word' id='word_1_224' title='bbox 677 942 711 971; x_wconf 89' lang='lat' dir='ltr'>in</span> <span class='ocrx_word' id='word_1_225' title='bbox 734 947 817 972; x_wconf 91' lang='lat' dir='ltr'>statu</span> <span class='ocrx_word' id='word_1_226' title='bbox 841 942 958 978; x_wconf 91' lang='lat' dir='ltr'>salutis,</span> <span class='ocrx_word' id='word_1_227' title='bbox 978 942 1086 972; x_wconf 90' lang='lat' dir='ltr'>nullus</span> <span class='ocrx_word' id='word_1_228' title='bbox 1110 942 1203 972; x_wconf 89' lang='lat' dir='ltr'>sciret</span> <span class='ocrx_word' id='word_1_229' title='bbox 1226 951 1259 971; x_wconf 93' lang='lat' dir='ltr'>se</span> <span class='ocrx_word' id='word_1_230' title='bbox 1283 950 1350 971; x_wconf 90' lang='lat' dir='ltr'>esse</span> <span class='ocrx_word' id='word_1_231' title='bbox 1374 942 1502 972; x_wconf 91' lang='lat' dir='ltr'>absolu-</span> 
     </span>
     <span class='ocr_line' id='line_1_33' title="bbox 434 985 1086 1023; baseline 0.002 -8"><span class='ocrx_word' id='word_1_232' title='bbox 434 991 514 1015; x_wconf 90' lang='lat' dir='ltr'>tum.</span> <span class='ocrx_word' id='word_1_233' title='bbox 539 985 638 1023; x_wconf 91' lang='lat' dir='ltr'>Quod</span> <span class='ocrx_word' id='word_1_234' title='bbox 662 991 708 1015; x_wconf 93' lang='lat' dir='ltr'>est</span> <span class='ocrx_word' id='word_1_235' title='bbox 730 985 822 1015; x_wconf 91' lang='lat' dir='ltr'>valde</span> <span class='ocrx_word' id='word_1_236' title='bbox 844 986 1086 1016; x_wconf 86' lang='lat' dir='ltr'>inconveniens.</span> 
     </span>
    </p>

    <p class='ocr_par' dir='ltr' id='par_1_15' title="bbox 433 1028 1501 1191">
     <span class='ocr_line' id='line_1_34' title="bbox 490 1028 1501 1068; baseline 0.001 -10"><span class='ocrx_word' id='word_1_237' title='bbox 490 1038 519 1059; x_wconf 85' lang='lat'>2.</span> <span class='ocrx_word' id='word_1_238' title='bbox 544 1029 739 1065; x_wconf 74' lang='lat' dir='ltr'>PRAETEREA,</span> <span class='ocrx_word' id='word_1_239' title='bbox 764 1030 914 1068; x_wconf 89' lang='lat' dir='ltr'>iniquitas</span> <span class='ocrx_word' id='word_1_240' title='bbox 941 1030 1076 1060; x_wconf 87' lang='lat' dir='ltr'>ministri</span> <span class='ocrx_word' id='word_1_241' title='bbox 1098 1039 1166 1059; x_wconf 92' lang='lat' dir='ltr'>non</span> <span class='ocrx_word' id='word_1_242' title='bbox 1189 1034 1295 1068; x_wconf 87' lang='lat' dir='ltr'>potest</span> <span class='ocrx_word' id='word_1_243' title='bbox 1318 1028 1441 1059; x_wconf 91' lang='lat' dir='ltr'>auferre</span> <span class='ocrx_word' id='word_1_244' title='bbox 1464 1029 1501 1059; x_wconf 92' lang='lat' dir='ltr'>li-</span> 
     </span>
     <span class='ocr_line' id='line_1_35' title="bbox 435 1072 1500 1112; baseline 0.001 -10"><span class='ocrx_word' id='word_1_245' title='bbox 435 1073 629 1103; x_wconf 89' lang='lat' dir='ltr'>beralitatem</span> <span class='ocrx_word' id='word_1_246' title='bbox 651 1072 782 1102; x_wconf 92' lang='lat' dir='ltr'>domini.</span> <span class='ocrx_word' id='word_1_247' title='bbox 809 1073 871 1103; x_wconf 90' lang='lat' dir='ltr'>Sed</span> <span class='ocrx_word' id='word_1_248' title='bbox 887 1073 1034 1103; x_wconf 88' lang='lat' dir='ltr'>sacerdos</span> <span class='ocrx_word' id='word_1_249' title='bbox 1050 1079 1097 1103; x_wconf 89' lang='lat' dir='ltr'>est</span> <span class='ocrx_word' id='word_1_250' title='bbox 1113 1073 1219 1103; x_wconf 90' lang='lat' dir='ltr'>solum</span> <span class='ocrx_word' id='word_1_251' title='bbox 1238 1073 1390 1103; x_wconf 87' lang='lat' dir='ltr'>minister.</span> <span class='ocrx_word' id='word_1_252' title='bbox 1415 1073 1500 1112; x_wconf 89' lang='lat' dir='ltr'>Ergo</span> 
     </span>
     <span class='ocr_line' id='line_1_36' title="bbox 433 1117 1500 1156; baseline 0 -10"><span class='ocrx_word' id='word_1_253' title='bbox 433 1126 501 1147; x_wconf 91' lang='lat' dir='ltr'>non</span> <span class='ocrx_word' id='word_1_254' title='bbox 524 1122 630 1156; x_wconf 90' lang='lat' dir='ltr'>potest</span> <span class='ocrx_word' id='word_1_255' title='bbox 645 1126 702 1146; x_wconf 92' lang='lat' dir='ltr'>sua</span> <span class='ocrx_word' id='word_1_256' title='bbox 717 1117 836 1147; x_wconf 90' lang='lat' dir='ltr'>malitia</span> <span class='ocrx_word' id='word_1_257' title='bbox 852 1117 976 1147; x_wconf 89' lang='lat' dir='ltr'>donum</span> <span class='ocrx_word' id='word_1_258' title='bbox 992 1127 1010 1147; x_wconf 90' lang='lat' dir='ltr'>a</span> <span class='ocrx_word' id='word_1_259' title='bbox 1026 1117 1097 1147; x_wconf 91' lang='lat' dir='ltr'>Deo</span> <span class='ocrx_word' id='word_1_260' title='bbox 1117 1117 1337 1146; x_wconf 90' lang='lat' dir='ltr'>transmissum</span> <span class='ocrx_word' id='word_1_261' title='bbox 1351 1126 1409 1156; x_wconf 90' lang='lat' dir='ltr'>per</span> <span class='ocrx_word' id='word_1_262' title='bbox 1425 1126 1500 1146; x_wconf 90' lang='lat' dir='ltr'>eum</span> 
     </span>
     <span class='ocr_line' id='line_1_37' title="bbox 434 1160 683 1191; baseline -0.004 0"><span class='ocrx_word' id='word_1_263' title='bbox 434 1161 527 1191; x_wconf 93' lang='lat' dir='ltr'>nobis</span> <span class='ocrx_word' id='word_1_264' title='bbox 551 1160 683 1190; x_wconf 85' lang='lat' dir='ltr'>auferre.</span> 
     </span>
    </p>

    <p class='ocr_par' dir='ltr' id='par_1_16' title="bbox 433 1203 1501 1323">
     <span class='ocr_line' id='line_1_38' title="bbox 488 1203 1500 1244; baseline -0.001 -10"><span class='ocrx_word' id='word_1_265' title='bbox 488 1205 677 1234; x_wconf 72' lang='lat' dir='ltr'>Respommo</span> <span class='ocrx_word' id='word_1_266' title='bbox 709 1214 868 1234; x_wconf 79' lang='lat' dir='ltr'>DICENDUM</span> <span class='ocrx_word' id='word_1_267' title='bbox 902 1204 1006 1244; x_wconf 94' lang='lat' dir='ltr'>quod,</span> <span class='ocrx_word' id='word_1_268' title='bbox 1031 1205 1112 1235; x_wconf 90' lang='lat' dir='ltr'>sicut</span> <span class='ocrx_word' id='word_1_269' title='bbox 1145 1204 1345 1244; x_wconf 89' lang='lat' dir='ltr'>participatio</span> <span class='ocrx_word' id='word_1_270' title='bbox 1378 1203 1500 1234; x_wconf 82' lang='lat' dir='ltr'>formae</span> 
     </span>
     <span class='ocr_line' id='line_1_39' title="bbox 434 1247 1499 1289; baseline 0 -11"><span class='ocrx_word' id='word_1_271' title='bbox 434 1258 516 1289; x_wconf 91' lang='lat' dir='ltr'>quae</span> <span class='ocrx_word' id='word_1_272' title='bbox 540 1253 586 1278; x_wconf 91' lang='lat' dir='ltr'>est</span> <span class='ocrx_word' id='word_1_273' title='bbox 609 1248 789 1278; x_wconf 91' lang='lat' dir='ltr'>inducenda</span> <span class='ocrx_word' id='word_1_274' title='bbox 813 1249 845 1279; x_wconf 92' lang='lat' dir='ltr'>in</span> <span class='ocrx_word' id='word_1_275' title='bbox 870 1248 1030 1285; x_wconf 88' lang='lat' dir='ltr'>effectum,</span> <span class='ocrx_word' id='word_1_276' title='bbox 1046 1258 1115 1279; x_wconf 92' lang='lat' dir='ltr'>non</span> <span class='ocrx_word' id='word_1_277' title='bbox 1138 1247 1213 1278; x_wconf 86' lang='lat' dir='ltr'>facit</span> <span class='ocrx_word' id='word_1_278' title='bbox 1235 1249 1499 1284; x_wconf 87' lang='lat' dir='ltr'>instrumentum;</span> 
     </span>
     <span class='ocr_line' id='line_1_40' title="bbox 433 1292 1501 1323; baseline -0.001 0"><span class='ocrx_word' id='word_1_279' title='bbox 433 1294 476 1323; x_wconf 91' lang='lat' dir='ltr'>ita</span> <span class='ocrx_word' id='word_1_280' title='bbox 491 1302 551 1323; x_wconf 88' lang='lat' dir='ltr'>nec</span> <span class='ocrx_word' id='word_1_281' title='bbox 567 1293 739 1322; x_wconf 85' lang='lat' dir='ltr'>subtractio</span> <span class='ocrx_word' id='word_1_282' title='bbox 760 1293 829 1323; x_wconf 87' lang='lat' dir='ltr'>talis</span> <span class='ocrx_word' id='word_1_283' title='bbox 853 1292 975 1323; x_wconf 87' lang='lat' dir='ltr'>formae</span> <span class='ocrx_word' id='word_1_284' title='bbox 998 1293 1082 1323; x_wconf 90' lang='lat' dir='ltr'>tollit</span> <span class='ocrx_word' id='word_1_285' title='bbox 1104 1302 1200 1323; x_wconf 89' lang='lat' dir='ltr'>usum</span> <span class='ocrx_word' id='word_1_286' title='bbox 1223 1293 1436 1322; x_wconf 88' lang='lat' dir='ltr'>instrumenti.</span> <span class='ocrx_word' id='word_1_287' title='bbox 1460 1292 1501 1322; x_wconf 91' lang='lat' dir='ltr'>Et</span> 
     </span>
    </p>
   </div>
   <div class='ocr_carea' id='block_1_13' title="bbox 1555 718 2626 1113">
    <p class='ocr_par' dir='ltr' id='par_1_17' title="bbox 1555 718 2626 1113">
     <span class='ocr_line' id='line_1_41' title="bbox 1613 718 2626 758; baseline 0.002 -10"><span class='ocrx_word' id='word_1_288' title='bbox 1613 729 1642 749; x_wconf 89' lang='lat'>2.</span> <span class='ocrx_word' id='word_1_289' title='bbox 1659 719 1856 754; x_wconf 60' lang='lat' dir='ltr'>Pani-nam,</span> <span class='ocrx_word' id='word_1_290' title='bbox 1868 718 1976 749; x_wconf 91' lang='lat' dir='ltr'>nullus</span> <span class='ocrx_word' id='word_1_291' title='bbox 1993 718 2167 748; x_wconf 88' lang='lat' dir='ltr'>absolvitur</span> <span class='ocrx_word' id='word_1_292' title='bbox 2183 722 2200 748; x_wconf 86' lang='lat' dir='ltr'>a</span> <span class='ocrx_word' id='word_1_293' title='bbox 2215 723 2350 758; x_wconf 89' lang='lat' dir='ltr'>peccato</span> <span class='ocrx_word' id='word_1_294' title='bbox 2367 718 2546 750; x_wconf 90' lang='lat' dir='ltr'>secundum</span> <span class='ocrx_word' id='word_1_295' title='bbox 2561 720 2626 750; x_wconf 88' lang='lat' dir='ltr'>hoc</span> 
     </span>
     <span class='ocr_line' id='line_1_42' title="bbox 1557 762 2625 804; baseline 0 -10"><span class='ocrx_word' id='word_1_296' title='bbox 1557 763 1647 804; x_wconf 93' lang='lat' dir='ltr'>quod</span> <span class='ocrx_word' id='word_1_297' title='bbox 1669 768 1790 803; x_wconf 87' lang='lat' dir='ltr'>peccat.</span> <span class='ocrx_word' id='word_1_298' title='bbox 1815 762 1878 794; x_wconf 88' lang='lat' dir='ltr'>Sed</span> <span class='ocrx_word' id='word_1_299' title='bbox 1901 762 2015 802; x_wconf 90' lang='lat' dir='ltr'>aliquis</span> <span class='ocrx_word' id='word_1_300' title='bbox 2032 772 2050 793; x_wconf 93' lang='lat' dir='ltr'>a</span> <span class='ocrx_word' id='word_1_301' title='bbox 2065 762 2233 802; x_wconf 88' lang='lat' dir='ltr'>praedictis</span> <span class='ocrx_word' id='word_1_302' title='bbox 2256 762 2494 794; x_wconf 89' lang='lat' dir='ltr'>absolutionem</span> <span class='ocrx_word' id='word_1_303' title='bbox 2513 769 2625 803; x_wconf 90' lang='lat' dir='ltr'>petens</span> 
     </span>
     <span class='ocr_line' id='line_1_43' title="bbox 1556 806 2625 848; baseline 0.002 -11"><span class='ocrx_word' id='word_1_304' title='bbox 1556 813 1678 848; x_wconf 90' lang='lat' dir='ltr'>peccat,</span> <span class='ocrx_word' id='word_1_305' title='bbox 1696 812 1806 838; x_wconf 88' lang='lat' dir='ltr'>contra</span> <span class='ocrx_word' id='word_1_306' title='bbox 1824 812 2031 847; x_wconf 88' lang='lat' dir='ltr'>praeceptum</span> <span class='ocrx_word' id='word_1_307' title='bbox 2054 807 2216 837; x_wconf 89' lang='lat' dir='ltr'>Ecclesiae</span> <span class='ocrx_word' id='word_1_308' title='bbox 2240 806 2370 837; x_wconf 84' lang='lat' dir='ltr'>faciens.</span> <span class='ocrx_word' id='word_1_309' title='bbox 2393 807 2480 847; x_wconf 86' lang='lat' dir='ltr'>Ergo</span> <span class='ocrx_word' id='word_1_310' title='bbox 2495 817 2553 848; x_wconf 89' lang='lat' dir='ltr'>per</span> <span class='ocrx_word' id='word_1_311' title='bbox 2569 817 2625 839; x_wconf 89' lang='lat' dir='ltr'>eos</span> 
     </span>
     <span class='ocr_line' id='line_1_44' title="bbox 1556 851 2579 892; baseline 0 -10"><span class='ocrx_word' id='word_1_312' title='bbox 1556 863 1574 882; x_wconf 88' lang='lat' dir='ltr'>a</span> <span class='ocrx_word' id='word_1_313' title='bbox 1597 857 1730 892; x_wconf 92' lang='lat' dir='ltr'>peccato</span> <span class='ocrx_word' id='word_1_314' title='bbox 1755 851 1877 882; x_wconf 91' lang='lat' dir='ltr'>absolvi</span> <span class='ocrx_word' id='word_1_315' title='bbox 1899 861 1967 882; x_wconf 91' lang='lat' dir='ltr'>non</span> <span class='ocrx_word' id='word_1_316' title='bbox 1990 857 2106 892; x_wconf 90' lang='lat' dir='ltr'>potest.</span> <span class='ocrx_word' id='word_1_317' title='bbox 2130 851 2172 882; x_wconf 88' lang='lat' dir='ltr'>Et</span> <span class='ocrx_word' id='word_1_318' title='bbox 2191 851 2235 882; x_wconf 91' lang='lat' dir='ltr'>sic</span> <span class='ocrx_word' id='word_1_319' title='bbox 2259 851 2345 882; x_wconf 89' lang='lat' dir='ltr'>idem</span> <span class='ocrx_word' id='word_1_320' title='bbox 2369 851 2459 891; x_wconf 90' lang='lat' dir='ltr'>quod</span> <span class='ocrx_word' id='word_1_321' title='bbox 2481 853 2579 892; x_wconf 88' lang='lat' dir='ltr'>prius.</span> 
     </span>
     <span class='ocr_line' id='line_1_45' title="bbox 1610 895 2625 936; baseline 0.001 -10"><span class='ocrx_word' id='word_1_322' title='bbox 1610 897 1800 927; x_wconf 66' lang='lat' dir='ltr'>Rusponmzo</span> <span class='ocrx_word' id='word_1_323' title='bbox 1817 906 1977 926; x_wconf 64' lang='lat' dir='ltr'>mensuum</span> <span class='ocrx_word' id='word_1_324' title='bbox 1989 895 2079 936; x_wconf 89' lang='lat' dir='ltr'>quod</span> <span class='ocrx_word' id='word_1_325' title='bbox 2094 896 2128 926; x_wconf 91' lang='lat' dir='ltr'>in</span> <span class='ocrx_word' id='word_1_326' title='bbox 2144 896 2296 926; x_wconf 91' lang='lat' dir='ltr'>omnibus</span> <span class='ocrx_word' id='word_1_327' title='bbox 2307 895 2475 936; x_wconf 85' lang='lat' dir='ltr'>praedictis</span> <span class='ocrx_word' id='word_1_328' title='bbox 2487 897 2504 913; x_wconf 70' lang='lat'>⁴*</span> <span class='ocrx_word' id='word_1_329' title='bbox 2515 902 2625 928; x_wconf 90' lang='lat' dir='ltr'>manet</span> 
     </span>
     <span class='ocr_line' id='line_1_46' title="bbox 1557 939 2625 981; baseline 0.001 -11"><span class='ocrx_word' id='word_1_330' title='bbox 1557 941 1694 971; x_wconf 88' lang='lat' dir='ltr'>clavium</span> <span class='ocrx_word' id='word_1_331' title='bbox 1716 946 1857 980; x_wconf 92' lang='lat' dir='ltr'>potestas</span> <span class='ocrx_word' id='word_1_332' title='bbox 1881 945 2038 980; x_wconf 91' lang='lat' dir='ltr'>quantum</span> <span class='ocrx_word' id='word_1_333' title='bbox 2061 939 2102 971; x_wconf 91' lang='lat' dir='ltr'>ad</span> <span class='ocrx_word' id='word_1_334' title='bbox 2125 941 2311 977; x_wconf 84' lang='lat' dir='ltr'>essentiam,</span> <span class='ocrx_word' id='word_1_335' title='bbox 2340 940 2396 971; x_wconf 86' lang='lat' dir='ltr'>sed</span> <span class='ocrx_word' id='word_1_336' title='bbox 2422 950 2499 972; x_wconf 89' lang='lat' dir='ltr'>usus</span> <span class='ocrx_word' id='word_1_337' title='bbox 2522 941 2625 981; x_wconf 88' lang='lat' dir='ltr'>impe-</span> 
     </span>
     <span class='ocr_line' id='line_1_47' title="bbox 1556 984 2624 1016; baseline 0.001 -1"><span class='ocrx_word' id='word_1_338' title='bbox 1556 984 1640 1015; x_wconf 92' lang='lat' dir='ltr'>ditur</span> <span class='ocrx_word' id='word_1_339' title='bbox 1664 995 1702 1015; x_wconf 87' lang='lat' dir='ltr'>ex</span> <span class='ocrx_word' id='word_1_340' title='bbox 1725 984 1852 1015; x_wconf 86' lang='lat' dir='ltr'>defectu</span> <span class='ocrx_word' id='word_1_341' title='bbox 1882 985 2043 1016; x_wconf 88' lang='lat' dir='ltr'>materiae.</span> <span class='ocrx_word' id='word_1_342' title='bbox 2078 984 2164 1015; x_wconf 92' lang='lat' dir='ltr'>Cum</span> <span class='ocrx_word' id='word_1_343' title='bbox 2196 985 2283 1015; x_wconf 91' lang='lat' dir='ltr'>enim</span> <span class='ocrx_word' id='word_1_344' title='bbox 2315 995 2392 1015; x_wconf 92' lang='lat' dir='ltr'>usus</span> <span class='ocrx_word' id='word_1_345' title='bbox 2425 985 2563 1016; x_wconf 88' lang='lat' dir='ltr'>clavium</span> <span class='ocrx_word' id='word_1_346' title='bbox 2590 986 2624 1016; x_wconf 91' lang='lat' dir='ltr'>in</span> 
     </span>
     <span class='ocr_line' id='line_1_48' title="bbox 1555 1029 2623 1069; baseline 0.001 -10"><span class='ocrx_word' id='word_1_347' title='bbox 1555 1034 1665 1059; x_wconf 90' lang='lat' dir='ltr'>utente</span> <span class='ocrx_word' id='word_1_348' title='bbox 1688 1029 1919 1068; x_wconf 80' lang='lat' dir='ltr'>praelationem</span> <span class='ocrx_word' id='word_1_349' title='bbox 1941 1029 2080 1068; x_wconf 90' lang='lat' dir='ltr'>requirat</span> <span class='ocrx_word' id='word_1_350' title='bbox 2099 1035 2247 1069; x_wconf 90' lang='lat' dir='ltr'>respectu</span> <span class='ocrx_word' id='word_1_351' title='bbox 2265 1030 2334 1060; x_wconf 90' lang='lat' dir='ltr'>eius</span> <span class='ocrx_word' id='word_1_352' title='bbox 2349 1030 2384 1060; x_wconf 88' lang='lat' dir='ltr'>in</span> <span class='ocrx_word' id='word_1_353' title='bbox 2399 1039 2498 1069; x_wconf 89' lang='lat' dir='ltr'>quem</span> <span class='ocrx_word' id='word_1_354' title='bbox 2514 1031 2623 1066; x_wconf 88' lang='lat' dir='ltr'>utitur,</span> 
     </span>
     <span class='ocr_line' id='line_1_49' title="bbox 1555 1072 2624 1113; baseline 0.003 -11"><span class='ocrx_word' id='word_1_355' title='bbox 1555 1078 1591 1102; x_wconf 91' lang='lat' dir='ltr'>ut</span> <span class='ocrx_word' id='word_1_356' title='bbox 1615 1072 1736 1103; x_wconf 90' lang='lat' dir='ltr'>dictum</span> <span class='ocrx_word' id='word_1_357' title='bbox 1760 1078 1807 1103; x_wconf 92' lang='lat' dir='ltr'>est</span> <span class='ocrx_word' id='word_1_358' title='bbox 1822 1074 1848 1108; x_wconf 60' lang='lat'>⁴⁶,</span> <span class='ocrx_word' id='word_1_359' title='bbox 1874 1073 2004 1112; x_wconf 89' lang='lat' dir='ltr'>propria</span> <span class='ocrx_word' id='word_1_360' title='bbox 2025 1074 2156 1104; x_wconf 90' lang='lat' dir='ltr'>materia</span> <span class='ocrx_word' id='word_1_361' title='bbox 2177 1074 2212 1104; x_wconf 93' lang='lat' dir='ltr'>in</span> <span class='ocrx_word' id='word_1_362' title='bbox 2239 1083 2338 1113; x_wconf 91' lang='lat' dir='ltr'>quam</span> <span class='ocrx_word' id='word_1_363' title='bbox 2361 1079 2524 1105; x_wconf 85' lang='lat' dir='ltr'>exercetur</span> <span class='ocrx_word' id='word_1_364' title='bbox 2547 1084 2624 1105; x_wconf 92' lang='lat' dir='ltr'>usus</span> 
     </span>
    </p>
   </div>
   <div class='ocr_carea' id='block_1_14' title="bbox 1516 1116 2624 1158">
    <p class='ocr_par' dir='ltr' id='par_1_18' title="bbox 1516 1116 2624 1158">
     <span class='ocr_line' id='line_1_50' title="bbox 1516 1116 2624 1158; baseline 0.005 -13"><span class='ocrx_word' id='word_1_365' title='bbox 1516 1125 1542 1140; x_wconf 84' lang='lat'>20</span> <span class='ocrx_word' id='word_1_366' title='bbox 1557 1116 1710 1152; x_wconf 89' lang='lat' dir='ltr'>clavium,</span> <span class='ocrx_word' id='word_1_367' title='bbox 1735 1122 1782 1146; x_wconf 89' lang='lat' dir='ltr'>est</span> <span class='ocrx_word' id='word_1_368' title='bbox 1810 1117 1911 1147; x_wconf 92' lang='lat' dir='ltr'>homo</span> <span class='ocrx_word' id='word_1_369' title='bbox 1942 1116 2097 1147; x_wconf 90' lang='lat' dir='ltr'>subditus.</span> <span class='ocrx_word' id='word_1_370' title='bbox 2130 1117 2171 1148; x_wconf 91' lang='lat' dir='ltr'>Et</span> <span class='ocrx_word' id='word_1_371' title='bbox 2199 1118 2275 1158; x_wconf 87' lang='lat' dir='ltr'>quia</span> <span class='ocrx_word' id='word_1_372' title='bbox 2304 1127 2361 1158; x_wconf 88' lang='lat' dir='ltr'>per</span> <span class='ocrx_word' id='word_1_373' title='bbox 2388 1118 2624 1150; x_wconf 88' lang='lat' dir='ltr'>ordinationem</span> 
     </span>
    </p>
   </div>
   <div class='ocr_carea' id='block_1_15' title="bbox 1554 1159 2626 1334">
    <p class='ocr_par' dir='ltr' id='par_1_19' title="bbox 1554 1159 2626 1334">
     <span class='ocr_line' id='line_1_51' title="bbox 1556 1159 2624 1202; baseline 0.005 -12"><span class='ocrx_word' id='word_1_374' title='bbox 1556 1160 1718 1190; x_wconf 88' lang='lat' dir='ltr'>Ecclesiae</span> <span class='ocrx_word' id='word_1_375' title='bbox 1748 1159 1893 1190; x_wconf 91' lang='lat' dir='ltr'>subditur</span> <span class='ocrx_word' id='word_1_376' title='bbox 1920 1170 2004 1191; x_wconf 90' lang='lat' dir='ltr'>unus</span> <span class='ocrx_word' id='word_1_377' title='bbox 2032 1161 2136 1197; x_wconf 87' lang='lat' dir='ltr'>alteri,</span> <span class='ocrx_word' id='word_1_378' title='bbox 2159 1161 2234 1192; x_wconf 91' lang='lat' dir='ltr'>ideo</span> <span class='ocrx_word' id='word_1_379' title='bbox 2263 1162 2359 1192; x_wconf 89' lang='lat' dir='ltr'>etiam</span> <span class='ocrx_word' id='word_1_380' title='bbox 2381 1171 2439 1202; x_wconf 90' lang='lat' dir='ltr'>per</span> <span class='ocrx_word' id='word_1_381' title='bbox 2461 1163 2624 1195; x_wconf 85' lang='lat' dir='ltr'>Ecclesiae</span> 
     </span>
     <span class='ocr_line' id='line_1_52' title="bbox 1555 1204 2623 1245; baseline 0.006 -12"><span class='ocrx_word' id='word_1_382' title='bbox 1555 1204 1713 1243; x_wconf 88' lang='lat' dir='ltr'>praelatos</span> <span class='ocrx_word' id='word_1_383' title='bbox 1736 1209 1843 1244; x_wconf 87' lang='lat' dir='ltr'>potest</span> <span class='ocrx_word' id='word_1_384' title='bbox 1866 1204 2007 1234; x_wconf 89' lang='lat' dir='ltr'>subtrahi</span> <span class='ocrx_word' id='word_1_385' title='bbox 2030 1204 2125 1235; x_wconf 85' lang='lat' dir='ltr'>alicui</span> <span class='ocrx_word' id='word_1_386' title='bbox 2147 1205 2202 1235; x_wconf 89' lang='lat' dir='ltr'>ille</span> <span class='ocrx_word' id='word_1_387' title='bbox 2225 1206 2281 1245; x_wconf 90' lang='lat' dir='ltr'>qui</span> <span class='ocrx_word' id='word_1_388' title='bbox 2303 1211 2368 1236; x_wconf 87' lang='lat' dir='ltr'>erat</span> <span class='ocrx_word' id='word_1_389' title='bbox 2395 1207 2425 1237; x_wconf 84' lang='lat' dir='ltr'>ei</span> <span class='ocrx_word' id='word_1_390' title='bbox 2450 1208 2623 1239; x_wconf 83' lang='lat' dir='ltr'>subiectus.</span> 
     </span>
     <span class='ocr_line' id='line_1_53' title="bbox 1555 1247 2625 1286; baseline 0.005 -8"><span class='ocrx_word' id='word_1_391' title='bbox 1555 1247 1666 1283; x_wconf 87' lang='lat' dir='ltr'>Unde,</span> <span class='ocrx_word' id='word_1_392' title='bbox 1691 1257 1767 1278; x_wconf 90' lang='lat' dir='ltr'>cum</span> <span class='ocrx_word' id='word_1_393' title='bbox 1796 1248 1939 1278; x_wconf 90' lang='lat' dir='ltr'>Ecclesia</span> <span class='ocrx_word' id='word_1_394' title='bbox 1968 1249 2144 1279; x_wconf 88' lang='lat' dir='ltr'>haereticos</span> <span class='ocrx_word' id='word_1_395' title='bbox 2168 1254 2200 1279; x_wconf 89' lang='lat' dir='ltr'>et</span> <span class='ocrx_word' id='word_1_396' title='bbox 2223 1249 2459 1286; x_wconf 86' lang='lat' dir='ltr'>schismaticos,</span> <span class='ocrx_word' id='word_1_397' title='bbox 2484 1256 2516 1281; x_wconf 88' lang='lat' dir='ltr'>et</span> <span class='ocrx_word' id='word_1_398' title='bbox 2545 1252 2625 1283; x_wconf 92' lang='lat' dir='ltr'>alios</span> 
     </span>
     <span class='ocr_line' id='line_1_54' title="bbox 1554 1291 2626 1334; baseline 0.005 -12"><span class='ocrx_word' id='word_1_399' title='bbox 1554 1291 1751 1327; x_wconf 92' lang='lat' dir='ltr'>huiusmodi,</span> <span class='ocrx_word' id='word_1_400' title='bbox 1767 1292 1880 1332; x_wconf 84' lang='lat' dir='ltr'>privet.</span> <span class='ocrx_word' id='word_1_401' title='bbox 1893 1292 2109 1323; x_wconf 89' lang='lat' dir='ltr'>subtrahendo</span> <span class='ocrx_word' id='word_1_402' title='bbox 2133 1292 2288 1329; x_wconf 85' lang='lat' dir='ltr'>subditos,</span> <span class='ocrx_word' id='word_1_403' title='bbox 2304 1294 2355 1324; x_wconf 91' lang='lat' dir='ltr'>vel</span> <span class='ocrx_word' id='word_1_404' title='bbox 2373 1294 2559 1334; x_wconf 88' lang='lat' dir='ltr'>simpliciter</span> <span class='ocrx_word' id='word_1_405' title='bbox 2573 1297 2626 1327; x_wconf 85' lang='lat' dir='ltr'>vel</span> 
     </span>
    </p>
   </div>
   <div class='ocr_carea' id='block_1_16' title="bbox 433 1336 2624 1378">
    <p class='ocr_par' dir='ltr' id='par_1_20' title="bbox 433 1336 2624 1378">
     <span class='ocr_line' id='line_1_55' title="bbox 433 1336 2624 1378; baseline 0.001 -11"><span class='ocrx_word' id='word_1_406' title='bbox 433 1337 517 1372; x_wconf 91' lang='lat' dir='ltr'>ideo,</span> <span class='ocrx_word' id='word_1_407' title='bbox 543 1346 617 1367; x_wconf 90' lang='lat' dir='ltr'>cum</span> <span class='ocrx_word' id='word_1_408' title='bbox 640 1337 740 1367; x_wconf 92' lang='lat' dir='ltr'>homo</span> <span class='ocrx_word' id='word_1_409' title='bbox 765 1338 804 1367; x_wconf 88' lang='lat' dir='ltr'>sit</span> <span class='ocrx_word' id='word_1_410' title='bbox 827 1342 951 1367; x_wconf 89' lang='lat' dir='ltr'>tantum</span> <span class='ocrx_word' id='word_1_411' title='bbox 975 1337 1256 1367; x_wconf 79' lang='lat' dir='ltr'>instrumentaliter</span> <span class='ocrx_word' id='word_1_412' title='bbox 1278 1346 1374 1376; x_wconf 91' lang='lat' dir='ltr'>agens</span> <span class='ocrx_word' id='word_1_413' title='bbox 1389 1337 1424 1367; x_wconf 87' lang='lat' dir='ltr'>in</span> <span class='ocrx_word' id='word_1_414' title='bbox 1439 1346 1501 1366; x_wconf 91' lang='lat' dir='ltr'>usu</span> <span class='ocrx_word' id='word_1_415' title='bbox 1516 1344 1538 1364; x_wconf 84' lang='lat'>²⁵</span> <span class='ocrx_word' id='word_1_416' title='bbox 1556 1341 1714 1375; x_wconf 86' lang='lat' dir='ltr'>quantum</span> <span class='ocrx_word' id='word_1_417' title='bbox 1737 1336 1778 1366; x_wconf 90' lang='lat' dir='ltr'>ad</span> <span class='ocrx_word' id='word_1_418' title='bbox 1800 1336 1938 1376; x_wconf 87' lang='lat' dir='ltr'>aliquid,</span> <span class='ocrx_word' id='word_1_419' title='bbox 1963 1342 2121 1376; x_wconf 89' lang='lat' dir='ltr'>quantum</span> <span class='ocrx_word' id='word_1_420' title='bbox 2145 1336 2184 1367; x_wconf 87' lang='lat' dir='ltr'>ad</span> <span class='ocrx_word' id='word_1_421' title='bbox 2207 1337 2271 1368; x_wconf 90' lang='lat' dir='ltr'>hoc</span> <span class='ocrx_word' id='word_1_422' title='bbox 2298 1346 2365 1378; x_wconf 88' lang='lat' dir='ltr'>quo</span> <span class='ocrx_word' id='word_1_423' title='bbox 2393 1339 2507 1378; x_wconf 86' lang='lat' dir='ltr'>privati</span> <span class='ocrx_word' id='word_1_424' title='bbox 2534 1345 2624 1376; x_wconf 87' lang='lat' dir='ltr'>sunt,</span> 
     </span>
    </p>
   </div>
   <div class='ocr_carea' id='block_1_17' title="bbox 429 1381 1501 2442">
    <p class='ocr_par' dir='ltr' id='par_1_21' title="bbox 432 1381 1501 1500">
     <span class='ocr_line' id='line_1_56' title="bbox 434 1381 1499 1421; baseline -0.002 -9"><span class='ocrx_word' id='word_1_425' title='bbox 434 1382 581 1417; x_wconf 84' lang='lat' dir='ltr'>clavium,</span> <span class='ocrx_word' id='word_1_426' title='bbox 599 1387 898 1421; x_wconf 88' lang='lat' dir='ltr'>quantumcumque</span> <span class='ocrx_word' id='word_1_427' title='bbox 915 1382 953 1411; x_wconf 91' lang='lat' dir='ltr'>sit</span> <span class='ocrx_word' id='word_1_428' title='bbox 968 1391 1025 1421; x_wconf 88' lang='lat' dir='ltr'>per</span> <span class='ocrx_word' id='word_1_429' title='bbox 1041 1386 1210 1421; x_wconf 90' lang='lat' dir='ltr'>peccatum</span> <span class='ocrx_word' id='word_1_430' title='bbox 1233 1381 1331 1420; x_wconf 86' lang='lat' dir='ltr'>gratia</span> <span class='ocrx_word' id='word_1_431' title='bbox 1349 1381 1499 1420; x_wconf 82' lang='lat' dir='ltr'>privatus,</span> 
     </span>
     <span class='ocr_line' id='line_1_57' title="bbox 432 1424 1501 1466; baseline 0 -11"><span class='ocrx_word' id='word_1_432' title='bbox 432 1435 490 1466; x_wconf 91' lang='lat' dir='ltr'>per</span> <span class='ocrx_word' id='word_1_433' title='bbox 513 1434 610 1465; x_wconf 89' lang='lat' dir='ltr'>quarn</span> <span class='ocrx_word' id='word_1_434' title='bbox 633 1424 669 1455; x_wconf 94' lang='lat' dir='ltr'>fit</span> <span class='ocrx_word' id='word_1_435' title='bbox 691 1426 835 1455; x_wconf 87' lang='lat' dir='ltr'>remissio</span> <span class='ocrx_word' id='word_1_436' title='bbox 865 1431 1090 1466; x_wconf 87' lang='lat' dir='ltr'>peccatorum,</span> <span class='ocrx_word' id='word_1_437' title='bbox 1114 1425 1205 1456; x_wconf 90' lang='lat' dir='ltr'>nullo</span> <span class='ocrx_word' id='word_1_438' title='bbox 1235 1425 1336 1455; x_wconf 89' lang='lat' dir='ltr'>modo</span> <span class='ocrx_word' id='word_1_439' title='bbox 1360 1425 1501 1465; x_wconf 89' lang='lat' dir='ltr'>privatur</span> 
     </span>
     <span class='ocr_line' id='line_1_58' title="bbox 432 1470 664 1500; baseline -0.004 0"><span class='ocrx_word' id='word_1_440' title='bbox 432 1479 494 1500; x_wconf 89' lang='lat' dir='ltr'>usu</span> <span class='ocrx_word' id='word_1_441' title='bbox 517 1470 664 1500; x_wconf 89' lang='lat' dir='ltr'>clavium.</span> 
     </span>
    </p>

    <p class='ocr_par' dir='ltr' id='par_1_22' title="bbox 431 1513 1499 1687">
     <span class='ocr_line' id='line_1_59' title="bbox 486 1513 1498 1554; baseline 0.001 -11"><span class='ocrx_word' id='word_1_442' title='bbox 486 1514 537 1543; x_wconf 81' lang='lat' dir='ltr'>AD</span> <span class='ocrx_word' id='word_1_443' title='bbox 561 1523 678 1544; x_wconf 67' lang='lat' dir='ltr'>ramum</span> <span class='ocrx_word' id='word_1_444' title='bbox 701 1523 784 1544; x_wconf 76' lang='lat' dir='ltr'>eaeo</span> <span class='ocrx_word' id='word_1_445' title='bbox 808 1523 968 1544; x_wconf 64' lang='lat' dir='ltr'>memnon</span> <span class='ocrx_word' id='word_1_446' title='bbox 991 1514 1081 1554; x_wconf 88' lang='lat' dir='ltr'>quod</span> <span class='ocrx_word' id='word_1_447' title='bbox 1100 1514 1224 1544; x_wconf 91' lang='lat' dir='ltr'>donum</span> <span class='ocrx_word' id='word_1_448' title='bbox 1241 1513 1376 1553; x_wconf 84' lang='lat' dir='ltr'>Spin&#39;tus</span> <span class='ocrx_word' id='word_1_449' title='bbox 1392 1513 1498 1544; x_wconf 89' lang='lat' dir='ltr'>Sancti</span> 
     </span>
     <span class='ocr_line' id='line_1_60' title="bbox 432 1557 1498 1598; baseline 0 -10"><span class='ocrx_word' id='word_1_450' title='bbox 432 1559 566 1598; x_wconf 86' lang='lat' dir='ltr'>exigitur</span> <span class='ocrx_word' id='word_1_451' title='bbox 581 1558 621 1588; x_wconf 90' lang='lat' dir='ltr'>ad</span> <span class='ocrx_word' id='word_1_452' title='bbox 637 1567 732 1588; x_wconf 87' lang='lat' dir='ltr'>usum</span> <span class='ocrx_word' id='word_1_453' title='bbox 749 1558 886 1588; x_wconf 92' lang='lat' dir='ltr'>clavium</span> <span class='ocrx_word' id='word_1_454' title='bbox 902 1568 970 1588; x_wconf 93' lang='lat' dir='ltr'>non</span> <span class='ocrx_word' id='word_1_455' title='bbox 986 1564 1022 1589; x_wconf 92' lang='lat' dir='ltr'>ut</span> <span class='ocrx_word' id='word_1_456' title='bbox 1037 1559 1105 1589; x_wconf 91' lang='lat' dir='ltr'>sine</span> <span class='ocrx_word' id='word_1_457' title='bbox 1129 1568 1196 1598; x_wconf 89' lang='lat' dir='ltr'>quo</span> <span class='ocrx_word' id='word_1_458' title='bbox 1220 1557 1289 1588; x_wconf 90' lang='lat' dir='ltr'>fieri</span> <span class='ocrx_word' id='word_1_459' title='bbox 1303 1568 1372 1589; x_wconf 90' lang='lat' dir='ltr'>non</span> <span class='ocrx_word' id='word_1_460' title='bbox 1388 1559 1498 1598; x_wconf 88' lang='lat' dir='ltr'>possit,</span> 
     </span>
     <span class='ocr_line' id='line_1_61' title="bbox 431 1602 1499 1643; baseline 0.001 -11"><span class='ocrx_word' id='word_1_461' title='bbox 431 1602 487 1632; x_wconf 93' lang='lat' dir='ltr'>sed</span> <span class='ocrx_word' id='word_1_462' title='bbox 510 1603 586 1642; x_wconf 90' lang='lat' dir='ltr'>quia</span> <span class='ocrx_word' id='word_1_463' title='bbox 608 1603 676 1632; x_wconf 91' lang='lat' dir='ltr'>sine</span> <span class='ocrx_word' id='word_1_464' title='bbox 700 1611 740 1632; x_wconf 93' lang='lat' dir='ltr'>eo</span> <span class='ocrx_word' id='word_1_465' title='bbox 764 1603 942 1642; x_wconf 89' lang='lat' dir='ltr'>incongrue</span> <span class='ocrx_word' id='word_1_466' title='bbox 965 1602 1001 1633; x_wconf 88' lang='lat' dir='ltr'>fit</span> <span class='ocrx_word' id='word_1_467' title='bbox 1025 1613 1062 1633; x_wconf 87' lang='lat' dir='ltr'>ex</span> <span class='ocrx_word' id='word_1_468' title='bbox 1085 1608 1174 1643; x_wconf 88' lang='lat' dir='ltr'>parte</span> <span class='ocrx_word' id='word_1_469' title='bbox 1193 1603 1327 1633; x_wconf 88' lang='lat' dir='ltr'>utentis:</span> <span class='ocrx_word' id='word_1_470' title='bbox 1353 1604 1499 1643; x_wconf 84' lang='lat' dir='ltr'>quamvis</span> 
     </span>
     <span class='ocr_line' id='line_1_62' title="bbox 431 1646 1410 1687; baseline 0 -10"><span class='ocrx_word' id='word_1_471' title='bbox 431 1647 602 1677; x_wconf 90' lang='lat' dir='ltr'>subiiciens</span> <span class='ocrx_word' id='word_1_472' title='bbox 625 1655 658 1676; x_wconf 91' lang='lat' dir='ltr'>se</span> <span class='ocrx_word' id='word_1_473' title='bbox 683 1647 823 1677; x_wconf 88' lang='lat' dir='ltr'>clavibus</span> <span class='ocrx_word' id='word_1_474' title='bbox 847 1646 997 1677; x_wconf 88' lang='lat' dir='ltr'>effectum</span> <span class='ocrx_word' id='word_1_475' title='bbox 1021 1648 1159 1678; x_wconf 91' lang='lat' dir='ltr'>clavium</span> <span class='ocrx_word' id='word_1_476' title='bbox 1183 1653 1410 1687; x_wconf 87' lang='lat' dir='ltr'>consequatur.</span> 
     </span>
    </p>

    <p class='ocr_par' dir='ltr' id='par_1_23' title="bbox 430 1691 1500 1988">
     <span class='ocr_line' id='line_1_63' title="bbox 485 1691 1498 1731; baseline 0.002 -11"><span class='ocrx_word' id='word_1_477' title='bbox 485 1691 536 1721; x_wconf 87' lang='lat' dir='ltr'>An</span> <span class='ocrx_word' id='word_1_478' title='bbox 560 1700 722 1721; x_wconf 76' lang='lat' dir='ltr'>SECUNDUM</span> <span class='ocrx_word' id='word_1_479' title='bbox 752 1701 912 1722; x_wconf 83' lang='lat' dir='ltr'>DICENDUM</span> <span class='ocrx_word' id='word_1_480' title='bbox 936 1691 1026 1731; x_wconf 93' lang='lat' dir='ltr'>quod</span> <span class='ocrx_word' id='word_1_481' title='bbox 1048 1701 1102 1722; x_wconf 89' lang='lat' dir='ltr'>rex</span> <span class='ocrx_word' id='word_1_482' title='bbox 1125 1697 1269 1722; x_wconf 90' lang='lat' dir='ltr'>terrenus</span> <span class='ocrx_word' id='word_1_483' title='bbox 1292 1692 1326 1722; x_wconf 90' lang='lat' dir='ltr'>in</span> <span class='ocrx_word' id='word_1_484' title='bbox 1349 1693 1498 1723; x_wconf 89' lang='lat' dir='ltr'>thesauro</span> 
     </span>
     <span class='ocr_line' id='line_1_64' title="bbox 431 1734 1499 1777; baseline 0.002 -12"><span class='ocrx_word' id='word_1_485' title='bbox 431 1745 490 1766; x_wconf 93' lang='lat' dir='ltr'>suo</span> <span class='ocrx_word' id='word_1_486' title='bbox 515 1734 691 1765; x_wconf 89' lang='lat' dir='ltr'>defraudari</span> <span class='ocrx_word' id='word_1_487' title='bbox 708 1740 739 1765; x_wconf 92' lang='lat' dir='ltr'>et</span> <span class='ocrx_word' id='word_1_488' title='bbox 754 1735 858 1775; x_wconf 88' lang='lat' dir='ltr'>decipi</span> <span class='ocrx_word' id='word_1_489' title='bbox 882 1741 1005 1776; x_wconf 88' lang='lat' dir='ltr'>potest:</span> <span class='ocrx_word' id='word_1_490' title='bbox 1032 1742 1063 1766; x_wconf 85' lang='lat' dir='ltr'>et</span> <span class='ocrx_word' id='word_1_491' title='bbox 1078 1735 1152 1767; x_wconf 92' lang='lat' dir='ltr'>ideo</span> <span class='ocrx_word' id='word_1_492' title='bbox 1176 1737 1261 1767; x_wconf 89' lang='lat' dir='ltr'>hosti</span> <span class='ocrx_word' id='word_1_493' title='bbox 1284 1737 1352 1766; x_wconf 90' lang='lat' dir='ltr'>eius</span> <span class='ocrx_word' id='word_1_494' title='bbox 1371 1736 1499 1777; x_wconf 89' lang='lat' dir='ltr'>dispen-</span> 
     </span>
     <span class='ocr_line' id='line_1_65' title="bbox 432 1779 1499 1812; baseline 0.002 -3"><span class='ocrx_word' id='word_1_495' title='bbox 432 1779 587 1810; x_wconf 89' lang='lat' dir='ltr'>sationem</span> <span class='ocrx_word' id='word_1_496' title='bbox 603 1789 670 1809; x_wconf 88' lang='lat' dir='ltr'>non</span> <span class='ocrx_word' id='word_1_497' title='bbox 687 1780 868 1810; x_wconf 89' lang='lat' dir='ltr'>committit.</span> <span class='ocrx_word' id='word_1_498' title='bbox 893 1780 956 1811; x_wconf 92' lang='lat' dir='ltr'>Sed</span> <span class='ocrx_word' id='word_1_499' title='bbox 978 1781 1047 1811; x_wconf 86' lang='lat' dir='ltr'>Rex</span> <span class='ocrx_word' id='word_1_500' title='bbox 1071 1781 1213 1811; x_wconf 90' lang='lat' dir='ltr'>caelestis</span> <span class='ocrx_word' id='word_1_501' title='bbox 1237 1780 1415 1811; x_wconf 89' lang='lat' dir='ltr'>defraudari</span> <span class='ocrx_word' id='word_1_502' title='bbox 1430 1791 1499 1812; x_wconf 93' lang='lat' dir='ltr'>non</span> 
     </span>
     <span class='ocr_line' id='line_1_66' title="bbox 430 1823 1500 1866; baseline 0.002 -12"><span class='ocrx_word' id='word_1_503' title='bbox 430 1830 551 1864; x_wconf 88' lang='lat' dir='ltr'>potest:</span> <span class='ocrx_word' id='word_1_504' title='bbox 577 1825 651 1864; x_wconf 91' lang='lat' dir='ltr'>quia</span> <span class='ocrx_word' id='word_1_505' title='bbox 674 1829 780 1854; x_wconf 89' lang='lat' dir='ltr'>totum</span> <span class='ocrx_word' id='word_1_506' title='bbox 804 1823 843 1854; x_wconf 93' lang='lat' dir='ltr'>ad</span> <span class='ocrx_word' id='word_1_507' title='bbox 866 1825 966 1865; x_wconf 91' lang='lat' dir='ltr'>ipsius</span> <span class='ocrx_word' id='word_1_508' title='bbox 989 1826 1148 1856; x_wconf 84' lang='lat' dir='ltr'>honorem</span> <span class='ocrx_word' id='word_1_509' title='bbox 1173 1824 1266 1862; x_wconf 87' lang='lat' dir='ltr'>cedit,</span> <span class='ocrx_word' id='word_1_510' title='bbox 1291 1826 1386 1856; x_wconf 90' lang='lat' dir='ltr'>etiam</span> <span class='ocrx_word' id='word_1_511' title='bbox 1410 1826 1500 1866; x_wconf 92' lang='lat' dir='ltr'>quod</span> 
     </span>
     <span class='ocr_line' id='line_1_67' title="bbox 431 1868 1499 1910; baseline 0.002 -12"><span class='ocrx_word' id='word_1_512' title='bbox 431 1869 529 1908; x_wconf 91' lang='lat' dir='ltr'>aliqui</span> <span class='ocrx_word' id='word_1_513' title='bbox 553 1868 693 1898; x_wconf 85' lang='lat' dir='ltr'>clavibus</span> <span class='ocrx_word' id='word_1_514' title='bbox 715 1869 800 1899; x_wconf 89' lang='lat' dir='ltr'>male</span> <span class='ocrx_word' id='word_1_515' title='bbox 823 1874 971 1906; x_wconf 90' lang='lat' dir='ltr'>utuntur;</span> <span class='ocrx_word' id='word_1_516' title='bbox 997 1871 1073 1910; x_wconf 93' lang='lat' dir='ltr'>quia</span> <span class='ocrx_word' id='word_1_517' title='bbox 1095 1870 1187 1900; x_wconf 91' lang='lat' dir='ltr'>novit</span> <span class='ocrx_word' id='word_1_518' title='bbox 1210 1879 1248 1900; x_wconf 90' lang='lat' dir='ltr'>ex</span> <span class='ocrx_word' id='word_1_519' title='bbox 1270 1870 1362 1900; x_wconf 91' lang='lat' dir='ltr'>malis</span> <span class='ocrx_word' id='word_1_520' title='bbox 1385 1870 1499 1901; x_wconf 89' lang='lat' dir='ltr'>elicere</span> 
     </span>
     <span class='ocr_line' id='line_1_68' title="bbox 431 1913 1498 1952; baseline 0.003 -9"><span class='ocrx_word' id='word_1_521' title='bbox 431 1914 524 1949; x_wconf 85' lang='lat' dir='ltr'>bona,</span> <span class='ocrx_word' id='word_1_522' title='bbox 543 1918 573 1943; x_wconf 90' lang='lat' dir='ltr'>et</span> <span class='ocrx_word' id='word_1_523' title='bbox 588 1922 645 1952; x_wconf 90' lang='lat' dir='ltr'>per</span> <span class='ocrx_word' id='word_1_524' title='bbox 668 1913 770 1943; x_wconf 90' lang='lat' dir='ltr'>malos</span> <span class='ocrx_word' id='word_1_525' title='bbox 794 1914 890 1944; x_wconf 90' lang='lat' dir='ltr'>etiam</span> <span class='ocrx_word' id='word_1_526' title='bbox 913 1914 1014 1948; x_wconf 80' lang='lat' dir='ltr'>multa</span> <span class='ocrx_word' id='word_1_527' title='bbox 1038 1915 1123 1946; x_wconf 93' lang='lat' dir='ltr'>bona</span> <span class='ocrx_word' id='word_1_528' title='bbox 1146 1913 1259 1945; x_wconf 86' lang='lat' dir='ltr'>facere.</span> <span class='ocrx_word' id='word_1_529' title='bbox 1285 1915 1326 1945; x_wconf 91' lang='lat' dir='ltr'>Et</span> <span class='ocrx_word' id='word_1_530' title='bbox 1340 1914 1415 1946; x_wconf 92' lang='lat' dir='ltr'>ideo</span> <span class='ocrx_word' id='word_1_531' title='bbox 1430 1924 1498 1946; x_wconf 87' lang='lat' dir='ltr'>non</span> 
     </span>
     <span class='ocr_line' id='line_1_69' title="bbox 432 1957 611 1988; baseline 0 -1"><span class='ocrx_word' id='word_1_532' title='bbox 432 1963 478 1988; x_wconf 91' lang='lat' dir='ltr'>est</span> <span class='ocrx_word' id='word_1_533' title='bbox 500 1957 611 1987; x_wconf 90' lang='lat' dir='ltr'>simile.</span> 
     </span>
    </p>

    <p class='ocr_par' dir='ltr' id='par_1_24' title="bbox 429 2002 1499 2356">
     <span class='ocr_line' id='line_1_70' title="bbox 485 2002 1499 2044; baseline 0.004 -13"><span class='ocrx_word' id='word_1_534' title='bbox 485 2002 535 2032; x_wconf 84' lang='lat' dir='ltr'>An</span> <span class='ocrx_word' id='word_1_535' title='bbox 565 2011 699 2032; x_wconf 72' lang='lat' dir='ltr'>Tem-nm</span> <span class='ocrx_word' id='word_1_536' title='bbox 734 2012 894 2033; x_wconf 68' lang='lat' dir='ltr'>memnon</span> <span class='ocrx_word' id='word_1_537' title='bbox 928 2002 1019 2043; x_wconf 92' lang='lat' dir='ltr'>quod</span> <span class='ocrx_word' id='word_1_538' title='bbox 1051 2004 1252 2044; x_wconf 86' lang='lat' dir='ltr'>Augustinus</span> <span class='ocrx_word' id='word_1_539' title='bbox 1285 2004 1429 2044; x_wconf 88' lang='lat' dir='ltr'>loquitur</span> <span class='ocrx_word' id='word_1_540' title='bbox 1458 2003 1499 2034; x_wconf 90' lang='lat' dir='ltr'>de</span> 
     </span>
     <span class='ocr_line' id='line_1_71' title="bbox 430 2046 1499 2088; baseline 0.003 -12"><span class='ocrx_word' id='word_1_541' title='bbox 430 2046 617 2076; x_wconf 89' lang='lat' dir='ltr'>remissione</span> <span class='ocrx_word' id='word_1_542' title='bbox 650 2052 857 2086; x_wconf 86' lang='lat' dir='ltr'>peccatorum</span> <span class='ocrx_word' id='word_1_543' title='bbox 889 2047 1069 2078; x_wconf 90' lang='lat' dir='ltr'>secundum</span> <span class='ocrx_word' id='word_1_544' title='bbox 1099 2048 1189 2088; x_wconf 92' lang='lat' dir='ltr'>quod</span> <span class='ocrx_word' id='word_1_545' title='bbox 1219 2049 1320 2079; x_wconf 90' lang='lat' dir='ltr'>sancti</span> <span class='ocrx_word' id='word_1_546' title='bbox 1350 2049 1499 2079; x_wconf 87' lang='lat' dir='ltr'>homines</span> 
     </span>
     <span class='ocr_line' id='line_1_72' title="bbox 430 2091 1498 2131; baseline 0.004 -11"><span class='ocrx_word' id='word_1_547' title='bbox 430 2096 643 2131; x_wconf 87' lang='lat' dir='ltr'>cooperantur</span> <span class='ocrx_word' id='word_1_548' title='bbox 666 2091 706 2121; x_wconf 93' lang='lat' dir='ltr'>ad</span> <span class='ocrx_word' id='word_1_549' title='bbox 727 2092 841 2131; x_wconf 88' lang='lat' dir='ltr'>ipsam,</span> <span class='ocrx_word' id='word_1_550' title='bbox 865 2101 934 2122; x_wconf 92' lang='lat' dir='ltr'>non</span> <span class='ocrx_word' id='word_1_551' title='bbox 957 2101 995 2122; x_wconf 90' lang='lat' dir='ltr'>ex</span> <span class='ocrx_word' id='word_1_552' title='bbox 1013 2093 1045 2122; x_wconf 93' lang='lat' dir='ltr'>vi</span> <span class='ocrx_word' id='word_1_553' title='bbox 1069 2093 1217 2129; x_wconf 89' lang='lat' dir='ltr'>clavium,</span> <span class='ocrx_word' id='word_1_554' title='bbox 1241 2092 1298 2124; x_wconf 91' lang='lat' dir='ltr'>sed</span> <span class='ocrx_word' id='word_1_555' title='bbox 1322 2102 1360 2123; x_wconf 90' lang='lat' dir='ltr'>ex</span> <span class='ocrx_word' id='word_1_556' title='bbox 1382 2094 1498 2123; x_wconf 86' lang='lat' dir='ltr'>merito</span> 
     </span>
     <span class='ocr_line' id='line_1_73' title="bbox 430 2134 1499 2177; baseline 0.003 -12"><span class='ocrx_word' id='word_1_557' title='bbox 430 2135 572 2175; x_wconf 90' lang='lat' dir='ltr'>congrui.</span> <span class='ocrx_word' id='word_1_558' title='bbox 601 2135 643 2165; x_wconf 92' lang='lat' dir='ltr'>Et</span> <span class='ocrx_word' id='word_1_559' title='bbox 665 2134 739 2166; x_wconf 88' lang='lat' dir='ltr'>ideo</span> <span class='ocrx_word' id='word_1_560' title='bbox 763 2135 839 2166; x_wconf 89' lang='lat' dir='ltr'>dicit</span> <span class='ocrx_word' id='word_1_561' title='bbox 863 2135 954 2176; x_wconf 89' lang='lat' dir='ltr'>quod</span> <span class='ocrx_word' id='word_1_562' title='bbox 977 2136 1072 2167; x_wconf 89' lang='lat' dir='ltr'>etiam</span> <span class='ocrx_word' id='word_1_563' title='bbox 1096 2146 1154 2177; x_wconf 88' lang='lat' dir='ltr'>per</span> <span class='ocrx_word' id='word_1_564' title='bbox 1176 2138 1279 2169; x_wconf 90' lang='lat' dir='ltr'>malos</span> <span class='ocrx_word' id='word_1_565' title='bbox 1301 2143 1499 2168; x_wconf 88' lang='lat' dir='ltr'>sacramenta</span> 
     </span>
     <span class='ocr_line' id='line_1_74' title="bbox 429 2179 1498 2222; baseline 0.004 -13"><span class='ocrx_word' id='word_1_566' title='bbox 429 2180 593 2209; x_wconf 85' lang='lat' dir='ltr'>ministrat.</span> <span class='ocrx_word' id='word_1_567' title='bbox 624 2179 665 2209; x_wconf 92' lang='lat' dir='ltr'>Et</span> <span class='ocrx_word' id='word_1_568' title='bbox 687 2180 768 2210; x_wconf 90' lang='lat' dir='ltr'>inter</span> <span class='ocrx_word' id='word_1_569' title='bbox 791 2180 851 2210; x_wconf 91' lang='lat' dir='ltr'>alia</span> <span class='ocrx_word' id='word_1_570' title='bbox 874 2187 1071 2212; x_wconf 84' lang='lat' dir='ltr'>sacramenta</span> <span class='ocrx_word' id='word_1_571' title='bbox 1094 2182 1191 2213; x_wconf 89' lang='lat' dir='ltr'>etiam</span> <span class='ocrx_word' id='word_1_572' title='bbox 1214 2182 1390 2218; x_wconf 88' lang='lat' dir='ltr'>absolutio,</span> <span class='ocrx_word' id='word_1_573' title='bbox 1415 2191 1498 2222; x_wconf 88' lang='lat' dir='ltr'>quae</span> 
     </span>
     <span class='ocr_line' id='line_1_75' title="bbox 430 2223 1498 2267; baseline 0.004 -14"><span class='ocrx_word' id='word_1_574' title='bbox 430 2229 476 2254; x_wconf 87' lang='lat' dir='ltr'>est</span> <span class='ocrx_word' id='word_1_575' title='bbox 498 2233 575 2254; x_wconf 92' lang='lat' dir='ltr'>usus</span> <span class='ocrx_word' id='word_1_576' title='bbox 599 2223 747 2261; x_wconf 84' lang='lat' dir='ltr'>clavium,</span> <span class='ocrx_word' id='word_1_577' title='bbox 773 2226 953 2265; x_wconf 88' lang='lat' dir='ltr'>computari</span> <span class='ocrx_word' id='word_1_578' title='bbox 977 2225 1081 2256; x_wconf 89' lang='lat' dir='ltr'>debet.</span> <span class='ocrx_word' id='word_1_579' title='bbox 1106 2226 1169 2258; x_wconf 92' lang='lat' dir='ltr'>Sed</span> <span class='ocrx_word' id='word_1_580' title='bbox 1192 2236 1250 2267; x_wconf 91' lang='lat' dir='ltr'>per</span> <span class='ocrx_word' id='word_1_581' title='bbox 1272 2227 1414 2257; x_wconf 81' lang='lat' dir='ltr'>membra</span> <span class='ocrx_word' id='word_1_582' title='bbox 1436 2226 1498 2257; x_wconf 88' lang='lat' dir='ltr'>Co-</span> 
     </span>
     <span class='ocr_line' id='line_1_76' title="bbox 430 2267 1499 2311; baseline 0.004 -13"><span class='ocrx_word' id='word_1_583' title='bbox 430 2268 563 2304; x_wconf 86' lang='lat' dir='ltr'>lumbae,</span> <span class='ocrx_word' id='word_1_584' title='bbox 577 2267 657 2298; x_wconf 92' lang='lat' dir='ltr'>idest</span> <span class='ocrx_word' id='word_1_585' title='bbox 672 2277 729 2308; x_wconf 92' lang='lat' dir='ltr'>per</span> <span class='ocrx_word' id='word_1_586' title='bbox 744 2275 871 2299; x_wconf 90' lang='lat' dir='ltr'>sanctos</span> <span class='ocrx_word' id='word_1_587' title='bbox 886 2270 1045 2306; x_wconf 88' lang='lat' dir='ltr'>homines,</span> <span class='ocrx_word' id='word_1_588' title='bbox 1058 2270 1133 2301; x_wconf 86' lang='lat' dir='ltr'>facit</span> <span class='ocrx_word' id='word_1_589' title='bbox 1148 2271 1370 2302; x_wconf 89' lang='lat' dir='ltr'>remissionem</span> <span class='ocrx_word' id='word_1_590' title='bbox 1386 2280 1499 2311; x_wconf 89' lang='lat' dir='ltr'>pecca-</span> 
     </span>
     <span class='ocr_line' id='line_1_77' title="bbox 429 2313 1498 2356; baseline 0.005 -14"><span class='ocrx_word' id='word_1_591' title='bbox 429 2318 535 2342; x_wconf 90' lang='lat' dir='ltr'>torum</span> <span class='ocrx_word' id='word_1_592' title='bbox 558 2313 750 2352; x_wconf 89' lang='lat' dir='ltr'>inquantum</span> <span class='ocrx_word' id='word_1_593' title='bbox 774 2323 888 2344; x_wconf 91' lang='lat' dir='ltr'>eorum</span> <span class='ocrx_word' id='word_1_594' title='bbox 912 2315 1193 2346; x_wconf 89' lang='lat' dir='ltr'>intercessionibus</span> <span class='ocrx_word' id='word_1_595' title='bbox 1209 2321 1341 2356; x_wconf 91' lang='lat' dir='ltr'>peccata</span> <span class='ocrx_word' id='word_1_596' title='bbox 1356 2316 1498 2346; x_wconf 86' lang='lat' dir='ltr'>remittit.</span> 
     </span>
    </p>

    <p class='ocr_par' dir='ltr' id='par_1_25' title="bbox 430 2357 1499 2442">
     <span class='ocr_line' id='line_1_78' title="bbox 483 2357 1499 2398; baseline 0.004 -11"><span class='ocrx_word' id='word_1_597' title='bbox 483 2357 542 2387; x_wconf 91' lang='lat' dir='ltr'>Vel</span> <span class='ocrx_word' id='word_1_598' title='bbox 558 2362 664 2396; x_wconf 88' lang='lat' dir='ltr'>potest</span> <span class='ocrx_word' id='word_1_599' title='bbox 680 2357 742 2388; x_wconf 90' lang='lat' dir='ltr'>dici</span> <span class='ocrx_word' id='word_1_600' title='bbox 759 2357 848 2398; x_wconf 92' lang='lat' dir='ltr'>quod</span> <span class='ocrx_word' id='word_1_601' title='bbox 869 2358 1010 2389; x_wconf 85' lang='lat' dir='ltr'>membra</span> <span class='ocrx_word' id='word_1_602' title='bbox 1029 2359 1205 2390; x_wconf 83' lang='lat' dir='ltr'>Columbae</span> <span class='ocrx_word' id='word_1_603' title='bbox 1223 2361 1370 2391; x_wconf 85' lang='lat' dir='ltr'>nominat</span> <span class='ocrx_word' id='word_1_604' title='bbox 1386 2369 1499 2391; x_wconf 90' lang='lat' dir='ltr'>omnes</span> 
     </span>
     <span class='ocr_line' id='line_1_79' title="bbox 430 2401 1499 2442; baseline 0.004 -11"><span class='ocrx_word' id='word_1_605' title='bbox 430 2401 468 2431; x_wconf 90' lang='lat' dir='ltr'>ab</span> <span class='ocrx_word' id='word_1_606' title='bbox 496 2401 638 2432; x_wconf 89' lang='lat' dir='ltr'>Ecclesia</span> <span class='ocrx_word' id='word_1_607' title='bbox 664 2411 732 2432; x_wconf 91' lang='lat' dir='ltr'>non</span> <span class='ocrx_word' id='word_1_608' title='bbox 763 2403 933 2442; x_wconf 89' lang='lat' dir='ltr'>praecisos.</span> <span class='ocrx_word' id='word_1_609' title='bbox 965 2403 1031 2441; x_wconf 89' lang='lat' dir='ltr'>Qui</span> <span class='ocrx_word' id='word_1_610' title='bbox 1061 2405 1148 2434; x_wconf 90' lang='lat' dir='ltr'>enim</span> <span class='ocrx_word' id='word_1_611' title='bbox 1171 2405 1210 2435; x_wconf 91' lang='lat' dir='ltr'>ab</span> <span class='ocrx_word' id='word_1_612' title='bbox 1235 2405 1280 2435; x_wconf 86' lang='lat' dir='ltr'>eis</span> <span class='ocrx_word' id='word_1_613' title='bbox 1303 2410 1499 2435; x_wconf 86' lang='lat' dir='ltr'>sacramenta</span> 
     </span>
    </p>
   </div>
   <div class='ocr_carea' id='block_1_18' title="bbox 430 2446 1539 2489">
    <p class='ocr_par' dir='ltr' id='par_1_26' title="bbox 430 2446 1539 2489">
     <span class='ocr_line' id='line_1_80' title="bbox 430 2446 1539 2489; baseline 0.003 -14"><span class='ocrx_word' id='word_1_614' title='bbox 430 2446 597 2486; x_wconf 89' lang='lat' dir='ltr'>recipiunt,</span> <span class='ocrx_word' id='word_1_615' title='bbox 613 2447 745 2485; x_wconf 85' lang='lat' dir='ltr'>gratiam</span> <span class='ocrx_word' id='word_1_616' title='bbox 769 2453 1027 2487; x_wconf 86' lang='lat' dir='ltr'>consequuntur:</span> <span class='ocrx_word' id='word_1_617' title='bbox 1052 2458 1120 2479; x_wconf 92' lang='lat' dir='ltr'>non</span> <span class='ocrx_word' id='word_1_618' title='bbox 1137 2454 1244 2480; x_wconf 89' lang='lat' dir='ltr'>autem</span> <span class='ocrx_word' id='word_1_619' title='bbox 1269 2449 1325 2489; x_wconf 93' lang='lat' dir='ltr'>qui</span> <span class='ocrx_word' id='word_1_620' title='bbox 1341 2450 1500 2489; x_wconf 90' lang='lat' dir='ltr'>recipiunt</span> <span class='ocrx_word' id='word_1_621' title='bbox 1514 2457 1539 2478; x_wconf 83' lang='lat'>5⁰</span> 
     </span>
    </p>
   </div>
   <div class='ocr_carea' id='block_1_19' title="bbox 431 2490 1499 2667">
    <p class='ocr_par' dir='ltr' id='par_1_27' title="bbox 431 2490 1499 2621">
     <span class='ocr_line' id='line_1_81' title="bbox 431 2490 1499 2534; baseline 0.006 -15"><span class='ocrx_word' id='word_1_622' title='bbox 431 2490 469 2519; x_wconf 89' lang='lat' dir='ltr'>ab</span> <span class='ocrx_word' id='word_1_623' title='bbox 493 2490 552 2520; x_wconf 91' lang='lat' dir='ltr'>illis</span> <span class='ocrx_word' id='word_1_624' title='bbox 577 2491 632 2530; x_wconf 91' lang='lat' dir='ltr'>qui</span> <span class='ocrx_word' id='word_1_625' title='bbox 656 2497 730 2521; x_wconf 89' lang='lat' dir='ltr'>sunt</span> <span class='ocrx_word' id='word_1_626' title='bbox 753 2492 791 2521; x_wconf 87' lang='lat' dir='ltr'>ab</span> <span class='ocrx_word' id='word_1_627' title='bbox 815 2491 957 2522; x_wconf 88' lang='lat' dir='ltr'>Ecclesia</span> <span class='ocrx_word' id='word_1_628' title='bbox 980 2494 1124 2532; x_wconf 89' lang='lat' dir='ltr'>praecisi,</span> <span class='ocrx_word' id='word_1_629' title='bbox 1145 2494 1220 2533; x_wconf 89' lang='lat' dir='ltr'>quia</span> <span class='ocrx_word' id='word_1_630' title='bbox 1242 2494 1306 2524; x_wconf 91' lang='lat' dir='ltr'>hoc</span> <span class='ocrx_word' id='word_1_631' title='bbox 1328 2494 1400 2534; x_wconf 91' lang='lat' dir='ltr'>ipso</span> <span class='ocrx_word' id='word_1_632' title='bbox 1423 2503 1499 2534; x_wconf 91' lang='lat' dir='ltr'>pec-</span> 
     </span>
     <span class='ocr_line' id='line_1_82' title="bbox 432 2536 1499 2576; baseline 0.005 -13"><span class='ocrx_word' id='word_1_633' title='bbox 432 2539 520 2570; x_wconf 84' lang='lat' dir='ltr'>cant3</span> <span class='ocrx_word' id='word_1_634' title='bbox 545 2540 679 2574; x_wconf 88' lang='lat' dir='ltr'>excepto</span> <span class='ocrx_word' id='word_1_635' title='bbox 710 2536 889 2576; x_wconf 90' lang='lat' dir='ltr'>baptismo,</span> <span class='ocrx_word' id='word_1_636' title='bbox 914 2546 1013 2576; x_wconf 92' lang='lat' dir='ltr'>quem</span> <span class='ocrx_word' id='word_1_637' title='bbox 1040 2537 1073 2567; x_wconf 92' lang='lat' dir='ltr'>in</span> <span class='ocrx_word' id='word_1_638' title='bbox 1098 2547 1173 2568; x_wconf 89' lang='lat' dir='ltr'>casu</span> <span class='ocrx_word' id='word_1_639' title='bbox 1203 2538 1398 2568; x_wconf 89' lang='lat' dir='ltr'>necessitatis</span> <span class='ocrx_word' id='word_1_640' title='bbox 1425 2538 1499 2569; x_wconf 92' lang='lat' dir='ltr'>licet</span> 
     </span>
     <span class='ocr_line' id='line_1_83' title="bbox 432 2579 948 2621; baseline 0.006 -13"><span class='ocrx_word' id='word_1_641' title='bbox 432 2579 470 2608; x_wconf 89' lang='lat' dir='ltr'>ab</span> <span class='ocrx_word' id='word_1_642' title='bbox 495 2580 772 2610; x_wconf 84' lang='lat' dir='ltr'>excommunicato</span> <span class='ocrx_word' id='word_1_643' title='bbox 797 2581 948 2621; x_wconf 89' lang='lat' dir='ltr'>recipere.</span> 
     </span>
    </p>

    <p class='ocr_par' dir='ltr' id='par_1_28' title="bbox 486 2623 1498 2667">
     <span class='ocr_line' id='line_1_84' title="bbox 486 2623 1498 2667; baseline 0.006 -15"><span class='ocrx_word' id='word_1_644' title='bbox 486 2623 536 2652; x_wconf 83' lang='lat' dir='ltr'>An</span> <span class='ocrx_word' id='word_1_645' title='bbox 561 2633 708 2654; x_wconf 61' lang='lat' dir='ltr'>unaarum</span> <span class='ocrx_word' id='word_1_646' title='bbox 731 2634 891 2655; x_wconf 69' lang='lat' dir='ltr'>memnon</span> <span class='ocrx_word' id='word_1_647' title='bbox 915 2625 1004 2665; x_wconf 94' lang='lat' dir='ltr'>quod</span> <span class='ocrx_word' id='word_1_648' title='bbox 1026 2627 1212 2657; x_wconf 85' lang='lat' dir='ltr'>intercessio</span> <span class='ocrx_word' id='word_1_649' title='bbox 1236 2636 1334 2667; x_wconf 91' lang='lat' dir='ltr'>quam</span> <span class='ocrx_word' id='word_1_650' title='bbox 1350 2626 1498 2658; x_wconf 89' lang='lat' dir='ltr'>sacerdos</span> 
     </span>
    </p>
   </div>
   <div class='ocr_carea' id='block_1_20' title="bbox 432 2667 1536 2709">
    <p class='ocr_par' dir='ltr' id='par_1_29' title="bbox 432 2667 1536 2709">
     <span class='ocr_line' id='line_1_85' title="bbox 432 2667 1536 2709; baseline 0.006 -13"><span class='ocrx_word' id='word_1_651' title='bbox 432 2667 533 2696; x_wconf 88' lang='lat' dir='ltr'>malus</span> <span class='ocrx_word' id='word_1_652' title='bbox 550 2677 587 2698; x_wconf 86' lang='lat' dir='ltr'>ex</span> <span class='ocrx_word' id='word_1_653' title='bbox 603 2669 731 2708; x_wconf 90' lang='lat' dir='ltr'>propria</span> <span class='ocrx_word' id='word_1_654' title='bbox 754 2678 891 2709; x_wconf 89' lang='lat' dir='ltr'>persona</span> <span class='ocrx_word' id='word_1_655' title='bbox 914 2669 998 2706; x_wconf 85' lang='lat' dir='ltr'>facit,</span> <span class='ocrx_word' id='word_1_656' title='bbox 1015 2680 1083 2700; x_wconf 91' lang='lat' dir='ltr'>non</span> <span class='ocrx_word' id='word_1_657' title='bbox 1106 2671 1202 2702; x_wconf 90' lang='lat' dir='ltr'>habet</span> <span class='ocrx_word' id='word_1_658' title='bbox 1226 2670 1418 2702; x_wconf 88' lang='lat' dir='ltr'>efficaciam:</span> <span class='ocrx_word' id='word_1_659' title='bbox 1443 2670 1499 2702; x_wconf 87' lang='lat' dir='ltr'>sed</span> <span class='ocrx_word' id='word_1_660' title='bbox 1515 2685 1536 2705; x_wconf 83' lang='lat'>55</span> 
     </span>
    </p>
   </div>
   <div class='ocr_carea' id='block_1_21' title="bbox 431 2710 1499 2843">
    <p class='ocr_par' dir='ltr' id='par_1_30' title="bbox 431 2710 1499 2843">
     <span class='ocr_line' id='line_1_86' title="bbox 431 2710 1499 2751; baseline 0.007 -11"><span class='ocrx_word' id='word_1_661' title='bbox 431 2710 484 2741; x_wconf 83' lang='lat' dir='ltr'>illa</span> <span class='ocrx_word' id='word_1_662' title='bbox 507 2720 604 2751; x_wconf 91' lang='lat' dir='ltr'>quam</span> <span class='ocrx_word' id='word_1_663' title='bbox 628 2712 702 2743; x_wconf 88' lang='lat' dir='ltr'>facit</span> <span class='ocrx_word' id='word_1_664' title='bbox 724 2718 760 2743; x_wconf 92' lang='lat' dir='ltr'>ut</span> <span class='ocrx_word' id='word_1_665' title='bbox 782 2714 926 2744; x_wconf 92' lang='lat' dir='ltr'>minister</span> <span class='ocrx_word' id='word_1_666' title='bbox 948 2714 1120 2751; x_wconf 88' lang='lat' dir='ltr'>Ecclesiae,</span> <span class='ocrx_word' id='word_1_667' title='bbox 1145 2716 1240 2746; x_wconf 90' lang='lat' dir='ltr'>habet</span> <span class='ocrx_word' id='word_1_668' title='bbox 1263 2715 1437 2747; x_wconf 89' lang='lat' dir='ltr'>efficaciam</span> <span class='ocrx_word' id='word_1_669' title='bbox 1461 2726 1499 2746; x_wconf 88' lang='lat' dir='ltr'>ex</span> 
     </span>
     <span class='ocr_line' id='line_1_87' title="bbox 432 2755 1498 2798; baseline 0.007 -14"><span class='ocrx_word' id='word_1_670' title='bbox 432 2755 545 2785; x_wconf 90' lang='lat' dir='ltr'>merito</span> <span class='ocrx_word' id='word_1_671' title='bbox 577 2756 702 2787; x_wconf 88' lang='lat' dir='ltr'>Christi.</span> <span class='ocrx_word' id='word_1_672' title='bbox 737 2758 883 2798; x_wconf 91' lang='lat' dir='ltr'>Utroque</span> <span class='ocrx_word' id='word_1_673' title='bbox 914 2764 1022 2789; x_wconf 89' lang='lat' dir='ltr'>tamen</span> <span class='ocrx_word' id='word_1_674' title='bbox 1054 2759 1155 2790; x_wconf 90' lang='lat' dir='ltr'>modo</span> <span class='ocrx_word' id='word_1_675' title='bbox 1189 2759 1283 2791; x_wconf 92' lang='lat' dir='ltr'>debet</span> <span class='ocrx_word' id='word_1_676' title='bbox 1314 2761 1498 2791; x_wconf 87' lang='lat' dir='ltr'>intercessio</span> 
     </span>
     <span class='ocr_line' id='line_1_88' title="bbox 432 2799 1104 2843; baseline 0.009 -15"><span class='ocrx_word' id='word_1_677' title='bbox 432 2799 602 2830; x_wconf 91' lang='lat' dir='ltr'>sacerdotis</span> <span class='ocrx_word' id='word_1_678' title='bbox 625 2801 749 2841; x_wconf 91' lang='lat' dir='ltr'>populo</span> <span class='ocrx_word' id='word_1_679' title='bbox 773 2803 918 2833; x_wconf 90' lang='lat' dir='ltr'>subiecto</span> <span class='ocrx_word' id='word_1_680' title='bbox 942 2803 1104 2843; x_wconf 88' lang='lat' dir='ltr'>prodesse.</span> 
     </span>
    </p>
   </div>
   <div class='ocr_carea' id='block_1_22' title="bbox 433 2865 1499 2996">
    <p class='ocr_par' dir='ltr' id='par_1_31' title="bbox 433 2865 1499 2996">
     <span class='ocr_line' id='line_1_89' title="bbox 433 2865 1499 2906; baseline 0.006 -11"><span class='ocrx_word' id='word_1_681' title='bbox 433 2865 530 2895; x_wconf 88' lang='lat' dir='ltr'>ART.</span> <span class='ocrx_word' id='word_1_682' title='bbox 555 2866 607 2896; x_wconf 96' lang='lat' dir='ltr'>VI.</span> <span class='ocrx_word' id='word_1_683' title='bbox 632 2877 735 2897; x_wconf 81' lang='lat' dir='ltr'>UTRUM</span> <span class='ocrx_word' id='word_1_684' title='bbox 764 2878 954 2898; x_wconf 71' lang='lat' dir='ltr'>scmsnArlcr</span> <span class='ocrx_word' id='word_1_685' title='bbox 977 2879 1015 2899; x_wconf 77' lang='lat' dir='ltr'>ET</span> <span class='ocrx_word' id='word_1_686' title='bbox 1038 2880 1220 2906; x_wconf 63' lang='lat' dir='ltr'>naamurcx,</span> <span class='ocrx_word' id='word_1_687' title='bbox 1246 2880 1499 2901; x_wconf 68' lang='lat' dir='ltr'>excommummn</span> 
     </span>
     <span class='ocr_line' id='line_1_90' title="bbox 520 2919 1410 2949; baseline 0.007 -10"><span class='ocrx_word' id='word_1_688' title='bbox 520 2919 558 2939; x_wconf 76' lang='lat' dir='ltr'>er</span> <span class='ocrx_word' id='word_1_689' title='bbox 574 2920 710 2941; x_wconf 65' lang='lat' dir='ltr'>susmnsr</span> <span class='ocrx_word' id='word_1_690' title='bbox 734 2922 771 2942; x_wconf 78' lang='lat' dir='ltr'>er</span> <span class='ocrx_word' id='word_1_691' title='bbox 795 2923 984 2949; x_wconf 64' lang='lat' dir='ltr'>nmmum,</span> <span class='ocrx_word' id='word_1_692' title='bbox 1009 2923 1088 2944; x_wconf 73' lang='lat' dir='ltr'>usum</span> <span class='ocrx_word' id='word_1_693' title='bbox 1113 2924 1247 2944; x_wconf 66' lang='lat' dir='ltr'>cmvnm</span> <span class='ocrx_word' id='word_1_694' title='bbox 1266 2925 1410 2946; x_wconf 70' lang='grc' dir='ltr'><strong>ΗΑΒΕΑΝΤ</strong></span> 
     </span>
     <span class='ocr_line' id='line_1_91' title="bbox 816 2967 1119 2996; baseline 0.007 -8"><span class='ocrx_word' id='word_1_695' title='bbox 816 2967 903 2995; x_wconf 83' lang='lat' dir='ltr'>Supra,</span> <span class='ocrx_word' id='word_1_696' title='bbox 919 2974 957 2995; x_wconf 88' lang='lat' dir='ltr'>qu.</span> <span class='ocrx_word' id='word_1_697' title='bbox 973 2974 1027 2994; x_wconf 79' lang='lat' dir='ltr'>vui,</span> <span class='ocrx_word' id='word_1_698' title='bbox 1043 2972 1084 2990; x_wconf 84' lang='lat' dir='ltr'>art.</span> <span class='ocrx_word' id='word_1_699' title='bbox 1100 2975 1119 2996; x_wconf 89' lang='lat'>5.</span> 
     </span>
    </p>
   </div>
   <div class='ocr_carea' id='block_1_23' title="bbox 437 3023 1499 3109">
    <p class='ocr_par' dir='ltr' id='par_1_32' title="bbox 437 3023 1499 3109">
     <span class='ocr_line' id='line_1_92' title="bbox 437 3023 1499 3090; baseline 0.009 -43"><span class='ocrx_word' id='word_1_700' title='bbox 437 3028 517 3090; x_wconf 77' lang='lat' dir='ltr'>An</span> <span class='ocrx_word' id='word_1_701' title='bbox 542 3029 659 3049; x_wconf 74' lang='lat' dir='ltr'>saxrum</span> <span class='ocrx_word' id='word_1_702' title='bbox 683 3030 727 3050; x_wconf 76' lang='lat' dir='ltr'>sic</span> <span class='ocrx_word' id='word_1_703' title='bbox 752 3031 954 3053; x_wconf 70' lang='lat' dir='ltr'>paoeemrtm.</span> <span class='ocrx_word' id='word_1_704' title='bbox 984 3023 1118 3054; x_wconf 90' lang='lat' dir='ltr'>Videtur</span> <span class='ocrx_word' id='word_1_705' title='bbox 1142 3024 1232 3064; x_wconf 89' lang='lat' dir='ltr'>quod</span> <span class='ocrx_word' id='word_1_706' title='bbox 1254 3025 1446 3056; x_wconf 86' lang='lat' dir='ltr'>schismatici</span> <span class='ocrx_word' id='word_1_707' title='bbox 1469 3032 1499 3056; x_wconf 91' lang='lat' dir='ltr'>et</span> 
     </span>
     <span class='ocr_line' id='line_1_93' title="bbox 497 3063 1498 3109; baseline 0.01 -18"><span class='ocrx_word' id='word_1_708' title='bbox 497 3063 655 3099; x_wconf 86' lang='lat' dir='ltr'>haeretici,</span> <span class='ocrx_word' id='word_1_709' title='bbox 670 3067 937 3097; x_wconf 88' lang='lat' dir='ltr'>excommunicati</span> <span class='ocrx_word' id='word_1_710' title='bbox 950 3073 981 3097; x_wconf 90' lang='lat' dir='ltr'>et</span> <span class='ocrx_word' id='word_1_711' title='bbox 997 3069 1142 3108; x_wconf 90' lang='lat' dir='ltr'>suspensi</span> <span class='ocrx_word' id='word_1_712' title='bbox 1159 3074 1190 3099; x_wconf 91' lang='lat' dir='ltr'>et</span> <span class='ocrx_word' id='word_1_713' title='bbox 1214 3068 1383 3109; x_wconf 89' lang='lat' dir='ltr'>degradati,</span> <span class='ocrx_word' id='word_1_714' title='bbox 1403 3080 1498 3101; x_wconf 88' lang='lat' dir='ltr'>usum</span> 
     </span>
    </p>
   </div>
   <div class='ocr_carea' id='block_1_24' title="bbox 435 3105 1536 3154">
    <p class='ocr_par' dir='ltr' id='par_1_33' title="bbox 435 3105 1536 3154">
     <span class='ocr_line' id='line_1_94' title="bbox 435 3105 1536 3154; baseline 0.009 -19"><span class='ocrx_word' id='word_1_715' title='bbox 435 3105 570 3136; x_wconf 88' lang='lat' dir='ltr'>clavium</span> <span class='ocrx_word' id='word_1_716' title='bbox 594 3108 738 3138; x_wconf 87' lang='lat' dir='ltr'>habeant.</span> <span class='ocrx_word' id='word_1_717' title='bbox 764 3109 852 3140; x_wconf 89' lang='lat' dir='ltr'>Sicut</span> <span class='ocrx_word' id='word_1_718' title='bbox 868 3112 953 3141; x_wconf 90' lang='lat' dir='ltr'>enim</span> <span class='ocrx_word' id='word_1_719' title='bbox 970 3117 1110 3151; x_wconf 92' lang='lat' dir='ltr'>potestas</span> <span class='ocrx_word' id='word_1_720' title='bbox 1127 3113 1264 3144; x_wconf 89' lang='lat' dir='ltr'>clavium</span> <span class='ocrx_word' id='word_1_721' title='bbox 1283 3114 1443 3154; x_wconf 87' lang='lat' dir='ltr'>dependet</span> <span class='ocrx_word' id='word_1_722' title='bbox 1459 3116 1497 3145; x_wconf 90' lang='lat' dir='ltr'>ab</span> <span class='ocrx_word' id='word_1_723' title='bbox 1512 3125 1536 3151; x_wconf 76' lang='grc' dir='ltr'>ες</span> 
     </span>
    </p>
   </div>
   <div class='ocr_carea' id='block_1_25' title="bbox 434 3149 1498 3240">
    <p class='ocr_par' dir='ltr' id='par_1_34' title="bbox 434 3149 1498 3240">
     <span class='ocr_line' id='line_1_95' title="bbox 435 3149 1498 3198; baseline 0.01 -20"><span class='ocrx_word' id='word_1_724' title='bbox 435 3149 555 3186; x_wconf 91' lang='lat' dir='ltr'>ordine,</span> <span class='ocrx_word' id='word_1_725' title='bbox 579 3151 621 3181; x_wconf 88' lang='lat' dir='ltr'>ita</span> <span class='ocrx_word' id='word_1_726' title='bbox 645 3158 675 3182; x_wconf 87' lang='lat' dir='ltr'>et</span> <span class='ocrx_word' id='word_1_727' title='bbox 698 3159 836 3192; x_wconf 88' lang='lat' dir='ltr'>potestas</span> <span class='ocrx_word' id='word_1_728' title='bbox 860 3154 1062 3186; x_wconf 86' lang='lat' dir='ltr'>conficiendi.</span> <span class='ocrx_word' id='word_1_729' title='bbox 1087 3156 1150 3187; x_wconf 91' lang='lat' dir='ltr'>Sed</span> <span class='ocrx_word' id='word_1_730' title='bbox 1169 3167 1236 3188; x_wconf 91' lang='lat' dir='ltr'>non</span> <span class='ocrx_word' id='word_1_731' title='bbox 1252 3164 1388 3198; x_wconf 92' lang='lat' dir='ltr'>possunt</span> <span class='ocrx_word' id='word_1_732' title='bbox 1407 3160 1498 3189; x_wconf 89' lang='lat' dir='ltr'>amit-</span> 
     </span>
     <span class='ocr_line' id='line_1_96' title="bbox 434 3198 1498 3240; baseline 0.011 -18"><span class='ocrx_word' id='word_1_733' title='bbox 434 3199 499 3223; x_wconf 89' lang='lat' dir='ltr'>tere</span> <span class='ocrx_word' id='word_1_734' title='bbox 522 3204 617 3225; x_wconf 91' lang='lat' dir='ltr'>usum</span> <span class='ocrx_word' id='word_1_735' title='bbox 640 3198 803 3235; x_wconf 91' lang='lat' dir='ltr'>potestatis</span> <span class='ocrx_word' id='word_1_736' title='bbox 827 3199 1035 3230; x_wconf 90' lang='lat' dir='ltr'>conficiendi:</span> <span class='ocrx_word' id='word_1_737' title='bbox 1061 3202 1146 3240; x_wconf 91' lang='lat' dir='ltr'>quia,</span> <span class='ocrx_word' id='word_1_738' title='bbox 1166 3202 1191 3231; x_wconf 91' lang='lat' dir='ltr'>si</span> <span class='ocrx_word' id='word_1_739' title='bbox 1216 3201 1402 3238; x_wconf 90' lang='lat' dir='ltr'>conficiunt,</span> <span class='ocrx_word' id='word_1_740' title='bbox 1420 3212 1498 3233; x_wconf 90' lang='lat' dir='ltr'>con-</span> 
     </span>
    </p>
   </div>
   <div class='ocr_carea' id='block_1_26' title="bbox 435 3236 1498 3320">
    <p class='ocr_par' dir='ltr' id='par_1_35' title="bbox 435 3236 1498 3320">
     <span class='ocr_line' id='line_1_97' title="bbox 435 3236 1498 3286; baseline 0.011 -20"><span class='ocrx_word' id='word_1_741' title='bbox 435 3236 554 3268; x_wconf 84' lang='lat' dir='ltr'>fectum</span> <span class='ocrx_word' id='word_1_742' title='bbox 571 3244 626 3275; x_wconf 88' lang='lat' dir='ltr'>est,</span> <span class='ocrx_word' id='word_1_743' title='bbox 643 3243 788 3279; x_wconf 89' lang='lat' dir='ltr'>quamvis</span> <span class='ocrx_word' id='word_1_744' title='bbox 811 3249 945 3282; x_wconf 88' lang='lat' dir='ltr'>peccent</span> <span class='ocrx_word' id='word_1_745' title='bbox 969 3244 1186 3276; x_wconf 89' lang='lat' dir='ltr'>conficientes.</span> <span class='ocrx_word' id='word_1_746' title='bbox 1211 3246 1297 3286; x_wconf 86' lang='lat' dir='ltr'>Ergo</span> <span class='ocrx_word' id='word_1_747' title='bbox 1320 3247 1415 3277; x_wconf 89' lang='lat' dir='ltr'>etiam</span> <span class='ocrx_word' id='word_1_748' title='bbox 1430 3257 1498 3278; x_wconf 93' lang='lat' dir='ltr'>non</span> 
     </span>
     <span class='ocr_line' id='line_1_98' title="bbox 435 3284 1022 3320; baseline 0.014 -10"><span class='ocrx_word' id='word_1_749' title='bbox 435 3288 568 3320; x_wconf 89' lang='lat' dir='ltr'>possunt</span> <span class='ocrx_word' id='word_1_750' title='bbox 591 3284 734 3314; x_wconf 88' lang='lat' dir='ltr'>amittere</span> <span class='ocrx_word' id='word_1_751' title='bbox 757 3295 852 3316; x_wconf 89' lang='lat' dir='ltr'>usum</span> <span class='ocrx_word' id='word_1_752' title='bbox 876 3287 1022 3318; x_wconf 86' lang='lat' dir='ltr'>clavium.</span> 
     </span>
    </p>
   </div>
   <div class='ocr_carea' id='block_1_27' title="bbox 1553 1380 2626 1556">
    <p class='ocr_par' dir='ltr' id='par_1_36' title="bbox 1554 1380 2213 1420">
     <span class='ocr_line' id='line_1_99' title="bbox 1554 1380 2213 1420; baseline 0.003 -10"><span class='ocrx_word' id='word_1_753' title='bbox 1554 1390 1623 1410; x_wconf 94' lang='lat' dir='ltr'>non</span> <span class='ocrx_word' id='word_1_754' title='bbox 1645 1386 1782 1420; x_wconf 90' lang='lat' dir='ltr'>possunt</span> <span class='ocrx_word' id='word_1_755' title='bbox 1805 1390 1902 1411; x_wconf 91' lang='lat' dir='ltr'>usum</span> <span class='ocrx_word' id='word_1_756' title='bbox 1925 1380 2063 1411; x_wconf 90' lang='lat' dir='ltr'>clavium</span> <span class='ocrx_word' id='word_1_757' title='bbox 2086 1381 2213 1412; x_wconf 90' lang='lat' dir='ltr'>habere.</span> 
     </span>
    </p>

    <p class='ocr_par' dir='ltr' id='par_1_37' title="bbox 1553 1424 2626 1556">
     <span class='ocr_line' id='line_1_100' title="bbox 1610 1424 2626 1466; baseline 0.006 -12"><span class='ocrx_word' id='word_1_758' title='bbox 1610 1424 1661 1455; x_wconf 84' lang='lat' dir='ltr'>An</span> <span class='ocrx_word' id='word_1_759' title='bbox 1692 1434 1810 1455; x_wconf 69' lang='lat' dir='ltr'>panum</span> <span class='ocrx_word' id='word_1_760' title='bbox 1841 1434 1924 1455; x_wconf 72' lang='lat' dir='ltr'>mmo</span> <span class='ocrx_word' id='word_1_761' title='bbox 1957 1435 2118 1456; x_wconf 70' lang='lat' dir='ltr'>mmmmm</span> <span class='ocrx_word' id='word_1_762' title='bbox 2151 1425 2241 1466; x_wconf 93' lang='lat' dir='ltr'>quod</span> <span class='ocrx_word' id='word_1_763' title='bbox 2273 1427 2406 1457; x_wconf 86' lang='lat' dir='ltr'>materia</span> <span class='ocrx_word' id='word_1_764' title='bbox 2437 1429 2626 1460; x_wconf 83' lang='lat' dir='ltr'>sacramenti</span> 
     </span>
     <span class='ocr_line' id='line_1_101' title="bbox 1554 1468 2624 1510; baseline 0.005 -11"><span class='ocrx_word' id='word_1_765' title='bbox 1554 1468 1782 1504; x_wconf 81' lang='lat' dir='ltr'>Eucharistiae,</span> <span class='ocrx_word' id='word_1_766' title='bbox 1806 1470 1839 1500; x_wconf 90' lang='lat' dir='ltr'>in</span> <span class='ocrx_word' id='word_1_767' title='bbox 1864 1478 1962 1509; x_wconf 90' lang='lat' dir='ltr'>quam</span> <span class='ocrx_word' id='word_1_768' title='bbox 1985 1479 2077 1500; x_wconf 83' lang='lat' dir='ltr'>suam</span> <span class='ocrx_word' id='word_1_769' title='bbox 2099 1475 2292 1510; x_wconf 85' lang='lat' dir='ltr'>potestatem</span> <span class='ocrx_word' id='word_1_770' title='bbox 2318 1477 2443 1502; x_wconf 87' lang='lat' dir='ltr'>exercet</span> <span class='ocrx_word' id='word_1_771' title='bbox 2466 1472 2624 1510; x_wconf 87' lang='lat' dir='ltr'>sacerdos,</span> 
     </span>
     <span class='ocr_line' id='line_1_102' title="bbox 1553 1513 2625 1556; baseline 0.005 -13"><span class='ocrx_word' id='word_1_772' title='bbox 1553 1522 1622 1544; x_wconf 91' lang='lat' dir='ltr'>non</span> <span class='ocrx_word' id='word_1_773' title='bbox 1646 1519 1693 1544; x_wconf 89' lang='lat' dir='ltr'>est</span> <span class='ocrx_word' id='word_1_774' title='bbox 1715 1514 1827 1550; x_wconf 90' lang='lat' dir='ltr'>homo,</span> <span class='ocrx_word' id='word_1_775' title='bbox 1851 1513 1908 1544; x_wconf 89' lang='lat' dir='ltr'>sed</span> <span class='ocrx_word' id='word_1_776' title='bbox 1930 1514 2022 1554; x_wconf 90' lang='lat' dir='ltr'>panis</span> <span class='ocrx_word' id='word_1_777' title='bbox 2044 1515 2205 1551; x_wconf 86' lang='lat' dir='ltr'>triticeus;</span> <span class='ocrx_word' id='word_1_778' title='bbox 2229 1520 2261 1546; x_wconf 92' lang='lat' dir='ltr'>et</span> <span class='ocrx_word' id='word_1_779' title='bbox 2282 1515 2317 1545; x_wconf 88' lang='lat' dir='ltr'>in</span> <span class='ocrx_word' id='word_1_780' title='bbox 2340 1517 2500 1556; x_wconf 87' lang='lat' dir='ltr'>baptismo</span> <span class='ocrx_word' id='word_1_781' title='bbox 2522 1517 2625 1548; x_wconf 86' lang='lat' dir='ltr'>homo</span> 
     </span>
    </p>
   </div>
   <div class='ocr_carea' id='block_1_28' title="bbox 1516 1558 2626 1602">
    <p class='ocr_par' dir='ltr' id='par_1_38' title="bbox 1516 1558 2626 1602">
     <span class='ocr_line' id='line_1_103' title="bbox 1516 1558 2626 1602; baseline 0.005 -15"><span class='ocrx_word' id='word_1_782' title='bbox 1516 1564 1540 1583; x_wconf 81' lang='lat'>³⁰</span> <span class='ocrx_word' id='word_1_783' title='bbox 1554 1558 1748 1598; x_wconf 88' lang='lat' dir='ltr'>simpliciter.</span> <span class='ocrx_word' id='word_1_784' title='bbox 1784 1558 1892 1594; x_wconf 89' lang='lat' dir='ltr'>Unde,</span> <span class='ocrx_word' id='word_1_785' title='bbox 1923 1559 2005 1589; x_wconf 93' lang='lat' dir='ltr'>sicut</span> <span class='ocrx_word' id='word_1_786' title='bbox 2035 1559 2060 1589; x_wconf 91' lang='lat' dir='ltr'>si</span> <span class='ocrx_word' id='word_1_787' title='bbox 2089 1559 2326 1590; x_wconf 85' lang='lat' dir='ltr'>subtraheretur</span> <span class='ocrx_word' id='word_1_788' title='bbox 2352 1561 2512 1592; x_wconf 89' lang='lat' dir='ltr'>haeretico</span> <span class='ocrx_word' id='word_1_789' title='bbox 2533 1562 2626 1602; x_wconf 85' lang='lat' dir='ltr'>panis</span> 
     </span>
    </p>
   </div>
   <div class='ocr_carea' id='block_1_29' title="bbox 1553 1601 2626 1778">
    <p class='ocr_par' dir='ltr' id='par_1_39' title="bbox 1553 1601 2626 1732">
     <span class='ocr_line' id='line_1_104' title="bbox 1553 1601 2624 1646; baseline 0.005 -14"><span class='ocrx_word' id='word_1_790' title='bbox 1553 1602 1705 1638; x_wconf 88' lang='lat' dir='ltr'>triticeus,</span> <span class='ocrx_word' id='word_1_791' title='bbox 1722 1601 1883 1633; x_wconf 89' lang='lat' dir='ltr'>conficere</span> <span class='ocrx_word' id='word_1_792' title='bbox 1905 1612 1974 1634; x_wconf 91' lang='lat' dir='ltr'>non</span> <span class='ocrx_word' id='word_1_793' title='bbox 1997 1608 2122 1643; x_wconf 87' lang='lat' dir='ltr'>posset;</span> <span class='ocrx_word' id='word_1_794' title='bbox 2146 1604 2198 1640; x_wconf 90' lang='lat' dir='ltr'>ita,</span> <span class='ocrx_word' id='word_1_795' title='bbox 2215 1605 2242 1634; x_wconf 88' lang='lat' dir='ltr'>si</span> <span class='ocrx_word' id='word_1_796' title='bbox 2260 1605 2461 1636; x_wconf 87' lang='lat' dir='ltr'>subtrahatur</span> <span class='ocrx_word' id='word_1_797' title='bbox 2482 1605 2624 1646; x_wconf 80' lang='lat' dir='ltr'>praelato</span> 
     </span>
     <span class='ocr_line' id='line_1_105' title="bbox 1553 1647 2626 1690; baseline 0.005 -13"><span class='ocrx_word' id='word_1_798' title='bbox 1553 1647 1717 1687; x_wconf 85' lang='lat' dir='ltr'>praelatio,</span> <span class='ocrx_word' id='word_1_799' title='bbox 1733 1657 1795 1678; x_wconf 90' lang='lat' dir='ltr'>nec</span> <span class='ocrx_word' id='word_1_800' title='bbox 1815 1647 1980 1678; x_wconf 88' lang='lat' dir='ltr'>absolvere</span> <span class='ocrx_word' id='word_1_801' title='bbox 2002 1648 2130 1688; x_wconf 86' lang='lat' dir='ltr'>poterit.</span> <span class='ocrx_word' id='word_1_802' title='bbox 2154 1648 2270 1679; x_wconf 89' lang='lat' dir='ltr'>Potest·</span> <span class='ocrx_word' id='word_1_803' title='bbox 2286 1654 2395 1680; x_wconf 88' lang='lat' dir='ltr'>tamen</span> <span class='ocrx_word' id='word_1_804' title='bbox 2417 1650 2578 1690; x_wconf 85' lang='lat' dir='ltr'>baptizare</span> <span class='ocrx_word' id='word_1_805' title='bbox 2593 1656 2626 1682; x_wconf 83' lang='lat' dir='ltr'>et</span> 
     </span>
     <span class='ocr_line' id='line_1_106' title="bbox 1554 1690 2312 1732; baseline 0.003 -10"><span class='ocrx_word' id='word_1_806' title='bbox 1554 1690 1732 1722; x_wconf 86' lang='lat' dir='ltr'>conficere:</span> <span class='ocrx_word' id='word_1_807' title='bbox 1757 1692 1903 1732; x_wconf 89' lang='lat' dir='ltr'>quamvis</span> <span class='ocrx_word' id='word_1_808' title='bbox 1926 1691 1967 1723; x_wconf 91' lang='lat' dir='ltr'>ad</span> <span class='ocrx_word' id='word_1_809' title='bbox 1988 1693 2038 1723; x_wconf 90' lang='lat' dir='ltr'>sui</span> <span class='ocrx_word' id='word_1_810' title='bbox 2062 1692 2312 1724; x_wconf 88' lang='lat' dir='ltr'>damnationem.</span> 
     </span>
    </p>

    <p class='ocr_par' dir='ltr' id='par_1_40' title="bbox 1608 1736 2624 1778">
     <span class='ocr_line' id='line_1_107' title="bbox 1608 1736 2624 1778; baseline 0.006 -13"><span class='ocrx_word' id='word_1_811' title='bbox 1608 1736 1659 1766; x_wconf 84' lang='lat' dir='ltr'>An</span> <span class='ocrx_word' id='word_1_812' title='bbox 1684 1746 1847 1766; x_wconf 67' lang='lat' dir='ltr'>sacunnma</span> <span class='ocrx_word' id='word_1_813' title='bbox 1869 1746 2029 1767; x_wconf 66' lang='lat' dir='ltr'>mceunmx</span> <span class='ocrx_word' id='word_1_814' title='bbox 2048 1736 2138 1777; x_wconf 91' lang='lat' dir='ltr'>quod</span> <span class='ocrx_word' id='word_1_815' title='bbox 2152 1738 2332 1778; x_wconf 85' lang='lat' dir='ltr'>propositio</span> <span class='ocrx_word' id='word_1_816' title='bbox 2347 1738 2445 1769; x_wconf 91' lang='lat' dir='ltr'>habet</span> <span class='ocrx_word' id='word_1_817' title='bbox 2458 1739 2624 1771; x_wconf 76' lang='lat' dir='ltr'>veritatem</span> 
     </span>
    </p>
   </div>
   <div class='ocr_carea' id='block_1_30' title="bbox 1515 1779 2484 1823">
    <p class='ocr_par' dir='ltr' id='par_1_41' title="bbox 1515 1779 2484 1823">
     <span class='ocr_line' id='line_1_108' title="bbox 1515 1779 2484 1823; baseline 0.004 -13"><span class='ocrx_word' id='word_1_818' title='bbox 1515 1785 1537 1806; x_wconf 82' lang='lat'>³5</span> <span class='ocrx_word' id='word_1_819' title='bbox 1554 1779 1685 1820; x_wconf 86' lang='lat' dir='ltr'>quando</span> <span class='ocrx_word' id='word_1_820' title='bbox 1708 1790 1777 1811; x_wconf 87' lang='lat' dir='ltr'>non</span> <span class='ocrx_word' id='word_1_821' title='bbox 1801 1780 1889 1811; x_wconf 88' lang='lat' dir='ltr'>deest</span> <span class='ocrx_word' id='word_1_822' title='bbox 1911 1781 2052 1818; x_wconf 86' lang='lat' dir='ltr'>materia,</span> <span class='ocrx_word' id='word_1_823' title='bbox 2077 1781 2159 1812; x_wconf 91' lang='lat' dir='ltr'>sicut</span> <span class='ocrx_word' id='word_1_824' title='bbox 2182 1787 2229 1812; x_wconf 91' lang='lat' dir='ltr'>est</span> <span class='ocrx_word' id='word_1_825' title='bbox 2250 1783 2284 1812; x_wconf 92' lang='lat' dir='ltr'>in</span> <span class='ocrx_word' id='word_1_826' title='bbox 2304 1783 2484 1823; x_wconf 89' lang='lat' dir='ltr'>proposito.</span> 
     </span>
    </p>
   </div>
   <div class='ocr_carea' id='block_1_31' title="bbox 1553 1825 2624 1999">
    <p class='ocr_par' dir='ltr' id='par_1_42' title="bbox 1553 1825 2624 1999">
     <span class='ocr_line' id='line_1_109' title="bbox 1608 1825 2624 1868; baseline 0.006 -14"><span class='ocrx_word' id='word_1_827' title='bbox 1608 1825 1660 1855; x_wconf 86' lang='lat' dir='ltr'>An</span> <span class='ocrx_word' id='word_1_828' title='bbox 1683 1834 1819 1855; x_wconf 75' lang='lat' dir='ltr'>mrum</span> <span class='ocrx_word' id='word_1_829' title='bbox 1841 1835 2001 1856; x_wconf 73' lang='lat' dir='ltr'>mmmmm</span> <span class='ocrx_word' id='word_1_830' title='bbox 2027 1825 2118 1866; x_wconf 92' lang='lat' dir='ltr'>quod</span> <span class='ocrx_word' id='word_1_831' title='bbox 2140 1835 2179 1856; x_wconf 89' lang='lat' dir='ltr'>ex</span> <span class='ocrx_word' id='word_1_832' title='bbox 2200 1826 2270 1866; x_wconf 86' lang='lat' dir='ltr'>ipsa</span> <span class='ocrx_word' id='word_1_833' title='bbox 2293 1827 2388 1868; x_wconf 90' lang='lat' dir='ltr'>culpa</span> <span class='ocrx_word' id='word_1_834' title='bbox 2410 1837 2479 1858; x_wconf 91' lang='lat' dir='ltr'>non</span> <span class='ocrx_word' id='word_1_835' title='bbox 2501 1829 2624 1860; x_wconf 74' lang='lat' dir='ltr'>subu-a-</span> 
     </span>
     <span class='ocr_line' id='line_1_110' title="bbox 1553 1867 2624 1912; baseline 0.006 -13"><span class='ocrx_word' id='word_1_836' title='bbox 1553 1867 1639 1899; x_wconf 83' lang='lat' dir='ltr'>bitur</span> <span class='ocrx_word' id='word_1_837' title='bbox 1653 1870 1795 1905; x_wconf 86' lang='lat' dir='ltr'>materia,</span> <span class='ocrx_word' id='word_1_838' title='bbox 1812 1869 1894 1900; x_wconf 87' lang='lat' dir='ltr'>sicut</span> <span class='ocrx_word' id='word_1_839' title='bbox 1908 1879 1966 1910; x_wconf 90' lang='lat' dir='ltr'>per</span> <span class='ocrx_word' id='word_1_840' title='bbox 1981 1870 2122 1910; x_wconf 88' lang='lat' dir='ltr'>aliquam</span> <span class='ocrx_word' id='word_1_841' title='bbox 2144 1880 2295 1911; x_wconf 87' lang='lat' dir='ltr'>poenam.</span> <span class='ocrx_word' id='word_1_842' title='bbox 2320 1871 2414 1902; x_wconf 89' lang='lat' dir='ltr'>Unde</span> <span class='ocrx_word' id='word_1_843' title='bbox 2433 1881 2540 1912; x_wconf 86' lang='lat' dir='ltr'>poena</span> <span class='ocrx_word' id='word_1_844' title='bbox 2554 1882 2624 1905; x_wconf 87' lang='lat' dir='ltr'>non</span> 
     </span>
     <span class='ocr_line' id='line_1_111' title="bbox 1553 1913 2624 1954; baseline 0.006 -11"><span class='ocrx_word' id='word_1_845' title='bbox 1553 1913 1687 1954; x_wconf 84' lang='lat' dir='ltr'>impedit</span> <span class='ocrx_word' id='word_1_846' title='bbox 1710 1923 1767 1954; x_wconf 89' lang='lat' dir='ltr'>per</span> <span class='ocrx_word' id='word_1_847' title='bbox 1790 1914 2046 1945; x_wconf 84' lang='lat' dir='ltr'>contrarietatem</span> <span class='ocrx_word' id='word_1_848' title='bbox 2069 1913 2110 1945; x_wconf 87' lang='lat' dir='ltr'>ad</span> <span class='ocrx_word' id='word_1_849' title='bbox 2133 1914 2284 1946; x_wconf 81' lang='lat' dir='ltr'>effectum</span> <span class='ocrx_word' id='word_1_850' title='bbox 2306 1915 2543 1954; x_wconf 89' lang='lat' dir='ltr'>inducendum,</span> <span class='ocrx_word' id='word_1_851' title='bbox 2567 1917 2624 1949; x_wconf 82' lang='lat' dir='ltr'>sed</span> 
     </span>
     <span class='ocr_line' id='line_1_112' title="bbox 1554 1957 1902 1999; baseline 0.003 -11"><span class='ocrx_word' id='word_1_852' title='bbox 1554 1958 1676 1989; x_wconf 90' lang='lat' dir='ltr'>ratione</span> <span class='ocrx_word' id='word_1_853' title='bbox 1699 1957 1860 1999; x_wconf 87' lang='lat' dir='ltr'>praedicta</span> <span class='ocrx_word' id='word_1_854' title='bbox 1876 1959 1902 1988; x_wconf 65' lang='lat'>*.</span> 
     </span>
    </p>
   </div>
   <div class='ocr_carea' id='block_1_32' title="bbox 1634 2036 2545 2134">
    <p class='ocr_par' dir='ltr' id='par_1_43' title="bbox 1634 2036 2545 2134">
     <span class='ocr_line' id='line_1_113' title="bbox 1828 2036 2350 2080; baseline 0.006 -10"><span class='ocrx_word' id='word_1_855' title='bbox 1828 2036 2082 2080; x_wconf 70' lang='lat' dir='ltr'>QUAES&#39;no</span> <span class='ocrx_word' id='word_1_856' title='bbox 2107 2036 2350 2073; x_wconf 59' lang='lat' dir='ltr'>Vnt-asum</span> 
     </span>
     <span class='ocr_line' id='line_1_114' title="bbox 1634 2103 2545 2134; baseline 0.005 -7"><span class='ocrx_word' id='word_1_857' title='bbox 1634 2103 1679 2127; x_wconf 88' lang='lat' dir='ltr'>DE</span> <span class='ocrx_word' id='word_1_858' title='bbox 1699 2103 1754 2128; x_wconf 81' lang='lat' dir='ltr'>HIS</span> <span class='ocrx_word' id='word_1_859' title='bbox 1773 2103 1805 2128; x_wconf 89' lang='lat' dir='ltr'>IN</span> <span class='ocrx_word' id='word_1_860' title='bbox 1826 2103 1919 2134; x_wconf 89' lang='lat' dir='ltr'>QUOS</span> <span class='ocrx_word' id='word_1_861' title='bbox 1938 2103 2024 2129; x_wconf 88' lang='lat' dir='ltr'>USUS</span> <span class='ocrx_word' id='word_1_862' title='bbox 2042 2104 2196 2130; x_wconf 78' lang='lat' dir='ltr'>CLAVIUM</span> <span class='ocrx_word' id='word_1_863' title='bbox 2214 2104 2388 2130; x_wconf 82' lang='lat' dir='ltr'>EXERCERI</span> <span class='ocrx_word' id='word_1_864' title='bbox 2408 2106 2545 2132; x_wconf 76' lang='lat' dir='ltr'>POTEST</span> 
     </span>
    </p>
   </div>
   <div class='ocr_carea' id='block_1_33' title="bbox 1513 2178 2625 2256">
    <p class='ocr_par' dir='ltr' id='par_1_44' title="bbox 1513 2178 2625 2256">
     <span class='ocr_line' id='line_1_115' title="bbox 1557 2178 2625 2252; baseline 0.007 -44"><span class='ocrx_word' id='word_1_865' title='bbox 1557 2189 1709 2252; x_wconf 69' lang='lat' dir='ltr'>Dumna</span> <span class='ocrx_word' id='word_1_866' title='bbox 1733 2178 2002 2210; x_wconf 83' lang='lat' dir='ltr'>considerandum</span> <span class='ocrx_word' id='word_1_867' title='bbox 2026 2185 2073 2210; x_wconf 90' lang='lat' dir='ltr'>est</span> <span class='ocrx_word' id='word_1_868' title='bbox 2088 2179 2128 2211; x_wconf 91' lang='lat' dir='ltr'>de</span> <span class='ocrx_word' id='word_1_869' title='bbox 2150 2179 2200 2211; x_wconf 90' lang='lat' dir='ltr'>his</span> <span class='ocrx_word' id='word_1_870' title='bbox 2222 2180 2257 2211; x_wconf 89' lang='lat' dir='ltr'>in</span> <span class='ocrx_word' id='word_1_871' title='bbox 2280 2190 2363 2221; x_wconf 89' lang='lat' dir='ltr'>quos</span> <span class='ocrx_word' id='word_1_872' title='bbox 2386 2191 2464 2212; x_wconf 92' lang='lat' dir='ltr'>usus</span> <span class='ocrx_word' id='word_1_873' title='bbox 2487 2183 2625 2215; x_wconf 75' lang='lat' dir='ltr'>clavium</span> 
     </span>
     <span class='ocr_line' id='line_1_116' title="bbox 1513 2235 1536 2256; baseline 0 0"><span class='ocrx_word' id='word_1_874' title='bbox 1513 2235 1536 2256; x_wconf 60' lang='grc' dir='ltr'><strong>υ</strong></span> 
     </span>
    </p>
   </div>
   <div class='ocr_carea' id='block_1_34' title="bbox 1554 2224 2625 2574">
    <p class='ocr_par' dir='ltr' id='par_1_45' title="bbox 1554 2224 2074 2308">
     <span class='ocr_line' id='line_1_117' title="bbox 1617 2224 1926 2263; baseline 0 -9"><span class='ocrx_word' id='word_1_875' title='bbox 1617 2224 1756 2254; x_wconf 86' lang='lat' dir='ltr'>exerceri</span> <span class='ocrx_word' id='word_1_876' title='bbox 1778 2229 1886 2263; x_wconf 91' lang='lat' dir='ltr'>potest</span> <span class='ocrx_word' id='word_1_877' title='bbox 1900 2224 1926 2254; x_wconf 50' lang='grc' dir='ltr'><strong>ἦ</strong></span> 
     </span>
     <span class='ocr_line' id='line_1_118' title="bbox 1554 2267 2074 2308; baseline 0.002 -10"><span class='ocrx_word' id='word_1_878' title='bbox 1554 2267 1648 2298; x_wconf 91' lang='lat' dir='ltr'>Circa</span> <span class='ocrx_word' id='word_1_879' title='bbox 1672 2267 1762 2307; x_wconf 90' lang='lat' dir='ltr'>quod</span> <span class='ocrx_word' id='word_1_880' title='bbox 1784 2268 1844 2298; x_wconf 85' lang='lat' dir='ltr'>tn&#39;a</span> <span class='ocrx_word' id='word_1_881' title='bbox 1866 2274 2074 2308; x_wconf 85' lang='lat' dir='ltr'>quaeruntur.</span> 
     </span>
    </p>

    <p class='ocr_par' dir='ltr' id='par_1_46' title="bbox 1607 2312 2625 2397">
     <span class='ocr_line' id='line_1_119' title="bbox 1607 2312 2625 2354; baseline 0.006 -12"><span class='ocrx_word' id='word_1_882' title='bbox 1607 2312 1735 2342; x_wconf 90' lang='lat' dir='ltr'>Primo:</span> <span class='ocrx_word' id='word_1_883' title='bbox 1761 2318 1870 2343; x_wconf 91' lang='lat' dir='ltr'>utrum</span> <span class='ocrx_word' id='word_1_884' title='bbox 1893 2312 2040 2343; x_wconf 88' lang='lat' dir='ltr'>sacerdos</span> <span class='ocrx_word' id='word_1_885' title='bbox 2070 2314 2172 2353; x_wconf 89' lang='lat' dir='ltr'>possit</span> <span class='ocrx_word' id='word_1_886' title='bbox 2193 2314 2227 2344; x_wconf 91' lang='lat' dir='ltr'>in</span> <span class='ocrx_word' id='word_1_887' title='bbox 2251 2314 2428 2354; x_wconf 87' lang='lat' dir='ltr'>quemlibet</span> <span class='ocrx_word' id='word_1_888' title='bbox 2457 2316 2625 2348; x_wconf 80' lang='lat' dir='ltr'>hominem</span> 
     </span>
     <span class='ocr_line' id='line_1_120' title="bbox 1643 2356 2053 2397; baseline 0.002 -11"><span class='ocrx_word' id='word_1_889' title='bbox 1643 2357 1689 2387; x_wconf 92' lang='lat' dir='ltr'>uti</span> <span class='ocrx_word' id='word_1_890' title='bbox 1714 2356 1802 2387; x_wconf 90' lang='lat' dir='ltr'>clave</span> <span class='ocrx_word' id='word_1_891' title='bbox 1825 2366 1924 2397; x_wconf 89' lang='lat' dir='ltr'>quam</span> <span class='ocrx_word' id='word_1_892' title='bbox 1947 2357 2053 2388; x_wconf 89' lang='lat' dir='ltr'>habet.</span> 
     </span>
    </p>

    <p class='ocr_par' dir='ltr' id='par_1_47' title="bbox 1609 2400 2625 2476">
     <span class='ocr_line' id='line_1_121' title="bbox 1609 2400 2625 2442; baseline 0.004 -10"><span class='ocrx_word' id='word_1_893' title='bbox 1609 2400 1776 2432; x_wconf 90' lang='lat' dir='ltr'>Secundo:</span> <span class='ocrx_word' id='word_1_894' title='bbox 1802 2407 1911 2431; x_wconf 89' lang='lat' dir='ltr'>utrum</span> <span class='ocrx_word' id='word_1_895' title='bbox 1927 2401 2074 2432; x_wconf 90' lang='lat' dir='ltr'>sacerdos</span> <span class='ocrx_word' id='word_1_896' title='bbox 2090 2402 2191 2442; x_wconf 90' lang='lat' dir='ltr'>possit</span> <span class='ocrx_word' id='word_1_897' title='bbox 2207 2411 2333 2442; x_wconf 86' lang='lat' dir='ltr'>semper</span> <span class='ocrx_word' id='word_1_898' title='bbox 2348 2412 2445 2435; x_wconf 88' lang='lat' dir='ltr'>suum</span> <span class='ocrx_word' id='word_1_899' title='bbox 2460 2404 2625 2436; x_wconf 85' lang='lat' dir='ltr'>subditum</span> 
     </span>
     <span class='ocr_line' id='line_1_122' title="bbox 1643 2445 1818 2476; baseline 0 -1"><span class='ocrx_word' id='word_1_900' title='bbox 1643 2445 1818 2476; x_wconf 87' lang='lat' dir='ltr'>absolvere.</span> 
     </span>
    </p>

    <p class='ocr_par' dir='ltr' id='par_1_48' title="bbox 1609 2489 2625 2574">
     <span class='ocr_line' id='line_1_123' title="bbox 1609 2489 2625 2531; baseline 0.005 -11"><span class='ocrx_word' id='word_1_901' title='bbox 1609 2489 1740 2520; x_wconf 89' lang='lat' dir='ltr'>Tertio:</span> <span class='ocrx_word' id='word_1_902' title='bbox 1764 2495 1874 2520; x_wconf 86' lang='lat' dir='ltr'>utrum</span> <span class='ocrx_word' id='word_1_903' title='bbox 1897 2490 2011 2530; x_wconf 90' lang='lat' dir='ltr'>aliquis</span> <span class='ocrx_word' id='word_1_904' title='bbox 2037 2491 2139 2531; x_wconf 90' lang='lat' dir='ltr'>possit</span> <span class='ocrx_word' id='word_1_905' title='bbox 2161 2491 2208 2522; x_wconf 88' lang='lat' dir='ltr'>uti</span> <span class='ocrx_word' id='word_1_906' title='bbox 2232 2491 2373 2523; x_wconf 89' lang='lat' dir='ltr'>clavibus</span> <span class='ocrx_word' id='word_1_907' title='bbox 2395 2492 2429 2523; x_wconf 91' lang='lat' dir='ltr'>in</span> <span class='ocrx_word' id='word_1_908' title='bbox 2452 2503 2549 2524; x_wconf 88' lang='lat' dir='ltr'>suum</span> <span class='ocrx_word' id='word_1_909' title='bbox 2571 2503 2625 2525; x_wconf 74' lang='lat' dir='ltr'>su-</span> 
     </span>
     <span class='ocr_line' id='line_1_124' title="bbox 1642 2543 1812 2574; baseline 0 -10"><span class='ocrx_word' id='word_1_910' title='bbox 1642 2543 1812 2574; x_wconf 87' lang='lat' dir='ltr'>penorem.</span> 
     </span>
    </p>
   </div>
   <div class='ocr_carea' id='block_1_35' title="bbox 1581 2607 2598 2685">
    <p class='ocr_par' dir='ltr' id='par_1_49' title="bbox 1581 2607 2598 2685">
     <span class='ocr_line' id='line_1_125' title="bbox 1581 2607 2598 2644; baseline 0.007 -7"><span class='ocrx_word' id='word_1_911' title='bbox 1581 2607 1681 2639; x_wconf 92' lang='lat' dir='ltr'>ART.</span> <span class='ocrx_word' id='word_1_912' title='bbox 1706 2607 1729 2638; x_wconf 96' lang='lat' dir='ltr'>I.</span> <span class='ocrx_word' id='word_1_913' title='bbox 1753 2618 1859 2638; x_wconf 76' lang='lat' dir='ltr'>orium</span> <span class='ocrx_word' id='word_1_914' title='bbox 1882 2618 2038 2639; x_wconf 65' lang='lat' dir='ltr'>sacaanos</span> <span class='ocrx_word' id='word_1_915' title='bbox 2061 2618 2165 2640; x_wconf 77' lang='lat' dir='ltr'>Possrr</span> <span class='ocrx_word' id='word_1_916' title='bbox 2188 2619 2240 2640; x_wconf 83' lang='grc' dir='ltr'>υτι</span> <span class='ocrx_word' id='word_1_917' title='bbox 2264 2620 2362 2641; x_wconf 69' lang='grc' dir='ltr'><strong>οιΛνκ</strong></span> <span class='ocrx_word' id='word_1_918' title='bbox 2387 2621 2474 2642; x_wconf 66' lang='lat' dir='ltr'>oum</span> <span class='ocrx_word' id='word_1_919' title='bbox 2496 2622 2598 2644; x_wconf 67' lang='lat' dir='ltr'>num</span> 
     </span>
     <span class='ocr_line' id='line_1_126' title="bbox 1887 2663 2287 2685; baseline 0.005 -2"><span class='ocrx_word' id='word_1_920' title='bbox 1887 2663 1919 2683; x_wconf 78' lang='lat' dir='ltr'>m</span> <span class='ocrx_word' id='word_1_921' title='bbox 1944 2663 2120 2684; x_wconf 69' lang='lat' dir='ltr'>Quemne-r</span> <span class='ocrx_word' id='word_1_922' title='bbox 2142 2663 2287 2685; x_wconf 66' lang='lat' dir='ltr'>nomnen</span> 
     </span>
    </p>
   </div>
   <div class='ocr_carea' id='block_1_36' title="bbox 1626 2707 1886 2736">
    <p class='ocr_par' dir='ltr' id='par_1_50' title="bbox 1626 2707 1886 2736">
     <span class='ocr_line' id='line_1_127' title="bbox 1626 2707 1886 2736; baseline -0.004 -7"><span class='ocrx_word' id='word_1_923' title='bbox 1626 2707 1710 2736; x_wconf 77' lang='lat' dir='ltr'>Supra,</span> <span class='ocrx_word' id='word_1_924' title='bbox 1725 2713 1764 2735; x_wconf 87' lang='lat' dir='ltr'>qu.</span> <span class='ocrx_word' id='word_1_925' title='bbox 1780 2713 1828 2732; x_wconf 74' lang='lat' dir='ltr'>viu,</span> <span class='ocrx_word' id='word_1_926' title='bbox 1844 2711 1886 2729; x_wconf 80' lang='lat' dir='ltr'>art.</span> 
     </span>
    </p>
   </div>
   <div class='ocr_carea' id='block_1_37' title="bbox 1759 2696 2549 2763">
    <p class='ocr_par' dir='ltr' id='par_1_51' title="bbox 1759 2696 2549 2763">
     <span class='ocr_line' id='line_1_128' title="bbox 1759 2696 2549 2758; baseline -0.037 -7"><span class='ocrx_word' id='word_1_927' title='bbox 1759 2733 1791 2755; x_wconf 78' lang='lat' dir='ltr'>lv</span> <span class='ocrx_word' id='word_1_928' title='bbox 1807 2733 1870 2756; x_wconf 65' lang='lat' dir='ltr'>Com</span> <span class='ocrx_word' id='word_1_929' title='bbox 1918 2724 1923 2731; x_wconf 69' lang='lat'>³</span> <span class='ocrx_word' id='word_1_930' title='bbox 1940 2707 1965 2734; x_wconf 65' lang='grc' dir='ltr'><strong>δῖ</strong></span> <span class='ocrx_word' id='word_1_931' title='bbox 1981 2707 2013 2729; x_wconf 73' lang='grc' dir='ltr'>Ῐν</span> <span class='ocrx_word' id='word_1_932' title='bbox 2027 2707 2101 2735; x_wconf 58' lang='lat' dir='ltr'>sensu</span> <span class='ocrx_word' id='word_1_933' title='bbox 2117 2708 2170 2730; x_wconf 76' lang='lat' dir='ltr'>dist.</span> <span class='ocrx_word' id='word_1_934' title='bbox 2186 2715 2304 2758; x_wconf 56' lang='lat' dir='ltr'>uwXffiu&#39;</span> <span class='ocrx_word' id='word_1_935' title='bbox 2319 2715 2357 2737; x_wconf 88' lang='lat' dir='ltr'>m,</span> <span class='ocrx_word' id='word_1_936' title='bbox 2372 2696 2418 2732; x_wconf 60' lang='lat' dir='ltr'>nn.</span> <span class='ocrx_word' id='word_1_937' title='bbox 2429 2716 2450 2737; x_wconf 77' lang='lat'>2,</span> <span class='ocrx_word' id='word_1_938' title='bbox 2465 2711 2510 2739; x_wconf 70' lang='lat' dir='ltr'>qu·</span> <span class='ocrx_word' id='word_1_939' title='bbox 2527 2718 2549 2737; x_wconf 50' lang='grc' dir='ltr'>ις</span> 
     </span>
     <span class='ocr_line' id='line_1_129' title="bbox 1869 2749 2294 2763; baseline -0.045 19"><span class='ocrx_word' id='word_1_940' title='bbox 1869 2749 1875 2756; x_wconf 71' lang='grc'><em>.</em></span> <span class='ocrx_word' id='word_1_941' title='bbox 2289 2752 2294 2763; x_wconf 76' lang='grc' dir='ltr'>Ι</span> 
     </span>
    </p>
   </div>
   <div class='ocr_carea' id='block_1_38' title="bbox 1913 2735 2412 2764">
    <p class='ocr_par' dir='ltr' id='par_1_52' title="bbox 1913 2735 2412 2764">
     <span class='ocr_line' id='line_1_130' title="bbox 1913 2735 2412 2764; baseline 0.006 -9"><span class='ocrx_word' id='word_1_942' title='bbox 1913 2736 1968 2761; x_wconf 70' lang='lat' dir='ltr'>ent„</span> <span class='ocrx_word' id='word_1_943' title='bbox 1983 2740 2033 2762; x_wconf 73' lang='lat' dir='ltr'>cap.</span> <span class='ocrx_word' id='word_1_944' title='bbox 2049 2740 2126 2760; x_wconf 60' lang='lat' dir='ltr'>cxxii:</span> <span class='ocrx_word' id='word_1_945' title='bbox 2142 2735 2227 2763; x_wconf 77' lang='lat' dir='ltr'>Quodl.</span> <span class='ocrx_word' id='word_1_946' title='bbox 2310 2741 2348 2764; x_wconf 87' lang='lat' dir='ltr'>qu.</span> <span class='ocrx_word' id='word_1_947' title='bbox 2365 2742 2412 2758; x_wconf 77' lang='lat' dir='ltr'>xix.</span> 
     </span>
    </p>
   </div>
   <div class='ocr_carea' id='block_1_39' title="bbox 1555 2799 2624 2884">
    <p class='ocr_par' dir='ltr' id='par_1_53' title="bbox 1555 2799 2624 2884">
     <span class='ocr_line' id='line_1_131' title="bbox 1618 2799 2624 2842; baseline 0.004 -14"><span class='ocrx_word' id='word_1_948' title='bbox 1618 2809 1638 2829; x_wconf 87' lang='lat' dir='ltr'>n</span> <span class='ocrx_word' id='word_1_949' title='bbox 1655 2808 1772 2829; x_wconf 68' lang='lat' dir='ltr'>prunum</span> <span class='ocrx_word' id='word_1_950' title='bbox 1795 2808 1841 2829; x_wconf 84' lang='lat' dir='ltr'>src</span> <span class='ocrx_word' id='word_1_951' title='bbox 1864 2808 2069 2830; x_wconf 74' lang='lat' dir='ltr'>PROCEDITUR.</span> <span class='ocrx_word' id='word_1_952' title='bbox 2089 2799 2224 2830; x_wconf 90' lang='lat' dir='ltr'>Videtur</span> <span class='ocrx_word' id='word_1_953' title='bbox 2239 2800 2329 2841; x_wconf 91' lang='lat' dir='ltr'>quod</span> <span class='ocrx_word' id='word_1_954' title='bbox 2352 2800 2500 2832; x_wconf 90' lang='lat' dir='ltr'>sacerdos</span> <span class='ocrx_word' id='word_1_955' title='bbox 2522 2802 2624 2842; x_wconf 80' lang='lat' dir='ltr'>possit</span> 
     </span>
     <span class='ocr_line' id='line_1_132' title="bbox 1555 2811 2623 2884; baseline 0.005 -12"><span class='ocrx_word' id='word_1_956' title='bbox 1555 2811 1666 2874; x_wconf 78' lang='lat' dir='ltr'>Anti</span> <span class='ocrx_word' id='word_1_957' title='bbox 1681 2842 1770 2873; x_wconf 87' lang='lat' dir='ltr'>clave</span> <span class='ocrx_word' id='word_1_958' title='bbox 1791 2852 1888 2883; x_wconf 84' lang='lat' dir='ltr'>quam</span> <span class='ocrx_word' id='word_1_959' title='bbox 1912 2843 2008 2874; x_wconf 85' lang='lat' dir='ltr'>habet</span> <span class='ocrx_word' id='word_1_960' title='bbox 2023 2843 2056 2875; x_wconf 94' lang='lat' dir='ltr'>in</span> <span class='ocrx_word' id='word_1_961' title='bbox 2081 2844 2258 2884; x_wconf 87' lang='lat' dir='ltr'>quemlibet</span> <span class='ocrx_word' id='word_1_962' title='bbox 2279 2845 2456 2876; x_wconf 85' lang='lat' dir='ltr'>hominem.</span> <span class='ocrx_word' id='word_1_963' title='bbox 2479 2845 2623 2877; x_wconf 70' lang='lat' dir='ltr'>Potestas</span> 
     </span>
    </p>
   </div>
   <div class='ocr_carea' id='block_1_40' title="bbox 1513 2887 2623 2921">
    <p class='ocr_par' dir='ltr' id='par_1_54' title="bbox 1513 2887 2623 2921">
     <span class='ocr_line' id='line_1_133' title="bbox 1513 2887 2623 2921; baseline 0 -1"><span class='ocrx_word' id='word_1_964' title='bbox 1513 2900 1540 2920; x_wconf 81' lang='lat'>⁶0</span> <span class='ocrx_word' id='word_1_965' title='bbox 1554 2888 1640 2918; x_wconf 88' lang='lat' dir='ltr'>enim</span> <span class='ocrx_word' id='word_1_966' title='bbox 1664 2887 1802 2918; x_wconf 86' lang='lat' dir='ltr'>clavium</span> <span class='ocrx_word' id='word_1_967' title='bbox 1818 2887 1851 2918; x_wconf 93' lang='lat' dir='ltr'>in</span> <span class='ocrx_word' id='word_1_968' title='bbox 1867 2887 2031 2919; x_wconf 87' lang='lat' dir='ltr'>sacerdote</span> <span class='ocrx_word' id='word_1_969' title='bbox 2055 2887 2218 2920; x_wconf 90' lang='lat' dir='ltr'>descendit</span> <span class='ocrx_word' id='word_1_970' title='bbox 2234 2898 2273 2920; x_wconf 82' lang='lat' dir='ltr'>ex</span> <span class='ocrx_word' id='word_1_971' title='bbox 2287 2889 2342 2920; x_wconf 87' lang='lat' dir='ltr'>illa</span> <span class='ocrx_word' id='word_1_972' title='bbox 2356 2889 2490 2920; x_wconf 88' lang='lat' dir='ltr'>Domini</span> <span class='ocrx_word' id='word_1_973' title='bbox 2511 2895 2623 2921; x_wconf 85' lang='lat' dir='ltr'>aucto-</span> 
     </span>
    </p>
   </div>
   <div class='ocr_carea' id='block_1_41' title="bbox 1553 2931 2623 3150">
    <p class='ocr_par' dir='ltr' id='par_1_55' title="bbox 1553 2931 2623 3105">
     <span class='ocr_line' id='line_1_134' title="bbox 1553 2931 2622 2974; baseline 0.003 -12"><span class='ocrx_word' id='word_1_974' title='bbox 1553 2932 1644 2962; x_wconf 91' lang='lat' dir='ltr'>ritate</span> <span class='ocrx_word' id='word_1_975' title='bbox 1667 2941 1750 2971; x_wconf 90' lang='lat' dir='ltr'>quae</span> <span class='ocrx_word' id='word_1_976' title='bbox 1770 2931 1861 2962; x_wconf 84' lang='lat' dir='ltr'>dicit:</span> <span class='ocrx_word' id='word_1_977' title='bbox 1886 2932 2028 2972; x_wconf 82' lang='lat' dir='ltr'>Accipite</span> <span class='ocrx_word' id='word_1_978' title='bbox 2043 2932 2199 2973; x_wconf 78' lang='lat' dir='ltr'>Spiritum</span> <span class='ocrx_word' id='word_1_979' title='bbox 2215 2933 2392 2964; x_wconf 83' lang='lat' dir='ltr'>Sanctum:</span> <span class='ocrx_word' id='word_1_980' title='bbox 2413 2939 2552 2974; x_wconf 81' lang='lat' dir='ltr'>quorum</span> <span class='ocrx_word' id='word_1_981' title='bbox 2571 2943 2622 2966; x_wconf 73' lang='lat' dir='ltr'>re-</span> 
     </span>
     <span class='ocr_line' id='line_1_135' title="bbox 1553 2976 2623 3016; baseline 0.003 -10"><span class='ocrx_word' id='word_1_982' title='bbox 1553 2976 1704 3006; x_wconf 85' lang='lat' dir='ltr'>miseritis</span> <span class='ocrx_word' id='word_1_983' title='bbox 1720 2981 1867 3016; x_wconf 83' lang='lat' dir='ltr'>peccata,</span> <span class='ocrx_word' id='word_1_984' title='bbox 1885 2977 2094 3007; x_wconf 80' lang='lat' dir='ltr'>remittuntur</span> <span class='ocrx_word' id='word_1_985' title='bbox 2108 2977 2154 3008; x_wconf 83' lang='lat' dir='ltr'>eis</span> <span class='ocrx_word' id='word_1_986' title='bbox 2165 2978 2191 3008; x_wconf 61' lang='lat'>³¹.</span> <span class='ocrx_word' id='word_1_987' title='bbox 2209 2977 2272 3008; x_wconf 89' lang='lat' dir='ltr'>Sed</span> <span class='ocrx_word' id='word_1_988' title='bbox 2286 2977 2366 3008; x_wconf 90' lang='lat' dir='ltr'>illud</span> <span class='ocrx_word' id='word_1_989' title='bbox 2380 2976 2623 3009; x_wconf 80' lang='lat' dir='ltr'>indeterminate</span> 
     </span>
     <span class='ocr_line' id='line_1_136' title="bbox 1554 3020 2621 3063; baseline 0.003 -13"><span class='ocrx_word' id='word_1_990' title='bbox 1554 3020 1631 3051; x_wconf 86' lang='lat' dir='ltr'>dixit</span> <span class='ocrx_word' id='word_1_991' title='bbox 1647 3020 1686 3051; x_wconf 91' lang='lat' dir='ltr'>de</span> <span class='ocrx_word' id='word_1_992' title='bbox 1704 3021 1864 3051; x_wconf 88' lang='lat' dir='ltr'>omnibus.</span> <span class='ocrx_word' id='word_1_993' title='bbox 1889 3021 1983 3061; x_wconf 86' lang='lat' dir='ltr'>Ergo·</span> <span class='ocrx_word' id='word_1_994' title='bbox 1998 3021 2118 3052; x_wconf 85' lang='lat' dir='ltr'>habens</span> <span class='ocrx_word' id='word_1_995' title='bbox 2142 3021 2264 3052; x_wconf 90' lang='lat' dir='ltr'>clavem</span> <span class='ocrx_word' id='word_1_996' title='bbox 2287 3021 2529 3052; x_wconf 88' lang='lat' dir='ltr'>indeterminate</span> <span class='ocrx_word' id='word_1_997' title='bbox 2547 3029 2621 3063; x_wconf 89' lang='lat' dir='ltr'>pot-</span> 
     </span>
     <span class='ocr_line' id='line_1_137' title="bbox 1554 3065 1980 3105; baseline 0.002 -10"><span class='ocrx_word' id='word_1_998' title='bbox 1554 3070 1600 3095; x_wconf 88' lang='lat' dir='ltr'>est</span> <span class='ocrx_word' id='word_1_999' title='bbox 1623 3074 1660 3095; x_wconf 92' lang='lat' dir='ltr'>ea</span> <span class='ocrx_word' id='word_1_1000' title='bbox 1683 3065 1730 3095; x_wconf 90' lang='lat' dir='ltr'>uti</span> <span class='ocrx_word' id='word_1_1001' title='bbox 1752 3065 1786 3095; x_wconf 90' lang='lat' dir='ltr'>in</span> <span class='ocrx_word' id='word_1_1002' title='bbox 1810 3065 1980 3105; x_wconf 90' lang='lat' dir='ltr'>quoslibet.</span> 
     </span>
    </p>

    <p class='ocr_par' dir='ltr' id='par_1_56' title="bbox 1609 3109 2620 3150">
     <span class='ocr_line' id='line_1_138' title="bbox 1609 3109 2620 3150; baseline 0.004 -11"><span class='ocrx_word' id='word_1_1003' title='bbox 1609 3118 1639 3139; x_wconf 91' lang='lat'>2.</span> <span class='ocrx_word' id='word_1_1004' title='bbox 1663 3109 1860 3145; x_wconf 61' lang='lat' dir='ltr'>Pam-mmm,</span> <span class='ocrx_word' id='word_1_1005' title='bbox 1877 3109 1973 3140; x_wconf 88' lang='lat' dir='ltr'>clavis</span> <span class='ocrx_word' id='word_1_1006' title='bbox 1990 3110 2164 3149; x_wconf 86' lang='lat' dir='ltr'>corporalis</span> <span class='ocrx_word' id='word_1_1007' title='bbox 2179 3119 2263 3150; x_wconf 85' lang='lat' dir='ltr'>quae</span> <span class='ocrx_word' id='word_1_1008' title='bbox 2278 3110 2378 3150; x_wconf 85' lang='lat' dir='ltr'>aperit</span> <span class='ocrx_word' id='word_1_1009' title='bbox 2393 3119 2492 3141; x_wconf 89' lang='lat' dir='ltr'>unam</span> <span class='ocrx_word' id='word_1_1010' title='bbox 2508 3114 2620 3148; x_wconf 72' lang='lat' dir='ltr'>serm,</span> 
     </span>
    </p>
   </div>
   <div class='ocr_carea' id='block_1_42' title="bbox 1552 3159 2622 3334">
    <p class='ocr_par' dir='ltr' id='par_1_57' title="bbox 1552 3159 2622 3334">
     <span class='ocr_line' id='line_1_139' title="bbox 1552 3159 2622 3201; baseline 0.003 -12"><span class='ocrx_word' id='word_1_1011' title='bbox 1552 3160 1653 3199; x_wconf 87' lang='lat' dir='ltr'>aperit</span> <span class='ocrx_word' id='word_1_1012' title='bbox 1676 3169 1789 3190; x_wconf 90' lang='lat' dir='ltr'>omnes</span> <span class='ocrx_word' id='word_1_1013' title='bbox 1818 3159 1894 3190; x_wconf 90' lang='lat' dir='ltr'>alias</span> <span class='ocrx_word' id='word_1_1014' title='bbox 1925 3159 2068 3190; x_wconf 89' lang='lat' dir='ltr'>eiusdem</span> <span class='ocrx_word' id='word_1_1015' title='bbox 2098 3159 2198 3191; x_wconf 89' lang='lat' dir='ltr'>modi.</span> <span class='ocrx_word' id='word_1_1016' title='bbox 2230 3159 2293 3191; x_wconf 92' lang='lat' dir='ltr'>Sed</span> <span class='ocrx_word' id='word_1_1017' title='bbox 2323 3169 2422 3191; x_wconf 91' lang='lat' dir='ltr'>omne</span> <span class='ocrx_word' id='word_1_1018' title='bbox 2451 3166 2622 3201; x_wconf 79' lang='lat' dir='ltr'>peccatum</span> 
     </span>
     <span class='ocr_line' id='line_1_140' title="bbox 1553 3203 2622 3247; baseline 0.003 -14"><span class='ocrx_word' id='word_1_1019' title='bbox 1553 3203 1723 3234; x_wconf 91' lang='lat' dir='ltr'>cuiuslibet</span> <span class='ocrx_word' id='word_1_1020' title='bbox 1744 3204 1884 3234; x_wconf 89' lang='lat' dir='ltr'>hominis</span> <span class='ocrx_word' id='word_1_1021' title='bbox 1908 3209 1955 3234; x_wconf 89' lang='lat' dir='ltr'>est</span> <span class='ocrx_word' id='word_1_1022' title='bbox 1975 3203 2119 3235; x_wconf 88' lang='lat' dir='ltr'>eiusdem</span> <span class='ocrx_word' id='word_1_1023' title='bbox 2142 3205 2273 3235; x_wconf 85' lang='lat' dir='ltr'>rationis</span> <span class='ocrx_word' id='word_1_1024' title='bbox 2295 3204 2499 3236; x_wconf 87' lang='lat' dir='ltr'>obstaculum</span> <span class='ocrx_word' id='word_1_1025' title='bbox 2514 3215 2622 3247; x_wconf 84' lang='lat' dir='ltr'>respe-</span> 
     </span>
     <span class='ocr_line' id='line_1_141' title="bbox 1553 3247 2620 3288; baseline 0.003 -11"><span class='ocrx_word' id='word_1_1026' title='bbox 1553 3253 1607 3278; x_wconf 90' lang='lat' dir='ltr'>ctu</span> <span class='ocrx_word' id='word_1_1027' title='bbox 1630 3248 1778 3277; x_wconf 86' lang='lat' dir='ltr'>introitus</span> <span class='ocrx_word' id='word_1_1028' title='bbox 1802 3247 1890 3278; x_wconf 89' lang='lat' dir='ltr'>caeli.</span> <span class='ocrx_word' id='word_1_1029' title='bbox 1915 3247 2012 3287; x_wconf 89' lang='lat' dir='ltr'>Ergo,</span> <span class='ocrx_word' id='word_1_1030' title='bbox 2029 3249 2056 3278; x_wconf 93' lang='lat' dir='ltr'>si</span> <span class='ocrx_word' id='word_1_1031' title='bbox 2078 3253 2184 3288; x_wconf 89' lang='lat' dir='ltr'>potest</span> <span class='ocrx_word' id='word_1_1032' title='bbox 2207 3257 2310 3279; x_wconf 88' lang='lat' dir='ltr'>unum</span> <span class='ocrx_word' id='word_1_1033' title='bbox 2333 3249 2500 3280; x_wconf 89' lang='lat' dir='ltr'>hominem</span> <span class='ocrx_word' id='word_1_1034' title='bbox 2519 3259 2620 3281; x_wconf 84' lang='lat' dir='ltr'>sacer-</span> 
     </span>
     <span class='ocr_line' id='line_1_142' title="bbox 1553 3291 2621 3334; baseline 0.003 -12"><span class='ocrx_word' id='word_1_1035' title='bbox 1553 3291 1610 3322; x_wconf 92' lang='lat' dir='ltr'>dos</span> <span class='ocrx_word' id='word_1_1036' title='bbox 1626 3301 1684 3331; x_wconf 90' lang='lat' dir='ltr'>per</span> <span class='ocrx_word' id='word_1_1037' title='bbox 1699 3291 1821 3322; x_wconf 88' lang='lat' dir='ltr'>clavem</span> <span class='ocrx_word' id='word_1_1038' title='bbox 1837 3301 1935 3332; x_wconf 89' lang='lat' dir='ltr'>quam</span> <span class='ocrx_word' id='word_1_1039' title='bbox 1956 3292 2051 3322; x_wconf 88' lang='lat' dir='ltr'>habet</span> <span class='ocrx_word' id='word_1_1040' title='bbox 2073 3292 2248 3329; x_wconf 82' lang='lat' dir='ltr'>absolvere,</span> <span class='ocrx_word' id='word_1_1041' title='bbox 2264 3293 2382 3333; x_wconf 89' lang='lat' dir='ltr'>poterit</span> <span class='ocrx_word' id='word_1_1042' title='bbox 2398 3299 2429 3324; x_wconf 93' lang='lat' dir='ltr'>et</span> <span class='ocrx_word' id='word_1_1043' title='bbox 2444 3302 2621 3334; x_wconf 83' lang='lat' dir='ltr'>quoscum-</span> 
     </span>
    </p>
   </div>
   <div class='ocr_carea' id='block_1_43' title="bbox 491 3326 1729 3376">
    <p class='ocr_par' dir='ltr' id='par_1_58' title="bbox 491 3326 1729 3376">
     <span class='ocr_line' id='line_1_143' title="bbox 491 3326 1729 3376; baseline 0.011 -22"><span class='ocrx_word' id='word_1_1044' title='bbox 491 3335 519 3355; x_wconf 89' lang='lat'>2.</span> <span class='ocrx_word' id='word_1_1045' title='bbox 544 3326 744 3364; x_wconf 53' lang='lat' dir='ltr'>Parim-eam,</span> <span class='ocrx_word' id='word_1_1046' title='bbox 771 3331 874 3360; x_wconf 88' lang='lat' dir='ltr'>omnis</span> <span class='ocrx_word' id='word_1_1047' title='bbox 898 3337 1037 3370; x_wconf 88' lang='lat' dir='ltr'>potestas</span> <span class='ocrx_word' id='word_1_1048' title='bbox 1068 3334 1236 3373; x_wconf 87' lang='lat' dir='ltr'>spiritualis</span> <span class='ocrx_word' id='word_1_1049' title='bbox 1260 3335 1377 3371; x_wconf 88' lang='lat' dir='ltr'>activa,</span> <span class='ocrx_word' id='word_1_1050' title='bbox 1401 3336 1434 3366; x_wconf 92' lang='lat' dir='ltr'>in</span> <span class='ocrx_word' id='word_1_1051' title='bbox 1458 3345 1498 3366; x_wconf 92' lang='lat' dir='ltr'>eo</span> <span class='ocrx_word' id='word_1_1052' title='bbox 1513 3350 1539 3372; x_wconf 83' lang='lat'>70</span> <span class='ocrx_word' id='word_1_1053' title='bbox 1553 3345 1618 3376; x_wconf 89' lang='lat' dir='ltr'>que</span> <span class='ocrx_word' id='word_1_1054' title='bbox 1640 3335 1729 3366; x_wconf 85' lang='lat' dir='ltr'>alios.</span> 
     </span>
    </p>
   </div>
   <div class='ocr_carea' id='block_1_44' title="bbox 435 3369 1499 3583">
    <p class='ocr_par' dir='ltr' id='par_1_59' title="bbox 435 3369 1499 3583">
     <span class='ocr_line' id='line_1_144' title="bbox 437 3369 1496 3419; baseline 0.012 -21"><span class='ocrx_word' id='word_1_1055' title='bbox 437 3369 491 3407; x_wconf 86' lang='lat' dir='ltr'>qui</span> <span class='ocrx_word' id='word_1_1056' title='bbox 514 3370 609 3400; x_wconf 89' lang='lat' dir='ltr'>habet</span> <span class='ocrx_word' id='word_1_1057' title='bbox 631 3381 725 3402; x_wconf 90' lang='lat' dir='ltr'>usum</span> <span class='ocrx_word' id='word_1_1058' title='bbox 749 3373 838 3403; x_wconf 90' lang='lat' dir='ltr'>liberi</span> <span class='ocrx_word' id='word_1_1059' title='bbox 863 3376 989 3411; x_wconf 89' lang='lat' dir='ltr'>arbitrii,</span> <span class='ocrx_word' id='word_1_1060' title='bbox 1007 3378 1069 3407; x_wconf 91' lang='lat' dir='ltr'>exit</span> <span class='ocrx_word' id='word_1_1061' title='bbox 1084 3378 1117 3407; x_wconf 91' lang='lat' dir='ltr'>in</span> <span class='ocrx_word' id='word_1_1062' title='bbox 1134 3384 1240 3409; x_wconf 88' lang='lat' dir='ltr'>actum</span> <span class='ocrx_word' id='word_1_1063' title='bbox 1265 3379 1395 3419; x_wconf 88' lang='lat' dir='ltr'>quando</span> <span class='ocrx_word' id='word_1_1064' title='bbox 1419 3380 1496 3410; x_wconf 89' lang='lat' dir='ltr'>vult.</span> 
     </span>
     <span class='ocr_line' id='line_1_145' title="bbox 437 3411 1498 3464; baseline 0.012 -22"><span class='ocrx_word' id='word_1_1065' title='bbox 437 3411 498 3442; x_wconf 91' lang='lat' dir='ltr'>Sed</span> <span class='ocrx_word' id='word_1_1066' title='bbox 514 3419 652 3452; x_wconf 91' lang='lat' dir='ltr'>potestas</span> <span class='ocrx_word' id='word_1_1067' title='bbox 669 3416 805 3446; x_wconf 92' lang='lat' dir='ltr'>clavium</span> <span class='ocrx_word' id='word_1_1068' title='bbox 822 3417 924 3448; x_wconf 89' lang='lat' dir='ltr'>adhuc</span> <span class='ocrx_word' id='word_1_1069' title='bbox 941 3426 1048 3450; x_wconf 90' lang='lat' dir='ltr'>manet</span> <span class='ocrx_word' id='word_1_1070' title='bbox 1063 3422 1095 3451; x_wconf 91' lang='lat' dir='ltr'>in</span> <span class='ocrx_word' id='word_1_1071' title='bbox 1112 3422 1294 3461; x_wconf 89' lang='lat' dir='ltr'>praedictis:</span> <span class='ocrx_word' id='word_1_1072' title='bbox 1320 3424 1405 3464; x_wconf 88' lang='lat' dir='ltr'>quia,</span> <span class='ocrx_word' id='word_1_1073' title='bbox 1423 3433 1498 3454; x_wconf 91' lang='lat' dir='ltr'>cum</span> 
     </span>
     <span class='ocr_line' id='line_1_146' title="bbox 436 3456 1498 3508; baseline 0.014 -23"><span class='ocrx_word' id='word_1_1074' title='bbox 436 3465 503 3485; x_wconf 93' lang='lat' dir='ltr'>non</span> <span class='ocrx_word' id='word_1_1075' title='bbox 527 3456 618 3487; x_wconf 87' lang='lat' dir='ltr'>detur</span> <span class='ocrx_word' id='word_1_1076' title='bbox 640 3459 700 3488; x_wconf 87' lang='lat' dir='ltr'>nisi</span> <span class='ocrx_word' id='word_1_1077' title='bbox 719 3460 752 3489; x_wconf 93' lang='lat' dir='ltr'>in</span> <span class='ocrx_word' id='word_1_1078' title='bbox 769 3460 890 3497; x_wconf 89' lang='lat' dir='ltr'>ordine,</span> <span class='ocrx_word' id='word_1_1079' title='bbox 907 3469 1069 3502; x_wconf 88' lang='lat' dir='ltr'>oporteret</span> <span class='ocrx_word' id='word_1_1080' title='bbox 1091 3466 1265 3497; x_wconf 87' lang='lat' dir='ltr'>reordinari</span> <span class='ocrx_word' id='word_1_1081' title='bbox 1288 3477 1344 3498; x_wconf 90' lang='lat' dir='ltr'>eos</span> <span class='ocrx_word' id='word_1_1082' title='bbox 1367 3468 1498 3508; x_wconf 87' lang='lat' dir='ltr'>quando</span> 
     </span>
     <span class='ocr_line' id='line_1_147' title="bbox 437 3499 1499 3553; baseline 0.015 -25"><span class='ocrx_word' id='word_1_1083' title='bbox 437 3499 476 3529; x_wconf 91' lang='lat' dir='ltr'>ad</span> <span class='ocrx_word' id='word_1_1084' title='bbox 492 3500 666 3549; x_wconf 78' lang='lat' dir='ltr'>Ecclesiam</span> <span class='ocrx_word' id='word_1_1085' title='bbox 689 3503 832 3534; x_wconf 91' lang='lat' dir='ltr'>redeunt.</span> <span class='ocrx_word' id='word_1_1086' title='bbox 858 3506 952 3545; x_wconf 87' lang='lat' dir='ltr'>Ergo,</span> <span class='ocrx_word' id='word_1_1087' title='bbox 970 3517 1044 3537; x_wconf 92' lang='lat' dir='ltr'>cum</span> <span class='ocrx_word' id='word_1_1088' title='bbox 1068 3509 1107 3538; x_wconf 89' lang='lat' dir='ltr'>sit</span> <span class='ocrx_word' id='word_1_1089' title='bbox 1130 3512 1272 3549; x_wconf 89' lang='lat' dir='ltr'>potentia</span> <span class='ocrx_word' id='word_1_1090' title='bbox 1295 3512 1406 3548; x_wconf 90' lang='lat' dir='ltr'>activa,</span> <span class='ocrx_word' id='word_1_1091' title='bbox 1423 3522 1499 3553; x_wconf 89' lang='lat' dir='ltr'>pos-</span> 
     </span>
     <span class='ocr_line' id='line_1_148' title="bbox 435 3547 1186 3583; baseline 0.015 -11"><span class='ocrx_word' id='word_1_1092' title='bbox 435 3548 511 3573; x_wconf 89' lang='lat' dir='ltr'>sunt</span> <span class='ocrx_word' id='word_1_1093' title='bbox 534 3554 566 3574; x_wconf 91' lang='lat' dir='ltr'>1n</span> <span class='ocrx_word' id='word_1_1094' title='bbox 591 3551 696 3575; x_wconf 87' lang='lat' dir='ltr'>actum</span> <span class='ocrx_word' id='word_1_1095' title='bbox 721 3547 788 3577; x_wconf 87' lang='lat' dir='ltr'>eius</span> <span class='ocrx_word' id='word_1_1096' title='bbox 812 3549 895 3578; x_wconf 84' lang='lat' dir='ltr'>exire</span> <span class='ocrx_word' id='word_1_1097' title='bbox 920 3559 994 3580; x_wconf 90' lang='lat' dir='ltr'>cum</span> <span class='ocrx_word' id='word_1_1098' title='bbox 1017 3552 1186 3583; x_wconf 89' lang='lat' dir='ltr'>voluerint.</span> 
     </span>
    </p>
   </div>
   <div class='ocr_carea' id='block_1_45' title="bbox 1553 3379 2620 3511">
    <p class='ocr_par' dir='ltr' id='par_1_60' title="bbox 1553 3379 2620 3511">
     <span class='ocr_line' id='line_1_149' title="bbox 1609 3379 2620 3422; baseline 0.003 -12"><span class='ocrx_word' id='word_1_1099' title='bbox 1609 3380 1638 3410; x_wconf 83' lang='lat'>3.</span> <span class='ocrx_word' id='word_1_1100' title='bbox 1662 3379 1858 3416; x_wconf 52' lang='lat' dir='ltr'>Pataram,</span> <span class='ocrx_word' id='word_1_1101' title='bbox 1883 3379 2097 3411; x_wconf 86' lang='lat' dir='ltr'>sacerdotium</span> <span class='ocrx_word' id='word_1_1102' title='bbox 2124 3381 2202 3411; x_wconf 90' lang='lat' dir='ltr'>novi</span> <span class='ocrx_word' id='word_1_1103' title='bbox 2225 3381 2424 3412; x_wconf 84' lang='lat' dir='ltr'>Testamenti</span> <span class='ocrx_word' id='word_1_1104' title='bbox 2448 3387 2494 3413; x_wconf 88' lang='lat' dir='ltr'>est</span> <span class='ocrx_word' id='word_1_1105' title='bbox 2516 3381 2620 3422; x_wconf 76' lang='lat' dir='ltr'>perfe-</span> 
     </span>
     <span class='ocr_line' id='line_1_150' title="bbox 1553 3423 2620 3466; baseline 0.002 -12"><span class='ocrx_word' id='word_1_1106' title='bbox 1553 3425 1634 3455; x_wconf 87' lang='lat' dir='ltr'>ctius</span> <span class='ocrx_word' id='word_1_1107' title='bbox 1650 3433 1748 3464; x_wconf 89' lang='lat' dir='ltr'>quam</span> <span class='ocrx_word' id='word_1_1108' title='bbox 1763 3425 1886 3455; x_wconf 86' lang='lat' dir='ltr'>veteris.</span> <span class='ocrx_word' id='word_1_1109' title='bbox 1911 3423 1975 3455; x_wconf 90' lang='lat' dir='ltr'>Sed</span> <span class='ocrx_word' id='word_1_1110' title='bbox 1989 3423 2137 3455; x_wconf 88' lang='lat' dir='ltr'>sacerdos</span> <span class='ocrx_word' id='word_1_1111' title='bbox 2152 3426 2267 3456; x_wconf 88' lang='lat' dir='ltr'>veteris</span> <span class='ocrx_word' id='word_1_1112' title='bbox 2279 3425 2479 3458; x_wconf 84' lang='lat' dir='ltr'>Testamenti</span> <span class='ocrx_word' id='word_1_1113' title='bbox 2493 3431 2620 3466; x_wconf 80' lang='lat' dir='ltr'>poterat</span> 
     </span>
     <span class='ocr_line' id='line_1_151' title="bbox 1553 3468 2620 3511; baseline 0.003 -13"><span class='ocrx_word' id='word_1_1114' title='bbox 1553 3469 1599 3499; x_wconf 92' lang='lat' dir='ltr'>uti</span> <span class='ocrx_word' id='word_1_1115' title='bbox 1623 3478 1680 3498; x_wconf 89' lang='lat' dir='ltr'>sua</span> <span class='ocrx_word' id='word_1_1116' title='bbox 1702 3473 1860 3508; x_wconf 86' lang='lat' dir='ltr'>potestate</span> <span class='ocrx_word' id='word_1_1117' title='bbox 1882 3477 1981 3508; x_wconf 91' lang='lat' dir='ltr'>quam</span> <span class='ocrx_word' id='word_1_1118' title='bbox 2004 3468 2140 3499; x_wconf 83' lang='lat' dir='ltr'>habebat</span> <span class='ocrx_word' id='word_1_1119' title='bbox 2162 3469 2361 3500; x_wconf 89' lang='lat' dir='ltr'>discernendi</span> <span class='ocrx_word' id='word_1_1120' title='bbox 2390 3470 2474 3501; x_wconf 85' lang='lat' dir='ltr'>inter</span> <span class='ocrx_word' id='word_1_1121' title='bbox 2497 3470 2620 3511; x_wconf 81' lang='lat' dir='ltr'>lepram</span> 
     </span>
    </p>
   </div>
   <div class='ocr_carea' id='block_1_46' title="bbox 1513 3512 2660 3598">
    <p class='ocr_par' dir='ltr' id='par_1_61' title="bbox 1513 3512 2660 3598">
     <span class='ocr_line' id='line_1_152' title="bbox 1553 3512 2660 3554; baseline 0.004 -12"><span class='ocrx_word' id='word_1_1122' title='bbox 1553 3517 1584 3543; x_wconf 85' lang='lat' dir='ltr'>et</span> <span class='ocrx_word' id='word_1_1123' title='bbox 1606 3513 1729 3553; x_wconf 78' lang='lat' dir='ltr'>lepram</span> <span class='ocrx_word' id='word_1_1124' title='bbox 1744 3514 1777 3549; x_wconf 55' lang='lat'>³,</span> <span class='ocrx_word' id='word_1_1125' title='bbox 1808 3512 2023 3543; x_wconf 84' lang='lat' dir='ltr'>indifferenter</span> <span class='ocrx_word' id='word_1_1126' title='bbox 2045 3513 2078 3543; x_wconf 91' lang='lat' dir='ltr'>in</span> <span class='ocrx_word' id='word_1_1127' title='bbox 2102 3523 2224 3544; x_wconf 89' lang='lat' dir='ltr'>omnes.</span> <span class='ocrx_word' id='word_1_1128' title='bbox 2256 3514 2342 3554; x_wconf 86' lang='lat' dir='ltr'>Ergo</span> <span class='ocrx_word' id='word_1_1129' title='bbox 2372 3514 2476 3545; x_wconf 88' lang='lat' dir='ltr'>multo</span> <span class='ocrx_word' id='word_1_1130' title='bbox 2506 3513 2620 3546; x_wconf 85' lang='lat' dir='ltr'>fortius</span> <span class='ocrx_word' id='word_1_1131' title='bbox 2649 3521 2660 3532; x_wconf 88' lang='lat'><strong>·</strong></span> 
     </span>
     <span class='ocr_line' id='line_1_153' title="bbox 1513 3556 2574 3598; baseline 0.002 -11"><span class='ocrx_word' id='word_1_1132' title='bbox 1513 3570 1537 3591; x_wconf 73' lang='lat'>75</span> <span class='ocrx_word' id='word_1_1133' title='bbox 1553 3556 1700 3587; x_wconf 88' lang='lat' dir='ltr'>sacerdos</span> <span class='ocrx_word' id='word_1_1134' title='bbox 1723 3556 1934 3597; x_wconf 85' lang='lat' dir='ltr'>Evangelicus</span> <span class='ocrx_word' id='word_1_1135' title='bbox 1956 3562 2063 3597; x_wconf 89' lang='lat' dir='ltr'>potest</span> <span class='ocrx_word' id='word_1_1136' title='bbox 2086 3557 2133 3588; x_wconf 90' lang='lat' dir='ltr'>uti</span> <span class='ocrx_word' id='word_1_1137' title='bbox 2148 3563 2305 3598; x_wconf 83' lang='lat' dir='ltr'>potestate</span> <span class='ocrx_word' id='word_1_1138' title='bbox 2329 3567 2386 3590; x_wconf 89' lang='lat' dir='ltr'>sua</span> <span class='ocrx_word' id='word_1_1139' title='bbox 2400 3559 2435 3589; x_wconf 90' lang='lat' dir='ltr'>in</span> <span class='ocrx_word' id='word_1_1140' title='bbox 2451 3567 2574 3589; x_wconf 85' lang='lat' dir='ltr'>omnes.</span> 
     </span>
    </p>
   </div>
   <div class='ocr_carea' id='block_1_47' title="bbox 2651 502 2866 558">
    <p class='ocr_par' dir='ltr' id='par_1_62' title="bbox 2651 502 2866 558">
     <span class='ocr_line' id='line_1_154' title="bbox 2651 502 2866 558; baseline 0.009 -7"><span class='ocrx_word' id='word_1_1141' title='bbox 2651 502 2866 558; x_wconf 49' lang='lat' dir='ltr'>324⁰ss¹xfii⁰3⁶Y</span> 
     </span>
    </p>
   </div>
   <div class='ocr_carea' id='block_1_48' title="bbox 2653 899 2813 928">
    <p class='ocr_par' dir='ltr' id='par_1_63' title="bbox 2653 899 2813 928">
     <span class='ocr_line' id='line_1_155' title="bbox 2653 899 2813 928; baseline 0.006 -6"><span class='ocrx_word' id='word_1_1142' title='bbox 2653 901 2663 911; x_wconf 92' lang='grc'>·</span> <span class='ocrx_word' id='word_1_1143' title='bbox 2678 899 2714 923; x_wconf 83' lang='lat' dir='ltr'>Cf.</span> <span class='ocrx_word' id='word_1_1144' title='bbox 2729 906 2776 928; x_wconf 74' lang='lat' dir='ltr'>ug.</span> <span class='ocrx_word' id='word_1_1145' title='bbox 2794 907 2813 923; x_wconf 85' lang='grc' dir='ltr'>ι.</span> 
     </span>
    </p>
   </div>
   <div class='ocr_carea' id='block_1_49' title="bbox 2652 1076 2868 1124">
    <p class='ocr_par' dir='ltr' id='par_1_64' title="bbox 2652 1076 2868 1124">
     <span class='ocr_line' id='line_1_156' title="bbox 2652 1076 2868 1124; baseline 0 -26"><span class='ocrx_word' id='word_1_1146' title='bbox 2652 1076 2782 1124; x_wconf 56' lang='grc' dir='ltr'>ἑὲὶὲιανιι,</span> <span class='ocrx_word' id='word_1_1147' title='bbox 2791 1079 2834 1099; x_wconf 77' lang='lat' dir='ltr'>nrt.</span> <span class='ocrx_word' id='word_1_1148' title='bbox 2844 1081 2868 1103; x_wconf 66' lang='grc' dir='ltr'>ι,</span> 
     </span>
    </p>
   </div>
   <div class='ocr_carea' id='block_1_50' title="bbox 2651 1958 2826 1988">
    <p class='ocr_par' dir='ltr' id='par_1_65' title="bbox 2651 1958 2826 1988">
     <span class='ocr_line' id='line_1_157' title="bbox 2651 1958 2826 1988; baseline 0 -7"><span class='ocrx_word' id='word_1_1149' title='bbox 2651 1961 2662 1970; x_wconf 86' lang='grc'>·</span> <span class='ocrx_word' id='word_1_1150' title='bbox 2676 1958 2702 1981; x_wconf 77' lang='lat'>11²</span> <span class='ocrx_word' id='word_1_1151' title='bbox 2717 1965 2826 1988; x_wconf 74' lang='lat' dir='ltr'>corpore.</span> 
     </span>
    </p>
   </div>
   <div class='ocr_carea' id='block_1_51' title="bbox 2651 2224 2871 2274">
    <p class='ocr_par' dir='ltr' id='par_1_66' title="bbox 2651 2224 2871 2274">
     <span class='ocr_line' id='line_1_158' title="bbox 2651 2224 2871 2274; baseline 0.005 -28"><span class='ocrx_word' id='word_1_1152' title='bbox 2651 2224 2755 2274; x_wconf 54' lang='grc' dir='ltr'>ἷτὲἓςιι.</span> <span class='ocrx_word' id='word_1_1153' title='bbox 2765 2229 2822 2252; x_wconf 80' lang='lat' dir='ltr'>xvn,</span> <span class='ocrx_word' id='word_1_1154' title='bbox 2830 2225 2871 2247; x_wconf 86' lang='lat' dir='ltr'>ln-</span> 
     </span>
    </p>
   </div>
   <div class='ocr_carea' id='block_1_52' title="bbox 2649 2983 2864 3040">
    <p class='ocr_par' dir='ltr' id='par_1_67' title="bbox 2649 2983 2864 3040">
     <span class='ocr_line' id='line_1_159' title="bbox 2650 2983 2864 3012; baseline 0 -6"><span class='ocrx_word' id='word_1_1155' title='bbox 2650 2984 2660 2994; x_wconf 80' lang='lat'><strong>·</strong></span> <span class='ocrx_word' id='word_1_1156' title='bbox 2674 2983 2739 3006; x_wconf 70' lang='lat' dir='ltr'>loen.</span> <span class='ocrx_word' id='word_1_1157' title='bbox 2754 2989 2805 3012; x_wconf 74' lang='lat' dir='ltr'>cap.</span> <span class='ocrx_word' id='word_1_1158' title='bbox 2822 2989 2864 3011; x_wconf 79' lang='lat' dir='ltr'>xx,</span> 
     </span>
     <span class='ocr_line' id='line_1_160' title="bbox 2649 3016 2806 3040; baseline 0.013 -9"><span class='ocrx_word' id='word_1_1159' title='bbox 2649 3016 2710 3033; x_wconf 76' lang='lat' dir='ltr'>ven.</span> <span class='ocrx_word' id='word_1_1160' title='bbox 2724 3016 2758 3038; x_wconf 73' lang='lat' dir='ltr'>n,</span> <span class='ocrx_word' id='word_1_1161' title='bbox 2773 3016 2806 3040; x_wconf 78' lang='lat'>²³·</span> 
     </span>
    </p>
   </div>
   <div class='ocr_carea' id='block_1_53' title="bbox 2744 3513 2862 3551">
    <p class='ocr_par' dir='ltr' id='par_1_68' title="bbox 2744 3513 2862 3551">
     <span class='ocr_line' id='line_1_161' title="bbox 2744 3513 2862 3551; baseline 0.042 -7"><span class='ocrx_word' id='word_1_1162' title='bbox 2744 3513 2862 3551; x_wconf 51' lang='lat' dir='ltr'>apmuss</span> 
     </span>
    </p>
   </div>
   <div class='ocr_carea' id='block_1_54' title="bbox 2647 3549 2800 3576">
    <p class='ocr_par' dir='ltr' id='par_1_69' title="bbox 2647 3549 2800 3576">
     <span class='ocr_line' id='line_1_162' title="bbox 2647 3549 2800 3576; baseline 0 -7"><span class='ocrx_word' id='word_1_1163' title='bbox 2647 3549 2706 3570; x_wconf 70' lang='lat' dir='ltr'>ven.</span> <span class='ocrx_word' id='word_1_1164' title='bbox 2716 3555 2718 3557; x_wconf 62' lang='grc'>’</span> <span class='ocrx_word' id='word_1_1165' title='bbox 2749 3553 2800 3576; x_wconf 67' lang='lat' dir='ltr'>sqq.</span> 
     </span>
    </p>
   </div>
  </div>
 </body>
</html>
