2878 4088
108 431 116 440 ·
130 427 203 455 capp.
220 427 276 450 Cum
291 434 318 449 a·

102 453 153 482 pud
161 457 183 486 et
192 454 258 476 Tuae
279 460 315 476 ra-

105 482 194 529 ζὶῗὲῑ
204 480 318 530 ῗῖὥῗὲ.

101 822 165 851 ²Qu.
174 829 231 851 mi,
241 827 284 846 ert.
295 831 312 847 ι.

100 915 111 926 ·
118 914 314 943 Pan.111,qu.1.x,

99 943 143 963 art.
153 948 178 968 4.

95 1229 292 1259 ‘Ammona

94 3098 140 3121 eal.
143 3117 152 3122 .
156 3089 188 3121 ρι’
193 3078 308 3123 Δίωνι-ἒπ-

97 3483 108 3493 “
126 3480 162 3503 Ct‘.
181 3481 214 3503 1v
227 3480 292 3503 Sent.
299 3497 308 3508 ,

95 3507 307 3556 &namt

993 173 1257 219 QUAESTIO
1287 171 1403 218 XLV,
1424 171 1717 211 ARTICULUS
1745 175 1809 219 111,
1831 175 1880 211 1v
2476 178 2524 225 87

345 251 499 291 primatur
522 251 634 281 verbis.
659 251 745 291 Ergo
770 257 801 282 et
824 261 999 282 consensus
1022 251 1096 282 facit
1110 251 1306 282 matrimonii
1329 249 1410 281 obli·
1464 251 1621 290 exprimit,
1638 261 1706 281 non
1729 251 1884 291 significat
1908 263 1941 283 se
1965 253 2068 284 facere
2091 257 2348 293 matrimonium,
2373 256 2428 287 sed
2451 266 2525 296 pro-

345 295 508 335 gationem
532 296 628 326 etiam
651 296 718 326 sine
742 297 944 336 expressione
967 297 1149 327 verborum.
1463 295 1559 325 mittit
1582 305 1615 325 se
1635 295 1804 332 facturum,
1821 296 1894 326 ideo
1911 297 1980 327 talis
1996 301 2155 338 expressio
2179 310 2353 331 consensus
2369 311 2435 331 non
2452 301 2526 331 facit

402 349 431 370 2.
455 339 659 376 Pmmnnnx,
685 341 926 370 matrimonium
957 346 1063 380 potest
1085 350 1152 370 esse
1175 340 1258 370 inter
1284 339 1409 379 aliquos
1462 339 1714 376 matrimonium,
1731 340 1786 370 sed
1809 342 2018 380 sponsionem
2042 343 2119 379 eius,
2137 353 2219 383 quae
2242 346 2399 384 sponsalia
2420 346 2525 375 nomi-

346 384 402 423 qui
425 393 521 414 suum
555 394 750 414 consensum
772 385 831 414 sibi
862 390 978 415 mutuo
1002 385 1105 414 verbis
1137 384 1312 424 exprimere
1341 392 1408 413 non
1462 389 1579 414 nantur
1594 385 1620 414 *-

344 434 494 468 possunt,
518 429 594 468 quia
616 429 667 459 vel
690 434 763 459 sunt
785 429 867 459 muti
882 430 909 465 ²,
925 429 976 458 vel
999 428 1193 459 diversarum
1215 428 1407 467 linguarum.
1430 437 1440 458 5
1517 428 1568 458 An
1591 438 1708 459 ramum
1724 438 1807 458 eaeo
1831 439 1990 459 mcenmm
2011 430 2109 470 quod,
2127 441 2201 461 cum
2225 442 2399 463 consensus
2423 434 2524 474 expri-

344 473 430 513 Ergo
447 474 606 513 expressio
624 482 799 503 consensus
813 482 871 513 per
893 473 989 503 verba
1011 483 1078 503 non
1094 472 1264 512 requiritur
1286 471 1326 502 ad
1341 480 1408 501 ma·
1462 472 1560 502 mitur
1582 482 1639 512 per
1661 473 1757 503 verba
1780 472 1819 503 de
1842 474 2011 513 praesenti,
2028 479 2059 504 et
2082 476 2177 505 verba
2196 482 2269 506 sunt
2291 478 2477 516 praesentia,
2495 483 2525 508 et

342 517 541 548 trimonium.
1462 517 1495 546 in
1518 526 1667 556 praesens
1691 518 1889 548 consentitur
1910 527 1970 558 pro
1995 518 2110 548 eodem
2129 525 2285 559 tempore.
2309 521 2371 551 Sed
2395 521 2524 561 quando

399 561 429 592 3.
454 562 649 597 PRAereReA,
667 562 692 591 si
709 562 872 592 omittatur
895 560 974 591 illud
990 560 1080 601 quod
1096 566 1143 591 est
1166 559 1205 590 de
1221 560 1408 590 necessitate
1463 570 1638 591 consensus
1660 561 1696 592 fit
1718 571 1776 602 per
1797 563 1893 592 verba
1917 562 1956 592 de
1980 562 2099 599 futuro,
2126 564 2220 593 verba
2243 570 2316 594 sunt
2339 566 2524 604 praesentia,

342 607 531 636 sacramenti
555 615 760 646 quacumque
792 615 830 636 ex
853 615 966 642 causa,
992 614 1060 635 non
1083 610 1130 635 est
1162 609 1406 634 sacramentum.
1462 605 1518 635 sed
1541 607 1739 636 consentitur
1761 607 1795 636 in
1811 606 1965 637 futurum.
1991 607 2031 637 Et
2054 607 2127 637 ideo
2143 617 2211 638 non
2234 618 2293 648 pro
2311 609 2427 639 eodem
2445 615 2525 640 tem-

342 649 406 680 Sed
428 651 462 680 in
485 650 594 690 aliquo
611 659 687 680 casu
710 655 756 680 est
771 649 1013 680 matrimonium
1035 649 1103 678 sine
1120 648 1322 688 expressione
1338 657 1407 677 ver-
1423 661 1448 675 ιο
1461 658 1550 689 pore.
1575 650 1616 680 Et
1638 656 1770 690 propter
1793 651 1856 681 hoc
1880 661 1948 681 non
1972 656 2019 681 est
2041 652 2153 682 simile.

341 694 476 725 borum:
502 695 584 725 sicut
607 693 736 734 quando
760 693 867 733 puella
881 698 964 723 tacet
986 702 1062 733 prae
1077 691 1278 727 verecundia,
1294 701 1407 731 paren·
1514 693 1564 723 An
1581 704 1744 724 secunmm
1767 705 1926 725 mcennum
1943 695 2032 735 quod
2048 697 2143 726 etiam
2166 697 2200 726 in
2223 696 2290 726 aliis
2313 697 2526 728 contractibus

341 739 426 769 tibus
450 748 520 769 eam
543 739 611 769 viro
635 737 839 768 tradentibus.
864 737 950 776 Ergo
967 737 1127 777 expressio
1150 736 1323 766 verborum
1338 745 1406 765 non
1461 738 1517 777 qui
1540 738 1643 768 verbis
1662 738 1776 769 futuris
1799 740 1898 770 utitur
1913 749 1981 770 non
2004 740 2150 771 transfert
2172 746 2363 781 potestatem
2383 741 2428 771 rei
2451 751 2526 772 suae

341 789 388 813 est
411 782 450 813 de
473 783 659 813 necessitate
681 782 886 812 matrimonii.
1460 781 1493 811 in
1517 781 1662 818 alterum,
1678 789 1715 813 ut
1738 783 1872 820 sidicat,
1888 785 1982 814 Dabo
2007 785 2063 815 tibi
2074 792 2084 815 .·
2107 785 2163 815 sed
2185 786 2291 816 solum
2312 785 2441 825 quando
2458 795 2526 816 ver-

396 827 458 858 Sen
475 837 608 863 conum,
624 826 867 856 matrimonium
883 831 929 856 est
948 829 1182 855 sacramentum
1197 822 1362 864 quoddam
1378 824 1404 853 ⁸⁶.
1460 826 1508 855 bis
1530 828 1749 866 praesentibus
1772 829 1882 859 utitur.

340 870 403 902 Sed
426 871 459 901 in
483 871 572 901 omni
601 875 799 900 sacramento
830 869 1001 909 requiritur
1030 867 1163 908 aliquod
1194 867 1341 898 sensibile
1364 867 1405 898 si·
1420 880 1443 900 ις
1515 871 1565 900 An
1590 881 1724 902 reanum
1747 883 1907 903 mcenntm
1930 873 2020 914 quod
2043 874 2076 904 in
2098 880 2176 905 voto
2200 874 2407 915 professionis
2438 880 2526 905 actus

339 924 440 955 gnum
455 916 482 945 ².
507 915 592 954 Ergo
617 919 648 944 et
666 914 700 943 in
722 914 939 944 matrimonio.
964 913 1005 943 Et
1020 913 1063 942 ita
1086 917 1214 952 oportet
1229 912 1274 942 ibi
1293 912 1404 942 saltem
1459 915 1628 954 spiritualis
1651 917 1847 948 matrimonii
1863 927 1920 958 per
1942 919 2038 948 verba
2058 918 2097 949 de
2120 919 2229 949 futuro
2254 919 2448 959 exprimitur,
2466 920 2524 949 sci-

339 969 407 990 esse
430 959 526 989 verba
549 958 756 998 exprimentia
780 967 974 988 consensum
997 956 1194 987 sensibiliter.
1458 959 1533 989 licet
1549 960 1731 991 obedientia
1746 962 1797 992 vel
1814 963 2012 993 observantia
2035 964 2180 1003 regulae:
2207 969 2238 994 et
2252 973 2320 994 non
2335 964 2442 1004 ipsum
2458 973 2525 994 ma—

393 1012 424 1033 2.
447 1003 644 1035 Pius-mana,
659 1002 693 1032 in
716 1002 923 1032 matrimonio
939 1001 975 1032 fit
999 1007 1180 1032 contractus
1196 1001 1277 1031 inter
1299 1001 1404 1031 virum
1458 1004 1647 1035 trimonium
1670 1007 1842 1046 spirituale.
1867 1007 1900 1038 Si
1923 1013 2031 1037 autem
2054 1007 2215 1048 spirituale
2233 1009 2475 1038 matrimonium
2491 1009 2525 1038 in

338 1051 369 1077 et
391 1046 568 1076 mulierem.
593 1045 656 1076 Sed
679 1046 713 1076 in
737 1046 882 1086 quolibet
905 1051 1071 1076 contractu
1100 1051 1227 1085 oportet
1259 1054 1327 1076 esse
1351 1055 1403 1075 ex-
1458 1047 1603 1080 futurum
1626 1056 1789 1087 voveatur,
1811 1061 1879 1081 non
1903 1057 1950 1082 est
1972 1053 2214 1083 matrimonium
2237 1053 2415 1093 spirituale:
2449 1054 2525 1092 quia

335 1091 535 1130 pressionem
557 1091 739 1126 verborum,
757 1091 874 1131 quibus
891 1100 924 1120 se
946 1096 1062 1120 mutuo
1078 1090 1227 1120 homines
1250 1090 1402 1130 obligent.
1417 1104 1444 1119 20
1457 1093 1605 1124 nondum
1621 1104 1657 1125 ex
1682 1095 1745 1126 hoc
1761 1095 1875 1136 aliquis
1899 1102 1945 1126 est
1960 1097 2148 1133 monachus,
2165 1097 2221 1127 sed
2244 1107 2277 1127 se
2293 1096 2437 1127 futurum
2453 1107 2524 1128 mo-

336 1135 422 1175 Ergo
447 1140 479 1165 et
501 1135 534 1165 in
557 1135 763 1165 matrimonio
788 1140 916 1175 oportet
935 1144 1003 1165 esse
1027 1144 1221 1165 consensum
1236 1144 1293 1174 per
1308 1135 1403 1164 verba
1456 1138 1596 1168 nachum
1619 1139 1798 1179 pollicetur.

336 1196 530 1226 expressum.

390 1231 581 1262 Responneo
604 1240 765 1261 Dicennun
789 1229 888 1270 quod,
905 1230 987 1260 sicut
1010 1239 1048 1260 ex
1065 1229 1155 1260 dictis
1171 1230 1188 1246 ⁴*
1210 1235 1306 1269 patet,
1324 1239 1402 1259 con-

334 1276 458 1306 iunctio
474 1275 715 1306 matrimonialis
731 1274 767 1305 fit
786 1274 825 1305 ad
840 1274 976 1305 modum
1002 1274 1204 1314 obligationis
1219 1275 1253 1304 in
1277 1279 1402 1304 contra-

335 1320 439 1351 ctibus
452 1320 678 1350 materialibus
702 1319 743 1349 Et
759 1320 835 1359 quia
849 1319 1026 1350 materiales
1042 1323 1223 1348 contractus
1243 1328 1311 1348 non
1326 1327 1402 1358 pos·
1416 1325 1439 1345 ²5

334 1369 410 1395 sunt
431 1363 500 1394 fieri
523 1364 584 1394 nisi
607 1364 666 1394 sibi
689 1364 828 1394 invicem
855 1363 1054 1393 voluntatem
1087 1372 1178 1392 suam
1200 1363 1303 1393 verbis
1326 1372 1401 1402 pro-
1519 1369 1540 1389 D
1572 1370 1720 1390 QUARTUM
1751 1371 1797 1391 διε
1828 1371 2032 1391 reocem‘rua.
2065 1361 2198 1392 Videtur
2229 1362 2318 1402 quod
2348 1372 2522 1393 consensus

334 1413 424 1439 mant
447 1409 503 1448 qui
527 1409 729 1444 contrahunt,
745 1407 819 1438 ideo
844 1408 939 1438 etiam
963 1412 1091 1447 oportet
1113 1406 1203 1447 quod
1226 1416 1401 1437 consensus
1521 1405 1691 1444 expressio,
1716 1406 1811 1435 etiam
1829 1415 1887 1445 per
1905 1406 2010 1442 verba,
2032 1406 2057 1435 si
2081 1406 2161 1436 desit
2182 1407 2313 1437 interior
2336 1417 2521 1444 consensus,

334 1453 576 1484 matrimonium
599 1451 718 1483 faciens
741 1453 843 1482 verbis
863 1452 1071 1492 exprimatur:
1097 1457 1133 1481 ut
1156 1452 1316 1491 expressio
1331 1460 1408 1481 verz
1455 1446 1548 1478 faciat
1570 1450 1821 1480 matrimonium.
1847 1450 1931 1488 Quia
1945 1451 2050 1491 fraus
2072 1455 2104 1480 et
2125 1450 2220 1481 dolus
2243 1451 2363 1481 nemini
2375 1453 2522 1492 patroci-

334 1498 452 1528 borum
474 1506 508 1528 se
539 1497 654 1527 habeat
677 1496 717 1527 ad
739 1497 982 1527 matrimonium
1005 1496 1087 1526 sicut
1110 1495 1230 1526 ablutio
1264 1496 1400 1526 exterior
1455 1493 1531 1523 nari
1553 1492 1651 1529 debet,
1668 1494 1847 1524 secundum
1870 1495 1939 1524 iura
1954 1495 1980 1524 *·
2006 1494 2068 1525 Sed
2090 1495 2144 1525 ille
2167 1496 2224 1535 qui
2246 1496 2350 1526 verbis
2374 1497 2523 1536 exprimit

334 1541 374 1572 ad
396 1542 602 1582 baptismum.
1416 1546 1441 1566 3⁰
1455 1547 1650 1568 consensum
1674 1547 1772 1578 quem
1794 1539 1828 1568 in
1852 1538 1948 1569 corde
1971 1548 2039 1568 non
2062 1539 2173 1575 habet,
2199 1539 2311 1570 dolum
2339 1541 2520 1572 committit.

387 1586 439 1616 An
461 1595 580 1616 ramim
595 1595 678 1616 aneo
702 1594 863 1615 meenntm
878 1584 969 1624 quod
991 1585 1024 1614 in
1040 1589 1118 1614 voto
1141 1593 1209 1614 non
1226 1589 1272 1614 est
1295 1584 1401 1624 aliqua
1455 1581 1540 1621 Ergo
1564 1592 1632 1612 non
1656 1581 1750 1612 debet
1773 1583 1831 1613 sibi
1854 1584 2056 1623 patrocinari,
2073 1589 2109 1614 ut
2131 1584 2170 1614 ab
2195 1584 2390 1624 obligatione
2413 1586 2521 1616 matri-

334 1630 567 1660 sacramentalis
583 1629 747 1669 obligatio,
764 1628 819 1659 sed
835 1629 1004 1668 spiritualis
1019 1634 1155 1658 tantum.
1179 1628 1221 1658 Et
1235 1627 1309 1658 ideo
1332 1637 1400 1658 non
1454 1626 1557 1656 monii
1579 1626 1659 1657 liber
1681 1626 1839 1657 reddatur.

333 1679 462 1714 oportet
485 1673 575 1714 quod
597 1672 652 1703 fiat
675 1670 715 1703 ad
733 1672 870 1703 modum
893 1672 1104 1703 materialium
1121 1677 1345 1702 contractuum
1361 1671 1401 1702 ad
1512 1680 1541 1700 2.
1565 1670 1768 1707 Pmmmn,
1795 1681 1970 1701 consensus
2000 1672 2146 1702 mentalis
2176 1672 2303 1702 alterius
2325 1682 2393 1703 non
2416 1678 2522 1713 potest

331 1718 396 1748 hoc
419 1717 510 1758 quod
532 1717 661 1757 obliget,
678 1718 760 1747 sicut
783 1722 830 1747 est
853 1716 893 1747 de
915 1717 1133 1747 matrimonio.
1455 1724 1524 1744 esse
1547 1715 1642 1745 alicui
1665 1721 1762 1745 notus
1792 1716 1852 1745 nisi
1876 1721 2034 1755 quatenus
2064 1725 2121 1755 per
2143 1717 2239 1746 verba
2262 1718 2458 1756 exprimitur.
2488 1718 2522 1748 Si

385 1762 437 1792 An
454 1771 617 1792 secunnuu
631 1771 792 1792 mcenntm
804 1760 904 1801 quod,
921 1761 1067 1801 quamvis
1090 1770 1158 1790 non
1178 1761 1303 1800 possint
1325 1766 1400 1791 vota
1416 1768 1438 1789 35
1455 1768 1531 1798 ergo
1556 1760 1716 1799 expressio
1739 1760 1912 1790 verborum
1935 1770 2003 1790 non
2027 1759 2151 1796 sufficit,
2169 1760 2224 1790 sed
2243 1770 2418 1791 consensus
2441 1763 2522 1792 inte-

331 1816 389 1837 sua
410 1811 527 1837 mutuo
550 1806 654 1836 verbis
677 1805 754 1836 tales
783 1806 977 1845 exprimere,
1002 1810 1138 1845 possunt
1160 1810 1267 1834 tamen
1298 1806 1400 1845 expri-
1454 1804 1519 1833 rior
1542 1804 1712 1843 requiritur
1736 1804 1768 1834 in
1792 1809 1932 1844 utroque
1955 1805 2146 1844 coniugum,
2169 1810 2247 1835 tunc
2269 1811 2383 1835 neuter
2405 1808 2522 1846 poterit

330 1860 419 1882 mere
441 1851 582 1882 nutibus.
606 1850 648 1880 Et
670 1850 748 1880 tales
771 1855 868 1880 nutus
891 1859 951 1890 pro
974 1850 1078 1879 verbis
1102 1854 1340 1888 computantur.
1454 1848 1533 1878 scire
1557 1847 1597 1878 de
1620 1848 1719 1878 altero
1743 1858 1783 1878 an
1807 1849 1846 1878 sit
1869 1849 1899 1878 ei
1914 1858 2007 1879 verus
2031 1850 2159 1879 coniux.
2183 1849 2225 1879 Et
2246 1849 2289 1879 ita
2305 1850 2363 1880 erit
2385 1849 2522 1881 fornica-

386 1895 438 1926 ΑΒ
453 1904 588 1925 mamm
606 1904 766 1924 nxcnnmm
782 1893 881 1934 quod,
898 1894 980 1924 sicut
1003 1893 1078 1924 dicit
1100 1893 1198 1933 Hugo
1222 1893 1262 1923 de
1282 1893 1399 1924 Sancto
1454 1898 1505 1923 tor
1528 1892 1803 1932 quandocumque
1826 1893 2032 1924 matrimonio
2056 1899 2173 1924 utetur.

1477 1213 1576 1244 ART.
1594 1214 1646 1244 IV.
1670 1224 1775 1244 urium
1799 1224 1968 1245 consensus
1992 1225 2164 1252 exmessro,
2188 1226 2282 1246 emm
2305 1226 2363 1246 ren
2384 1226 2500 1253 VERBA,

1543 1268 1570 1288 sr
1593 1268 1681 1288 Desrr
1704 1269 1852 1289 rnremon
1876 1269 2057 1296 consensus,
2081 1270 2193 1290 rncmr
2215 1270 2434 1291 MATRmonmu

1474 1307 1507 1328 1v
1521 1308 1594 1341 Sene„
1609 1308 1662 1330 dist.
1677 1315 1752 1336 xxvn,
1768 1309 1856 1336 Expos.
1872 1310 1927 1335 litt.;
1942 1309 1996 1332 dist.
2011 1316 2095 1338 xxvni,
2110 1314 2152 1332 art.
2167 1317 2192 1337 23
2207 1311 2259 1332 dist.
2274 1317 2338 1336 xxxx,
2353 1311 2440 1339 Expos.
2456 1312 2498 1333 litt.

287 1953 304 1966 υ
329 1940 460 1970 Victore
476 1940 503 1975 *,
520 1948 576 1970 eos
598 1939 654 1980 qui
676 1939 924 1980 coniunguntur
944 1938 991 1968 sic
1014 1943 1140 1979 oportet
1159 1938 1342 1968 consentire
1366 1943 1402 1969 ut
1511 1937 1540 1968 3.
1565 1937 1761 1973 Faunum,
1778 1937 1805 1967 si
1821 1937 1934 1977 aliquis
1950 1938 2104 1977 probatur
2118 1947 2176 1978 per
2190 1938 2286 1968 verba
2309 1938 2348 1968 de
2356 1941 2522 1979 praesenti

260 1980 268 1988 ⁶
298 1981 467 2015 ”invicem
488 1993 523 2015 se
537 1988 713 2024 spontanee
729 1983 904 2023 recipiant:
925 1982 1012 2023 quod
1035 1982 1199 2013 iudicatur
1210 1982 1292 2023 fieri
1314 1983 1343 2013 si
1366 1983 1398 2013 in
1414 1981 1486 2011 4⁰in
1519 1981 1660 2021 aliquam
1693 1982 1909 2018 consensisse,
1934 1983 2059 2022 cogitur
2090 1992 2148 2022 per
2180 1984 2521 2014 excommunicationis

331 2029 579 2069 desponsatione
610 2037 675 2058 non
708 2027 944 2058 contradicant.
979 2026 1074 2057 Unde
1103 2027 1199 2057 verba
1228 2034 1399 2067 parentum
1453 2026 1644 2056 sententiam
1666 2031 1702 2056 ut
1725 2035 1796 2056 eam
1819 2026 1933 2056 habeat
1955 2027 1990 2056 in
2012 2036 2157 2069 uxorem,
2174 2028 2319 2066 quamvis
2336 2027 2420 2058 dicat
2442 2038 2520 2059 con-

332 2078 561 2113 computantur
582 2073 617 2103 in
640 2082 716 2102 casu
738 2071 794 2102 illo
818 2081 855 2102 ac
878 2072 904 2101 si
928 2076 1033 2101 essent
1047 2070 1190 2111 puellae:
1215 2077 1289 2101 sunt
1313 2072 1399 2102 enim
1453 2079 1583 2100 sensum
1606 2070 1779 2100 mentalem
1803 2069 1950 2107 defuisse,
1968 2071 2062 2101 etiam
2086 2072 2111 2101 si
2134 2076 2247 2111 postea
2262 2081 2337 2102 cum
2360 2072 2420 2102 alia
2443 2082 2520 2103 con-

331 2117 491 2148 sufficiens
515 2117 642 2157 signum
662 2115 751 2156 quod
774 2121 848 2146 sunt
872 2116 950 2151 eius,
967 2125 1006 2145 ex
1029 2124 1096 2155 quo
1112 2125 1180 2145 non
1200 2108 1397 2146 cont'radicit.
1452 2115 1579 2145 traxerit
1602 2124 1763 2145 consensu
1785 2114 1917 2145 mentali
1938 2115 2042 2145 verbis
2065 2124 2213 2155 expresso
2229 2116 2256 2146 ’ἢ
2281 2115 2344 2146 Sed
2366 2116 2430 2147 hoc
2452 2127 2520 2148 non

1453 2164 1535 2189 esset
1557 2159 1583 2189 si
1606 2159 1819 2199 requireretur
1843 2169 2018 2189 consensus
2034 2159 2180 2190 mentalis
2204 2159 2244 2190 ad
2266 2161 2518 2192 matrimonium.

1412 2211 1436 2231 45
1452 2203 1538 2243 Ergo
1562 2213 1630 2234 non
1649 2204 1829 2243 requiritur.

1508 2247 1570 2278 Ser)
1599 2257 1723 2278 CONTRA
1745 2258 1800 2278 esr
1829 2247 1919 2288 quod
1942 2247 2148 2278 Innocentius
2172 2248 2212 2278 111
2237 2248 2328 2285 dicit,
2353 2250 2386 2279 in
2410 2249 2519 2280 decre-

397 2302 418 2322 n
450 2301 585 2322 ‘reanum
620 2301 665 2322 src
695 2300 899 2321 nocem-run.
933 2290 1067 2320 Videtur
1100 2290 1190 2330 quod
1223 2300 1399 2321 consensus
1452 2292 1505 2322 tali
1530 2292 1669 2332 quadam
1684 2293 1715 2328 ’ἢ
1739 2293 1772 2322 in
1803 2302 1879 2322 casu
1902 2293 1962 2322 isto
1985 2292 2140 2332 loquens:
2175 2293 2251 2323 Sine
2274 2303 2430 2324 consensu
2464 2304 2518 2325 ne-

333 2306 564 2376 Aexpressus
597 2345 654 2376 per
687 2335 784 2365 verba
814 2334 854 2365 de
883 2334 992 2365 futuro
1020 2335 1262 2365 matrimonium
1293 2335 1396 2366 faciat.
1452 2341 1573 2377 queunt
1595 2342 1701 2367 cetera
1715 2336 1841 2378 foedus
1857 2337 2016 2377 perficere
2039 2337 2222 2378 coniugale.

332 2380 419 2419 Quia
441 2381 526 2411 sicut
546 2390 579 2410 se
602 2380 698 2410 habet
715 2389 864 2419 praesens
886 2379 926 2409 ad
949 2389 1108 2419 praesens,
1124 2380 1168 2409 ita
1191 2379 1336 2410 futurum
1359 2379 1399 2410 ad
1508 2391 1538 2412 2.
1563 2381 1758 2417 PRAETEREA‚
1775 2381 1910 2411 intentio
1933 2381 2103 2421 requiritur
2117 2382 2152 2411 in
2175 2382 2325 2412 omnibus
2341 2391 2518 2413 sacramen-

332 2425 488 2456 futurum.
512 2424 575 2455 Sed
598 2433 773 2454 consensus
796 2433 853 2464 per
867 2424 964 2454 verba
987 2423 1027 2454 de
1049 2424 1207 2463 praesenti
1231 2433 1397 2464 expressus
1413 2432 1438 2452 5⁰
1452 2426 1491 2456 tis
1507 2427 1533 2456 *.
1558 2425 1621 2456 Sed
1635 2426 1689 2455 ille
1705 2426 1762 2465 qui
1778 2424 1874 2455 corde
1889 2435 1956 2455 non
1981 2426 2148 2461 consentit,
2165 2435 2233 2456 non
2251 2426 2345 2456 habet
2367 2427 2519 2457 intentio-

332 2469 408 2500 facit
422 2469 664 2499 matrimonium
678 2469 712 2498 in
735 2468 902 2508 praesenti.
927 2468 1012 2508 Ergo
1033 2477 1208 2498 consensus
1233 2478 1398 2508 expressus
1452 2480 1528 2501 nem
1550 2470 1746 2500 matrimonii
1770 2469 1988 2500 contrahendi.
2012 2470 2098 2510 Ergo
2119 2479 2188 2500 non
2210 2469 2247 2500 fit
2266 2471 2517 2502 matrimonium.

332 2523 390 2554 per
413 2514 508 2544 verba
531 2512 570 2543 de
593 2512 702 2543 futuro
726 2511 802 2543 facit
823 2513 1065 2542 matsimonium
1087 2513 1121 2542 in
1145 2512 1264 2543 futuro.
1507 2515 1697 2545 Responneo
1721 2524 1881 2544 Dicenmm
1905 2513 2003 2554 quod,
2021 2515 2102 2544 sicut
2121 2524 2154 2544 se
2177 2515 2272 2544 habet
2287 2515 2407 2545 ablutio
2432 2522 2517 2546 exte-

390 2567 419 2588 2.
443 2558 639 2593 panaretum,
659 2558 740 2587 sicut
763 2557 796 2587 in
811 2557 1017 2587 matrimonio
1041 2556 1078 2587 fit
1101 2557 1259 2596 quaedam
1278 2557 1398 2598 obliga-
1452 2560 1517 2589 rior
1533 2558 1572 2589 ad
1588 2559 1793 2598 baptismum,
1810 2559 1853 2588 ita
1869 2568 1902 2588 se
1918 2559 2013 2589 habet
2036 2559 2195 2598 expressio
2211 2559 2384 2589 verborum
2401 2559 2440 2590 ad
2455 2561 2519 2591 hoc

332 2602 378 2632 tio
400 2611 458 2642 per
480 2602 577 2632 verba
600 2601 807 2641 exprimentia
830 2610 1034 2636 consensum,
1054 2602 1098 2631 ita
1121 2606 1152 2631 et
1174 2602 1208 2631 in
1231 2601 1299 2632 aliis
1322 2602 1398 2632 civi-
1453 2609 1697 2639 sacramentum,
1714 2608 1751 2633 ut
1774 2602 1896 2633 dictum
1920 2608 1966 2633 est
1982 2604 2008 2633 ἢ
2033 2602 2127 2634 Unde
2143 2603 2234 2639 sicut,
2251 2604 2276 2633 si
2301 2604 2414 2643 aliquis
2430 2604 2519 2635 ablu-

332 2647 415 2677 libus
439 2646 663 2676 contractibus.
699 2644 762 2676 Sed
791 2645 825 2675 in
853 2645 920 2675 aliis
953 2646 1167 2676 contractibus
1197 2655 1266 2676 non
1296 2645 1399 2677 differt
1414 2653 1436 2673 55
1452 2649 1576 2678 tionem
1600 2648 1789 2678 exteriorem
1804 2648 1960 2687 reciperet
1982 2657 2051 2677 non
2070 2646 2238 2677 intendens
2254 2648 2395 2688 recipere
2418 2658 2518 2679 sacra-

332 2697 442 2721 utrum
465 2700 522 2730 per
537 2690 633 2720 verba
656 2689 695 2720 de
718 2690 876 2729 praesenti
892 2689 943 2720 vel
966 2689 1006 2720 de
1029 2689 1138 2720 futuro
1156 2690 1308 2730 obligatio
1332 2690 1397 2721 fiat.
1452 2697 1599 2723 mentum
1615 2691 1671 2722 sed
1686 2691 1800 2722 ludum
1816 2697 1847 2722 et
1863 2691 1976 2722 dolum
1991 2691 2105 2728 facere,
2118 2701 2186 2722 non
2202 2698 2283 2722 esset
2299 2693 2474 2732 baptizatus
2484 2694 2518 2730 *3

331 2182 430 2214 ART.
448 2182 500 2213 111.
524 2191 629 2212 urium
645 2191 816 2211 consensus
831 2190 997 2211 exPRessus
1019 2191 1078 2211 rea
1091 2190 1192 2211 venna
1215 2191 1255 2211 De
1275 2191 1397 2212 rui-uno

689 2235 909 2256 MArnmonnm
932 2235 1043 2255 mem·

332 2735 419 2776 Ergo
442 2744 504 2765 nec
526 2735 560 2765 in
583 2734 789 2764 matrimonio
814 2733 926 2764 differt.
1452 2737 1495 2767 ita
1519 2737 1679 2777 expressio
1710 2736 1883 2766 verborum
1906 2737 1974 2767 sine
1996 2736 2139 2766 interiori
2170 2746 2329 2767 consensu
2356 2738 2520 2768 matrimo-

390 2779 419 2810 3.
443 2779 640 2814 Pmereaex,
657 2788 714 2818 per
729 2783 842 2808 votum
858 2778 1019 2818 religionis
1037 2778 1139 2809 homo
1159 2779 1317 2809 contrahit
1331 2789 1399 2810 ma·
1452 2782 1544 2812 nium
1566 2790 1635 2811 non
1658 2780 1742 2811 facit.

331 2824 520 2854 tn'monium
544 2823 706 2863 spirituale
730 2832 805 2853 cum
827 2822 910 2852 Deo.
944 2821 1007 2853 Sed
1035 2827 1149 2853 votum
1179 2822 1341 2862 religionis
1363 2823 1400 2854 fit
1507 2826 1558 2856 An
1582 2835 1699 2855 remum
1722 2835 1804 2855 eaeo
1829 2835 1988 2855 mcenmm
2012 2824 2101 2864 quod
2123 2825 2167 2855 ibi
2191 2830 2264 2855 sunt
2288 2824 2370 2855 duo:
2400 2826 2520 2857 scilicet

331 2877 390 2908 per
411 2868 508 2898 verba
531 2867 570 2898 de
594 2867 714 2903 futuro,
740 2872 771 2897 et
795 2866 923 2906 obligat.
956 2866 1042 2906 Ergo
1067 2872 1098 2897 et
1121 2867 1264 2897 similiter
1293 2873 1439 2908 potest6o
1453 2869 1596 2900 defectus
1613 2879 1798 2906 consensus,
1815 2870 1871 2909 qui
1887 2869 1946 2899 sibi
1969 2869 2185 2909 patrocinatur
2207 2869 2240 2899 in
2264 2868 2335 2899 foro
2353 2871 2519 2900 conscien-

332 2912 401 2943 fieri
423 2912 666 2942 matrimonium
688 2921 746 2951 per
767 2911 864 2941 verba
886 2910 926 2941 de
949 2910 1069 2941 futuro.
1452 2915 1525 2950 tiae,
1542 2919 1578 2944 ut
1600 2923 1669 2944 non
1687 2914 1897 2954 adstringatur
1919 2914 2050 2944 vinculo
2066 2914 2271 2949 matrimonii,
2290 2914 2434 2953 quamvis
2450 2924 2518 2945 non

388 2956 451 2987 Seu
473 2966 599 2987 conm
618 2966 673 2986 esr
696 2956 772 2996 quia
794 2955 847 2985 ille
871 2956 927 2995 qui
943 2955 1103 2986 consentit
1124 2956 1158 2986 in
1179 2956 1320 2996 aliquam
1342 2966 1400 2997 per
1453 2959 1487 2989 in
1509 2958 1582 2989 foro
1605 2958 1777 2994 Ecclesiae,
1793 2958 1827 2988 in
1847 2967 1913 2998 quo
1937 2957 2094 2988 iudicatur
2113 2957 2292 2988 secundum
2316 2958 2463 2998 allegata;
2488 2964 2519 2989 et

332 3001 429 3031 verba
447 3000 487 3031 de
510 3000 639 3036 futuro,
665 3005 697 3030 et
718 3005 831 3040 postea
854 3009 929 3030 cum
959 2999 1020 3030 alia
1041 3009 1099 3040 per
1121 3000 1217 3030 verba
1246 3000 1286 3031 de
1308 3010 1399 3041 prae·
1453 3002 1547 3033 dolus
1562 3003 1745 3039 verborum,
1762 3007 1794 3033 et
1815 3003 1868 3033 hic
1890 3012 1958 3032 non
1974 3003 2189 3042 patrocinatur
2211 3011 2272 3032 nec
2294 3003 2327 3032 in
2344 3002 2415 3033 foro
2439 3012 2518 3042 poe-

333 3046 425 3082 senti‚
450 3044 630 3076 secundum
652 3045 722 3075 iura
754 3043 848 3074 debet
870 3044 987 3074 habere
1020 3044 1195 3075 secundam
1221 3054 1356 3075 uxorem
1371 3046 1398 3075 *.
1453 3047 1605 3077 nitentiae
1627 3057 1688 3077 nec
1711 3048 1745 3077 in
1768 3046 1840 3077 foro
1863 3047 2035 3083 Ecclesiae,
2053 3047 2128 3086 quia
2150 3046 2183 3076 in
2206 3051 2345 3086 utroque
2372 3056 2431 3087 pro
2454 3047 2518 3078 hoc

334 3089 398 3120 Sed
419 3090 483 3120 hoc
506 3099 575 3120 non
599 3094 681 3120 esset
703 3089 729 3118 si
753 3098 928 3119 consensus
960 3098 1017 3128 per
1039 3089 1135 3118 verba
1157 3089 1196 3119 de
1220 3088 1329 3119 futuro
1353 3089 1399 3120 fa·
1412 3094 1438 3120 65
1453 3091 1595 3132 punitur.

335 3139 420 3164 ceret
441 3134 698 3164 matrimonium:
725 3133 801 3173 quia
816 3142 855 3163 ex
878 3142 945 3172 quo
961 3142 1074 3163 verum
1098 3138 1144 3163 est
1159 3134 1400 3164 matrimonium
1508 3135 1559 3165 An
1576 3145 1739 3165 secunaum
1757 3145 1917 3165 mcenmm
1934 3135 2032 3175 quod,
2045 3135 2071 3165 si
2087 3134 2166 3165 desit
2182 3144 2356 3165 consensus
2371 3135 2517 3166 mentalis

335 3187 411 3208 cum
433 3187 508 3214 una,
525 3187 562 3208 ea
583 3178 711 3208 vivente
733 3187 802 3208 non
824 3182 931 3217 potest
954 3177 1098 3208 contrahi
1121 3187 1197 3208 cum
1220 3178 1290 3208 alia.
1314 3178 1400 3218 Ergo
1455 3189 1493 3210 ex
1515 3185 1603 3219 parte
1626 3180 1741 3216 unius,
1767 3189 1805 3210 ex
1828 3186 1941 3210 neutra
1972 3185 2061 3220 parte
2084 3184 2131 3209 est
2153 3180 2407 3209 matrimonium:
2442 3181 2518 3219 quia

335 3230 510 3252 consensus
533 3231 590 3263 per
604 3222 701 3253 verba
723 3221 762 3252 de
785 3221 894 3252 futuro
914 3231 982 3252 non
1005 3221 1080 3252 facit
1102 3223 1354 3253 matrimonium.
1453 3224 1696 3254 matrimonium
1719 3224 1863 3254 consistit
1885 3225 1919 3254 in
1942 3229 2054 3254 mutua
2077 3224 2316 3259 coniunctione,
2337 3229 2373 3253 ut
2396 3223 2517 3254 dictum

392 3275 421 3295 2.
445 3266 641 3302 Faunum,
667 3267 724 3306 qui
746 3266 904 3306 promittit
927 3266 1048 3306 aliquid
1071 3275 1104 3297 se
1127 3266 1297 3302 facturum,
1317 3276 1400 3297 non·
1454 3273 1502 3298 est
1516 3269 1543 3298 “.
1568 3268 1693 3298 Tamen
1709 3269 1914 3308 probabiliter
1936 3274 2042 3309 potest
2058 3267 2142 3298 credi
2158 3267 2251 3298 dolus
2271 3277 2338 3298 non
2362 3277 2440 3303 esse,
2456 3269 2517 3298 nisi

335 3309 414 3340 dum
436 3309 512 3340 facit
533 3309 622 3340 illud.
647 3310 710 3341 Sed
733 3311 790 3350 qui
820 3311 979 3341 consenn‘t
1011 3320 1069 3350 per
1090 3311 1187 3341 verba
1210 3310 1250 3341 de
1272 3310 1398 3348 futuro,
1414 3320 1441 3341 7⁰
1454 3313 1543 3352 signa
1566 3312 1724 3342 evidentia
1747 3312 1814 3343 doli
1837 3318 2024 3353 appareant:
2054 3313 2129 3352 quia
2152 3311 2191 3342 de
2215 3312 2360 3352 quolibet
2387 3321 2517 3352 praesu-

334 3354 492 3394 promittit
514 3363 548 3384 se
564 3363 640 3384 cum
655 3354 762 3394 aliqua
783 3360 1022 3386 contracturum
1038 3355 1289 3385 matrimonium.
1313 3356 1399 3396 Ergo
1454 3356 1609 3387 mendum
1633 3361 1680 3386 est
1703 3357 1827 3387 bonum
1849 3358 1910 3387 nisi
1932 3358 2086 3397 probetur
2113 3357 2316 3387 contrarium.
2348 3356 2441 3387 Unde
2463 3356 2517 3387 ille

334 3407 402 3428 non
426 3398 584 3428 contrahit
606 3397 711 3429 adhuc
734 3408 810 3430 cum
832 3399 896 3430 illa.
1454 3411 1492 3431 ex
1509 3401 1600 3431 cuius
1616 3406 1704 3441 parte
1724 3400 1817 3431 dolus
1832 3411 1900 3431 non
1916 3407 1972 3438 est,
1989 3412 2007 3432 a
2022 3406 2155 3442 peccato
2172 3406 2338 3431 excusatur
2352 3410 2410 3441 per
2425 3401 2517 3440 igno-

390 3442 580 3472 Resronneo
607 3452 767 3473 meennma
796 3443 886 3484 quod
909 3453 1023 3475 causae
1039 3444 1280 3474 sacramentales
1303 3445 1399 3484 signi·
1454 3445 1598 3475 tantiam.

334 3485 462 3516 ficando
478 3485 637 3516 efficiunt:
661 3485 748 3517 unde
762 3488 824 3518 hoc
838 3488 984 3529 efficiunt
1005 3488 1092 3529 quod
1106 3489 1294 3530 significant
1308 3490 1335 3519 *.
1359 3489 1401 3519 Et
1509 3490 1560 3519 An
1584 3499 1718 3520 merum
1743 3499 1903 3519 mcenmm
1926 3489 2015 3529 quod
2038 3491 2071 3520 in
2094 3489 2148 3519 tali
2172 3499 2247 3519 casu
2263 3489 2405 3519 Ecclesia
2428 3499 2516 3519 com-

335 3531 427 3570 quia,
451 3539 526 3560 cum
549 3530 663 3570 aliquis
687 3540 880 3562 consensum
909 3542 1005 3563 suum
1028 3542 1085 3573 per
1107 3533 1204 3563 verba
1227 3532 1266 3563 de
1290 3533 1399 3564 futuro
1414 3541 1438 3562 ⁷5
1454 3534 1543 3574 pellit
1567 3543 1642 3564 eum
1665 3533 1705 3564 ad
1727 3534 1876 3564 standum
1900 3543 1975 3565 cum
1998 3535 2100 3574 prima
2115 3543 2224 3570 uxore,
2242 3534 2317 3573 quia
2339 3532 2516 3563 secundum

2553 388 2563 398 ²
2578 386 2614 409 ef.
2635 392 2673 414 qu.
2693 393 2763 413 xuu.

2552 417 2594 435 art.
2610 420 2628 436 ι.

2549 1500 2559 1510 ·
2570 1499 2619 1526 Cap
2637 1499 2725 1521 .Sedes
2733 1501 2762 1521 A·

2545 1505 2673 1552 panstalia,
2688 1530 2710 1547 er
2723 1526 2762 1548 Ex

2548 1553 2644 1583 tenore,
2666 1552 2696 1573 de
2718 1553 2765 1585 ⁸⁶⁶.

2549 1580 2644 1606 ,εει-ψῃ·
2665 1585 2714 1606 cap.
2734 1579 2761 1601 St

2549 1605 2599 1631 vir,
2615 1604 2645 1626 de
2660 1605 2761 1634 Cognat.

2548 1631 2631 1659 Spirit.

2548 2123 2557 2132 ²
2564 2121 2759 2150 Cap.1.1·cetprae·

2548 2150 2584 2169 ter
2601 2149 2715 2176 solutum,
2731 2149 2760 2171 de

2546 2174 2631 2202 Spons.
2647 2175 2715 2197 duor.

2547 2297 2557 2307 ²
2571 2296 2627 2324 Cap.
2647 2297 2696 2318 Tua
2715 2303 2758 2319 nos

2546 2322 2626 2350 duxit,
2642 2324 2671 2345 de
2684 2324 2758 2352 Spon-

2545 2350 2591 2372 sal.
2607 2352 2630 2371 et
2643 2350 2741 2372 Mamm·
2743 2367 2748 2372 .

2546 2431 2556 2440 ²
2575 2429 2635 2451 Part.
2657 2430 2702 2456 111,
2718 2436 2756 2457 qu.

2545 2462 2607 2483 niv,
2622 2460 2662 2478 nrt.
2678 2457 2699 2478 8.

2546 2605 2556 2615 ²
2570 2605 2621 2626 Art.
2636 2611 2656 2627 2.

2547 2694 2557 2704 ²
2571 2693 2604 2715 IV
2613 2693 2687 2720 Sent.,
2703 2694 2756 2716 dist.

2547 2726 2569 2741 vr
2581 2737 2587 2746 ,
2603 2720 2690 2748 Expos.
2707 2721 2758 2746 litt.;

2547 2747 2757 2774 Part.111,qu.1.xiv,

2546 2777 2588 2795 art.
2601 2780 2636 2800 io,
2647 2774 2675 2795 ad
2683 2780 2704 2795 2.

2545 3274 2554 3283 ·
2562 3271 2609 3298 Qu.
2616 3278 2676 3298 xuv,
2686 3275 2727 3293 art.
2736 3279 2755 3294 ι.
