2918 4088
241 1062 251 1072 '¹
266 1060 336 1082 Num.
351 1066 374 1082 ιν
388 1066 439 1088 sqq.

237 1728 247 1736 ³
267 1725 295 1746 de
317 1725 446 1752 suscipien-

236 1752 296 1773 tibus
323 1752 447 1779 indulgen-

237 1779 300 1800 tias-.-
306 1778 341 1801 Cf.
350 1779 446 1806 quaesit.

236 1805 349 1833 praeced,
358 1811 421 1826 num.
429 1812 446 1827 ι.

235 2208 244 2218 ·
260 2207 295 2229 cf.
311 2214 374 2229 num.
389 2214 418 2230 lv.

233 2296 418 2350 {rfssfc'egumn'

485 186 558 223 368

483 275 550 295 esse
567 265 607 295 ad
622 266 797 296 iniunctam
813 264 1043 306 poenitentiam
1059 265 1287 306 peragendam:
1312 264 1455 303 alioquin
1471 273 1537 293 non

483 315 674 349 acceptasset
697 310 792 340 illam.
817 310 1047 350 Etpropterea
1071 320 1108 340 ex
1132 310 1193 339 hoc
1217 309 1314 339 verbo
1339 308 1403 338 duo
1420 308 1538 336 haben-

482 358 542 383 tur.
574 353 719 384 Alterum
743 359 789 384 est
813 353 901 394 quod
921 353 1126 393 indulgentia,
1143 354 1203 383 nisi
1218 362 1302 382 nova
1318 351 1421 381 forma
1437 350 1537 385 detur,

482 406 549 427 non
565 397 699 428 absolvit
714 398 775 428 nisi
791 408 808 428 a
823 398 1027 438 poenitentiis
1043 398 1201 427 iniunctis.
1226 396 1371 425 Alterum
1388 400 1434 424 est
1450 393 1538 433 quod

482 440 678 482 indulgentia
700 451 768 472 non
784 441 914 482 prodest
936 442 996 472 nisi
1011 447 1120 480 parato
1142 449 1199 479 per
1213 449 1246 469 se
1263 437 1448 468 satisfacere.
1473 437 1538 466 Pri-

482 494 573 515 mum
597 485 683 516 enim
706 486 823 516 horum
847 485 1009 525 explicite,
1037 483 1214 514 secundum
1238 486 1344 512 autem
1368 480 1536 520 implicite,

482 529 673 569 inquantum
689 535 815 569 paratus
831 529 870 559 ad
887 528 1141 558 satisfaciendum
1157 526 1358 565 supponitur,
1372 534 1409 554 ex
1422 523 1537 554 eodem

482 573 580 603 verbo
604 574 746 604 habetur.

537 617 604 647 VII.
629 617 669 647 Et
692 618 765 648 hinc
789 617 932 656 sequitur
955 616 1068 655 primO,
1086 612 1174 653 quod
1190 612 1303 642 frustra
1326 611 1443 641 faceret
1466 611 1537 651 quis

482 661 540 691 sibi
563 661 686 701 iniungi
701 670 831 701 magnas
846 659 1056 700 poenitentias
1072 667 1089 686 a
1105 655 1298 691 confessore,
1319 665 1387 685 non
1403 661 1439 685 ut
1454 655 1537 695 ipsas

482 704 677 745 adimpleret,
701 705 756 735 sed
780 710 814 734 ut
836 714 893 743 per
913 701 1122 740 indulgentias
1138 701 1220 739 ipsas
1240 699 1430 729 exsolveret:
1455 708 1537 739 quo·

481 750 568 779 niam
591 749 653 778 hoc
676 758 743 778 non
767 753 813 778 est
837 757 902 777 esse
925 750 1069 785 paratum
1086 743 1124 773 ad
1140 743 1407 779 satisfaciendum,
1424 743 1480 774 sed
1498 742 1538 773 ad

481 792 715 833 imponendum
739 792 847 822 amicis
869 791 981 829 iugum
1005 797 1110 818 suum.

536 837 685 876 Sequitur
707 834 848 865 secundo
873 832 970 873 quod,
995 832 1020 861 si
1043 830 1146 861 forma
1161 830 1377 871 indulgentiae
1399 838 1538 863 mutare-

480 886 532 910 tur
555 886 585 910 et
608 879 647 909 ad
669 889 736 909 non
758 879 914 908 iniunctas
938 875 1159 906 extenderetur
1181 876 1405 916 poenitentias,
1430 876 1538 916 dispo-

481 924 552 954 sitio
568 930 674 953 tamen
690 922 887 961 suscipientis
900 930 967 950 non
982 925 1151 959 propterea
1166 925 1356 950 mutaretur:
1382 922 1538 960 quoniam

481 978 518 998 ex
541 973 650 998 natura
671 967 717 996 rei
740 966 871 1005 exigitur
903 974 939 994 ex
963 969 1051 1003 parte
1079 964 1278 1004 suscipientis
1302 974 1370 994 esse
1394 970 1538 1004 paratum

480 1011 519 1041 ad
542 1009 795 1041 satisfaciendum
818 1007 996 1038 secundum
1019 1007 1099 1037 vires
1121 1017 1179 1048 per
1199 1009 1351 1048 seipsum,
1375 1014 1410 1039 ut
1434 1009 1538 1040 decla-

478 1061 581 1085 ratum
605 1060 651 1085 est
667 1055 692 1084 ’ἢ

532 1099 599 1128 Nec
625 1098 766 1137 intelligo
796 1097 878 1126 hanc
908 1096 1183 1136 praeparationem
1214 1096 1254 1126 ad
1280 1096 1537 1128 satisfaciendum

476 1143 519 1172 ita
541 1142 646 1171 stricte
670 1142 747 1180 quin
770 1150 827 1180 per
846 1139 965 1179 aliquid
988 1140 1192 1180 aequivalens
1208 1145 1262 1171 aut
1277 1141 1380 1171 maius
1396 1142 1537 1181 suppleri

476 1186 593 1226 possit:
618 1190 654 1215 ut
675 1190 762 1225 patet
777 1195 815 1214 ex
830 1185 893 1214 hoc
918 1183 1007 1223 quod
1023 1185 1179 1224 contingit
1195 1184 1391 1224 quandoque
1408 1194 1536 1215 causam

475 1239 535 1270 pro
559 1239 622 1269 qua
645 1228 736 1259 datur
758 1228 955 1268 indulgentia
977 1228 1039 1258 tale
1062 1238 1099 1258 ac
1122 1233 1246 1258 tantum
1262 1229 1386 1268 exigere
1402 1238 1486 1269 opus
1501 1235 1537 1259 ut

476 1273 605 1304 excedat
626 1273 900 1313 praeparationem
923 1271 963 1302 ad
985 1271 1262 1308 satisfaciendum;
1286 1278 1364 1312 puta
1391 1274 1417 1303 si
1444 1272 1536 1304 detur

474 1318 614 1358 plenaria
636 1326 695 1357 pro
720 1322 791 1347 actu
816 1326 882 1357 quo
906 1326 940 1347 se
964 1317 1096 1356 exponit
1118 1317 1214 1346 morti
1237 1326 1296 1356 pro
1322 1316 1460 1353 Christo,
1481 1323 1535 1348 aut

474 1367 645 1402 perpetuae
668 1361 897 1401 mancipationi
920 1361 1054 1391 alicuius
1069 1361 1114 1400 pii
1130 1361 1256 1396 servitii,
1277 1366 1331 1391 aut
1350 1361 1460 1401 aliquo
1476 1362 1535 1392 hu-

1275 185 1586 223 CARDINALIS
1626 183 1870 221 CAIETANI

1593 261 1743 293 iusmodi.
1768 261 1809 290 Et
1832 266 1908 290 tunc
1933 270 2026 291 causa
2050 260 2265 301 indulgentiae
2289 271 2326 292 ex
2342 267 2430 302 parte
2450 261 2655 292 concedentis

1593 312 1680 336 tenet
1703 306 1812 335 locum
1837 314 1950 334 causae
1974 305 2168 334 rationabilis
2191 310 2295 335 tantae
2311 305 2545 346 indulgentiae;
2570 311 2601 336 et
2617 315 2655 336 ex

1593 355 1680 389 parte
1704 348 1903 387 suscipientis
1927 348 2054 388 supplet
2077 348 2187 379 locum
2203 348 2418 388 dispositionis
2433 349 2592 380 reddentis
2609 348 2654 379 di-

1592 402 1693 432 gnum
1712 392 1870 421 amicabili
1893 391 2116 422 satisfactione.
2153 392 2251 423 Secus
2274 398 2381 423 autern
2405 399 2452 424 est
2481 393 2506 423 si
2530 393 2656 424 daretur

1592 436 1731 476 plenaria
1755 444 1814 475 pro
1833 436 1978 466 visitante
2001 436 2141 476 aliquam
2162 435 2348 467 ecclesiam:
2371 446 2458 474 nam,
2474 437 2549 470 dato
2565 436 2655 477 quod

1593 489 1687 510 causa
1704 485 1785 509 esset
1800 479 1992 510 rationabilis
2009 489 2047 510 ex
2062 485 2150 519 parte
2167 479 2382 516 concedentis,
2395 480 2531 512 visitatio
2547 486 2655 512 tamen

1592 524 1659 564 ipsa
1682 533 1750 553 non
1774 523 1902 563 supplet
1924 524 2029 554 vicem
2052 524 2301 564 praeparationis
2324 523 2364 554 ad
2386 524 2655 560 satisfaciendum,

1592 577 1667 598 cum
1690 577 1751 597 nec
1774 567 1820 597 illi
1843 568 2040 607 aequivaleat
2063 577 2124 598 nec
2147 567 2287 598 excedat.

1647 611 1728 642 V111.
1753 611 1804 641 Ad
1833 612 2050 642 obiectionem
2073 617 2181 642 autem
2210 612 2242 642 in
2274 612 2462 652 oppositum
2484 613 2501 629 ⁴*
2524 612 2654 647 dicitur,

1593 661 1750 695 quantum
1773 655 1812 686 ad
1836 655 1946 686 divum
1972 655 2135 686 Thomam
2158 660 2289 696 spectat,
2313 655 2403 696 quod
2426 656 2563 687 aliorum
2586 657 2656 696 opi-

1592 700 1705 730 niones
1729 705 1856 731 secutus
1873 706 1934 730 est:
1959 706 1995 730 ut
2010 701 2154 740 ipsemet,
2171 700 2229 730 tria
2243 700 2297 730 illa
2313 699 2504 739 colligendo,
2522 700 2657 740 explicat

1591 745 1625 774 in
1642 744 1684 774 IV
1700 744 1797 780 Sent„
1822 744 1892 775 dist.
1910 755 1958 780 xx,
1984 754 2038 784 qu.
2056 754 2076 780 1,
2101 750 2156 774 art.
2175 744 2206 779 3,
2230 753 2285 784 qu.
2305 753 2334 774 2.

1648 788 1816 826 Quantum
1834 798 1910 819 vero
1934 788 1974 819 ad
1989 798 2199 819 communem
2215 787 2404 824 doctrinam,
2421 789 2498 828 quia
2511 798 2580 819 non
2595 789 2657 819 nisi

1593 833 1755 873 opinativa
1778 838 1834 869 est,
1860 842 1935 864 cum
1958 833 2044 863 bona
2059 833 2234 863 reverentia
2249 831 2372 863 dictum
2387 832 2436 869 sit,
2460 842 2528 863 non
2543 833 2656 864 incon-

1592 877 1679 907 venit
1702 876 1877 908 adinventis
1894 878 1932 908 ab
1949 877 2025 917 ipsis
2048 876 2167 917 aliquid
2191 877 2268 907 novi
2291 876 2470 917 superaddi,
2488 875 2578 917 quod
2597 877 2656 907 sub

1593 920 1696 952 forma
1719 921 1934 961 indulgentiae
1957 921 2082 958 latebat,
2108 927 2139 952 et
2160 922 2284 952 ratione
2300 921 2457 961 probabili
2479 921 2656 952 roboratur.

1649 965 1689 995 Et
1716 966 1796 996 scito
1832 965 1921 1005 quod
1951 966 2037 995 iuxta
2060 966 2146 996 hunc
2171 965 2297 996 dicendi
2327 965 2463 996 modurn
2489 965 2658 996 solvuntur

1593 1019 1706 1040 omnes
1729 1010 1948 1050 quaestiones:
1973 1015 2038 1040 tam
2062 1009 2101 1040 de
2124 1010 2219 1040 nimis
2241 1009 2329 1050 largo
2354 1010 2414 1040 Dei
2437 1008 2527 1046 foro;
2558 1019 2657 1050 quam

1593 1053 1632 1084 de
1656 1053 1840 1084 omittendis
1863 1053 2018 1093 suffragiis
2047 1063 2106 1094 pro
2130 1054 2272 1094 plenarie
2299 1054 2453 1085 absolutis
2477 1054 2510 1084 in
2533 1059 2655 1090 morte;

1594 1106 1691 1137 quam
1721 1097 1761 1127 de
1791 1097 1999 1128 admiratione
2028 1098 2225 1138 sapientum,
2258 1103 2289 1128 et
2318 1098 2358 1128 de
2391 1098 2656 1128 oblocutionibus

1592 1140 1842 1177 detrahentium;
1868 1147 1899 1171 et
1922 1142 2098 1171 excitantur
2114 1141 2230 1172 Christi
2246 1141 2356 1173 fideles
2378 1141 2419 1172 ad
2440 1142 2657 1182 poenitentiae

1592 1194 1699 1224 opera.
1716 1185 1784 1216 Nec
1800 1184 1921 1225 aliquid
1937 1185 2085 1216 adimitur
2101 1184 2260 1216 efficaciae
2272 1186 2558 1226 indulgentiarum:
2575 1187 2657 1216 sicut

1591 1229 1670 1259 nihil
1686 1229 1836 1259 adimitur
1851 1228 2010 1260 efficaciae
2026 1234 2298 1260 sacramentorum
2321 1239 2359 1260 ex
2374 1230 2437 1260 hoc
2454 1230 2544 1270 quod
2560 1239 2657 1270 opor-

1590 1278 1636 1304 tet
1659 1272 1847 1304 accedentes
1870 1272 1910 1304 ad
1932 1273 1985 1303 illa
2009 1283 2077 1304 esse
2104 1272 2198 1313 digne
2222 1273 2414 1314 dispositos,
2444 1274 2471 1305 si
2493 1273 2658 1305 fructuosa

1591 1317 1651 1348 sibi
1666 1327 1734 1348 esse
1749 1317 1873 1348 volunt.
1886 1317 1965 1348 .Soli
1989 1317 2148 1358 siquidem
2163 1317 2286 1358 indigni
2301 1317 2499 1358 indulgentia
2518 1319 2557 1349 ab
2572 1318 2658 1349 illius

1592 1361 1708 1398 fructu,
1732 1362 1819 1392 iuxta
1841 1362 1929 1392 hunc
1952 1361 2079 1392 dicendi
2101 1361 2247 1398 modum,
2272 1361 2494 1394 excluduntur.

1224 1498 1560 1549 QUAESITUM
1591 1499 1907 1542 SECUNDUM

555 1594 614 1624 AN
639 1592 848 1624 TEMPORE
871 1592 964 1630 QUO
989 1592 1060 1622 F1T
1085 1591 1195 1622 OPUS
1219 1591 1303 1622 PRO
1329 1591 1642 1628 INDULGENT1A‚
1667 1592 1906 1624 OPORTEAT
1930 1593 2200 1624 OPERANTEM
2223 1593 2326 1625 ESSE
2349 1594 2392 1625 IN
2417 1593 2583 1626 GRATlA

539 1685 610 1705 mea
641 1673 819 1704 secundum
842 1682 918 1702 vero
943 1672 1124 1712 quaesitum
1148 1671 1187 1702 de
1207 1681 1302 1702 causa
1323 1671 1536 1712 indulgentia-

477 1686 611 1750 Crum
626 1719 653 1754 ὅ,
677 1717 844 1748 sciendum
867 1722 913 1747 est
937 1715 1027 1756 quod
1043 1715 1214 1756 dupliciter
1237 1715 1352 1747 dantur
1368 1716 1536 1756 indulgen-

473 1765 544 1795 tiae.
569 1763 628 1794 Vel
651 1764 693 1793 ita
717 1761 806 1802 quod
828 1766 956 1801 tempus
979 1760 1196 1800 indulgentiae
1223 1766 1254 1791 et
1277 1765 1404 1800 tempus
1431 1761 1536 1800 operis

473 1810 512 1839 sit
535 1817 637 1839 unum
661 1812 692 1837 et
714 1806 816 1836 idem:
842 1811 878 1836 ut
900 1815 976 1836 curn
999 1804 1091 1835 datur
1109 1804 1307 1845 indulgentia
1330 1805 1468 1835 visitanti
1484 1814 1535 1836 ec-

475 1853 611 1883 clesiam.
645 1851 686 1882 Et
708 1856 786 1881 tunc
813 1859 880 1880 non
902 1850 998 1879 habet
1021 1849 1131 1880 locum
1154 1849 1233 1879 haec
1257 1850 1421 1889 quaestio:
1454 1858 1536 1889 quo-

472 1897 559 1927 niam
571 1901 694 1926 constat
709 1900 837 1934 tempus
853 1893 974 1924 fructus
989 1893 1205 1933 indulgentiae
1222 1894 1388 1933 coexigere
1404 1894 1535 1933 gratiam

473 1942 506 1971 in
529 1940 725 1980 percipiente
748 1939 850 1969 illum.
1521 1955 1527 1960 ,

527 1985 588 2015 Vel
603 1985 646 2014 ita
661 1982 751 2024 quod
766 1982 852 2013 aliud
875 1983 915 2012 sit
938 1988 1065 2022 tempus
1088 1982 1204 2022 operis,
1229 1987 1260 2012 et
1283 1981 1369 2012 aliud
1392 1982 1431 2012 sit
1455 1987 1535 2012 tem-

473 2039 534 2070 pus
550 2027 746 2069 percipiendi
762 2027 902 2059 fructum
918 2026 1150 2066 indulgentiae:
1175 2031 1211 2056 ut
1227 2035 1302 2056 cum
1324 2025 1416 2056 datur
1431 2025 1535 2057 indul-

473 2074 578 2114 gentia
601 2072 700 2103 semel
722 2072 755 2102 in
771 2072 834 2102 vita
858 2077 889 2101 et
904 2070 1003 2101 semel
1018 2071 1052 2100 in
1067 2075 1171 2101 morte
1194 2070 1440 2111 suscipientibus
1464 2079 1535 2100 cru-

474 2127 554 2149 cem.
571 2117 613 2148 Et
627 2122 704 2148 tunc
723 2116 818 2146 habet
836 2115 946 2146 locum
967 2115 1133 2155 proposita
1152 2115 1308 2155 quaestio,
1333 2124 1374 2144 an
1393 2115 1535 2154 exigatur

472 2162 570 2202 gratia
592 2167 669 2192 tunc
694 2170 769 2192 cum
792 2159 828 2190 fit
847 2169 930 2200 opus
953 2168 1012 2199 pro
1030 2166 1096 2199 quo
1120 2158 1212 2189 datur
1234 2158 1441 2199 indulgentia.

529 2206 564 2236 11.
589 2205 722 2236 Videtur
737 2205 823 2235 enim
839 2213 911 2244 pars
926 2204 1072 2243 negativa
1087 2212 1161 2233 vera
1176 2203 1203 2233 ³.
1220 2203 1307 2233 Tum
1324 2203 1400 2243 quia
1415 2203 1534 2243 absque

473 2251 569 2290 gratia
592 2255 737 2290 tempore
767 2249 873 2288 operis
897 2248 1007 2279 salvari
1030 2253 1166 2287 possunt
1189 2247 1299 2278 omnia
1321 2247 1473 2287 requisita
1495 2246 1535 2278 ad

473 2294 612 2325 fructum
634 2293 850 2333 indulgentiae
866 2293 901 2322 *2
926 2301 1001 2322 nam
1017 2292 1154 2322 salvatur
1169 2292 1339 2323 auctoritas
1369 2292 1402 2322 in
1427 2291 1531 2327 dante,

472 2339 571 2379 pietas
594 2338 627 2368 in
651 2347 754 2373 causa,
771 2338 878 2377 gratia,
904 2337 999 2367 etiam
1024 2336 1168 2372 sollicita,
1189 2336 1222 2366 in
1245 2336 1437 2376 suscipiente
1453 2340 1534 2366 tem-

471 2392 550 2423 pore
574 2392 640 2422 quo
664 2382 794 2421 suscipit
816 2381 913 2411 illam.
938 2381 1034 2420 Ergo,
1053 2386 1111 2410 etc.

527 2427 613 2457 Tum
644 2426 719 2466 quia
741 2435 808 2456 non
837 2425 945 2456 minus
975 2424 1058 2455 valet
1089 2423 1274 2455 huiusmodi
1301 2433 1384 2464 opus
1414 2433 1474 2464 pro
1501 2433 1534 2455 se

473 2480 570 2511 quam
592 2479 651 2510 pro
675 2470 749 2500 alio.
773 2468 836 2500 Sed
858 2470 885 2499 si
907 2479 966 2510 pro
990 2469 1063 2505 alio,
1087 2474 1166 2509 puta
1189 2469 1341 2499 existente
1365 2469 1398 2499 in
1418 2478 1533 2508 purga-

471 2516 565 2550 torio,
589 2524 671 2554 opus
694 2514 757 2544 hoc
777 2514 848 2554 quis
864 2513 980 2544 faceret
996 2513 1063 2543 sine
1080 2514 1187 2553 gratia,
1204 2512 1402 2553 indulgentia
1417 2513 1534 2543 valeret

471 2569 530 2600 pro
546 2559 599 2589 illa
614 2559 733 2588 anima:
754 2558 1009 2598 praesuppositO,
1021 2563 1057 2588 ut
1073 2556 1269 2598 quandoque
1288 2556 1333 2593 fit,
1347 2556 1436 2597 quod
1458 2566 1533 2597 pos-

472 2604 511 2634 sit
534 2603 604 2642 quis
627 2603 769 2642 accipere
793 2602 1023 2642 indulgentiam
1046 2611 1105 2642 pro
1130 2601 1283 2632 defuncto
1307 2600 1454 2632 faciendo
1471 2601 1532 2632 tale

472 2656 564 2687 opus.
597 2647 681 2686 Ergo
706 2646 745 2676 ad
769 2646 949 2676 faciendum
973 2655 1056 2686 opus
1087 2655 1146 2686 pro
1171 2645 1367 2686 indulgentia
1393 2655 1461 2676 non
1484 2655 1532 2676 re-

473 2698 606 2738 quiritur
628 2697 735 2736 gratia.

528 2741 578 2771 III.
610 2741 643 2770 ln
667 2741 726 2770 hac
750 2741 936 2780 quaestione
959 2740 1084 2771 videtur
1106 2741 1185 2771 mihi
1207 2750 1275 2770 non
1294 2740 1401 2770 solum
1423 2741 1531 2776 tutior,

472 2785 527 2816 sed
550 2785 645 2824 longe
669 2785 884 2815 rationabilior
907 2794 977 2824 pars
1001 2784 1195 2820 affirmativa,
1219 2784 1339 2814 scilicet
1362 2784 1452 2824 quod
1468 2785 1532 2815 exi-

471 2830 554 2869 gitur
574 2829 671 2869 gratia
687 2829 781 2859 etiam
796 2834 941 2868 tempore
957 2829 1072 2868 operis.
1096 2829 1316 2868 Probaturque
1340 2829 1403 2858 hoc
1427 2828 1532 2868 dupli—

472 2874 557 2904 citer.
581 2873 700 2908 Primo‚
725 2883 763 2903 ex
786 2873 915 2912 antiqua
938 2873 1208 2912 indulgentiarum
1232 2872 1351 2908 forma,
1380 2882 1455 2903 cum
1479 2883 1531 2903 or-

472 2917 577 2949 dinate
600 2923 773 2956 utrumque
798 2918 998 2957 exprimitur,
1024 2918 1065 2947 ita
1089 2917 1179 2956 quod
1201 2917 1306 2956 primo
1330 2917 1404 2948 loco
1429 2918 1531 2956 expri-

471 2962 567 2992 mitur
589 2962 705 3001 gratia,
734 2966 765 2992 et
788 2961 930 2991 secundo
955 2962 1140 3000 exprimitur
1164 2970 1263 3000 opu5‚
1291 2971 1359 2991 non
1383 2961 1532 3000 qualiter—

472 3015 621 3045 cumque,
638 3005 693 3035 sed
709 3011 744 3036 ut
759 3006 827 3045 ipsa
841 3006 939 3045 gratia
955 3005 1069 3036 afficiat
1085 3011 1281 3044 operantem.
1306 3005 1430 3036 Dicitur
1445 3006 1531 3036 enim

471 3050 528 3080 sic:
554 3049 699 3081 omnibus
722 3059 795 3079 vere
814 3050 1049 3089 poenitentibus
1072 3054 1103 3079 et
1124 3049 1280 3090 confessis
1308 3049 1363 3088 qui
1386 3049 1532 3080 visitave-

472 3093 537 3123 rint
560 3094 655 3124 talem
678 3094 863 3128 ecclesiam:
886 3103 953 3128 seu,
974 3094 1028 3133 qui
1044 3102 1159 3124 manus
1168 3093 1382 3133 porrexerint
1396 3093 1533 3123 adiutri-

472 3146 531 3172 ces,
549 3142 607 3168 etc.
633 3137 694 3168 Ubi
717 3137 882 3168 manifeste
906 3143 991 3177 patet
1015 3147 1052 3167 ex
1076 3137 1179 3168 forma
1198 3137 1355 3168 Esclesiae
1379 3143 1532 3168 consueta

471 3181 578 3210 haberi
601 3182 830 3220 poenitentiam
854 3190 910 3211 seu
934 3182 1064 3220 gratiam
1089 3181 1212 3220 coexigi
1231 3180 1270 3211 ad
1289 3181 1349 3211 tale
1366 3190 1449 3221 opus
1472 3191 1531 3221 pro

473 3233 539 3263 quo
563 3223 598 3254 fit
621 3224 826 3264 indulgentia.

528 3267 650 3298 Deinde
680 3269 832 3307 probatur
862 3269 924 3298 hoc
955 3270 1086 3299 ratione.
1125 3268 1214 3300 Sicut
1240 3269 1404 3300 thesaurus
1432 3269 1531 3300 civilis

473 3320 540 3341 non
562 3312 622 3342 nisi
644 3321 703 3351 pro
727 3312 811 3342 civili
834 3322 927 3342 causa
951 3311 1159 3352 dispensatur,
1183 3314 1226 3343 ita
1248 3313 1414 3343 thesaurus
1430 3313 1531 3343 vitalis

473 3364 540 3384 non
563 3355 623 3384 nisi
646 3364 704 3394 pro
729 3355 795 3384 sola
818 3356 904 3385 vitali
927 3365 1021 3385 causa
1044 3356 1252 3396 dispensatur.
1281 3356 1343 3387 Sed
1366 3357 1531 3387 thesaurus

473 3398 740 3438 indulgentiarum
762 3404 808 3428 est
823 3399 987 3429 thesaurus
1004 3400 1122 3429 vitalis:
1147 3406 1259 3439 utpote
1277 3410 1314 3430 ex
1330 3400 1530 3440 passionibus

474 3442 551 3472 vivis
575 3441 691 3472 Christi
715 3448 746 3472 et
769 3448 951 3472 sanctorum
975 3449 1133 3479 constans,
1158 3449 1188 3474 et
1211 3445 1292 3474 vitae
1312 3449 1456 3474 aeternae
1472 3444 1531 3473 im-

471 3485 656 3526 pedimenta
678 3486 803 3517 tollens.
828 3487 912 3526 Ergo
928 3496 986 3526 pro
1004 3487 1070 3516 sola
1086 3487 1170 3517 vitali
1195 3497 1289 3517 causa
1313 3487 1531 3518 communica-

1589 1678 1650 1704 tur.
1676 1673 1739 1704 Sed
1763 1684 1846 1714 opus
1870 1679 1956 1705 extra
1974 1675 2107 1714 gratiam
2123 1684 2191 1705 non
2207 1680 2254 1706 est
2269 1675 2389 1711 vivum,
2407 1674 2463 1706 sed
2478 1681 2656 1708 mortuum.

1591 1717 1677 1758 Ergo
1694 1727 1753 1758 pro
1771 1728 1810 1749 eo
1826 1719 1992 1750 thesaurus
2015 1718 2286 1759 indulgentiarum
2301 1729 2370 1750 non
2389 1720 2656 1754 communicatur.

1646 1762 1687 1792 Et
1703 1762 1911 1794 confirmatur
1926 1773 1964 1793 ex
1979 1763 2043 1794 hoc
2059 1762 2149 1803 quod
2169 1763 2293 1803 reliqua
2307 1763 2458 1804 requisita
2473 1763 2514 1795 ad
2529 1764 2658 1805 dispen-

1591 1806 1748 1838 sationem
1760 1807 1899 1838 thesauri
1910 1807 2180 1848 indulgentiarum
2191 1813 2266 1838 sunt
2277 1807 2363 1838 viva:
2380 1808 2493 1839 vivunt
2503 1809 2658 1851 enimqui

1591 1851 1675 1890 passi
1698 1857 1773 1882 sunt
1794 1852 1908 1888 sancti;
1933 1852 2023 1882 vivae
2045 1857 2120 1882 sunt
2140 1857 2172 1882 et
2187 1852 2351 1891 passiones
2373 1861 2501 1889 eorum;
2525 1853 2604 1884 vivit
2625 1859 2658 1885 et

1591 1894 1745 1926 Summus
1761 1895 1926 1932 Sacerdos,
1946 1896 2002 1936 qui
2018 1901 2065 1927 est
2081 1901 2117 1926 ut
2131 1896 2314 1936 principalis
2336 1895 2535 1937 dispensator
2552 1896 2657 1930 indul-

1590 1939 1730 1978 gentiae;
1747 1940 1823 1970 vivit
1838 1941 1995 1980 particeps
2011 1939 2237 1980 indulgentiae.
2258 1940 2344 1980 Ergo
2361 1946 2393 1972 et
2407 1941 2513 1972 vivam
2529 1946 2658 1984 oportet

1590 1993 1659 2014 esse
1682 1993 1811 2015 causam
1833 1983 2068 2025 indulgentiae:
2097 1994 2181 2025 quae
2203 1989 2251 2015 est
2273 1984 2358 2015 enim
2381 1985 2551 2016 conventio
2575 1985 2657 2020 lucis

1591 2027 1634 2059 ad
1657 2028 1804 2060 tenebras
1819 2029 1845 2065 *‚
1863 2034 1894 2059 et
1917 2029 1999 2059 vitae
2023 2028 2063 2060 ad
2084 2026 2242 2060 mortem?

1645 2072 1713 2103 Nec
1735 2073 1839 2103 obstat
1862 2073 1952 2113 quod
1967 2072 2114 2104 Pontifex
2130 2072 2208 2104 dans
2223 2072 2455 2113 indulgentiam
2470 2073 2572 2114 possit
2587 2084 2656 2108 esse

1590 2122 1738 2147 mortuus
1760 2117 1939 2148 secundum
1962 2118 2060 2148 vitam
2082 2118 2212 2157 gratiae:
2238 2118 2394 2158 quoniam
2416 2118 2486 2158 ipse
2512 2118 2657 2152 minister

1590 2166 1716 2192 tantum
1740 2167 1796 2198 est,
1821 2167 1852 2192 et
1875 2161 1963 2192 velut
1984 2162 2233 2192 instrumentum
2257 2160 2374 2192 Christi
2397 2163 2569 2194 concurrit.
2602 2162 2656 2195 Ad

1591 2214 1719 2236 causam
1749 2207 1836 2237 enim
1866 2206 2076 2246 principalem
2103 2205 2339 2246 respiciendum
2362 2211 2426 2238 est:
2454 2211 2492 2238 ut
2512 2212 2600 2247 patet
2621 2207 2656 2239 in

1590 2249 1695 2286 simili,
1720 2259 1795 2280 cum
1818 2250 1938 2282 scilicet
1960 2249 2111 2281 dominus
2126 2250 2160 2281 in
2176 2251 2303 2281 caritate
2319 2251 2456 2282 existens
2473 2260 2531 2292 per
2545 2261 2654 2292 repro-

1590 2294 1668 2325 bum
1692 2293 1945 2334 dispensatorem
1969 2294 2190 2335 eleemosynas
2206 2294 2380 2331 distribuit;
2405 2300 2453 2326 est
2468 2295 2555 2326 enim
2570 2305 2655 2337 opus

1589 2338 1669 2370 illud
1691 2339 1811 2375 vivum,
1836 2348 1903 2370 non
1927 2339 2073 2369 obstante
2097 2338 2252 2379 spirituali
2274 2344 2378 2370 morte
2400 2339 2545 2371 ministri.
2654 2342 2657 2345 ’

1646 2382 1784 2423 Oportet
1798 2393 1873 2423 ergo
1886 2383 1995 2413 vivum
2012 2393 2079 2414 esse
2092 2392 2175 2423 opus
2187 2392 2246 2423 pro
2264 2392 2331 2423 quo
2344 2382 2435 2414 datur
2446 2383 2654 2424 indulgentia.

1645 2427 1697 2457 IV.
1714 2427 1766 2458 Ad
1781 2428 1918 2468 primam
1933 2436 2010 2467 ergo
2028 2427 2245 2458 obiectionem
2261 2428 2295 2458 in
2310 2428 2499 2468 oppositum
2511 2429 2527 2445 “
2540 2427 2655 2460 dieitur

1589 2470 1704 2502 falsum
1728 2481 1796 2502 esse
1819 2471 1909 2512 quod
1932 2472 1999 2502 sine
2023 2472 2097 2502 vivo
2122 2481 2220 2511 opere
2243 2472 2353 2502 omnia
2374 2472 2584 2518 requisitapd
2605 2473 2654 2504 in-

1589 2515 1785 2556 dulgentiam
1808 2516 1983 2547 salventur:
2014 2525 2089 2546 nam
2118 2516 2219 2556 pietas
2242 2516 2274 2546 in
2299 2525 2394 2546 causa
2423 2516 2542 2548 claudit
2563 2517 2598 2550 in
2619 2526 2654 2548 se

1588 2560 1685 2591 vitam
1709 2561 1824 2601 operis.
1849 2560 1897 2591 Ex
1920 2561 1983 2591 hoc
2002 2560 2089 2590 enim
2113 2559 2202 2600 quod
2225 2561 2359 2600 exigitur
2381 2561 2482 2601 pietas
2497 2561 2531 2591 in
2547 2570 2652 2599 causa,

1587 2604 1651 2636 hoc
1667 2611 1715 2635 est
1730 2605 1764 2635 in
1779 2614 1877 2644 opere
1893 2614 1952 2644 pro
1970 2613 2037 2644 quo
2053 2603 2145 2635 datur
2163 2603 2370 2644 indulgentia,
2388 2614 2590 2645 consequens
2606 2610 2655 2637 est

1589 2649 1679 2689 quod
1702 2649 1843 2689 exigatur
1867 2649 1962 2680 etiam
1985 2649 2067 2679 vita:
2096 2658 2171 2679 nam
2195 2649 2295 2688 pietas
2318 2649 2401 2689 ipsa,
2424 2649 2486 2679 nisi
2509 2649 2549 2681 sit
2571 2650 2652 2687 viva,

1587 2691 1688 2733 pietas
1704 2703 1772 2724 non
1789 2699 1850 2728 est;
1873 2702 1948 2723 curn
1965 2693 2052 2723 nulla
2068 2693 2107 2723 sit
2123 2692 2302 2724 Christiana
2316 2693 2415 2724 virtus
2431 2693 2498 2724 sine
2515 2693 2652 2726 caritate.

1642 2738 1693 2768 Ad
1716 2737 1894 2768 secundum
1918 2736 2034 2768 dicitur
2056 2736 2146 2777 quod
2169 2746 2252 2777 Opus
2275 2743 2451 2774 mortuum,
2474 2738 2556 2768 sicut
2585 2747 2654 2769 non

1587 2782 1703 2813 sufficit
1726 2782 1766 2813 ad
1788 2781 2019 2822 indulgentiam
2046 2791 2105 2821 pro
2129 2791 2162 2812 se
2191 2791 2250 2821 pro
2274 2787 2420 2822 tempore
2448 2791 2514 2822 quo
2538 2781 2597 2813 erit
2618 2781 2652 2813 in

1586 2827 1694 2867 gratia,
1719 2827 1762 2857 ita
1784 2836 1851 2856 non
1875 2825 1990 2856 sufficit
2013 2825 2053 2856 ad
2075 2825 2306 2865 indulgentiam
2329 2835 2388 2866 pro
2412 2826 2475 2856 alio
2499 2825 2652 2857 existente

1587 2872 1620 2902 in
1643 2871 1750 2911 gratia.

1642 2915 1683 2946 Et
1706 2916 1731 2945 si
1755 2915 1888 2946 instetur
1917 2914 2007 2955 quod
2033 2914 2237 2955 eleemosyna
2264 2913 2346 2945 facta
2375 2919 2461 2945 extra
2488 2914 2651 2945 caritatem

1586 2969 1645 3000 pro
1670 2960 1822 2995 existente
1846 2959 1879 2989 in
1903 2959 2089 2998 purgatorio
2103 2982 2110 2994 ,
2142 2958 2226 2989 valet
2248 2968 2308 2999 pro
2331 2958 2405 2988 illo:
2438 2966 2514 2998 ergo
2545 2957 2649 2988 multo

1586 3004 1686 3044 magis
1716 3004 1799 3034 valet
1833 3002 1992 3034 mediante
2024 3002 2236 3042 indulgentia:
2267 3020 2290 3024 —
2319 3000 2530 3041 respondetur
2561 3001 2651 3042 quod

1587 3049 1792 3088 eleemosyna
1814 3047 1884 3077 talis
1907 3056 1974 3078 non
1993 3047 2079 3077 ‘valet
2102 3056 2161 3086 pro
2186 3045 2338 3076 defuncto
2362 3054 2419 3085 per
2441 3045 2578 3076 modum
2601 3055 2648 3076 sa-

1586 3091 1790 3128 tisfactionis,
1814 3091 1870 3122 sed
1897 3100 1954 3131 per
1975 3090 2112 3121 modurn
2135 3089 2394 3130 supplicationis:
2426 3089 2579 3129 scriptum
2603 3095 2650 3121 est

1587 3137 1674 3166 enim
1689 3137 1719 3166 ’ἣ
1744 3134 1910 3166 Absconde
1932 3135 2169 3174 eleemosynam
2193 3134 2226 3164 in
2249 3133 2324 3164 sinu
2342 3133 2508 3173 pauperis,
2532 3138 2564 3164 et
2579 3134 2649 3174 ipsa

1587 3185 1662 3210 orat
1671 3189 1735 3220 pro
1752 3179 1850 3210 vobis.
1878 3179 2087 3210 Peccatorum
2107 3183 2216 3208 autem
2236 3177 2485 3217 supplicationes
2501 3177 2648 3217 quando-

1586 3233 1649 3264 que
1674 3222 1814 3254 exaudiri
1838 3223 2035 3262 Augustinus
2057 3226 2188 3252 testatur
2204 3222 2230 3256 *‚
2255 3220 2490 3261 reprehendens
2513 3222 2649 3256 verbum

1586 3268 1671 3298 caeci
1687 3268 1762 3301 nati,
1781 3267 1850 3297 Nos
1865 3267 1982 3297 scimus
1997 3266 2073 3306 quia
2084 3270 2274 3305 peccatores
2289 3266 2378 3296 Deus
2395 3275 2460 3296 non
2474 3266 2609 3297 exaudit
2619 3267 2645 3297 ⁴.

1586 3312 1633 3342 Ex
1657 3312 1719 3342 hoc
1738 3316 1847 3342 autem
1870 3309 1959 3350 quod
1974 3309 2057 3340 valet
2080 3318 2137 3349 per
2152 3308 2287 3339 modum
2303 3309 2546 3349 supplicationis
2561 3319 2649 3342 mor-

1585 3361 1669 3392 tuae,
1686 3365 1753 3385 non
1774 3355 1918 3394 sequitur
1941 3353 2030 3393 quod
2044 3353 2128 3383 valet
2143 3362 2202 3392 pro
2218 3353 2416 3393 indulgentia
2436 3353 2646 3394 acquirenda:

1586 3400 1741 3438 quoniam
1756 3398 1953 3438 indulgentia
1971 3398 2066 3428 habet
2081 3398 2145 3427 vim
2163 3396 2382 3428 satisfactionis
2397 3398 2506 3434 vivae;
2525 3399 2649 3439 suppli·-

1586 3444 1668 3473 catio
1693 3448 1800 3472 autem
1823 3447 1950 3472 mortua
1981 3441 2041 3472 soli
2065 3441 2298 3472 misericordiae
2322 3442 2466 3472 innititur
2489 3442 2560 3478 Dei,
2592 3442 2648 3475 cui

1587 3487 1792 3526 supplicatur.

2686 613 2696 623 ·
2707 611 2778 643 Num.
2793 617 2809 638 ι,
2825 611 2855 633 Ee
2868 611 2893 634 tn

2680 644 2766 666 pnmo.

2683 2033 2694 2045 '
2702 2032 2723 2055 11
2730 2032 2765 2055 ad
2771 2030 2836 2060 (Σοὶ,
2845 2039 2900 2062 cap-

2684 2065 2716 2087 vx,
2731 2065 2791 2082 ven.
2807 2066 2842 2087 ¹⁴·

2681 2431 2692 2442 ·
2705 2429 2777 2453 Num.
2792 2435 2820 2452 ιι.

2676 3135 2762 3159 ·Εει·1ἱ.
2768 3142 2890 3165 camum,

2674 3169 2734 3186 ven.
2751 3170 2759 3186 ι
2762 3169 2782 3191 5.

2673 3227 2734 3276 tvl-”ei
2755 3227 2887 3276 xtin'vm‘

2675 3281 2685 3291 ·
2703 3269 2768 3303 loia.
2788 3270 2839 3309 cap:
2854 3286 2887 3308 tx.

2674 3313 2735 3329 vera.
2749 3313 2783 3336 ³¹-
