2918 4088
40 249 51 260 ·
65 246 131 270 Vers.
148 251 185 268 ιο.

0 1081 9 1115 ξ*
36 1086 92 1111 ‘Cn
109 1092 251 1114 ,παμμι-

10 1113 64 1156 ἒ.
111 1129 118 1136 .
132 1113 186 1154 leet.
199 1118 250 1135 xm.

19 1182 21 1187 ·
34 1176 48 1191 ·
54 1158 153 1203 I’mxxv,
161 1180 220 1197 vm.
228 1173 250 1196 6.

34 1830 46 1842 ·
56 1820 130 1865 ἶνα-ιτ
141 1835 179 1858 ¹7·

33 1986 47 2000 ·
62 1986 129 2010 ven.
144 1993 180 2014 ¹4.

930 166 1192 212 QUAESTIO
1222 168 1428 215 LXXXIII,
1458 169 1751 207 ARTICULUS
1779 171 1813 207 V

2384 177 2453 213 281

281 241 461 290 peccatis:
483 242 699 278 secundum
718 241 811 279 illud
831 244 1055 280 Ioan.xu1*:
1085 246 1159 287 Qui
1175 245 1268 282 lotus
1282 251 1344 291 est,
1399 246 1508 283 tertio
1537 248 1636 284 duae
1665 260 1809 292 cruces,
1839 260 1917 285 una
1945 248 1983 285 in
2012 252 2296 289 consecratione
2325 265 2460 303 corpo-

283 306 358 331 non
386 295 526 344 indiget
553 296 625 331 nisi
650 301 688 331 ut
709 296 822 344 pedes
850 297 956 334 lavet.
987 297 1034 333 Et
1053 298 1135 334 talis
1159 298 1345 334 emunda-

281 346 334 384 tio
363 347 567 396 requiritur
601 347 649 384 ab
683 360 729 385 eo
759 348 825 397 qui
863 349 1006 386 accedit
1043 350 1092 386 ad
1120 351 1195 387 hoc
1223 362 1344 387 sacra-

281 407 469 437 mentum.
500 400 618 447 Quod
647 400 761 438 etiam
790 401 1022 449 significatur
1048 415 1117 452 per
1141 403 1344 440 confessio-

280 464 372 489 nem
391 465 491 502 quae
510 453 554 489 fit
573 460 658 490 ante
679 453 876 491 introitum
896 455 1045 492 missae.
1076 457 1123 492 Et
1147 457 1222 492 hoc
1241 456 1344 492 idem

281 505 517 554 significabat
535 506 679 543 ablutio
699 507 942 544 sacerdotum
970 507 1009 544 in
1029 508 1147 545 veteri
1175 510 1272 557 lege:
1303 516 1345 545 ut

280 558 426 595 ibidem
454 559 663 608 Dionysius
692 559 792 596 dicit.

333 612 417 648 Nec
444 619 573 648 tamen
598 612 767 648 Ecclesia
795 613 870 649 hoc
899 621 1022 649 servat
1050 621 1235 662 tanquam
1261 626 1344 651 cae-

280 664 489 701 remoniale
508 664 647 701 veteris
674 664 764 712 legis
791 673 1052 713 praeceptum,
1073 667 1140 703 sed
1166 667 1276 715 quasi
1295 667 1343 703 ab

280 717 450 754 Ecclesia
469 717 693 763 institutum,
715 716 810 753 sicut
829 715 841 738 θ
862 717 1048 766 quiddam
1068 720 1283 756 secundum
1304 731 1343 756 se

280 770 526 807 conveniens.
557 770 605 806 Et
632 769 720 806 ideo
748 781 828 807 non
848 771 987 807 eodem
1016 773 1135 809 modo
1164 772 1343 809 observa-

278 830 341 860 tur
360 823 456 859 sicut
474 830 576 859 tunc.
607 822 921 859 Praetermittitur
939 824 1043 861 enim
1062 825 1208 873 pedum
1237 825 1343 862 ablu-

279 875 352 922 tio,
392 882 428 911 et
462 882 636 911 servatur
671 874 815 911 ablutio
847 888 1057 924 manuum,
1087 890 1187 926 quae
1219 885 1344 926 potest

278 927 363 964 fieri
390 927 510 974 magis
538 927 577 963 in
605 935 800 976 promptu,
831 935 867 964 et
895 936 1021 977 quae‘
1050 930 1188 967 sufficit
1215 931 1263 967 ad
1296 930 1343 967 si-

278 979 538 1028 gnificandam
574 980 781 1028 perfectam
817 982 1058 1020 munditiam.
1104 983 1206 1020 Cum
1238 983 1343 1020 enim

277 1043 418 1069 manus
446 1032 492 1068 sit
520 1044 709 1082 organum
738 1045 985 1082 organorum,
1007 1043 1048 1071 ut
1076 1036 1212 1073 dicitur
1239 1036 1278 1073 in
1297 1038 1342 1074 111

278 1085 324 1122 de
340 1086 482 1122 Anima
495 1085 526 1132 ²¹⁸,
554 1085 686 1122 omnia
699 1092 715 1107 χ
735 1098 854 1135 opera
875 1088 1131 1126 attribuuntur
1150 1089 1340 1127 manibus.

278 1138 390 1175 Unde
419 1145 456 1175 et
483 1137 522 1175 in
551 1139 705 1175 Psalmo
729 1139 749 1160 ’¹‘
777 1139 930 1177 dicitur:
970 1143 1123 1179 Lavabo
1158 1145 1252 1179 inter
1288 1145 1342 1180 in-

278 1197 450 1228 nocentes
477 1203 611 1228 manus
638 1204 751 1229 meas.

330 1245 388 1281 An
409 1256 599 1282 SECUNDUM
618 1257 799 1282 DICENDUM
819 1247 926 1295 quod
952 1247 1233 1285 thurificatione
1262 1261 1342 1286 non

276 1296 424 1334 utimur
457 1297 567 1346 quasi
602 1298 870 1337 caeremoniali
898 1308 1102 1350 praecepto
1138 1302 1245 1350 legis,
1275 1303 1342 1340 sed

277 1350 384 1387 sieut>
398 1350 593 1387 Ecclesiae
622 1358 772 1388 statuto.
807 1353 918 1389 Unde
947 1366 1027 1391 non
1053 1355 1193 1391 eodem
1221 1356 1342 1392 modo

277 1403 424 1440 utimur
451 1403 548 1440 sicut
574 1403 614 1440 in
642 1404 760 1441 veteri
788 1406 868 1453 lege
897 1414 976 1443 erat
1003 1414 1197 1444 statutum.

331 1456 498 1493 Pertinet
526 1464 657 1493 autem
676 1458 724 1494 ad
745 1458 836 1494 duo.
867 1459 998 1496 Primo
1027 1459 1196 1508 quidem,
1217 1462 1266 1498 acl
1286 1474 1342 1498 re-

276 1509 489 1546 verentiam
517 1509 633 1546 huius
661 1511 908 1548 sacramenti:
938 1520 980 1548 ut
1007 1512 1147 1549 scilicet
1173 1525 1243 1562 per
1274 1514 1342 1550 bo-

277 1574 375 1599 num
394 1562 557 1599 odorem
575 1562 787 1611 depellatur
806 1563 835 1599 si
855 1563 949 1613 quid
968 1565 1215 1614 corporaliter
1234 1566 1343 1615 pravi

277 1615 407 1653 odoris
434 1615 474 1652 in
493 1616 579 1652 loco
597 1614 719 1662 fuerit,
741 1617 848 1664 quod
874 1625 1004 1665 posset
1021 1630 1234 1667 provocare
1255 1620 1343 1656 hor-

277 1680 417 1706 rorem.
639 1700 641 1702 .

331 1721 531 1768 Secundo,
564 1721 727 1770 pertinet
763 1722 812 1758 ad
849 1724 1216 1771 repraesentandum
1253 1724 1343 1761 effe-

277 1782 383 1812 ctum
410 1774 570 1822 gratiae,
599 1786 698 1823 qua,
727 1774 825 1812 sicut
856 1775 962 1812 bono
998 1777 1138 1823 odore,
1170 1777 1343 1814 Christus

276 1829 414 1878 plenus
441 1827 526 1874 fuit,
555 1827 772 1865 secundum
806 1828 899 1865 illud
931 1829 1022 1865 Gen.
1051 1842 1146 1867 xxvn
1164 1829 1203 1876 ²¹⁸,
1231 1833 1341 1877 Ecce,

277 1881 372 1918 odor
387 1881 468 1929 filii
493 1881 568 1917 mei
592 1882 684 1917 sicut
712 1881 806 1918 odor
833 1883 923 1931 agri
942 1882 1064 1931 pleni;
1091 1890 1128 1919 et
1147 1896 1168 1920 a
1189 1883 1342 1922 Christo

277 1933 472 1971 derivatur
499 1934 547 1971 ad
575 1932 709 1970 fideles
737 1933 866 1970 officio
894 1935 1178 1983 ministrorum,
1208 1948 1343 1974 secun-

277 1987 374 2024 dum
402 1986 495 2023 illud
514 1988 544 2023 II
568 1988 654 2023 Cor.
676 1999 697 2023 11
715 1987 745 2032 ²¹²,
780 1987 941 2025 Odorem
965 1990 1115 2026 notitiae
1132 2002 1222 2026 suae
1239 2002 1343 2039 spar-

275 2042 332 2090 git
355 2052 425 2089 per
453 2052 520 2077 nos
547 2041 585 2076 in
613 2041 720 2076 omni
735 2040 829 2077 loco.
859 2041 908 2077 Et
934 2040 1035 2087 ideo,
1055 2042 1228 2091 undique
1256 2044 1342 2080 thu-

275 2092 423 2130 rificato
443 2092 560 2140 altari,
580 2105 651 2142 per
677 2093 784 2142 quod
805 2093 978 2131 Christus
1006 2095 1236 2143 designatur,
1256 2097 1343 2133 thu-

276 2145 474 2183 rificantur
501 2158 638 2183 omnes
665 2158 736 2195 per
762 2146 951 2184 ordinem.

329 2200 387 2236 AD
419 2211 579 2236 TERTIUM
608 2210 790 2236 DICENDUM
822 2200 929 2248 quod
965 2201 1142 2238 sacerdos
1180 2201 1219 2238 in
1248 2203 1343 2238 cele-

275 2252 449 2290 bratione
477 2252 617 2289 missae
644 2251 763 2290 utitur
789 2254 1115 2302 crucesignatione
1143 2254 1191 2291 ad
1220 2254 1343 2304 expri-

276 2305 463 2343 mendam
490 2305 712 2354 passionem
741 2306 892 2354 Christi,
914 2319 1013 2356 quae
1042 2307 1091 2344 ad
1113 2319 1269 2344 crucem
1288 2316 1343 2345 est

275 2358 489 2396 terminata.
529 2359 598 2396 Est
624 2366 755 2396 autem
782 2359 909 2409 passio
939 2360 1079 2398 Christi
1108 2361 1342 2410 quibusdam

276 2411 388 2461 quasi
414 2410 595 2460 gradibus
622 2420 786 2460 peracta.
816 2414 921 2450 Nam
953 2414 1080 2462 primo
1106 2414 1175 2451 suit
1205 2415 1342 2452 Christi

275 2463 448 2502 traditio:
479 2476 579 2513 quae
606 2464 703 2502 facta
731 2473 786 2502 est
811 2478 833 2502 a
852 2466 937 2503 Deo
957 2466 981 2514 λ,
1012 2479 1034 2504 a
1053 2468 1158 2514 Iuda,
1179 2475 1215 2504 et
1242 2481 1264 2504 a
1283 2470 1342 2505 Iu-

276 2517 393 2555 daeis.
431 2517 550 2564 Quod
578 2517 764 2565 significat
790 2518 888 2556 trina
919 2519 1194 2569 crucesignatio
1227 2533 1344 2570 super

276 2570 339 2608 illa
365 2570 504 2608 verba:
533 2572 645 2608 Haec
663 2572 774 2618 dona,
794 2573 887 2609 haec
904 2586 1075 2620 munera,
1095 2575 1188 2611 haec
1214 2581 1342 2612 sancta

275 2625 463 2672 sacrificia
489 2624 640 2662 illibata.

331 2677 513 2715 Secundo
540 2676 610 2714 fuit
638 2677 777 2714 Christi
801 2678 984 2716 venditio.
1014 2680 1081 2716 Est
1099 2687 1229 2716 autem
1248 2692 1342 2717 ven-

276 2730 378 2768 ditus
397 2730 670 2775 sacerdotibus,
691 2730 822 2767 scribis
850 2739 886 2768 et
909 2731 1128 2781 pharisaeis.
1154 2733 1215 2769 Ad
1234 2733 1341 2782 quod

275 2783 572 2832 significandum
592 2783 635 2819 fit
653 2783 792 2821 iterum
810 2784 908 2821 trina
927 2785 1200 2833 crucesignatio
1226 2798 1343 2835 super

275 2836 339 2874 illa
365 2836 494 2882 verba,
523 2836 763 2882 benedictam,
792 2838 1028 2887 adscriptam,
1055 2845 1188 2875 ratam.
1218 2861 1243 2865 —
1271 2840 1342 2876 Vel

276 2890 326 2928 ad
353 2889 638 2927 ostendendum
662 2889 829 2938 pretium
849 2891 1092 2938 venditionis,
1113 2891 1252 2928 scilicet
1278 2891 1341 2929 tri-

275 2942 379 2992 ginta
413 2942 604 2980 denarios.
633 2965 658 2969 —
686 2942 850 2980 Additur
881 2952 1011 2981 autem
1046 2951 1082 2981 et
1109 2945 1251 2994 duplex
1279 2957 1341 2982 su-

275 3007 346 3046 per
372 2995 434 3033 illa
461 2995 595 3043 verba,
625 3002 663 3032 ut
690 2998 794 3034 nobis
826 3009 960 3047 corpus
987 3004 1020 3034 et
1046 2999 1220 3047 sanguis,
1251 3005 1340 3045 etc.,

277 3049 327 3087 ad
354 3048 632 3097 designandam
668 3061 877 3099 personam
913 3051 1029 3088 Iudae
1061 3050 1270 3088 venditoris
1307 3058 1342 3087 et

278 3101 419 3140 Christi
446 3101 591 3138 venditi
612 3108 640 3139 μ.

330 3154 463 3192 Tertio
491 3162 621 3192 autem
652 3155 722 3193 fuit
749 3156 1001 3205 praesignatio
1021 3156 1208 3206 passionis
1233 3157 1342 3194 Chri-

278 3207 324 3245 sti
351 3208 448 3245 facta
475 3207 514 3244 in
544 3208 661 3245 Cena.
698 3209 759 3246 Ad
787 3209 893 3258 quod
922 3209 1214 3258 designandum,
1243 3209 1343 3247 fiunt

332 3319 357 3356 Θ)
376 3321 452 3347 stcut.
469 3335 489 3340 -
505 3321 587 3346 PFsG
605 3327 631 3346 et
648 3329 678 3354 c;
695 3323 744 3347 sed
762 3322 788 3347 in
809 3322 950 3354 (quodam)
969 3323 999 3353 E,
1012 3326 1039 3347 et
1057 3330 1109 3348 non
1130 3323 1147 3354 1,
1162 3327 1188 3348 et
1206 3326 1245 3348 est
1264 3324 1304 3349 ed.
1317 3330 1343 3353 a,

278 3357 327 3382 sed
344 3360 385 3382 est
403 3357 489 3382 ceteri.

333 3391 353 3425 ι)
371 3395 398 3417 et
415 3399 492 3424 quae.
515 3405 534 3411 —
558 3399 626 3424 quae
653 3393 740 3426 magis
758 3393 808 3425 pG,
827 3395 855 3418 et
872 3400 940 3425 quae
968 3394 1054 3427 magis
1079 3394 1143 3418 HsG
1163 3399 1188 3419 et
1207 3394 1251 3425 bc;
1275 3395 1300 3419 ln
1320 3394 1342 3418 G

279 3428 356 3453 lectio
374 3427 471 3460 primae
490 3435 582 3452 manus
600 3428 756 3459 restituitur;
772 3428 857 3457 Alias,
876 3435 944 3461 quae
963 3429 1050 3462 magis
1067 3429 1167 3462 sufficit
1185 3438 1274 3462 margo
1288 3430 1343 3454 P.-

279 3463 332 3488 Pro
350 3463 519 3493 munditiam,
539 3463 740 3488 mundationem
759 3464 893 3489 editiones.

421 3550 532 3576 sunu
550 3550 651 3577 Tuom.
665 3551 696 3577 D.
715 3551 831 3577 Tuom
849 3552 882 3578 T.
900 3552 942 3578 IX.

1400 298 1462 345 ris,
1492 299 1564 336 alia
1592 299 1631 336 in
1659 301 1946 339 consecratione
1976 303 2188 351 sanguinis,
2218 306 2284 342 ubi
2320 308 2460 344 utrobi-

1400 363 1476 400 que
1505 351 1643 388 dicitur
1670 354 1865 390 benedixit.

1452 405 1602 451 Quarto
1631 412 1759 442 autem
1789 406 1857 442 fuit
1885 406 1967 455 ipsa
1995 408 2121 456 passio
2152 409 2301 447 Christi.
2336 413 2458 459 Unde,

1399 457 1448 493 acl
1476 458 1843 505 repraesentandum
1878 458 2050 508 quinque
2078 462 2223 509 plagas,
2253 463 2295 499 fit
2323 473 2459 513 quarto

1399 509 1625 559 quintuplex
1644 511 1918 559 crucesignatio
1939 524 2054 561 super
2078 513 2138 550 illa
2156 515 2285 561 verba,
2305 519 2460 554 hostiam

1391 574 1551 610 puram,
1580 564 1735 600 hostiam
1763 571 1949 610 sanctam,
1978 567 2133 602 hostiam
2163 569 2460 616 immaculatam,

1392 627 1532 664 panem
1560 622 1727 652 sanctum
1755 619 1852 654 vitae
1879 623 2063 664 aeternae,
2093 625 2126 655 et
2153 621 2306 657 calicem
2337 623 2462 659 salutis

1391 674 1606 717 perpetuae.

1452 721 1617 767 Quinto,
1657 730 1962 770 repraesentatur
1998 724 2167 762 extensio
2205 727 2396 775 corporis,
2426 736 2462 764 et

1397 773 1534 810 effusio
1563 774 1768 821 sanguinis,
1789 782 1825 811 et
1843 776 1987 812 fructus
2015 777 2212 825 passionis,
2232 791 2301 828 per
2321 779 2461 817 trinam

1397 826 1763 874 crucesignationem
1782 840 1881 877 quae
1901 829 1944 865 fit
1963 842 2078 879 super
2092 830 2161 867 illis
2176 832 2312 878 verbis,
2328 845 2461 882 corpus

1397 885 1430 916 et
1452 881 1674 929 sanguinem
1701 883 1974 930 sumpserimus,
1996 886 2100 920 omni
2125 885 2372 922 benedictione
2390 894 2459 923 etc.

1451 933 1577 977 Sexto,
1603 941 1907 982 repraesentatur
1933 935 2066 984 triplex
2086 937 2206 974 oratio
2230 950 2349 986 quam
2376 939 2461 976 fecit

1397 984 1436 1021 in
1465 996 1595 1022 cruce:
1625 998 1746 1023 unam
1773 999 1844 1035 pro
1872 989 2200 1036 persecutoribus,
2231 1003 2321 1027 cum
2350 991 2458 1039 dixit,

1396 1039 1518 1084 Pater,
1549 1040 1700 1088 ignosce
1727 1039 1816 1084 illis,·
1848 1041 2057 1078 secundam
2085 1054 2156 1091 pro
2189 1043 2410 1081 liberatione
2438 1057 2461 1081 a

1396 1099 1531 1137 morte,
1553 1103 1644 1128 cum
1671 1092 1774 1139 dixit,
1795 1094 1907 1139 Deus,
1928 1095 2028 1131 Deus
2053 1107 2167 1141 meus,
2188 1102 2225 1132 ut
2244 1098 2332 1146 quid
2357 1098 2459 1134 dere-

1396 1144 1530 1192 liquisti
1547 1145 1635 1181 me?
1662 1145 1768 1182 tertia
1787 1146 1948 1194 pertinet
1967 1147 2014 1184 ad
2043 1148 2288 1197 adeptionem
2307 1150 2458 1197 gloriae,

1396 1208 1487 1233 cum
1515 1197 1618 1244 dixit,
1638 1199 1760 1243 Pater,
1782 1200 1818 1235 in
1847 1212 1981 1236 manus
2007 1206 2088 1237 tuas
2115 1203 2332 1240 commendo
2353 1205 2460 1252 spiri-

1395 1256 1472 1286 tum
1491 1263 1626 1287 meum.
1647 1251 1695 1287 Et
1714 1251 1763 1287 ad
1782 1251 1857 1288 hoc
1876 1252 2181 1300 significandum,
2201 1254 2244 1291 fit
2262 1255 2359 1292 trina
2378 1268 2460 1293 cru-

1395 1302 1598 1350 cesignatio
1637 1316 1752 1352 super
1779 1304 1840 1341 illa
1868 1306 2002 1353 verba,
2031 1309 2249 1355 sanctificas,
2276 1310 2352 1345 vivi
2378 1321 2458 1356 cas,

1395 1357 1588 1402 benedicis,
1618 1365 1686 1393 etc.

1451 1409 1635 1458 Septimo,
1651 1418 1983 1459 repraesentantur
2005 1419 2079 1448 tres
2099 1413 2216 1449 horae
2236 1413 2376 1462 quibus
2395 1427 2460 1463 pe-

1360 1497 1363 1500 .
1395 1462 1529 1510 pendit
1557 1462 1596 1498 in
1624 1475 1758 1507 cruce,
1788 1463 1927 1500 scilicet
1954 1476 1975 1500 a
2004 1473 2107 1502 sexta
2136 1466 2231 1502 hora
2259 1479 2382 1515 usque
2411 1468 2460 1504 ad

1396 1526 1554 1551 nonam.
1585 1516 1633 1551 Et
1653 1516 1702 1552 ad
1722 1516 1798 1553 hoc
1817 1516 2123 1563 significandum,
2144 1518 2187 1554 fit
2206 1518 2343 1555 iterum
2362 1519 2460 1557 trina

1397 1567 1671 1615 crucesignatio
1689 1568 1738 1604 ad
1757 1568 1818 1605 illa
1836 1570 1966 1616 verba,
1977 1582 2049 1618 per
2068 1573 2197 1619 ipsum,
2215 1577 2247 1607 et
2265 1584 2349 1608 cum
2369 1575 2459 1620 ipso,

1396 1626 1429 1656 et
1457 1622 1493 1656 in
1524 1625 1613 1669 ipso.

1452 1674 1601 1710 Octavo
1639 1681 1788 1720 autem,
1822 1683 2126 1722 repraesentatur
2161 1677 2347 1725 separatio
2384 1678 2461 1714 ani-

1397 1738 1484 1762 mae
1518 1738 1540 1762 a
1568 1738 1748 1775 corpore,
1778 1738 1847 1775 per
1883 1727 1979 1764 duas
2016 1740 2148 1766 cruces
2184 1730 2461 1778 subsequentes

1397 1786 1501 1815 extra
1529 1779 1686 1815 calicem
1714 1780 1841 1816 factas.

1449 1832 1568 1868 Nono
1597 1839 1738 1878 autem,
1768 1841 2073 1881 repraesentatur
2100 1835 2325 1872 resurrectio
2353 1837 2462 1873 tertia

1397 1884 1458 1921 die
1478 1885 1585 1930 facta,
1606 1897 1676 1933 per
1693 1892 1768 1921 tres
1788 1897 1920 1922 cruces
1939 1898 2038 1935 quae
2065 1886 2164 1924 fiunt
2182 1888 2231 1924 ad
2251 1888 2312 1925 illa
2330 1889 2459 1937 verba,

1395 1939 1482 1974 Pax
1507 1939 1665 1974 Domini
1689 1939 1734 1974 sit
1759 1950 1906 1987 semper
1931 1941 2131 1976 vobiscum.

1450 1991 1578 2027 Potest
1614 1997 1744 2027 autem
1779 1990 1934 2028 brevius
1967 1992 2041 2028 dici
2079 1993 2186 2042 quod
2225 1995 2462 2031 consecratio

1397 2043 1513 2080 huius
1541 2043 1779 2090 sacramenti,
1801 2051 1837 2079 et
1856 2045 2025 2094 acceptio
2054 2045 2238 2092 sacrificii,
2259 2054 2294 2083 et
2316 2047 2460 2084 fructus

1397 2096 1491 2143 eius,
1521 2095 1693 2146 propedit
1720 2108 1767 2132 ex
1793 2095 1931 2133 virtute
1960 2097 2082 2134 crucis
2111 2098 2262 2136 Christi.
2291 2101 2340 2136 Et
2358 2100 2458 2148 ideo,

1396 2149 1635 2198 ubicumque
1663 2148 1707 2185 fit
1733 2149 1878 2185 mentio
1906 2149 1954 2186 de
1983 2150 2112 2199 aliquo
2144 2153 2309 2199 horum,
2339 2165 2460 2190 sacer-

1397 2202 1467 2239 dos
1495 2201 1820 2249 crucesignatione
1848 2202 1976 2240 utitur.

1449 2256 1506 2292 Ao
1533 2267 1705 2298 QUARTUM
1733 2267 1914 2292 DmENDUM
1934 2256 2041 2305 quod
2061 2257 2238 2294 sacerdos
2256 2266 2344 2307 post
2369 2271 2460 2296 con-

1397 2308 1649 2345 secrationem
1677 2320 1757 2345 non
1785 2308 1902 2345 utitur
1929 2310 2253 2358 crucesignatione
2273 2311 2322 2348 ad
2345 2312 2460 2348 bene-

1397 2361 1606 2398 dicendum
1626 2369 1662 2398 et
1680 2362 2005 2399 consecrandum:
2036 2363 2103 2400 sed
2131 2365 2259 2400 solum
2286 2365 2334 2401 ad
2354 2377 2460 2401 com-

1396 2415 1698 2452 memorandum
1733 2414 1914 2452 virtutem
1949 2415 2071 2452 crucis
2103 2424 2140 2452 et
2174 2417 2338 2453 modum
2374 2430 2460 2466 pas-

1396 2468 1514 2505 sionis
1544 2467 1694 2515 Christi,
1724 2475 1766 2504 ut
1794 2480 1839 2504 ex
1867 2467 1975 2505 dictis
1993 2467 2014 2490 '¹‘
2040 2476 2154 2518 patet.

1448 2522 1506 2557 An
1540 2533 1700 2563 QUINTUM
1728 2532 1911 2558 DICENDUM
1946 2522 2054 2569 quod
2082 2534 2126 2558 ea
2154 2534 2253 2571 quae
2282 2523 2460 2560 sacerdos

1396 2574 1435 2611 in
1463 2573 1580 2610 missa
1606 2573 1703 2619 facit,
1733 2585 1814 2610 non
1842 2581 1930 2611 sunt
1957 2573 2184 2611 ridiculosae
2211 2575 2461 2622 gesticulatio-

1395 2639 1484 2664 nes:
1526 2626 1626 2663 fiunt
1663 2626 1767 2663 enim
1805 2626 1854 2663 ad
1895 2626 2039 2676 aliquid
2080 2629 2458 2676 repraesentandum.

1396 2680 1516 2727 Quod
1545 2677 1648 2716 enim
1677 2679 1856 2716 sacerdos
1883 2680 2040 2717 brachia
2067 2680 2234 2717 extendit
2260 2689 2348 2730 post
2368 2694 2459 2718 con-

1396 2732 1668 2779 secrationem,
1698 2731 1884 2780 significat
1911 2733 2174 2770 extensionem
2210 2734 2460 2772 brachiorum

1397 2785 1537 2823 Christi
1565 2785 1604 2822 in
1632 2797 1757 2822 cruce.

1448 2840 1570 2875 Levat
1598 2838 1713 2875 etiam
1740 2850 1880 2875 manus
1913 2838 2072 2884 orando,
2102 2839 2150 2875 ad
2179 2839 2459 2887 designandum

1395 2892 1502 2941 quod
1522 2891 1643 2928 oratio
1664 2890 1746 2927 eius
1767 2902 1839 2940 pro
1858 2893 2005 2940 populo
2030 2890 2199 2938 dirigitur
2231 2892 2279 2928 ad
2307 2893 2456 2930 Deum:

1395 2944 1611 2982 secundum
1630 2943 1723 2980 illud
1745 2945 1781 2981 T
1777 2945 1879 2980 hren.
1896 2956 1928 2980 111
1942 2944 1979 2980 *ς
2001 2945 2181 2981 Levemus
2199 2945 2314 2981 corda
2333 2951 2459 2982 nostra

1395 3010 1479 3035 cum
1498 2998 1669 3034 manibus
1687 2996 1738 3033 ad
1754 2997 1876 3033 Deum
1902 2998 1938 3033 in
1958 2997 2113 3034 caelum.
2143 2998 2192 3033 Et
2209 2998 2330 3034 Exod.
2350 3010 2420 3035 xvn
2438 2998 2459 3020 *

1395 3050 1532 3088 dicitur
1550 3049 1669 3098 quod,
1690 3061 1774 3086 cum
1793 3050 1931 3087 levaret
1949 3051 2106 3098 Moyses
2127 3062 2271 3096 manus,
2291 3052 2459 3088 vincebat

1395 3103 1525 3140 Israel.
1777 3133 1785 3136 .

1450 3155 1569 3202 Quod
1597 3162 1727 3203 autem
1754 3166 1894 3192 manus
1922 3154 2115 3192 interdum
2140 3155 2270 3203 iungit,
2291 3164 2327 3192 et
2354 3155 2458 3193 incli-

1396 3217 1461 3246 nat
1488 3221 1539 3255 se,
1569 3207 1789 3257 suppliciter
1815 3216 1852 3244 et
1879 3207 2074 3244 humiliter
2101 3220 2216 3245 orans
2235 3215 2265 3256 ⁹,
2287 3208 2459 3257 designat

1449 3321 1476 3355 κ)
1496 3323 1528 3347 de
1546 3322 1652 3351 Anima,
1672 3322 1770 3347 omnia.
1789 3336 1808 3340 -
1827 3322 1859 3346 de
1876 3322 1974 3346 Anima
1993 3321 2128 3354 CDEHpG
2148 3326 2173 3346 et
2190 3321 2247 3351 abc,
2266 3322 2303 3346 d?
2323 3322 2413 3346 omnia
2430 3322 2459 3346 F.

1449 3357 1478 3391 λ)
1497 3365 1514 3382 a
1535 3358 1601 3383 Deo.
1619 3372 1639 3376 -
1658 3358 1709 3382 PFl
1729 3362 1754 3382 et
1772 3357 1868 3382 recenti
1887 3365 1965 3381 manu
1984 3357 2018 3387 133
2037 3364 2091 3381 om.

1450 3393 1478 3426 μ)
1498 3397 1523 3418 et
1546 3393 1647 3418 Christi
1664 3393 1773 3418 venditi.
1785 3392 1835 3416 -F
1855 3398 1880 3417 et
1892 3392 1976 3423 tertia3
1996 3395 2022 3417 et
2040 3391 2142 3416 venditi
2159 3393 2253 3417 recenti
2272 3400 2351 3417 manu
2364 3393 2393 3421 B,
2405 3399 2459 3416 om.

1398 3434 1648 3523 ceteJ;.suppli‘iiter
1666 3467 1692 3488 et
1711 3463 1846 3488 humiliter
1873 3470 1962 3488 orans.
1989 3477 2009 3482 -
2035 3465 2074 3487 est
2100 3462 2255 3495 suppliciter
2277 3466 2303 3488 et
2325 3462 2460 3487 humiliter

1397 3499 1502 3525 orantis
1521 3503 1548 3524 et
1567 3500 1585 3524 Ρ
1600 3518 1605 3525 .

2286 3550 2318 3575 36

2487 2475 2498 2485 '
2511 2474 2580 2502 Resp.
2594 2474 2623 2495 ad
2638 2480 2659 2503 3.

2484 2953 2495 2964 ·
2508 2952 2577 2975 Ver..
2590 2960 2628 2979 4¹.

2485 3007 2495 3017 ·
2510 3005 2577 3028 Vers.
2592 3012 2624 3028 ιι.
