2918 4088
149 2404 159 2413 ·
169 2401 220 2423 Vid.
228 2401 359 2425 comment.

149 2428 220 2450 Caiet.
228 2432 281 2456 post
291 2432 332 2451 art.
341 2436 359 2456 1,

148 2461 212 2476 nurn.
228 2461 252 2477 ιι,

147 2562 157 2571 ·
173 2559 238 2582 vers.
253 2559 289 2582 ²8.

149 2665 158 2675 ·
172 2664 242 2691 Apud
261 2663 345 2686 Lomb.

149 2872 159 2881 *¹
181 2869 346 2901 Pseudo-Aug.
353 2886 358 2896 ‚

205 2898 299 2924 ognost.
318 2897 358 2918 hb.

149 2896 254 2950 {liftpcap-
269 2929 299 2945 rx.

151 3141 162 3151 ·
176 3139 242 3161 Vers.
256 3146 276 3167 5.

153 3195 162 3205 ·
169 3194 266 3222 Cf.Aug.
273 3193 362 3216 decen.

154 3220 186 3241 aa
206 3221 262 3247 tm„
285 3221 323 3242 ub.
345 3222 362 3247 1,

153 3253 204 3274 cap.
219 3253 270 3268 xvu.

1036 136 1298 183 QUAESTIO
1328 136 1540 182 LXXXIX,
1571 133 1862 171 ARTICULUS
1891 134 1920 171 ΙΙ

1063 269 1399 301 commentar-ia
1423 266 1675 298 Cal-dinalis
1698 265 1898 297 Caieta-ani

420 370 438 389 Ν
456 360 642 399 quaestione
659 359 942 399 octogesimanona
958 364 1095 399 quatuor
1111 357 1250 388 notanda
1267 360 1449 387 occurrunt.

390 371 561 434 IPrimum
593 404 626 433 in
655 403 788 433 articulo
820 404 941 443 primo,
967 403 1006 432 ad
1029 401 1222 435 secundum,
1253 401 1308 430 ubi
1337 399 1450 429 dicitur

390 448 479 487 quod
509 448 660 478 contritio
684 457 718 477 se
740 447 833 477 habet
856 453 891 477 ut
915 447 1026 476 ultima
1051 445 1217 485 dispositio
1242 444 1284 474 ad
1306 443 1450 484 gratiam

389 492 654 532 consequendam.
687 490 860 521 Sciendum
891 498 936 520 est
960 490 1044 519 enim
1069 489 1236 528 dupliciter
1267 487 1349 517 sumi
1373 497 1451 517 con-

389 537 569 566 tritionem:
594 536 644 565 vel
668 545 726 575 pro
750 536 820 574 ipso
845 540 917 563 actu
940 533 1046 568 nudo;
1070 532 1120 562 vel
1143 541 1202 571 pro
1227 532 1296 570 ipso
1314 537 1386 561 actu
1403 531 1450 560 in-

389 579 527 610 formato
544 580 680 610 caritate.
697 578 857 608 Perfectus
874 576 1030 616 siquidem
1043 575 1136 605 dolor
1152 575 1191 606 de
1207 576 1344 615 peccatis
1362 585 1451 605 com-

389 624 502 659 missis,
527 633 601 654 eum
625 623 788 652 voluntate
812 619 1031 655 satisfaciendi,
1049 625 1120 655 etc„
1145 620 1294 649 contritio
1320 619 1450 649 dicitur:

389 666 526 698 formata
548 666 689 707 quidem,
714 666 738 695 si
762 666 887 695 caritate
911 664 1022 694 vestita
1045 663 1281 699 consideretur;
1305 664 1451 694 absolute

389 721 476 747 vero,
502 712 526 741 si
550 710 636 741 nuda
659 715 810 740 sumatur.
830 708 870 737 Et
894 708 937 737 sic
961 707 1046 737 nude
1071 707 1282 738 consideravit
1298 718 1368 738 earn
1385 708 1451 738 Au-

391 762 460 785 ctor
483 765 557 785 cum
582 754 657 784 dixit
673 752 762 793 quod
778 757 823 782 est
839 751 951 781 ultima
967 751 1134 791 dispositio
1151 751 1190 782 ad
1206 753 1348 792 gratiam.
1374 752 1452 782 For-

390 805 474 829 mata
497 804 604 829 autem
626 798 750 827 caritate
775 795 992 826 consideratur
1008 805 1082 826 cum
1099 795 1285 827 describitur
1301 796 1391 836 quod
1407 802 1453 827 est

390 843 487 873 dolor
509 843 645 873 caritate
668 841 874 882 informatus.
1391 865 1395 869 ,

445 887 481 917 II.
506 885 690 917 Secundum
719 883 898 914 notandum
929 889 975 913 est
1005 885 1038 914 in
1068 884 1211 915 secundo
1236 885 1389 920 articulo,
1418 886 1452 915 in

390 931 476 961 calce
500 930 652 969 corporis,
677 929 732 958 ubi
756 927 885 958 dicitur:
910 928 955 958 Et
977 928 1087 959 eadem
1111 929 1196 960 ratio
1221 934 1268 960 est
1290 929 1329 959 de
1352 930 1453 960 virtu-

389 975 480 1010 tibus,
505 983 587 1014 quae
610 983 651 1003 ex
672 972 783 1013 gratia
807 978 1057 1013 consequuntur.
1082 973 1190 1003 Potest
1213 973 1373 1013 siquidem
1389 974 1451 1004 hoc

389 1018 557 1057 dupliciter
579 1016 729 1056 intelligi:
755 1016 805 1046 vel
827 1015 995 1047 referendo
1020 1017 1159 1057 singulas
1176 1018 1306 1048 virtutes
1330 1017 1369 1047 ad
1388 1019 1451 1048 sin-

388 1062 476 1101 gulas
503 1071 562 1100 pro
587 1061 630 1090 eis
658 1060 883 1099 dispositiones
913 1061 946 1090 in
978 1067 1179 1101 resurgente;
1211 1062 1260 1091 vel
1284 1061 1451 1092 referendo

389 1106 597 1145 quantitatem
626 1105 780 1134 virtutum
808 1103 847 1134 ad
875 1105 1084 1144 quantitatem
1115 1106 1242 1145 gratiae.
1278 1106 1318 1135 Et
1346 1107 1450 1145 primo

389 1149 518 1189 quidem
542 1148 704 1178 intellectu
729 1158 839 1178 sensus
863 1154 945 1178 esset
975 1149 1064 1188 quod
1087 1159 1253 1189 resurgens
1276 1159 1294 1179 a
1317 1156 1450 1189 peccato

387 1198 552 1232 recuperat
575 1193 715 1232 aliquam
738 1192 877 1223 infusam
900 1193 1050 1223 virtutem
1073 1194 1228 1224 maiorem
1257 1199 1287 1223 et
1310 1194 1451 1234 aliquam

387 1238 555 1272 minorem,
580 1237 605 1266 si
629 1236 669 1266 ad
692 1246 789 1266 unam
813 1237 913 1276 magis
937 1247 970 1267 se
994 1236 1151 1277 disposuit
1174 1247 1271 1277 quam
1291 1238 1330 1268 ad
1346 1239 1451 1275 aliam,

387 1282 467 1311 sicut
491 1286 656 1320 recuperat
671 1281 802 1320 gratiam
818 1281 974 1311 maiorem
990 1281 1040 1311 vel
1056 1283 1215 1312 minorem
1240 1288 1336 1321 prout
1351 1284 1451 1322 magis

386 1326 436 1355 vel
459 1326 566 1355 minus
594 1334 627 1355 se
652 1324 791 1364 disponit
821 1325 861 1355 ad
887 1324 984 1355 illam.
1009 1344 1031 1347 —
1054 1326 1143 1355 quta
1172 1326 1351 1356 secundum
1374 1337 1451 1357 vero

386 1369 600 1405 intellectum,
625 1379 735 1399 sensus
760 1374 841 1399 esset
864 1368 954 1409 quod
977 1379 1168 1409 recuperans
1191 1371 1323 1410 gratiam
1346 1372 1451 1401 mino·
1477 1369 1478 1387 ³

386 1423 454 1444 rem
476 1419 643 1453 recuperat
666 1413 761 1445 etiam
783 1414 914 1444 virtutes
930 1414 1088 1450 minores;
1115 1419 1145 1444 et
1161 1415 1187 1444 si
1202 1421 1368 1454 recuperat
1383 1425 1451 1455 gra-

386 1458 463 1488 tiam
486 1457 654 1497 aequalem
678 1456 869 1497 deperditae,
886 1462 1053 1498 recuperat
1077 1458 1172 1488 etiam
1188 1459 1319 1489 virtutes
1335 1469 1452 1500 aequa-

386 1501 449 1538 les;
474 1507 505 1532 et
528 1502 553 1531 si
577 1502 742 1537 maiorem,
766 1503 914 1533 maiores.

441 1545 608 1585 Quidquid
632 1550 740 1576 autem
773 1545 811 1576 de
834 1547 964 1577 veritate
991 1547 1085 1586 primi
1109 1545 1183 1577 dicti
1215 1547 1394 1579 secundum
1417 1558 1451 1579 se

387 1590 435 1626 sit,
452 1590 610 1629 praesenti
625 1595 733 1620 tamen
748 1590 869 1621 litterae
885 1590 1045 1621 secundus
1057 1591 1144 1621 solus
1157 1601 1267 1622 sensus
1284 1598 1451 1623 consonat.

388 1634 553 1672 Quoniam
582 1635 615 1664 in
639 1634 742 1664 littera
764 1634 905 1665 redditur
927 1635 1007 1665 ratio
1038 1645 1136 1675 quare
1167 1641 1213 1666 est
1237 1636 1348 1667 eadem
1372 1638 1450 1668 ratio

388 1677 427 1709 de
449 1678 549 1717 gratia
572 1683 603 1708 et
625 1678 803 1709 virtutibus.
828 1679 869 1710 Et
891 1679 971 1710 ratio
996 1689 1079 1719 quae
1094 1679 1236 1710 redditur
1259 1686 1306 1711 est
1321 1682 1452 1721 sequela

388 1722 542 1752 virtutum
566 1732 603 1752 ex
633 1723 740 1763 gratia.
775 1722 823 1754 Ex
853 1723 916 1754 hoc
949 1724 1035 1754 enim
1069 1723 1159 1764 quod
1181 1725 1312 1755 virtutes
1339 1735 1452 1756 conse-

389 1771 532 1806 quuntur
547 1765 586 1797 ad
601 1767 743 1806 gratiam,
760 1767 880 1806 absque
896 1768 1048 1808 scrupulo
1065 1768 1278 1808 ambiguitatis
1295 1770 1451 1810 cuiusque

388 1810 555 1841 deducitur
586 1810 676 1851 quod
705 1810 744 1840 ad
768 1812 923 1841 maiorem
946 1812 1077 1852 gratiam
1109 1818 1288 1852 sequuntur
1314 1815 1451 1845 maiores

387 1855 529 1890 virtutes,
554 1859 586 1884 et
608 1854 648 1885 ad
671 1855 830 1885 minorem
856 1856 1006 1886 minores.

443 1898 495 1928 111.
520 1898 631 1928 Tertio
655 1898 884 1929 advertendum
908 1905 955 1930 est
977 1900 1010 1930 in
1033 1902 1127 1931 tertio
1151 1901 1299 1938 articulo,
1324 1903 1357 1932 in
1381 1912 1451 1932 cor-

387 1951 481 1982 pore,
506 1943 561 1972 ubi
584 1942 622 1973 de
646 1943 871 1983 irregularitate
901 1944 1067 1975 homicidii
1091 1955 1129 1975 ex
1152 1945 1338 1976 defensione
1363 1956 1452 1977 com-

386 1987 475 2019 missi
498 1987 644 2026 tangitur.
669 1987 939 2027 Distinguendum
954 1988 1113 2028 siquidem
1130 1995 1177 2019 est
1200 1989 1238 2020 de
1255 1990 1451 2022 defensione.

1503 354 1586 384 Nam
1611 354 1769 394 quaedam
1793 360 1839 385 est
1861 355 2053 386 necessitans
2077 355 2116 385 ad
2139 355 2366 386 homicidium:
2392 365 2466 386 cum
2497 356 2568 396 quis

1504 398 1623 428 scilicet
1645 408 1713 428 non
1736 404 1842 438 potest
1864 399 2011 434 totaliter,
2029 408 2062 429 se
2079 399 2292 434 defendendo,
2317 409 2411 430 suum
2436 399 2568 430 evadere

1503 443 1694 478 invasorem,
1714 444 1775 473 nisi
1798 442 1923 473 occidat
1945 443 2047 473 illum.
2071 444 2112 474 Et
2134 444 2213 474 haec
2229 453 2296 474 non
2312 443 2434 474 inducit
2449 445 2568 484 irregu-

1504 486 1675 522 laritatem,
1707 496 1764 527 per
1786 496 1871 516 nova
1894 487 1978 523 iura,
2009 486 2138 517 condita
2161 487 2280 517 scilicet
2306 493 2380 527 post
2402 489 2569 519 transitum

1505 531 1588 560 beati
1612 531 1778 561 Thomae:
1810 536 1845 560 ut
1869 537 1956 570 patet
1979 532 2011 561 in
2036 531 2132 562 Sexto
2149 532 2182 567 θ’,
2207 530 2246 562 de
2268 531 2473 568 Homicidia,
2498 541 2567 572 cap.

1505 575 1613 606 unico.
1637 593 1660 598 —
1683 574 1835 606 Defensio
1867 581 1975 605 autem
2003 585 2070 605 non
2101 585 2217 615 urgens
2240 575 2280 605 ad
2302 575 2515 606 homicidium
2539 582 2570 606 et

1505 619 1583 649 olim
1608 625 1639 649 et
1662 629 1748 649 nunc
1772 619 1976 659 irregularem
2000 621 2174 650 constituit.
2200 620 2240 650 Et
2259 619 2298 650 de
2314 620 2373 650 hac
2392 625 2495 650 textus
2511 621 2569 651 iste

1506 663 1729 703 intelligendus
1754 669 1809 694 est.

1560 707 1612 737 IV.
1635 707 1758 745 Quarto
1783 707 2011 738 advertendum
2034 713 2090 744 est,
2107 709 2139 738 in
2157 709 2272 748 quinto
2288 708 2433 744 articulo,
2450 709 2483 738 in
2500 717 2570 738 cor-

1505 761 1583 791 pore
1607 753 1718 782 iuncto
1743 761 1817 782 cum
1841 753 2051 792 responsione
2075 752 2115 782 ad
2138 753 2277 789 tertium,
2302 752 2392 792 quod
2415 751 2501 783 aliud
2524 758 2571 783 est

1505 796 1597 836 loqui
1620 796 1659 827 de
1684 806 1781 836 opere
1804 797 1986 828 meritorio:
2011 802 2042 827 et
2060 796 2147 828 aliud
2163 802 2209 827 est
2231 797 2323 837 loqui
2339 797 2378 828 de
2395 797 2571 837 quantitate

1506 841 1611 881 operis
1631 841 1795 871 meritorii.
1817 840 1902 871 Cum
1919 842 2005 871 enim
2021 840 2210 871 mortificata
2225 841 2427 878 reviviscunt,
2445 850 2571 881 semper

1505 885 1615 921 omnia
1631 894 1729 925 opera
1743 885 1905 915 meritoria
1929 895 2011 925 quae
2035 885 2224 916 mortificata
2248 891 2336 916 erant
2359 885 2568 916 reviviscunt:

1506 930 1661 969 quoniam
1683 930 1734 959 isti
1749 930 1782 960 in
1799 939 1865 969 quo
1889 930 2081 960 reviviscunt
2105 930 2210 960 debita
2234 936 2280 960 est
2302 930 2366 960 vita
2390 935 2516 962 aeterna
2532 939 2570 960 ex

1504 974 1535 1004 vi
1555 973 1685 1003 illorum
1708 974 1852 1013 priorum
1877 983 2023 1014 operum,
2049 980 2079 1004 et
2098 984 2167 1004 non
2190 974 2296 1005 solum
2321 984 2358 1004 ex
2374 975 2406 1004 vi
2421 983 2570 1014 praesen-

1505 1018 1587 1047 tium
1608 1027 1761 1057 operum;
1785 1018 1828 1047 ita
1845 1017 1933 1057 quod
1951 1018 2014 1048 hoc
2039 1023 2189 1058 operatur
2211 1019 2408 1054 reviviscere,
2426 1017 2516 1058 quod
2532 1027 2570 1048 ex

1505 1062 1649 1101 pluribus
1679 1062 1835 1101 capitibus
1866 1062 1999 1092 debetur
2026 1062 2102 1092 huic
2130 1063 2193 1092 vita
2220 1068 2363 1098 aetema‚
2388 1062 2509 1092 scilicet
2532 1072 2570 1092 ex

1505 1106 1624 1135 meritis
1648 1106 1807 1145 prioribus
1824 1111 1854 1135 et
1870 1116 1908 1135 ex
1927 1107 2047 1136 meritis
2067 1107 2306 1145 posterioribus.
2332 1106 2395 1137 Sed
2411 1106 2570 1146 quantitas

1504 1150 1610 1189 operis
1626 1150 1779 1179 meritorii
1795 1159 1862 1179 non
1879 1159 2006 1189 semper
2021 1151 2179 1180 reviviscit
2194 1150 2393 1190 simpliciter,
2414 1151 2570 1190 quoniam

1503 1203 1571 1223 non
1595 1203 1721 1233 semper
1744 1199 1911 1233 recuperat
1933 1195 2096 1233 propriam
2120 1193 2304 1229 efficaciam,
2330 1203 2412 1234 quae
2430 1200 2476 1224 est
2498 1203 2570 1234 per-

1506 1237 1622 1268 ducere
1645 1238 1733 1267 hunc
1756 1237 1796 1267 ad
1818 1243 1943 1268 tantum
1966 1237 2100 1277 gradum
2123 1238 2326 1268 beatitudinis
2350 1243 2509 1268 aeternae:
2534 1244 2571 1268 ut

1505 1287 1592 1322 patet
1614 1283 1647 1312 in
1671 1291 1710 1312 eo
1736 1282 1791 1321 qui
1815 1282 1948 1321 resurgit
1971 1283 2003 1311 in
2027 1282 2144 1312 minori
2166 1283 2273 1322 gratia,
2297 1283 2340 1312 ita
2364 1282 2454 1322 quod
2469 1283 2502 1312 in
2517 1282 2572 1313 illa

1505 1327 1630 1356 minore
1655 1325 1795 1361 decedit;
1827 1326 1896 1356 talis
1921 1326 2007 1356 enim
2030 1336 2198 1366 nunquam
2222 1326 2386 1366 perveniet
2417 1326 2456 1357 ad
2479 1326 2571 1357 illum

1505 1369 1708 1401 beatitudinis
1726 1369 1861 1410 gradum
1877 1379 1975 1410 quem
1992 1371 2150 1410 quantitas
2166 1371 2280 1410 prioris
2298 1371 2402 1401 meriti
2427 1370 2571 1401 debitum

1505 1415 1564 1445 sibi
1587 1414 1714 1445 fecerat.
1739 1414 1780 1444 Et
1802 1415 1836 1444 in
1859 1420 2013 1454 promptu
2029 1424 2123 1445 causa
2138 1415 2234 1445 huius
2249 1415 2571 1446 non—reviviscentiae

1506 1465 1552 1490 est
1575 1460 1643 1499 ipsa
1666 1459 1858 1499 resurgentis
1877 1458 2091 1498 indispositio.
2116 1459 2205 1490 Sicut
2221 1460 2316 1496 enim,
2341 1460 2366 1489 si
2385 1469 2452 1490 non
2467 1469 2571 1490 resur-

1505 1504 1634 1534 rexisset
1657 1513 1675 1534 a
1698 1508 1842 1543 peccato,
1867 1503 2058 1534 mortificata
2080 1504 2192 1534 merita
2214 1514 2281 1535 non
2300 1504 2359 1534 sibi
2375 1504 2570 1541 revixissent,

1506 1549 1581 1588 quia
1595 1553 1765 1588 peccatum
1777 1548 1945 1588 proprium
1957 1547 2173 1588 impedivisset
2185 1549 2374 1579 meritorum
2385 1548 2571 1585 efficaciam;

1505 1593 1557 1629 ita,
1581 1592 1777 1632 resurgendo
1802 1602 1819 1622 a
1841 1597 1993 1632 peccato,
2019 1601 2094 1622 cum
2117 1593 2241 1623 minore
2264 1598 2371 1624 tamen
2395 1593 2507 1633 gratia,
2533 1603 2571 1625 ex

1505 1638 1567 1667 hoc
1586 1638 1658 1677 ipso
1677 1635 1884 1676 indispositus
1901 1642 1947 1666 est
1970 1636 2010 1666 ad
2025 1636 2265 1676 suscipiendum
2281 1635 2423 1667 fructum
2441 1637 2571 1668 maioris

1505 1682 1624 1712 meriti:
1650 1682 1718 1721 ipse
1743 1681 1828 1711 enim
1852 1681 1959 1711 minor
1982 1686 2116 1711 conatus
2131 1681 2322 1721 resurgentis
2347 1686 2378 1711 et
2393 1681 2434 1712 ad
2448 1682 2572 1712 maiora

1505 1735 1572 1756 non
1595 1724 1827 1765 progredientis
1850 1724 2119 1765 impedimentum
2137 1730 2274 1765 praestat
2294 1725 2453 1756 efficaciae
2469 1735 2572 1766 quan-

1505 1770 1600 1800 titatis
1623 1770 1732 1809 magni
1754 1769 1859 1799 meriti
1881 1769 2109 1810 praecedentis,
2135 1775 2166 1800 et
2188 1769 2263 1800 facit
2285 1775 2321 1801 ut
2344 1770 2503 1810 quantitas
2517 1770 2572 1803 illa

1504 1824 1573 1845 non
1596 1815 1760 1844 reviviscat
1776 1814 1835 1843 sibi
1851 1813 2036 1853 simpliciter
2052 1819 2083 1844 et
2099 1814 2253 1844 absolute.
2278 1813 2364 1844 Cum
2381 1823 2448 1854 quo
2463 1819 2571 1847 tamen

1505 1864 1565 1889 stat
1597 1857 1686 1898 quod
1718 1858 1876 1888 reviviscit
1898 1858 1942 1888 illi
1966 1857 2145 1889 secundum
2169 1857 2265 1898 quid,
2300 1858 2363 1889 hoc
2387 1863 2434 1889 est
2463 1858 2572 1899 quoad

1505 1902 1659 1942 gaudium
1683 1901 1893 1932 accidentale:
1919 1902 2003 1942 quia,
2028 1907 2064 1932 ut
2087 1902 2121 1932 in
2136 1901 2238 1932 littera
2254 1901 2378 1938 dicitur,
2402 1902 2475 1942 plus
2488 1912 2572 1943 gau-

1506 1947 1593 1977 debit
1615 1946 1655 1976 de
1670 1946 1792 1976 maiore
1814 1946 1929 1976 merito
1945 1945 2156 1986 praecedente
2172 1955 2270 1986 quam
2286 1945 2326 1976 de
2341 1947 2466 1978 minore
2483 1946 2573 1987 quod

1506 1991 1714 2022 subsecutum
1737 1995 1794 2020 est.

2596 540 2606 550 ⁶
2611 539 2810 568 Clementin.,cnp‚

2600 566 2627 587 Si
2633 565 2755 594 furiosus.

1154 2145 1473 2189 ARTICULUS
1503 2145 1805 2189 SECUNDUS

696 2234 853 2267 UTRUM
877 2236 988 2268 POST
1011 2237 1345 2270 POENITENTIAM
1369 2239 1602 2272 RESURGAT
1626 2240 1758 2273 HOMO
1783 2240 1826 2272 IN
1849 2241 2044 2279 AEQUALI
2067 2241 2262 2273 VIRTUTE

1222 2317 1253 2341 111
1274 2317 1358 2347 Sent„
1379 2317 1438 2343 dist.
1456 2325 1522 2349 xxxi,
1542 2325 1586 2351 qu.
1604 2325 1623 2348 ι,
1643 2324 1689 2344 nrt.
1708 2325 1735 2350 4.

416 2407 443 2443 ³52
520 2415 570 2446 ῳ
598 2405 620 2430 ι)
631 2405 822 2433 SECUNDUM
833 2406 884 2432 s1c
896 2396 1160 2434 PROCEDITUR*.
1172 2397 1334 2435 Videtur
1344 2397 1451 2447 quod

412 2443 505 2504 §³2¹2-
515 2434 585 2509 {⁵94
598 2453 685 2495 post
703 2447 980 2496 poenitentiam
999 2458 1170 2498 resurgat
1188 2451 1310 2488 homo
1331 2450 1370 2488 in
1389 2463 1451 2489 ae-

459 2505 565 2554 373'52
598 2498 702 2550 quali
738 2500 888 2540 virtute.
936 2501 1036 2539 Dicit
1077 2502 1182 2541 enirn
1219 2505 1449 2554 Apostolus,

405 2551 407 2554 ’
442 2542 708 2590 k‘'KRom.
730 2554 843 2592 V111*:
882 2555 1129 2605 Diligentibus
1163 2558 1286 2594 Deum
1323 2559 1451 2595 omnia

386 2608 637 2652 cooperantur
664 2607 702 2644 in
731 2609 892 2645 honum.-
928 2608 995 2646 ubi
1028 2608 1117 2646 dicit
1152 2610 1289 2648 Glossa
1323 2611 1451 2659 Augu-

386 2655 473 2694 stini
492 2655 512 2677 *
540 2659 647 2706 quod
676 2659 751 2698 hoc
779 2661 878 2699 adeo
911 2674 1051 2700 verum
1079 2670 1134 2700 est
1162 2669 1211 2709 ut,
1239 2665 1272 2700 si
1298 2666 1362 2713 qui
1386 2665 1451 2700 ho-

386 2722 471 2748 rum
499 2709 643 2750 devient
670 2719 703 2750 et
730 2716 949 2762 exorbitent,
977 2717 1049 2753 hoc
1071 2718 1191 2766 ipsum
1210 2718 1311 2754 Deus
1328 2717 1453 2765 faciat

385 2765 436 2800 eis
455 2765 492 2801 in
513 2764 651 2803 honum
664 2769 865 2818 proficere.
886 2768 963 2806 Sed
978 2769 1054 2807 hoc
1067 2782 1148 2807 non
1163 2778 1261 2807 esset
1279 2770 1310 2807 si
1329 2771 1451 2808 homo

386 2826 598 2865 resurgeret
626 2818 665 2856 in
693 2820 835 2858 minori
862 2821 1000 2860 virtute
1022 2828 1050 2860 α.

441 2881 475 2906 2.
506 2871 747 2919 PRAETEREA,
775 2875 1006 2914 Ambrosius
1025 2876 1044 2898 ’¹‘
1072 2875 1162 2914 dicit
1190 2877 1298 2926 quod
1320 2879 1452 2927 poeni-

385 2925 497 2961 tentia
525 2926 665 2974 optima
693 2939 752 2964 res
771 2934 834 2974 est,
863 2941 958 2978 quae
976 2942 1105 2967 omnes
1123 2931 1284 2979 defectus
1303 2937 1453 2969 revocat

387 2977 438 3015 ad
458 2978 679 3027 perfectum.
711 2980 787 3019 Sed
815 2981 892 3019 hoc
919 2995 1000 3021 non
1019 2991 1117 3021 esset
1144 2983 1216 3021 nisi
1235 2983 1394 3022 virtutes
1412 2984 1452 3021 in

388 3029 540 3091 aequali
562 3032 770 3082 quantitate
791 3045 1120 3087 recuperarentur.
1151 3038 1253 3086 Ergo
1272 3049 1343 3087 per
1360 3049 1452 3087 poe-

388 3090 585 3124 nltentiam
614 3099 767 3136 semper
794 3098 1042 3139 recuperatur
1069 3090 1239 3140 aequalis
1266 3090 1398 3128 virtus.

444 3136 478 3175 3.
508 3137 750 3187 PRAETEREA,
780 3153 897 3194 super
924 3143 1017 3181 illud
1050 3143 1261 3191 Genes.1*,
1294 3146 1452 3183 Factum

390 3197 440 3229 est
467 3202 618 3243 vespere
645 3199 679 3233 et
705 3206 817 3233 mane
840 3195 915 3234 dies
934 3209 1040 3243 unus,
1061 3196 1150 3234 dicit
1169 3198 1306 3235 Glossa
1319 3197 1357 3234 *ε
1386 3199 1451 3236 Ve-

389 3245 551 3294 spertina
579 3247 647 3285 lux
673 3255 724 3285 est
760 3261 783 3285 α
813 3261 884 3297 qua
917 3251 996 3298 quis
1024 3251 1169 3287 cecidit:
1205 3252 1385 3289 matutina
1413 3252 1451 3288 in

446 3385 473 3417 α)
492 3386 597 3411 virtute.
610 3399 629 3403 -
643 3386 717 3418 Ergo
736 3385 843 3410 videtur
855 3385 927 3417 quod
939 3383 1080 3416 poenitens
1094 3390 1229 3415 nunquam
1243 3383 1269 3408 in
1290 3383 1388 3408 minori
1400 3383 1455 3408 vir·
1479 3383 1482 3422 ᾗ

392 3423 448 3444 tute
466 3421 583 3453 resurgit
602 3421 670 3445 addit
689 3421 717 3450 F,
738 3421 811 3454 Ergo
830 3421 936 3445 videtur
954 3420 1026 3453 quod
1051 3426 1185 3451 nunquam
1205 3419 1346 3451 poenitens
1365 3426 1454 3443 resur·
1480 3423 1482 3443 Ι

393 3458 442 3487 gat
461 3455 486 3480 in
507 3456 603 3481 minori
622 3457 721 3481 virtute
739 3457 836 3481 addunt
855 3456 894 3481 Pl.

1503 2411 1575 2448 qua
1604 2401 1778 2450 resurgit.
1809 2399 1885 2436 Sed
1915 2400 1980 2436 lux
2002 2399 2189 2437 matutin‘a
2217 2407 2272 2437 est
2300 2399 2425 2439 maior
2452 2413 2574 2451 quam

1504 2451 1731 2501 vespertina.
1763 2453 1864 2500 Ergo
1893 2452 2030 2502 aliquis
2058 2452 2217 2501 resurgit
2240 2453 2279 2490 in
2298 2453 2436 2491 maiori
2455 2454 2574 2503 gratia

1503 2506 1565 2541 vel
1585 2505 1736 2542 caritate
1765 2518 1886 2555 quam
1905 2505 2011 2555 prius
2031 2506 2228 2544 habuerat.
2258 2529 2283 2534 -
2313 2507 2433 2556 Quod
2458 2507 2573 2549 etiam

1503 2557 1657 2595 videtur
1683 2571 1753 2608 per
1781 2558 1819 2596 id
1853 2560 1961 2608 quod
1988 2561 2197 2609 Apostolus
2224 2559 2331 2608 dicit,
2359 2562 2470 2598 Rom.
2490 2573 2514 2599 v
2532 2560 2570 2598 *ε

1507 2613 1581 2649 Ubi
1606 2612 1807 2651 abundavit
1834 2613 2017 2659 delictum,
2046 2613 2361 2663 superabundavit
2379 2620 2413 2652 et
2431 2615 2570 2664 gratia.

2599 2565 2610 2575 ·
2625 2563 2691 2587 νοτε.
2705 2569 2747 2587 ιο,

1557 2665 1632 2702 SED
1653 2677 1809 2711 CONTRA,
1839 2666 1973 2703 caritas
1991 2665 2199 2716 proficiens
2217 2668 2279 2704 vel
2297 2667 2463 2716 perfecta
2490 2679 2572 2706 ma-

1504 2718 1563 2755 ior
1590 2725 1645 2755 est
1677 2731 1797 2768 quam
1826 2719 1959 2756 caritas
1987 2719 2185 2769 incipiens
2229 2720 2306 2758 Sed
2334 2720 2571 2770 quandoque

1503 2771 1639 2820 aliquis
1667 2771 1767 2809 cadit
1789 2784 1812 2809 a
1830 2771 1982 2809 caritate
2002 2772 2240 2822 proficiente,
2260 2773 2420 2823 resurgit
2439 2780 2572 2813 autem

1503 2825 1543 2862 in
1563 2825 1714 2862 caritate
1735 2825 1950 2874 incipiente.
1977 2826 2079 2875 Ergo
2099 2838 2252 2875 semper
2271 2825 2430 2874 resurgit
2447 2826 2570 2864 homo

1504 2878 1542 2915 in
1571 2878 1713 2916 minori
1741 2878 1856 2916 etiarn
1876 2877 1891 2908 β
1918 2878 2069 2917 virtute.
2694 2878 2710 2913 β

1557 2933 1782 2969 ΗΕεΡοΝοΕο
1811 2929 1996 2970 υιεΕΝουΜ
2021 2933 2140 2982 quod,
2170 2932 2267 2971 sicut
2293 2931 2440 2970 dictum
2468 2939 2523 2970 est
2537 2931 2568 2979 *,
2597 2935 2677 2983 {dt-,ff-
2695 2935 2816 2964 ”mm-v

1504 2992 1633 3023 motus
1652 2985 1760 3023 liberi
1779 2985 1922 3023 arbitrii
1941 2985 2008 3035 qui
2027 2994 2083 3023 est
2101 2985 2142 3023 in
2160 2984 2427 3025 iustificatione
2447 2984 2568 3035 impii,

1505 3046 1560 3076 est
1587 3038 1722 3076 ultima
1745 3038 1944 3089 dispositio
1973 3039 2022 3076 ad
2040 3038 2217 3089 gratiam:
2247 3038 2351 3076 unde
2371 3037 2411 3074 in
2429 3038 2573 3077 eodem

1504 3091 1657 3129 instanti
1685 3099 1741 3129 est
1767 3092 1908 3140 gratiae
1941 3092 2083 3130 infusio
2116 3103 2208 3130 cum
2234 3089 2430 3140 praedicto
2459 3098 2571 3130 motu

1504 3144 1612 3183 liberi
1631 3144 1784 3192 arbitrii,
1804 3153 1846 3183 ut
1864 3145 1903 3182 in
1924 3144 2102 3184 Secunda
2129 3145 2240 3183 Parte
2258 3143 2279 3166 *
2297 3143 2474 3181 habitum
2502 3151 2570 3182 est.
2597 3149 2813 3200 :ggffiqu-mu»

1506 3199 1548 3235 In
1576 3210 1656 3247 quo
1676 3198 1836 3247 quidem
1859 3206 1969 3236 motu
1988 3196 2330 3247 comprehenditur
2352 3204 2458 3235 actus
2477 3209 2570 3247 poe-

1506 3251 1694 3299 nitentiae,
1724 3259 1766 3289 ut
1793 3263 1909 3300 supra
1927 3250 1948 3272 '¹‘
1975 3250 2122 3289 dictum
2150 3258 2215 3287 est.
2244 3249 2491 3288 Manifestum
2516 3257 2572 3289 est
2598 3238 2813 3266 ‘Qu-unwan.

2597 3264 2621 3292 ⁶,
2635 3265 2664 3287 nd
2680 3271 2699 3287 ι.

1562 3382 1588 3416 β)
1607 3382 1698 3408 etiam.
1715 3396 1734 3401 -—
1752 3382 1814 3407 Om.
1833 3381 1894 3406 DFa
1913 3385 1939 3406 et
1957 3381 2038 3406 tertia.
