2878 4088
365 251 426 289 Qu.
442 261 491 288 η,
518 256 573 281 art.
596 251 627 287 6,
644 260 707 291 arg.
728 250 791 280 Sed
813 255 897 281 cont.
919 257 964 280 1.:
992 263 1006 276 ‹
1030 249 1145 289 legitur
1167 249 1201 279 in
1226 248 1374 280 Concilio

307 295 687 335 Constantinopolitano:
719 294 916 325 Veneramur
937 294 1111 324 secundum
1135 293 1322 334 Scripturas
1345 297 1376 323 et

305 338 482 371 secundum
507 339 678 370 Canonum
700 344 822 370 statuta
845 344 876 369 et
898 338 1109 379 definitiones,
1131 338 1374 368 Sanctissimum

304 384 465 424 Antiquae
476 384 600 414 Romae
610 384 806 424 Episcopum
815 383 960 423 primum
977 392 1044 413 esse
1059 388 1091 412 et
1105 382 1283 412 maximum
1293 382 1372 422 Epi-

304 438 488 468 scoporum,
501 433 532 458 et
543 433 622 468 post
640 429 742 468 ipsum
756 427 1151 467 Constantinopolitanum
1166 426 1371 467 Episcopum.

360 472 391 503 S.
409 473 564 509 Thomas,
582 472 703 513 Opusc.
720 473 743 510 1,
763 472 887 503 Contra
909 471 1052 502 Errores
1076 471 1287 506 Graecorum,
1309 471 1372 512 pri-

304 526 391 547 mam
420 522 546 547 tantum
570 517 665 547 huius
689 523 812 557 partem
837 516 973 552 exhibet,
990 515 1119 551 scilicet,
1143 515 1370 546 Veneramur...

304 561 481 592 maximum
503 561 749 602 Episcoporum,
767 561 908 601 dicitque
932 569 999 590 esse
1022 560 1056 589 in
1079 568 1204 589 canone
1230 559 1372 590 Concih'i

305 614 496 645 expressam.
520 604 556 635 ln
575 605 656 636 libro
672 606 838 646 Anonymi
857 605 980 635 Contra
999 603 1150 638 Graecos,
1168 603 1206 633 ab
1226 603 1370 634 Uccellio

305 649 401 687 edito,
417 650 541 680 Romae
563 650 656 686 1880,
672 655 761 690 parte
785 649 821 685 ΙΙ,
838 649 877 679 de
895 649 1041 678 Primatu
1061 647 1154 678 Rom.
1170 647 1305 684 Eccles.,
1322 648 1371 678 in-

304 699 391 734 tegre
414 695 459 725 sic
483 693 591 724 datur:
623 695 818 725 Veneramur
839 693 1014 723 secundum
1043 691 1229 732 Scripturas
1252 697 1283 722 et
1307 692 1370 722 Ca-

304 748 426 769 nonum
447 739 662 780 definitiones,
686 737 929 769 Sanctissimum
959 736 1119 777 Antiquae
1147 736 1271 766 Romae
1292 736 1370 776 Epi-

303 792 444 823 scopum,
454 784 600 824 primum
621 782 796 819 Ecclesiae,
814 787 844 812 et
866 781 1043 812 maximum
1070 780 1213 811 omnium
1236 780 1370 821 Episco—

297 837 419 868 porum
426 834 439 864 ,²
462 832 493 858 et
507 832 586 868 post
608 827 710 866 ipsum
731 826 947 858 beatissimum
973 824 1369 865 Constantinopolitanum

302 871 496 912 Episcopum
519 872 633 902 Nouae
654 872 778 902 Romae
793 870 928 901 dicimus
950 869 1067 899 habere
1083 869 1229 900 ordinem
1253 874 1284 900 et
1292 875 1370 910 post

302 915 547 947 Sanctissimum
556 916 776 957 Apostolicum
790 916 965 945 Thronum.
979 914 1074 944 Liber
1085 915 1144 944 iste
1157 923 1175 943 a
1187 914 1368 951 D.Th0ma,

300 960 431 991 iubente
448 960 576 992 Urbano
589 960 642 996 IV,
656 961 852 991 examinatus
865 965 921 990 est.
945 959 1050 988 Prima
1061 959 1140 989 haec
1151 967 1223 998 pars
1236 960 1366 990 nonnisi

302 1010 459 1044 quantum
475 1004 515 1035 ad
529 1014 660 1036 sensum
676 1005 819 1041 habetur,
832 1013 901 1035 can.
914 1013 986 1033 xntv
1001 1003 1083 1033 inter
1101 1012 1240 1034 canones
1256 1013 1369 1034 Lxxxrv

301 1048 637 1086 Nicaeno-Arabicos,
662 1059 760 1090 quem
783 1049 889 1080 videte
914 1053 960 1078 est
983 1047 1069 1088 apud
1093 1048 1206 1083 Mansi,
1231 1047 1268 1084 ΙΙ,
1293 1049 1367 1088 995.

357 1093 505 1125 Secunda
526 1104 608 1135 pars,
625 1103 669 1124 sc.
693 1099 725 1125 et
739 1099 817 1134 post
844 1093 946 1134 ipsum
972 1091 1368 1132 Constantinopolitanum

299 1137 503 1179 Episcopum,
528 1144 574 1170 est
597 1148 636 1169 ex
659 1148 728 1170 can.
750 1148 784 1169 111
807 1137 946 1168 Concilii
965 1135 1317 1176 Constantinopolitani
1342 1137 1364 1168 I.

300 1182 383 1214 Vide
398 1183 511 1220 Mansi,
528 1183 565 1220 11,
584 1183 659 1222 559.
685 1197 700 1211 «ι
722 1181 1103 1221 Constantinopolitanus
1118 1181 1297 1221 Episcopus
1311 1182 1368 1212 ha-

300 1227 373 1258 beat
388 1228 521 1268 priores
535 1227 670 1259 honoris
687 1233 801 1268 partes
817 1232 895 1269 post
908 1227 1091 1257 Romanum
1106 1226 1311 1266 Episcopum,
1329 1236 1367 1257 eo

300 1272 387 1313 quod
408 1273 450 1303 sit
472 1273 542 1313 ipsa
556 1273 653 1303 Nova
667 1273 772 1303 Roma
791 1285 819 1302 ».
844 1272 1046 1307 Iustinianus‚
1068 1271 1206 1301 Novella
1223 1271 1366 1307 CXXXI,

301 1326 373 1358 cap.
381 1318 466 1357 inita
473 1317 567 1348 dicit:
585 1317 755 1348 Sancimus
765 1316 939 1348 secundum
952 1325 1064 1346 earum
1077 1315 1133 1355 (sc.
1146 1314 1366 1356 Synodorum)

301 1362 513 1404 definitiones,
530 1361 773 1392 Sanctissimum
788 1361 934 1392 Senioris
948 1361 1073 1391 Romae
1087 1361 1208 1400 Papam
1224 1360 1367 1400 primum

301 1416 370 1438 esse
393 1407 536 1437 omnium
557 1406 772 1442 sacerdotum,
788 1406 1004 1437 beatissimum
1020 1410 1126 1435 autem
1150 1404 1370 1444 Archiepisco-

295 1461 377 1492 pum
403 1451 730 1492 Constantinopoleos
753 1451 867 1481 Novae
894 1450 1018 1480 Romae
1047 1449 1221 1479 secundum
1251 1448 1386 1480 habere⁴

300 1496 406 1527 locum
425 1501 502 1536 post
523 1495 676 1526 Sanctam
700 1495 919 1535 Apostolicam
942 1493 1054 1524 Sedem
1070 1493 1216 1524 Senioris
1231 1493 1364 1524 Romae.

354 1539 444 1577 1bid.,
467 1550 531 1580 arg.
555 1539 619 1570 Sed
641 1545 725 1571 cont.
754 1549 790 1570 2:
826 1552 840 1566 ‹
866 1539 983 1569 Beatus
1015 1537 1154 1578 Cyrillus
1184 1538 1365 1577 Episcopus

299 1584 532 1616 Alexandrinus
549 1583 643 1615 dicit:
664 1584 708 1615 Ut
722 1584 866 1614 membra
881 1592 1069 1613 maneamus
1084 1582 1117 1612 in
1135 1583 1238 1622 capite
1253 1587 1364 1612 nostro

298 1628 490 1669 Apostolico
503 1629 638 1659 Throno
651 1629 874 1659 Romanorum
886 1626 1091 1662 Pontificum,
1105 1637 1123 1656 a
1138 1636 1205 1666 quo
1218 1631 1366 1657 nostrum

300 1678 348 1704 est
370 1682 522 1714 quaerere
538 1672 617 1712 quid
640 1672 768 1703 credere
784 1677 816 1703 et
838 1671 915 1712 quid
931 1677 1040 1702 tenere
1058 1670 1242 1707 debeamus,
1258 1671 1365 1710 ipsum

298 1722 495 1753 venerantes,
512 1718 620 1757 ipsum
635 1722 783 1757 rogantes
806 1726 882 1756 prae
898 1715 1064 1751 omnibus;
1090 1716 1246 1755 quoniam
1265 1716 1365 1755 ipsius

289 1759 346 1792 est
368 1761 610 1802 reprehendere,
628 1762 796 1801 corrigere,
812 1766 960 1795 statuere,
983 1759 1164 1800 disponere,
1188 1760 1312 1790 solvere
1335 1765 1367 1790 et

298 1805 406 1846 ligare,
422 1805 498 1837 loco
522 1805 606 1836 illius
622 1807 680 1846 qui
701 1806 809 1846 ipsum
829 1804 1024 1836 aedificavit:
1050 1809 1082 1835 et
1103 1805 1184 1842 nulli
1200 1804 1252 1834 alii
1276 1804 1366 1844 quod

298 1859 395 1883 suum
411 1856 458 1881 est
479 1850 624 1890 plenum,
637 1850 692 1880 sed
712 1850 771 1881 sibi
787 1850 848 1882 soli
863 1849 959 1885 dedit,
973 1850 1026 1879 cui
1042 1859 1155 1880 omnes
1171 1849 1239 1879 iure
1256 1848 1365 1880 divino

299 1900 396 1935 caput
417 1894 582 1931 inclinant,
599 1899 631 1925 et
653 1895 803 1935 primates
826 1894 938 1926 mundi
960 1899 1115 1934 tanquam
1137 1894 1199 1934 ipsi
1222 1894 1365 1925 Domino

299 1939 370 1971 Iesu
394 1938 523 1970 Christo
547 1938 704 1970 obediunt
723 1953 750 1969 ».

352 1983 427 2014 Hoc
449 1989 556 2014 totum
571 1984 733 2015 invenitur
748 1984 781 2014 in
805 1983 968 2023 praedicto
985 1982 1151 2022 Anonymi
1174 1982 1272 2012 Libro
1289 1992 1366 2013 con-

298 2033 350 2059 tra
375 2027 527 2064 Graecos,
551 2034 631 2068 part.
649 2029 686 2065 ΙΙ,
710 2028 749 2059 de
771 2028 918 2058 Primatu
941 2027 1035 2058 Rom.
1057 2026 1192 2062 Eccles.,
1219 2026 1367 2068 Cyrillus

298 2072 551 2104 Alexandrinus.

353 2117 389 2148 In
419 2116 589 2157 Opusculo
613 2117 644 2148 S.
662 2116 810 2147 Thomae
836 2115 961 2146 Contra
983 2115 1127 2146 Errores
1151 2114 1364 2152 Graecorum,

297 2161 357 2193 Ed.
373 2161 518 2197 Uccellii,
535 2166 614 2201 part.
631 2161 669 2196 II,
693 2170 762 2200 cap.
779 2169 842 2195 xxx,
858 2161 876 2198 ξ
894 2160 923 2195 5,
940 2160 1074 2190 habetur
1097 2160 1199 2200 prima
1222 2169 1304 2200 pars,
1322 2170 1365 2191 sc.

301 2206 344 2236 Ut
365 2207 507 2236 membra
530 2215 717 2236 maneamus
719 2228 771 2235 .....
796 2209 904 2235 tenere
926 2204 1118 2235 debeamus:
1141 2209 1172 2234 et
1187 2205 1367 2236 attribuitur

298 2249 420 2291 Cyrillo
444 2251 477 2281 in
500 2250 581 2281 libro
609 2250 859 2280 Thesaurorum.

353 2294 502 2326 Secunda
517 2303 598 2334 parS,
612 2303 654 2325 sc.
669 2294 771 2334 ipsum
788 2297 986 2327 venerantes,
1001 2292 1103 2332 ipsum
1116 2297 1272 2334 rogantes
1282 2302 1367 2334 prae

299 2339 454 2374 omnibus,
472 2339 560 2370 deest
583 2338 670 2378 apud
692 2338 724 2370 S.
741 2339 904 2369 Thomam
926 2336 1056 2367 ibidem.

354 2382 462 2414 Tertia
485 2392 566 2423 pars,
583 2383 736 2424 quoniam
760 2383 859 2423 ipsius
882 2386 972 2414 est....
998 2380 1188 2421 aedificavit,
1206 2381 1367 2411 invenitur

299 2427 334 2458 in
358 2426 490 2458 Uccellii
516 2427 577 2458 loc.
595 2428 646 2458 cit.
663 2428 681 2466 ἓ
698 2427 727 2457 6.

355 2471 476 2509 Quarta
495 2481 577 2511 pars,
594 2481 636 2502 sc.
662 2476 693 2501 et
708 2470 790 2501 nulli
805 2470 908 2501 alii....
925 2469 1020 2504 dedit,
1037 2468 1112 2499 ibid.
1129 2470 1147 2507 ξ
1165 2468 1193 2499 3.
1218 2469 1364 2510 Reliqua,

300 2524 344 2545 sc.
361 2516 414 2546 cui
437 2525 547 2546 omnes
549 2538 600 2546 .....
626 2515 785 2551 obediunt,
802 2514 877 2545 ibid.
894 2515 912 2553 ἓ
927 2523 959 2554 4.
980 2514 1051 2544 Hae
1067 2513 1148 2543 duae
1168 2515 1305 2545 citantur
1329 2525 1366 2545 ex

299 2559 382 2590 libro
410 2560 661 2591 Thesaurorum.

354 2603 390 2634 In
414 2604 608 2635 editionibus
632 2604 663 2635 S.
681 2602 793 2644 Cyrilli
815 2602 895 2632 nihil
917 2601 1103 2634 huiusmodi
1125 2603 1290 2642 reperitur.
1315 2603 1366 2634 Io-

299 2648 418 2687 sephus
442 2649 672 2684 Methonensis,
688 2648 722 2677 in
745 2652 879 2677 tractatu
901 2647 966 2676 Pro
993 2645 1141 2676 Concilio
1165 2646 1366 2684 Florentino,

300 2701 370 2732 cap.
387 2703 417 2728 v,
434 2693 473 2724 de
495 2693 641 2723 Primatu
663 2693 781 2731 Papae,
798 2700 888 2722 num.
912 2701 943 2721 xl
966 2689 1089 2732 (Migne
1113 2690 1146 2720 P.
1165 2690 1219 2722 Gr.
1245 2691 1365 2728 CLIX,

305 2736 412 2776 1351),
430 2737 523 2768 dicit:
547 2737 694 2778 Cyrillus
712 2736 823 2766 beatus
842 2734 1085 2766 Alexandrinus
1102 2736 1367 2776 Archiepiscopus

299 2781 332 2811 in
362 2781 535 2812 Thesauris
567 2783 613 2812 ita
645 2780 774 2811 scribit:
809 2793 822 2806 α
845 2779 941 2815 Quod
964 2785 1090 2819 oportet
1120 2789 1180 2810 nos
1212 2785 1366 2821 tanquam

300 2826 441 2856 membra
464 2831 561 2866 caput
582 2826 681 2866 sequi,
700 2824 733 2855 id
748 2829 803 2860 est,
820 2824 1003 2854 Romanum
1018 2824 1205 2864 Pontificem
1228 2829 1260 2854 et
1281 2826 1366 2865 Apo-

299 2870 447 2901 stolicam
471 2870 601 2906 Sedem,
627 2879 647 2900 a
670 2879 733 2910 qua
766 2868 913 2899 debemus
939 2873 1051 2908 petere
1077 2868 1155 2909 quid
1183 2868 1314 2900 credere
1337 2875 1368 2900 et

297 2914 417 2945 sentire
438 2915 608 2945 debeamus
632 2923 670 2944 ac
694 2919 811 2949 tenere,
836 2913 912 2954 quia
944 2913 1043 2953 ipsius
1067 2917 1191 2943 tantum
1219 2918 1266 2943 est
1289 2923 1365 2944 con-

289 2960 418 3000 futare,
431 2959 640 3000 redarguere,
652 2959 856 2999 confirmare,
869 2957 1034 2993 ordinare,
1044 2958 1170 2987 solvere
1180 2962 1210 2987 et
1220 2957 1327 2998 ligare
1337 2971 1365 2988 ».

354 3003 443 3040 Ibid.‚
460 3003 500 3034 ad
519 3011 530 3033 1
545 3014 552 3033 z
573 3016 587 3030 ‹
601 3003 702 3034 Pasce
718 3012 792 3033 oves
807 3011 904 3038 meas,
921 3001 953 3032 id
970 3007 1032 3031 est:
1050 3002 1137 3032 Loco
1154 3001 1226 3037 mei,
1238 3007 1274 3032 ut
1290 3001 1367 3033 dicit

301 3047 561 3088 Chrysostomus‚
572 3047 780 3088 praepositus
803 3051 834 3077 et
854 3051 951 3086 caput
972 3051 1038 3076 esto
1053 3046 1214 3087 fratrum,
1233 3051 1268 3076 ut
1287 3051 1317 3077 te
1332 3046 1364 3076 in

300 3092 372 3123 loco
395 3102 465 3123 meo
489 3097 701 3127 assumentes,
725 3092 840 3132 ubique
868 3095 1030 3121 terrarum
1054 3095 1083 3121 te
1107 3091 1139 3120 in
1169 3090 1285 3120 throno
1310 3095 1365 3121 tuo

299 3135 458 3167 sedentem
474 3136 666 3177 praedicent
688 3141 719 3166 et
741 3136 932 3176 confirment
949 3148 977 3165 ».
1002 3135 1037 3165 In
1062 3135 1284 3175 Chrysostomi
1306 3135 1366 3165 im-

300 3181 415 3220 pressis
437 3190 505 3211 non
520 3181 690 3211 invenitur.
715 3180 747 3211 S.
764 3180 919 3215 Thomas,
936 3179 1057 3219 Opusc.
1077 3179 1201 3210 Contra
1223 3179 1366 3210 Errores

303 3224 513 3260 Graecorum,
537 3225 596 3256 Ed.
619 3225 763 3261 Uccellii,
785 3230 864 3264 part.
887 3224 925 3260 II,
942 3233 1011 3264 cap.
1028 3233 1090 3260 xm,
1107 3225 1125 3262 §
1140 3232 1172 3262 4,
1188 3223 1299 3254 habet:
1323 3223 1367 3254 Et

303 3267 584 3308 chrysostomus...
601 3269 698 3300 dicit:
719 3282 733 3296 ‹
752 3269 853 3300 Pasce
869 3278 943 3299 oves
959 3277 1056 3304 meas,
1070 3268 1104 3299 id
1119 3273 1175 3304 est,
1192 3268 1281 3299 Loco
1304 3268 1367 3298 mei

296 3312 503 3352 praepositus
526 3318 592 3343 esto
606 3314 758 3355 fratrum
778 3326 805 3349 »,
823 3313 936 3344 ceteris
960 3313 1095 3343 omissis.

359 3355 394 3386 ln
417 3356 582 3397 Anonymi
611 3357 693 3388 libro
720 3357 844 3388 Contra
874 3357 1017 3388 Graecos
1041 3356 1100 3397 (de
1129 3366 1195 3396 quo
1226 3356 1260 3386 in
1289 3361 1366 3387 nota

302 3399 543 3440 praecedente),
566 3406 646 3440 part.
670 3401 712 3438 11,
735 3401 775 3432 de
796 3402 942 3432 Primatu
966 3402 1058 3432 Rom.
1074 3401 1208 3436 Eccles.,
1226 3400 1366 3431 Ioannes

305 3443 566 3484 Chrysostomus,
581 3444 668 3476 idem
690 3446 815 3486 legitur,
839 3451 973 3486 excepto
990 3446 1135 3486 epistata,
1153 3445 1186 3476 id
1201 3450 1256 3481 est,
1268 3454 1366 3486 prae-

297 3487 433 3528 positus.

356 3530 417 3569 Qu.
434 3541 495 3568 xm,
511 3537 567 3563 art.
583 3542 616 3572 4,
632 3542 696 3572 arg.
714 3533 750 3564 5:
777 3546 791 3560 ε
811 3534 906 3564 etiarn
929 3534 1051 3574 primus
1066 3539 1175 3565 motus
1198 3534 1232 3564 in
1255 3534 1366 3564 huius-

2412 184 2494 209 XXIII

1428 248 1519 279 modi
1543 249 1599 288 (sc.
1618 254 1706 278 actus
1731 247 1876 291 carnalis)
1901 249 2146 280 delectationem
2177 256 2223 281 est
2246 256 2416 291 peccatum
2440 261 2496 282 ve-

1427 293 1511 323 niale
1526 306 1552 323 ».
1566 292 1647 323 Vide
1664 299 1742 323 tom.
1755 294 1798 323 XI
1811 293 1954 330 Praefat.,
1968 300 2035 324 not.
2049 294 2088 324 ad
2103 304 2156 334 qu.
2170 305 2263 331 xxvn,
2273 301 2328 325 art.
2341 305 2372 335 4,
2384 305 2448 335 arg.
2466 303 2494 326 1.

1483 337 1545 375 Qu.
1569 347 1642 373 x1.11,
1663 342 1718 367 art.
1750 346 1774 373 1,
1799 347 1862 377 arg.
1887 348 1924 378 4:
1960 351 1973 363 «
1995 337 2100 368 Omne
2124 345 2357 370 sacramentum
2381 339 2493 370 Novae

1427 381 1522 421 Legis
1539 380 1634 411 efficit
1650 380 1739 421 quod
1756 380 1870 421 figurat
1889 395 1916 411 ›.
1937 381 2018 411 Vide
2034 388 2144 412 notam
2161 382 2200 412 ad
2217 393 2271 422 qu.
2288 394 2370 419 xx1x,
2387 389 2442 414 art.
2461 394 2492 423 7.

1482 425 1543 463 Qu.
1561 435 1654 462 XLvn,
1672 431 1728 456 art.
1751 434 1776 461 1,
1794 435 1857 465 arg.
1875 436 1912 465 4:
1941 439 1954 452 «
1975 425 2050 455 dicit
2067 427 2152 456 enim
2170 426 2323 467 (Tullius)
2341 427 2430 467 quod
2446 429 2493 458 vis

1428 475 1474 499 est
1496 471 1636 509 impetus
1661 469 1854 500 dominantis
1878 471 2016 500 retinens
2040 479 2107 499 rem
2131 471 2212 500 intra
2242 473 2395 501 terminos
2418 472 2493 502 alie-

1426 523 1485 543 nos
1502 527 1529 544 ».
1547 513 1635 544 Idem
1652 514 1761 544 Tullio
1778 514 1926 544 adscribit
1938 514 1973 543 B.
1987 513 2146 550 Albertus‚
2161 514 2203 544 IV
2215 514 2313 550 Sent„
2327 515 2397 545 dist.
2410 525 2492 552 xxix,

1426 564 1481 588 art.
1504 567 1536 588 1:
1563 558 1652 598 quod
1668 558 1766 588 Tullii
1790 559 1838 594 sit,
1856 559 1949 588 nobis
1973 568 2040 588 non
2065 563 2199 588 constat.

1481 602 1570 638 Ibid.‚
1588 608 1643 632 art.
1663 602 1691 638 3,
1709 603 1741 632 in
1767 612 1872 642 corp.:
1902 616 1915 629 «
1935 601 2076 640 Quidam
2100 608 2208 632 autem
2225 601 2345 638 dicunt,
2363 603 2452 642 quod
2468 604 2494 633 si

1425 645 1506 676 adsit
1522 656 1708 682 consensus,
1726 647 1871 686 quamvis
1885 652 2025 683 coactus,
2038 647 2180 682 interius,
2194 651 2241 676 est
2253 647 2494 677 matrimonium

1426 696 1583 730 quantum
1607 690 1647 720 ad
1670 691 1794 727 Deum,
1818 691 1873 721 sed
1897 701 1963 721 non
1989 698 2147 731 quantum
2177 689 2217 720 ad
2240 696 2357 721 statum
2381 691 2493 721 Eccle-

1425 735 1489 764 siae
1510 748 1536 764 ».
1573 734 1765 765 Guillelmus
1797 735 2019 765 Rhedonensis
2051 734 2127 765 Ord.
2161 734 2283 771 Praed.,
2316 735 2494 775 postillator

1425 778 1576 809 Summae
1592 779 1622 809 S.
1639 779 1834 819 Raymundi,
1848 786 1878 810 et
1895 780 1926 810 S.
1944 780 2092 810 Thomae
2109 785 2311 816 coaetaneus,
2324 780 2407 809 hanc
2423 780 2494 819 opi-

1423 824 1557 853 nionem
1582 823 1657 853 dicit
1681 834 1748 854 esse
1778 824 1992 864 Hugutionis,
2017 823 2113 854 Caus.
2138 823 2257 860 XXXI,
2283 833 2337 864 qu.
2363 834 2383 854 1.
2412 823 2494 854 Vide

1424 867 1544 898 Summ.
1562 867 1593 898 S.
1610 868 1723 908 Raym.
1741 878 1772 908 p.
1790 868 1842 904 IV,
1860 870 1906 899 tit.
1923 879 1964 904 xr,
1981 869 1999 907 §
2020 877 2046 904 1,
2063 868 2181 908 postill.

1480 912 1541 950 Qu.
1566 923 1594 948 L,
1619 918 1675 942 art.
1700 914 1803 949 unic.‚
1828 914 1861 943 in
1886 923 1991 953 corp.:
2027 926 2040 939 «
2061 912 2155 943 Unde
2178 922 2303 943 versus:
2328 912 2494 942 Ecclesiae

1425 957 1554 986 vetitum
1575 970 1588 983 »
1616 963 1675 987 etc.
1701 957 1745 987 Ita
1770 958 1864 988 etiam
1889 957 1919 988 S.
1937 957 2158 998 Raymundus,
2179 957 2331 987 Summae
2353 957 2408 987 lib.
2433 956 2492 993 IV,

1423 1001 1470 1031 tit.
1488 1011 1520 1037 11,
1537 1003 1555 1040 §
1572 1011 1602 1041 9,
1620 1007 1651 1031 et
1674 1002 1710 1031 B.
1727 1002 1886 1037 Albertus‚
1905 1002 1948 1032 IV
1964 1001 2062 1038 Sent.,
2084 1001 2154 1032 dist.
2180 1011 2284 1038 xxxrv,
2301 1006 2357 1032 art.
2377 1011 2412 1031 2:
2437 1001 2493 1041 qui

1424 1051 1531 1076 tamen
1554 1046 1587 1076 in
1612 1044 1675 1075 fine
1699 1046 1818 1076 habent
1842 1047 1951 1077 iuncta
1975 1046 2086 1076 teneri.

1479 1089 1575 1120 Ibid.:
1604 1103 1618 1116 «
1638 1099 1720 1130 quae
1745 1091 1792 1121 his
1816 1091 1958 1121 versibus
1983 1092 2203 1121 continentur:
2228 1089 2356 1126 Error,
2381 1089 2493 1120 condi-

1424 1134 1468 1164 tio
1489 1148 1502 1161 »
1530 1140 1589 1164 etc.
1615 1134 1702 1164 Idem
1719 1134 1750 1165 S.
1767 1135 1977 1176 Raymundus
1993 1141 2024 1166 et
2043 1135 2079 1165 B.
2096 1135 2256 1170 Albertus‚
2274 1134 2353 1165 locis
2370 1135 2491 1172 citatis;

1424 1179 1454 1209 S.
1472 1178 1682 1219 Raymundus
1706 1189 1764 1219 pro
1780 1180 1878 1220 facta
1903 1184 2090 1215 retractant,
2108 1179 2217 1210 iuncta
2242 1184 2429 1209 retractant.

1479 1223 1624 1260 Qu.1.111‚
1641 1229 1697 1253 art.
1716 1233 1745 1260 2,
1768 1225 1801 1254 in
1826 1234 1931 1265 corp.:
1960 1238 1974 1251 ‹
1994 1230 2040 1254 est
2064 1224 2103 1254 de
2132 1225 2262 1254 veritate
2285 1224 2384 1259 vitae,
2410 1232 2492 1262 quae

1423 1277 1490 1298 non
1504 1273 1550 1297 est
1562 1273 1693 1307 propter
1705 1268 1890 1299 scandalum
1908 1268 2095 1299 dimittenda
2107 1281 2134 1298 ».
2156 1267 2207 1299 Cf.
2219 1273 2288 1298 not.
2301 1267 2341 1298 ad
2353 1267 2415 1298 11⁸¹*
2427 1267 2491 1303 11¹⁰,

1423 1321 1476 1351 qu.
1494 1322 1577 1347 XLIII,
1595 1318 1650 1342 art.
1669 1322 1699 1351 7,
1717 1322 1780 1352 arg.
1797 1322 1827 1352 4.

1477 1356 1539 1393 Qu.
1553 1367 1601 1392 ιν,
1615 1362 1670 1386 art.
1687 1357 1715 1391 5,
1728 1357 1761 1386 in
1775 1366 1881 1396 corp.:
1912 1370 1925 1383 «
1942 1362 2081 1397 punctus
2101 1362 2210 1387 motus
2232 1355 2307 1386 facit
2330 1356 2447 1386 lineam
2463 1368 2490 1386 ι.

1421 1400 1478 1430 Est
1493 1400 1610 1431 modus
1627 1401 1781 1440 loquendi
1797 1402 2048 1431 Platonicorum.
2072 1401 2154 1431 Vide
2177 1400 2362 1431 Comment.
2380 1399 2411 1431 S.
2429 1400 2490 1430 Th.

1421 1445 1454 1475 in
1479 1445 1490 1474 Ι
1507 1445 1546 1475 de
1569 1445 1696 1481 Anima,
1714 1446 1785 1476 lect.
1803 1456 1844 1476 x1.

1476 1489 1538 1526 Qu.
1555 1500 1615 1525 LVI,
1634 1495 1689 1520 art.
1709 1500 1738 1526 2,
1755 1490 1797 1520 ad
1814 1500 1841 1520 2.
1878 1489 1912 1519 In
1937 1490 2080 1529 margine
2104 1488 2174 1520 dele
2198 1494 2260 1519 art.
2272 1489 2306 1524 3,
2324 1498 2397 1529 arg.
2411 1498 2436 1518 1.

1476 1533 1537 1571 QU-
1561 1544 1644 1570 Lvm,
1658 1539 1714 1564 art.
1729 1535 1758 1570 5,
1772 1544 1835 1574 arg.
1852 1544 1879 1564 2.
1906 1534 1953 1564 De
1970 1539 2047 1564 nota
2065 1535 2097 1563 in
2114 1534 2266 1573 margine,
2285 1542 2354 1573 cap.
2375 1533 2409 1563 Is
2424 1532 2490 1573 qui,

1420 1577 1459 1607 de
1481 1578 1639 1619 Regular.
1657 1584 1716 1608 etc.
1733 1579 1766 1608 in
1790 1578 1897 1614 Sexto,
1914 1578 1986 1608 vide
2010 1578 2191 1617 Friedberg.

1475 1621 1623 1659 Qn.1.xv‚
1641 1628 1696 1652 art.
1718 1632 1744 1659 i,
1762 1633 1824 1662 arg.
1844 1633 1880 1662 9:
1909 1636 1922 1649 ‹
1943 1623 2030 1653 Cum
2053 1622 2140 1652 zelus
2164 1622 2204 1652 sit
2231 1631 2320 1651 amor
2343 1630 2411 1651 non
2435 1630 2491 1660 pa—

1419 1666 1501 1696 tiens
1534 1667 1734 1697 consortium
1766 1668 1798 1696 in
1833 1672 1938 1697 amato
1959 1680 1986 1697 ».
2019 1666 2049 1697 S.
2067 1667 2222 1701 Thomas,
2247 1665 2433 1696 Comment.
2458 1666 2491 1695 in

1420 1710 1432 1740 I
1456 1710 1499 1740 ad
1525 1710 1612 1747 Cor„
1637 1721 1706 1751 cap.
1727 1711 1922 1741 xrv.lect.1:
1949 1711 2130 1741 Secundum
2154 1710 2310 1752 quosdam
2334 1710 2421 1750 zelus
2444 1714 2493 1739 est

1423 1767 1436 1781 «
1456 1765 1551 1785 amor
1574 1756 1717 1786 intensus
1741 1765 1806 1786 non
1829 1756 1959 1796 patiens
1982 1756 2177 1786 corsortium
2203 1755 2234 1785 in
2259 1760 2368 1785 amato
2389 1767 2416 1784 ».
2451 1754 2492 1784 Et

1419 1800 1453 1829 in
1477 1799 1504 1829 11
1528 1800 1571 1830 ad
1596 1801 1684 1837 Cor„
1711 1810 1779 1840 cap.
1804 1810 1845 1836 xl,
1867 1800 1939 1830 lect.
1956 1811 1982 1830 1:
2007 1800 2051 1830 Et
2073 1800 2144 1831 ideo
2169 1800 2336 1830 consuevit
2359 1798 2490 1839 (zelus)

1419 1844 1549 1884 definiri
1575 1858 1589 1871 «
1608 1847 1711 1875 Amor
1734 1845 1876 1875 intensus
1896 1858 1909 1871 »
1937 1850 1997 1875 etc.

1475 1888 1537 1926 Qu.
1555 1899 1647 1926 van,
1665 1895 1721 1920 art.
1735 1900 1766 1929 7,
1779 1890 1812 1919 in
1826 1899 1932 1929 corp.:
1961 1902 1975 1915 ‹
1995 1888 2089 1919 Unde
2105 1889 2138 1919 in
2155 1898 2195 1919 eo
2212 1886 2334 1930 (libello
2351 1887 2490 1927 repudii)

1420 1938 1486 1963 erat
1501 1935 1656 1973 scriptum
1671 1934 1734 1965 tale
1750 1933 1929 1964 secundum
1946 1943 2021 1964 eum
2035 1934 2091 1971 (sc.
2106 1932 2311 1974 Iosephum):
2332 1932 2490 1962 Promitto

1420 1977 1485 2013 tibi,
1503 1978 1590 2018 quod
1613 1988 1778 2019 nunquam
1803 1984 1905 2009 tecum
1930 1978 2119 2009 conveniam
2140 1991 2167 2008 ».

1476 2022 1564 2052 Idem
1588 2023 1748 2063 Halensis,
1764 2023 1915 2053 Summae
1938 2033 1969 2062 p.
1995 2022 2047 2058 III,
2072 2032 2126 2063 qu.
2151 2032 2237 2058 xnvr,
2261 2030 2305 2051 m.
2332 2030 2360 2057 2,
2379 2025 2434 2050 art.
2461 2020 2490 2050 5.

1421 2066 1586 2107 Iosephus,
1604 2067 1759 2109 Antiquit.
1777 2067 1859 2102 Iud„
1877 2068 1932 2098 lib.
1949 2067 2002 2103 IV,
2016 2076 2086 2107 cap.
2102 2077 2175 2096 vni:
2203 2079 2216 2092 «
2235 2065 2355 2106 scripto
2372 2065 2491 2104 confir-

1420 2116 1484 2141 met
1505 2121 1539 2142 se
1563 2121 1627 2141 non
1652 2112 1791 2152 amplius
1814 2121 1886 2142 cum
1910 2121 1948 2141 ea
1973 2121 2040 2141 rem
2063 2111 2247 2141 habiturum
2271 2119 2339 2140 esse
2357 2122 2385 2139 ι.

1475 2155 1537 2193 Qu.
1562 2166 1643 2191 Lxxx,
1660 2162 1715 2187 art.
1734 2156 1762 2192 5,
1781 2165 1844 2196 arg.
1870 2156 1933 2186 Sed
1955 2161 2057 2186 cont.:
2087 2168 2100 2182 «
2121 2155 2156 2185 In
2180 2154 2306 2184 inferno
2331 2153 2419 2183 nulla
2443 2158 2490 2183 est

1419 2199 1598 2240 redemptio
1619 2213 1645 2230 ».
1671 2201 1834 2231 Invenitur
1850 2201 1883 2230 in
1899 2209 1980 2239 resp.
1998 2211 2041 2230 vn
2065 2199 2157 2230 Offic.
2179 2198 2330 2229 Defunct.
2349 2203 2380 2228 et
2404 2196 2490 2237 apud

1420 2244 1450 2275 S.
1468 2244 1630 2280 Bernard.,
1655 2245 1755 2276 Serm.
1778 2245 1863 2274 XLII
1887 2244 1925 2274 de
1948 2244 2103 2279 Diversis,
2129 2254 2160 2274 n.
2187 2244 2216 2274 5.
2238 2261 2280 2265 —
2304 2243 2489 2273 Anastasius

1419 2289 1548 2325 Sinaita,
1572 2299 1653 2320 saec.
1677 2300 1709 2320 VI
1733 2289 1877 2328 scriptor,
1903 2289 1935 2318 in
1960 2289 2078 2319 Psalm.
2095 2288 2148 2324 VI,
2170 2297 2249 2318 vers.
2275 2287 2305 2317 6.
2331 2287 2423 2317 dicit:
2449 2286 2488 2316 In

1419 2334 1549 2375 inferno
1567 2335 1676 2364 nullus
1693 2339 1739 2364 est
1749 2333 1968 2373 poenitentiae
1985 2334 2075 2363 locus
2155 2332 2194 2362 In
2210 2332 2379 2372 sepulchro
2397 2331 2490 2361 nulla

1419 2383 1466 2409 est
1489 2379 1646 2409 remissio.
1672 2378 1787 2409 Glossa
1811 2388 1848 2408 ex
1872 2378 2004 2408 Rabano
2029 2379 2062 2408 in
2081 2377 2182 2407 Eccli.
2200 2385 2269 2416 cap.
2286 2386 2336 2412 XL,
2352 2385 2432 2405 vers.
2452 2375 2487 2405 3:

1419 2424 1458 2454 In
1483 2423 1613 2464 inferno
1638 2424 1730 2453 nulla
1754 2423 1816 2453 erit
1839 2422 2010 2464 mitigatio.

1475 2467 1536 2505 Qu.
1554 2477 1634 2503 Lxxr,
1652 2473 1707 2497 art.
1727 2468 1755 2502 5,
1773 2468 1806 2497 in
1823 2477 1928 2507 corp.:
1958 2479 1971 2493 «
1991 2464 2279 2496 Autissiodorensis
2297 2464 2383 2494 enim
2399 2463 2487 2499 dixit,

1419 2511 1508 2551 quod
1531 2511 1679 2552 suffragia
1694 2517 1830 2552 prosunt
1854 2511 2019 2547 damnatis,
2036 2520 2102 2540 non
2120 2509 2252 2550 quidem
2268 2518 2325 2548 per
2350 2508 2489 2538 diminu-

1418 2557 1543 2587 tionem
1565 2566 1701 2596 poenae,
1718 2557 1768 2587 vel
1792 2566 1848 2596 per
1871 2555 2148 2595 interruptionem,
2171 2553 2225 2584 sed
2247 2563 2304 2593 per
2328 2552 2489 2583 conforta-

1418 2601 1542 2631 tionem
1565 2602 1714 2641 patientis
1733 2615 1761 2631 ».
1787 2600 1875 2631 Idem
1898 2601 1934 2630 B.
1952 2600 2111 2635 Albertus‚
2129 2599 2171 2629 IV
2188 2598 2286 2634 Sent„
2311 2597 2382 2628 dist.
2399 2607 2487 2633 XLvr,

1419 2651 1474 2675 art.
1494 2655 1529 2675 2:
1555 2645 1586 2676 S.
1599 2647 1839 2681 Bonaventura‚
1857 2645 1900 2674 IV
1916 2644 2013 2680 Sent„
2028 2643 2098 2674 dist.
2111 2653 2192 2679 xrvr,
2205 2652 2237 2683 p.
2250 2653 2271 2678 1,
2285 2648 2340 2672 art.
2358 2650 2385 2678 1,
2399 2651 2453 2681 qu.
2467 2652 2487 2677 r,

1419 2690 1609 2730 opinionem
1632 2689 1736 2726 refert,
1753 2689 1810 2719 sed
1833 2695 1998 2719 auctorem
2021 2698 2087 2719 non
2112 2688 2268 2718 nominat.
2293 2687 2329 2716 In
2346 2687 2488 2726 margine

1419 2735 1618 2774 scripsimus:
1650 2734 1725 2764 Vide
1748 2734 1869 2764 Summ.
1886 2734 1966 2763 Aur.
1989 2733 2041 2763 lib.
2059 2732 2115 2768 IV,
2132 2732 2172 2762 de
2194 2731 2414 2761 Damnatione
2438 2740 2487 2760 re-

1413 2779 1609 2818 proborum,
1635 2779 1690 2808 ubi
1714 2778 1826 2808 diffuse
1850 2783 1961 2808 tractat
1982 2776 2271 2808 Autissiodorensis
2294 2775 2334 2806 de
2363 2775 2488 2815 mitiga-

1419 2824 1508 2853 tione
1531 2832 1711 2862 poenarum
1734 2822 1954 2858 infernalium;
1980 2822 2058 2861 quin
2074 2827 2182 2851 tamen
2206 2820 2245 2850 de
2270 2820 2426 2850 sententia
2441 2819 2487 2849 illi

1418 2868 1471 2898 hic
1495 2866 1650 2907 adscripta
1673 2867 1806 2897 verbum
1831 2866 1934 2896 faciat.
1952 2866 2055 2896 Immo
2079 2874 2187 2895 versus
2205 2864 2304 2895 finem
2327 2863 2486 2894 secundae

1419 2912 1515 2952 partis
1549 2911 1698 2951 capituli,
1725 2912 1782 2941 ait:
1812 2911 1975 2946 Dicimus,
2009 2910 2078 2940 sine
2104 2909 2309 2949 praeiudicio
2343 2908 2487 2939 melioris

1419 2956 1603 2990 sententiae,
1620 2955 1707 2996 quod
1730 2956 1786 2985 illa
1812 2953 1960 2996 (opinio)
1985 2964 2068 2995 quae
2091 2954 2186 2990 dicit,
2212 2953 2299 2994 quod
2321 2953 2485 2994 suffragia

1420 3011 1484 3039 npn
1503 3005 1646 3040 prosunt
1667 2999 1837 3035 damnatis,
1852 2999 2057 3040 probabilior
2079 3003 2126 3029 est
2148 3002 2179 3028 et
2200 2998 2306 3039 magis
2329 3002 2488 3028 consonat

1419 3045 1536 3076 divinis
1560 3044 1704 3084 eloquiis.

1473 3088 1562 3125 Ibid.‚
1580 3095 1635 3119 art.
1654 3089 1684 3125 6,
1702 3097 1764 3128 arg.
1794 3095 1804 3117 1
1820 3098 1827 3118 t
1856 3101 1869 3114 «
1889 3087 1925 3117 In
1941 3086 2067 3117 inferno
2090 3086 2178 3117 nulla
2195 3091 2242 3117 est
2257 3085 2436 3126 redemptio
2457 3099 2485 3116 ».

1420 3134 1471 3165 Cf.
1488 3143 1593 3174 supra,
1610 3138 1678 3163 not.
1696 3132 1735 3163 ad
1759 3142 1813 3172 qu.
1830 3142 1911 3167 Lx1x‚
1929 3137 1984 3161 art.
2004 3131 2033 3166 5,
2050 3140 2113 3171 arg.
2131 3130 2194 3161 Sed
2217 3136 2301 3161 cont.

1474 3177 1564 3214 Ibid.‚
1581 3183 1637 3208 art.
1655 3177 1685 3213 8,
1703 3187 1766 3217 arg.
1786 3186 1820 3206 2:
1850 3189 1863 3203 «
1883 3176 2086 3207 Sacramenta
2116 3174 2259 3206 efficiunt
2289 3174 2380 3215 quod
2403 3174 2486 3215 figu-

1419 3227 1488 3253 rant
1507 3236 1535 3252 ».
1560 3222 1611 3253 Cf.
1628 3228 1696 3252 not.
1714 3220 1753 3252 ad
1776 3221 1858 3251 Part.
1876 3221 1927 3256 111,
1945 3230 1999 3260 qu.
2017 3230 2089 3256 an,
2106 3225 2162 3250 art.
2184 3227 2211 3256 1,
2228 3219 2268 3250 ad
2295 3227 2322 3250 1.

1475 3266 1564 3303 Ibid.‚
1582 3272 1638 3297 art.
1660 3274 1708 3302 11,
1726 3275 1790 3305 arg.
1810 3275 1844 3295 2:
1873 3278 1886 3292 ‹
1906 3265 1996 3296 Sicut
2018 3264 2218 3304 Augustinus
2248 3263 2325 3294 dicit
2346 3264 2380 3293 in
2403 3263 2485 3294 libro

1419 3311 1431 3341 I
1448 3311 1487 3341 de
1513 3311 1581 3341 Civ.
1598 3311 1669 3347 Dei,
1686 3310 1902 3351 Antiquorum
1927 3310 2085 3340 iustorum
2105 3322 2118 3335 »
2146 3314 2205 3339 etc.
2230 3307 2418 3339 Notandum
2439 3314 2487 3339 est

1419 3356 1635 3395 Augustinum
1653 3354 1848 3385 transtulisse
1867 3364 1960 3394 capp.
1976 3364 2020 3384 xn
2036 3358 2066 3384 et
2082 3363 2137 3383 xm
2152 3353 2205 3383 lib.
2223 3353 2235 3383 1
2252 3353 2291 3383 de
2312 3352 2405 3383 Civit.
2423 3353 2487 3383 Dei

1419 3399 1458 3431 ad
1474 3409 1566 3439 capp.
1583 3410 1606 3430 11
1622 3405 1653 3430 et
1668 3410 1702 3429 111
1718 3399 1787 3430 libri
1803 3398 1842 3429 de
1868 3399 1958 3429 Cura
1972 3397 2118 3440 gerenda
2133 3407 2198 3438 pro
2215 3398 2361 3428 mortuis.
2386 3396 2486 3434 Quod

1419 3450 1451 3475 et
1473 3445 1541 3484 ipse
1565 3449 1696 3474 testatur
1718 3444 1750 3474 in
1772 3453 1841 3484 cap.
1858 3453 1892 3473 m
1915 3442 2010 3474 huius
2033 3443 2227 3483 posterioris,
2244 3442 2319 3472 lieet
2335 3441 2374 3472 de
2389 3441 2484 3471 titulo

1419 3489 1458 3519 de
1472 3489 1565 3519 Civit.
1579 3488 1642 3519 Dei
1652 3493 1764 3519 taceat.
1782 3487 1881 3526 Quod
1894 3493 1940 3518 est
1952 3486 2187 3518 observandum
2199 3496 2258 3526 pro
2271 3496 2334 3526 arg.
2348 3486 2364 3516 3
2378 3491 2409 3516 et
2420 3495 2484 3525 arg.

1419 3532 1483 3564 Sed
1494 3537 1578 3564 cont.
1591 3533 1686 3564 huius
1705 3532 1838 3569 articuli,
1855 3542 1984 3563 necnon
2007 3541 2066 3572 pro
2084 3540 2190 3572 respp.
2207 3530 2247 3562 ad
2266 3540 2350 3571 argg.
2371 3539 2388 3560 2
2406 3536 2437 3560 et
2454 3530 2487 3560 3.
