2918 4088
212 412 222 422 ·
237 410 303 432 Vers.
320 416 354 432 21.

212 520 223 531 ·
237 519 321 541 romb.
334 522 355 540 ex
364 511 423 540 ord.

212 1039 289 1087 ‘SCgipg
299 1045 329 1086 ull,
339 1044 422 1060 n.12.-

232 1081 237 1086 .
290 1080 296 1087 .
320 1068 362 1086 eet.
378 1070 410 1087 ix·

212 1147 221 1158 ·
236 1147 288 1168 Art.
302 1152 321 1174 5.

310 1242 324 1275 β

211 1461 222 1471 '¹
236 1460 313 1486 Alget.
331 1458 360 1480 de
375 1458 421 1480 Sa-

211 1487 323 1508 crument.
339 1485 377 1506 lib.
393 1485 421 1511 11,

211 1519 262 1540 cup.
277 1518 296 1538 ις
313 1511 421 1533 Gulielm.

213 1539 283 1561 Paris.
295 1538 325 1559 de
332 1537 423 1559 Eucha—

211 1567 272 1592 rist.²
288 1571 338 1592 cap.
349 1571 364 1590 ¹,
379 1565 420 1586 Ed.

212 1592 293 1614 Venet.
310 1597 369 1619 ¹59¹.

217 2508 228 2518 '
237 2505 335 2533 Cap.1x,
343 2511 366 2527 n.
377 2511 407 2527 ιη.
416 2516 427 2521 -

217 2532 351 2554 Continuat.
361 2531 430 2553 com-

218 2562 282 2580 ment
289 2575 294 2580 .
317 2564 328 2580 s
335 2574 340 2579 .
362 2557 398 2580 'rh
406 2573 412 2578 .
421 2574 427 2584 ,

217 2586 269 2607 lect.
284 2590 316 2606 xi.

220 2870 269 2892 'Ca
286 2875 430 2896 ‚v111‚n.¹,2.-

219 2876 291 2919 S.'1ph
315 2897 430 2918 lect.xv1.

320 3027 334 3061 β

223 3136 233 3147 “
247 3135 314 3157 Vers.
325 3141 358 3163 55,
372 3141 406 3163 57.

224 3217 235 3228 ·
245 3216 302 3239 cau.
312 3215 364 3248 Ego
373 3216 420 3238 Be-

223 3242 422 3317 gasmait?

453 179 526 204 202

450 247 511 292 tia,
541 252 652 296 auget
680 252 801 283 autem
823 253 938 296 prout
966 253 1015 284 est
1044 247 1183 296 aliquid
1209 253 1396 296 quantum.
1433 245 1508 283 Sed

451 298 594 347 species
623 301 913 336 sacramentales
941 312 1021 337 non
1042 306 1129 337 sunt
1157 299 1376 336 substantia.
1407 299 1508 347 Ergo

450 363 529 388 non
557 359 719 400 possunt
747 352 901 389 nutrire.

504 404 577 441 SED
606 416 750 442 CONTRA
778 417 842 442 EST
870 405 976 454 quod
1018 406 1244 454 Apostolus,
1274 406 1287 441 1
1311 406 1397 442 Cor.
1418 417 1451 441 xl
1470 403 1508 451 *,

451 457 612 506 loquens
641 457 688 494 de
716 458 792 494 hoc
820 465 1070 504 sacramento,
1100 457 1205 494 dicit:
1234 458 1341 494 Alius
1364 457 1508 506 quidem

450 511 572 556 esurit,
601 510 695 547 alius
722 516 844 547 autem
873 512 995 548 ebrius
1022 516 1092 547 est.-
1128 510 1195 547 ubi
1223 509 1312 547 dicit
1340 509 1510 547 Glossa*

450 563 556 611 quod
585 569 685 600 notat
704 563 783 600 illos
803 565 876 613 qui,
899 569 984 612 post
1002 564 1286 600 celebrationem
1308 564 1410 599 sacri
1426 574 1509 611 my-

449 617 550 652 sterii
575 621 608 652 et
635 618 949 653 consecrationem
971 618 1084 665 panis
1112 621 1145 652 et
1171 617 1265 662 vini,
1295 627 1381 652 suas
1409 615 1509 652 obla-

449 669 564 705 tiones
597 669 852 714 vindicabant,
882 675 933 715 et,
963 669 1044 705 aliis
1080 681 1153 705 non
1183 670 1507 714 communicantes,

449 722 519 758 sibi
543 721 628 758 solis
649 726 665 742 α
691 723 900 767 sumebant,
937 723 986 758 ita
1021 727 1058 757 ut
1091 721 1175 757 inde
1209 723 1318 758 etiam
1350 722 1509 757 inebria-

451 779 588 810 rentur.
633 774 751 820 Quod
779 773 938 822 quidem
975 786 1055 811 non
1082 781 1206 823 potest
1234 773 1450 821 contingere
1479 772 1510 809 si

451 828 740 863 sacramentales
759 826 904 875 species
923 838 1003 863 non
1023 826 1218 864 nutrirent.
1245 827 1345 874 Ergo
1366 825 1509 875 species

451 881 741 916 sacramentales
770 879 954 916 nutriunt.

503 933 725 969 RespoNnsso
761 944 941 969 DICENDUM
979 931 1086 980 quod
1114 932 1209 968 haec
1237 931 1409 980 quaestio
1442 931 1509 968 dif-

449 982 657 1020 ficultatem
685 996 764 1020 non
793 984 918 1031 habet,
947 983 1188 1032 praecedenti
1208 984 1430 1032 quaestione
1450 996 1509 1021 so-

450 1037 538 1072 luta.
568 1037 627 1072 Ex
654 1037 730 1072 hoc
758 1036 876 1082 enim,
906 1044 948 1072 ut
976 1035 1113 1072 dicitur
1140 1036 1179 1072 in
1207 1037 1237 1073 II
1257 1037 1302 1073 de
1318 1037 1459 1073 Anima
1477 1036 1509 1083 ³¹⁶,

449 1088 557 1125 cibus
593 1088 729 1134 nutrit,
768 1089 874 1137 quod
912 1088 1146 1125 convertitur
1182 1088 1222 1124 in
1259 1088 1510 1125 substantiam

450 1140 588 1177 nutriti.
618 1140 771 1177 Dictum
803 1148 858 1177 est
886 1148 1015 1177 autem
1034 1140 1054 1162 ’¹‘
1081 1141 1188 1189 quod
1217 1140 1362 1189 species
1391 1152 1510 1177 sacra·

448 1194 631 1230 mentales
649 1200 810 1242 possunt
829 1193 999 1230 converti
1018 1192 1058 1229 in
1073 1193 1322 1230 substantiam
1341 1192 1511 1242 aliquam

450 1257 548 1294 quae
577 1257 623 1282 ex
652 1245 705 1283 eis
725 1244 740 1275 β
766 1253 978 1293 generatur.
1009 1246 1083 1282 Per
1110 1245 1275 1282 eandem
1303 1253 1434 1282 autem
1454 1258 1510 1282 ra-

448 1298 594 1335 tionem
630 1306 792 1347 possunt
830 1296 1010 1335 converti'
1038 1298 1078 1335 in
1106 1310 1247 1347 corpus
1278 1299 1509 1345 humanum,

448 1363 518 1400 per
544 1363 663 1400 quam
691 1359 853 1400 possunt
876 1350 1047 1388 converti
1066 1350 1105 1387 in
1125 1350 1270 1388 cineres
1288 1352 1350 1387 vel
1369 1350 1408 1387 in
1426 1363 1511 1388 ver-

449 1415 542 1440 mes.
572 1404 620 1440 Et
647 1403 734 1440 ideo
763 1404 1009 1440 manifestum
1038 1411 1093 1440 est
1120 1404 1228 1453 quod
1256 1403 1439 1441 nutriunt.

503 1456 621 1503 Quod
642 1464 772 1493 autem
800 1456 959 1506 quidam
978 1457 998 1478 *
1026 1456 1169 1504 dicunt,
1191 1457 1297 1506 quod
1321 1469 1401 1494 non
1420 1468 1511 1493 vere

449 1509 632 1556 nutriunt,
649 1510 758 1558 quasi
777 1509 816 1546 in
831 1522 972 1559 corpus
992 1511 1211 1547 humanum
1226 1515 1518 1556 convertantur,

450 1562 517 1599 sed
546 1562 721 1599 reficiunt
750 1570 786 1599 et
813 1564 1027 1600 contertant
1046 1563 1216 1612 quadam
1236 1575 1422 1600 sensuum
1441 1563 1512 1600 im-

449 1615 672 1663 mutatione,
702 1616 798 1653 sicut
825 1617 946 1653 homo
971 1617 1205 1653 confortatur
1224 1628 1270 1652 ex
1290 1616 1410 1653 odore
1439 1615 1514 1652 cibi

450 1675 486 1704 et
514 1668 722 1705 inebriatur
745 1681 791 1706 ex
811 1669 931 1706 odore
950 1668 1043 1716 vini,
1064 1669 1112 1706 ad
1132 1681 1290 1706 sensum
1309 1676 1412 1718 patet
1431 1681 1513 1706 esse

450 1721 599 1759 falsum.
629 1722 733 1759 Talis
761 1721 865 1764 enim
893 1721 1045 1759 refectio
1073 1734 1155 1759 non
1182 1721 1250 1759 diu
1278 1721 1416 1759 sufficit
1444 1722 1513 1758 ho-

451 1773 557 1819 mini,
587 1774 696 1811 cuius
724 1787 879 1824 corpus,
907 1780 1064 1824 propter
1092 1774 1317 1812 continuam
1340 1774 1514 1824 deperdi-

450 1826 607 1874 tionem,
641 1828 914 1865 restauratione
951 1827 1104 1876 indiget.
1148 1828 1196 1865 Et
1229 1835 1359 1864 tamen
1391 1829 1513 1865 homo

503 1940 530 1973 α)
550 1940 600 1965 sibi
617 1941 690 1966 solis.
706 1955 726 1959 -
742 1941 790 1965 sed
808 1941 859 1966 soli
876 1941 906 1972 F,
924 1941 975 1966 sibi
992 1941 1044 1966 solt
1061 1941 1084 1971 b,
1104 1941 1155 1966 soli
1173 1946 1258 1966 cetera
1276 1941 1358 1966 tertia.

1090 168 1352 215 QUAESTIO
1382 168 1571 214 LXXVII,
1602 167 1893 204 ARTICULUS
1921 167 1986 203 VII

1564 246 1632 283 diu
1660 244 1859 282 sustentari
1887 252 2031 294 posset,
2067 244 2097 281 si
2129 245 2271 282 hostias
2306 252 2342 281 et
2368 244 2505 281 vinum
2534 255 2624 282 con-

1565 306 1755 335 secratum
1783 305 1951 334 sumeret
1979 297 2018 334 in
2047 309 2187 346 magna
2214 297 2432 347 quantitate.

1618 350 1797 388 Similiter
1824 350 1939 388 etiam
1966 361 2047 386 non
2069 357 2193 399 potest
2212 357 2309 387 stare
2338 349 2444 399 quod
2465 348 2625 398 quidam
2645 345 2647 347 ’

1564 404 1707 449 dicunt,
1736 403 1843 453 quod
1871 402 2016 452 species
2038 403 2330 439 sacramentales
2357 401 2529 439 nutriunt
2555 413 2625 450 per

1564 458 1730 495 formam
1758 455 2040 493 substantialem
2070 455 2181 504 panis
2209 462 2245 492 et
2262 454 2354 501 vini,
2383 466 2483 504 quae
2502 466 2624 491 rema-

1565 517 1639 546 net.
1670 510 1777 546 Tum
1805 508 1896 558 quia
1917 520 1997 545 non
2017 515 2200 554 remanet,
2221 515 2263 544 ut
2282 507 2431 556 supra*
2449 506 2625 544 habitum

1565 570 1630 600 est.
1660 585 1685 589 —
1714 563 1820 599 Tum
1848 561 1939 610 quia
1966 572 2047 597 non
2075 568 2130 597 est
2157 567 2263 597 actus
2290 560 2437 597 formae
2468 559 2623 606 nutrire,

1565 615 1632 652 sed
1660 614 1780 662 magis
1808 613 2001 660 materiae,
2026 625 2126 662 quae
2146 612 2281 662 accipit
2298 612 2464 649 formam
2482 610 2625 658 nutriti,

1565 668 1764 705 recedente
1783 667 1907 704 forma
1926 666 2159 703 nutrimenti.
2188 665 2300 703 Unde
2320 664 2456 702 dicitur
2473 663 2514 700 in
2532 665 2563 701 Π
2581 663 2627 700 de

1564 722 1703 758 Anima
1722 720 1752 767 ²¹²,
1773 720 1880 769 quod
1903 719 2183 756 nutrimentum
2202 718 2242 755 in
2261 716 2450 768 principio
2478 724 2534 753 est
2551 716 2626 754 dis—

1566 773 1699 819 simile,
1729 773 1769 810 in
1796 772 1875 809 fine
1903 780 2033 809 autem
2062 771 2195 808 simile.

1618 827 1675 863 AD
1704 838 1838 863 PRIMUM
1867 837 1964 862 ERGO
1992 837 2173 862 DICENDUM
2201 824 2328 874 quod,
2366 823 2462 860 facta
2493 833 2626 859 conse—

1521 913 1524 914 .
1565 878 1744 923 eratione,
1765 877 1965 927 dupliciter
1983 885 2107 927 potest
2129 876 2203 914 dici
2222 876 2332 926 panis
2351 875 2391 913 in
2410 877 2487 913 hoc
2505 886 2627 912 sacra-

1565 939 1708 969 mento.
1738 932 1826 968 Uno
1854 930 1986 978 modo,
2015 929 2119 980 ipsae
2139 929 2284 979 species
2302 928 2423 979 panis,
2453 940 2553 978 quae
2572 939 2626 964 re-

1564 984 1683 1021 tinent
1719 995 1864 1020 nomen
1896 982 2033 1032 prioris
2061 982 2311 1020 substantiae:
2350 989 2394 1019 ut
2421 980 2627 1030 Gregorius

1566 1036 1665 1083 dicit,
1694 1036 1734 1073 in
1761 1035 1932 1073 Homilia
1959 1035 2132 1072 Paschali
2150 1035 2181 1072 ³⁸.
2224 1035 2310 1072 Alio
2338 1035 2475 1081 modo,
2503 1040 2628 1084 potest

1567 1089 1640 1126 dici
1667 1088 1777 1138 panis
1805 1088 1934 1138 ipsum
1962 1100 2103 1137 corpus
2127 1087 2279 1134 Christi,
2308 1087 2416 1137 quod
2436 1094 2491 1124 est
2517 1085 2628 1136 panis

1566 1141 1749 1191 mysticus
1777 1141 1822 1177 de
1844 1141 1948 1178 caelo
1977 1141 2198 1177 descendens
2215 1140 2246 1177 ⁹¹⁶.
2275 1139 2505 1177 Ambrosius
2524 1150 2626 1187 ergo,

1567 1206 1658 1231 cum
1686 1192 1774 1230 dicit
1802 1193 1908 1242 quod
1937 1195 2001 1230 iste
2021 1195 2134 1242 panis
2162 1205 2237 1230 non
2266 1194 2397 1229 transit
2423 1194 2460 1229 in
2481 1203 2627 1240 corpus,

1567 1245 1702 1295 accipit
1729 1257 1872 1294 panem
1900 1245 2071 1282 secundo
2100 1245 2238 1282 modo:
2269 1244 2360 1294 quia
2387 1244 2527 1281 scilicet
2546 1255 2628 1281 cor-

1566 1311 1640 1348 pus
1670 1297 1808 1335 Christi
1843 1309 1923 1335 non
1951 1297 2185 1335 convertitur
2212 1297 2252 1334 in
2280 1309 2420 1347 corpus
2447 1296 2628 1343 hominis,

1567 1351 1632 1388 sed
1663 1350 1782 1387 reficit
1809 1358 1981 1387 mentem
2009 1349 2101 1387 eius.
2131 1351 2225 1387 Non
2244 1357 2374 1387 autem
2393 1349 2563 1399 loquitur
2581 1349 2629 1386 de

1566 1415 1668 1454 pane
1696 1403 1822 1453 primo
1851 1403 1972 1440 modo
2001 1402 2113 1440 dicto.

1620 1458 1678 1493 Ao
1698 1468 1887 1494 SECUNDUM
1906 1468 2088 1494 memnon
2107 1455 2215 1505 quod
2243 1455 2389 1505 species
2417 1467 2630 1492 sacramen·

1567 1511 1676 1556 tales,
1710 1509 1779 1546 etsi
1806 1521 1887 1546 non
1915 1508 1988 1546 sint
2016 1521 2062 1546 ea
2093 1521 2140 1546 ex
2167 1508 2309 1558 quibus
2337 1520 2478 1558 corpus
2504 1507 2630 1545 homi-

1567 1562 1625 1600 nis
1653 1569 1811 1609 constat,
1840 1569 1971 1599 tamen
1998 1561 2038 1598 in
2061 1573 2107 1599 ea
2134 1568 2422 1610 convertuntur,
2451 1560 2548 1598 sicut
2574 1559 2630 1598 di-

1569 1623 1675 1653 ctum
1703 1623 1758 1652 est
1775 1615 1806 1651 ²¹².
2280 1662 2284 1665 v

1622 1669 1680 1705 AD
1707 1680 1866 1706 Tannum
1893 1679 2075 1705 DICENDUM
2103 1667 2211 1717 quod
2243 1666 2388 1716 species
2416 1678 2631 1704 sacramen-

1568 1723 1671 1768 tales,
1701 1720 1879 1770 quamvis
1907 1732 1988 1757 non
2007 1720 2080 1757 sint
2098 1719 2319 1767 substantia,
2339 1719 2483 1756 habent
2497 1727 2631 1765 ,tamen

1567 1774 1749 1811 virtutem
1777 1773 2021 1820 substantiae,
2050 1780 2092 1810 ut
2119 1772 2266 1810 dictum
2295 1780 2350 1810 est
2367 1772 2399 1809 *.

1623 1939 1648 1974 β)
1668 1940 1713 1965 eis.
1731 1953 1751 1958 —
1767 1940 1826 1964 FsD
1845 1944 1871 1964 et
1890 1939 2030 1970 editiones;
2049 1945 2089 1963 ea.

1235 2086 1554 2128 ARTICULUS
1583 2084 1851 2127 SEPTIMUS

746 2180 902 2212 UTRUM
926 2180 1098 2211 SPECIES
1123 2179 1503 2211 SACRAMENTALES
1526 2166 1828 2210 FRANGANTUR
1850 2178 1894 2209 IN
1918 2177 2012 2209 Hoc
2036 2177 2337 2210 SACRAMENTo

781 2259 816 2283 IV
835 2259 917 2289 Sent„
938 2258 996 2284 dist.
1014 2266 1058 2289 χιι,
1079 2266 1122 2291 qu.
1141 2266 1158 2288 ι,
1178 2264 1224 2284 art.
1246 2258 1269 2289 3,
1289 2257 1338 2291 qu·
1360 2265 1383 2288 ι,
1404 2265 1434 2288 25
1454 2258 1488 2282 IV
1509 2258 1586 2283 Cont.
1608 2258 1695 2287 Gent„
1715 2265 1771 2290 cap.
1790 2263 1871 2287 xxv-113
1889 2256 1899 2281 1
1917 2256 1955 2282 ad
1975 2257 2050 2287 Cor„
2071 2264 2128 2289 cap.
2146 2263 2180 2287 xl,
2200 2255 2257 2281 lect.
2275 2263 2301 2281 v.

489 2372 512 2391 s.
538 2357 546 2371 ›
662 2352 685 2377 D
704 2352 882 2377 SEPTIMUM
901 2351 953 2377 sm
968 2351 1206 2377 PROCEDrrUR.
1227 2339 1389 2376 Videtur
1408 2339 1516 2388 quod

592 2391 809 2446 &species
845 2394 1139 2429 sacramentales
1177 2404 1257 2429 non
1294 2393 1517 2440 frangantur

511 2513 520 2522 -
542 2499 597 2523 zv.
621 2489 653 2532 K
667 2499 826 2547 sophus,
852 2498 891 2535 in
910 2499 960 2535 IV
978 2500 1138 2536 Meteor.
1161 2497 1192 2544 ²¹²,
1220 2498 1327 2547 quod
1354 2509 1518 2547 corpora

455 2550 634 2587 dicuntur
660 2550 869 2599 frangibilia
895 2558 1052 2600 propter
1079 2550 1371 2588 determinatam
1390 2550 1516 2600 dispo-

456 2602 631 2640 sitionem
661 2616 860 2652 pororum.
891 2603 1010 2650 Quod
1038 2615 1118 2640 non
1137 2611 1261 2652 potest
1288 2602 1516 2640 attribuissa-

456 2656 750 2693 eramentalibus
764 2656 976 2705 speciebus.
1001 2657 1103 2705 Ergo
1124 2657 1415 2693 sacramentales
1434 2668 1515 2705 spe-

457 2708 532 2745 cies
560 2720 641 2745 non
668 2716 830 2758 possunt
856 2709 986 2758 frangi.

511 2773 545 2798 2.
575 2762 806 2809 PRAETEREA,
835 2762 1060 2799 fractionem
1089 2761 1261 2811 sequitur
1279 2773 1409 2798 sonus.
1440 2762 1516 2799 Sed

457 2813 600 2863 species
629 2816 920 2852 sacramentales
955 2827 1035 2852 non
1064 2822 1153 2852 sunt
1180 2814 1390 2851 sonabiles:
1430 2815 1518 2852 dicit

457 2866 561 2904 enim
580 2867 850 2917 Philosophus,
879 2869 909 2905 II
929 2868 974 2904 de
991 2868 1131 2904 Anima
1150 2867 1181 2913 *,
1211 2867 1317 2916 quod
1346 2867 1516 2904 sonabile

457 2927 512 2956 est
540 2931 680 2970 corpus
709 2921 852 2958 durum
889 2921 1035 2957 habens
1068 2920 1314 2970 superficiem
1342 2921 1468 2957 levem
1488 2926 1516 2957 α.

458 2973 559 3020 Ergo
588 2973 732 3023 species
760 2974 1051 3011 sacramentales
1080 2985 1159 3010 non
1186 2973 1422 3022 franguntur.

513 3025 546 3062 3.
576 3027 817 3072 PRAETEREA‚
856 3026 1030 3063 eiusdem
1064 3026 1216 3063 videtur
1247 3038 1329 3063 esse
1361 3026 1480 3074 frangi
1503 3025 1518 3056 β

458 3085 494 3115 et
521 3078 720 3116 masticari.
751 3080 828 3117 Sed
854 3091 993 3116 verum
1017 3091 1158 3128 corpus
1179 3078 1318 3116 Christi
1337 3086 1392 3116 est
1410 3079 1518 3128 quod

459 3131 730 3168 manducatur:
752 3132 968 3169 secundum
986 3132 1079 3169 illud
1099 3131 1293 3169 Ioan.V1*:
1321 3133 1396 3175 Qui
1411 3144 1518 3170 man-

460 3183 568 3220 ducat
598 3196 721 3221 meam
756 3197 908 3221 carnem
945 3190 978 3221 et
1006 3186 1092 3229 bibit
1126 3197 1250 3222 meum
1282 3187 1516 3235 sanguinem.

461 3235 562 3283 Ergo
590 3247 730 3285 corpus
751 3236 889 3274 Christi
918 3245 973 3274 est
1001 3237 1108 3286 quod
1135 3237 1318 3286 frangitur
1336 3245 1373 3274 et
1391 3237 1518 3275 masti-

461 3295 576 3325 catur.
610 3289 721 3325 Unde
749 3296 785 3325 et
813 3289 852 3326 in
879 3290 1116 3326 confessione
1146 3289 1363 3338 Berengarii
1381 3289 1402 3312 ’¹‘
1429 3289 1518 3327 dici-

514 3403 542 3437 α)
561 3404 653 3428 levem.
669 3416 688 3421 -
706 3403 789 3427 lenem
809 3402 937 3428 PAEGIa.

515 3438 541 3473 β)
554 3439 662 3473 frangi.
678 3452 698 3457 —
716 3438 873 3463 manducari
884 3438 983 3471 frangi
1002 3438 1030 3462 Ρ.

514 3475 541 3508 γ)
561 3477 659 3499 manet.
675 3488 694 3493 —
716 3481 798 3506 neque
823 3474 972 3499 substantia
999 3474 1054 3498 vini
1082 3473 1179 3498 addunt
1206 3473 1330 3498 editiones
1338 3481 1345 3504 ;
1371 3474 1440 3498 alias
1467 3480 1518 3498 non

1570 2346 1649 2376 tur:
1675 2339 1871 2376 Consentio
1884 2343 2035 2376 sanctae
2047 2339 2247 2375 Romanae
2258 2338 2459 2384 Ecclesiae,
2474 2344 2508 2375 et
2521 2338 2634 2376 corde

1570 2397 1603 2428 et
1630 2403 1696 2428 ore
1718 2393 1901 2440 profiteor
1933 2403 2071 2440 panem
2106 2396 2140 2428 et
2166 2392 2294 2429 vinum
2329 2403 2424 2441 quae
2455 2392 2493 2428 in
2521 2392 2636 2428 altari

1565 2450 1776 2494 ponuntur,
1812 2450 1894 2494 post
1925 2445 2242 2481 consecrationem
2273 2455 2405 2481 verum
2438 2455 2574 2494 corpus
2601 2450 2635 2482 et

1569 2499 1793 2547 sanguinem
1832 2498 1968 2534 Christi
2002 2509 2097 2543 esse,
2136 2502 2170 2533 et
2203 2498 2241 2533 in
2276 2498 2428 2535 veritate
2462 2498 2635 2535 manibus

1569 2550 1802 2587 sacerdotum
1838 2551 2012 2596 tractari,
2037 2550 2181 2600 frangi
2200 2555 2246 2588 ,et
2267 2549 2442 2598 fidelium
2470 2550 2636 2588 dentibus

1571 2604 1687 2640 atteri.
1716 2603 1809 2640 Non
1837 2614 1926 2651 ergo
1954 2601 2084 2640 fractio
2113 2602 2227 2640 debet
2246 2602 2399 2640 attribui
2418 2614 2634 2641 sacramen-

1571 2655 1709 2693 talibus
1737 2655 1948 2705 speciebus.

1625 2709 1700 2746 SED
1728 2720 1873 2746 CONTRA
1910 2720 1976 2746 EST
2013 2708 2122 2757 quod
2148 2707 2278 2746 finctio
2306 2708 2350 2746 fit
2385 2720 2456 2758 per
2482 2708 2634 2747 divisio-

1571 2774 1664 2798 nem
1691 2761 1835 2810 quanti.
1865 2761 1943 2799 Sed
1971 2762 2122 2798 nullum
2154 2769 2345 2811 quantum
2372 2761 2425 2798 ibi
2452 2761 2635 2799 dividitur

1571 2814 1643 2851 nisi
1677 2814 1822 2863 species
1854 2815 2166 2851 sacramentales:
2206 2814 2298 2864 quia
2331 2827 2458 2864 neque
2492 2826 2634 2864 corpus

1573 2867 1723 2914 Christi,
1744 2867 1851 2917 quod
1871 2875 1926 2904 est
1945 2866 2248 2917 incorruptibile3
2278 2879 2405 2916 neque
2424 2867 2634 2905 substantia

1570 2920 1693 2970 panis,
1713 2932 1813 2970 quae
1833 2932 1913 2957 non
1931 2927 2062 2957 manet
2075 2925 2102 2957 Ὺ.
2132 2921 2234 2968 Ergo
2253 2919 2398 2969 species
2417 2931 2633 2957 sacramen·

1571 2974 1664 3010 tales
1691 2973 1926 3022 franguntur.

1625 3027 1849 3063 Respownno
1868 3038 2049 3064 memnon
2068 3025 2176 3075 quod
2203 3025 2309 3075 apud
2327 3024 2506 3074 antiquos
2533 3025 2634 3063 circa

1572 3079 1649 3116 hoc
1675 3079 1874 3128 multiplex
1899 3078 1970 3116 fuit
1997 3077 2140 3128 opinio.
2171 3077 2343 3125 Quidam
2361 3077 2382 3100 *
2409 3077 2514 3115 enim
2532 3077 2633 3116 dixe-

1573 3138 1662 3169 runt
1696 3131 1804 3181 quod
1831 3143 1913 3169 non
1941 3138 2019 3168 erat
2053 3130 2094 3168 in
2121 3131 2198 3168 hoc
2230 3137 2471 3168 sacramento
2502 3130 2633 3169 fractio

1572 3184 1789 3222 secundum
1823 3183 1878 3221 rei
1904 3183 2120 3231 veritatem,
2158 3182 2227 3221 sed
2254 3183 2381 3220 solum
2416 3184 2631 3222 secundum

1573 3245 1769 3286 aspectum
1790 3236 2033 3274 intuentium.
2049 3258 2075 3264 -
2090 3236 2167 3274 Sed
2186 3236 2263 3273 hoc
2281 3248 2361 3274 non
2379 3243 2505 3286 potest
2522 3244 2632 3275 stare.

1574 3289 1677 3337 Quia
1713 3289 1753 3326 in
1779 3289 1857 3326 hoc
1888 3295 2127 3326 sacramento
2155 3287 2321 3326 veritatis
2340 3287 2354 3311 ὃ
2381 3301 2516 3327 sensus
2553 3302 2635 3328 non

1572 3403 1684 3428 habetur
1702 3403 1732 3436 ly
1750 3409 1833 3435 neque
1850 3401 2000 3427 substantia
2018 3401 2074 3426 vini
2090 3408 2181 3434 margo
2199 3401 2229 3427 P.

1626 3437 1651 3471 ὅ)
1670 3438 1800 3463 veritatis.
1817 3451 1837 3456 -
1854 3437 1938 3468 PlsG3
1957 3436 2064 3462 veritas.

2912 392 2918 433 1

2652 511 2663 522 ·
2669 509 2717 538 Qu.
2723 515 2792 536 ιικν,
2798 510 2864 533 nrt-6·-

2653 721 2664 732 ·
2679 720 2737 748 Cap.
2747 726 2778 743 iv.
2790 726 2813 742 n.
2826 726 2864 748 ¹03

2654 753 2673 768 s.
2683 746 2728 768 Th.
2745 748 2797 768 lect.
2812 752 2844 769 ιι.
2853 757 2865 764 -

2653 772 2829 824 ἓὲηῇἒῖῗε.
2842 774 2867 826 ἵ

2654 831 2742 875 ἳῑῑὴῖ
2751 831 2805 874 ῑθέέῖ
2817 831 2866 874 ι’ἐὲ

2655 1040 2665 1049 ·
2686 1037 2816 1063 Lauri-ane..
2837 1037 2868 1060 de

2717 1106 2732 1118 Ἰ

2655 1198 2667 1208 ·
2678 1185 2744 1218 'to-n.
2766 1201 2817 1223 cup.
2836 1201 2867 1222 vt.

2655 1228 2716 1244 vers.
2729 1228 2764 1251 5⁰·

2657 1614 2669 1626 ·
2681 1613 2708 1636 ln
2722 1619 2828 1642 corpore.

2658 1760 2736 1815 :5⁸23
2751 1765 2782 1807 {a
2794 1757 2824 1807 :5¹
2842 1764 2869 1788 ³⁵

2660 3086 2740 3109 *Vide
2786 3085 2871 3111 ιιΙιι-ιι

2659 3111 2723 3142 spu.
2848 3128 2856 3135 .

2659 3144 2712 3189 mg.
2725 3143 2800 3167 nug

2660 3172 2675 3189 ι
2707 3182 2713 3188 .
2726 3165 2786 3189 Viet.

2659 3192 2734 3242 ,ξιτ-1.,
2741 3181 2812 3220 mvl,
2820 3196 2873 3222 up.
2888 3192 2890 3196 ’
