2878 4088
161 704 170 712 ·
185 701 221 723 ef.
244 702 280 722 aa
301 701 372 728 flea,

160 734 211 755 Gap.
219 734 259 754 ΧΠ,
268 734 327 750 vert.
337 734 372 754 24-

160 1145 169 1152 ·
181 1142 188 1162 Ι
199 1141 233 1162 ad
242 1141 310 1168 Tim„
319 1147 368 1168 cap.

160 1175 184 1194 ιι,
199 1174 259 1189 vers.
274 1175 296 1194 4.

160 1197 169 1206 '¹
182 1195 216 1216 Cf.
228 1195 237 1215 1
252 1195 370 1241 P⁸“''g¹¹'

158 1227 211 1247 xix,
222 1225 263 1242 art.
275 1221 302 1247 6,
313 1227 325 1242 a
352 1228 369 1243 i.

159 1493 166 1500 '
184 1490 249 1511 Vei-s,
266 1495 301 1511 ιο.

158 1537 166 1546 ·
182 1535 238 1557 Ord.

157 1763 165 1771 ·
182 1760 217 1782 Ad
233 1760 276 1780 loc.
289 1759 327 1780 cit.
342 1760 365 1781 in

156 1794 202 1814 arg.
210 1785 305 1807 -Exod.
315 1792 365 1814 cap.

156 1819 235 1839 xxxii,
258 1819 315 1834 vers.
341 1820 363 1841 3¹

155 1847 219 1869 sqq.;
231 1845 280 1866 cap.
289 1845 366 1863 xxxin,

156 1874 214 1889 vers.
235 1871 258 1888 12
278 1866 365 1893 sqq.;l

155 1895 212 1921 Reg.
241 1898 292 1920 cap.
318 1899 364 1920 vn,

157 1927 214 1942 vers.
230 1925 251 1946 9.

154 2160 363 2191 TCap.xn,al.vm;

154 2193 176 2208 in
192 2191 236 2209 vet.
249 2193 298 2214 cap.
311 2192 349 2208 vu.

160 2964 168 2971 ·
177 2962 257 2988 1⁸11⁵⁸,
264 2968 302 2990 qu.
309 2968 367 2987 cxiv,

161 2992 201 3010 art.
218 2996 236 3011 ι.

162 3229 171 3238 ·
187 3227 253 3255 Resp.
269 3227 296 3249 ad
312 3234 330 3256 3.

163 3359 172 3368 ·
188 3357 239 3379 Lib.
254 3356 286 3383 11,
301 3357 329 3379 ιΙ.
345 3357 374 3379 de

163 3384 231 3405 Dono
263 3383 373 3405 Perseve-

163 3412 235 3436 rant„
252 3416 302 3438 cap.
315 3416 372 3432 xxu.

390 2117 466 2146 tiam
490 2121 701 2157 expectantes.
727 2116 768 2146 Et
791 2117 854 2146 hoc
879 2121 926 2146 est
949 2115 1040 2156 quod
1064 2114 1239 2155 Gregorius
1263 2115 1349 2151 dicit,
1372 2114 1460 2145 XVII
1515 2113 1615 2144 videri
1630 2119 1792 2154 poterunt.
1808 2133 1832 2137 —
1847 2114 1969 2150 Tertio,
1986 2115 2170 2156 redigentur
2184 2115 2218 2146 in
2234 2120 2352 2146 statum
2367 2115 2548 2156 antiquum.
2560 2133 2588 2139 «-

409 223 477 258 162
642 217 907 268 QUAESTIO
935 222 1084 268 LXXII,
1106 221 1399 259 ARTICULUS
1428 221 1519 258 111-
1539 220 1803 267 QUAESTIO
1831 220 1997 267 LXXIII,
2025 220 2319 258 ARTICULUS
2347 222 2361 258 I

458 300 486 330 3.
512 300 711 336 PRAETEREA‚
736 299 776 330 ad
798 300 862 330 hoc
885 305 932 330 est
957 299 1158 331 consuetudo
1183 299 1360 335 Ecclesiae,
1386 308 1468 339 quae
1524 298 1641 330 functis
1664 304 1739 328 sunt
1762 299 1853 338 quasi
1880 298 2039 338 quaedam
2069 297 2299 328 satisfactiones
2322 299 2499 329 viventium
2521 299 2591 329 vice

402 344 584 384 frequenter
607 344 686 384 petit
709 349 744 374 ut
768 349 951 374 sanctorum
979 344 1179 375 orationibus
1202 343 1378 374 adiuvetur.
1523 348 1744 378 mortuorum;
1770 347 1802 373 et
1817 341 1996 373 secundum
2016 343 2080 373 hoc
2095 347 2242 372 mortuos
2259 352 2276 373 a
2292 352 2398 383 poena
2422 343 2592 373 absolvunt

456 389 644 418 Ruspoxmzo
679 398 838 418 mmmmm
870 388 959 429 quod
990 389 1090 419 sancti
1121 388 1289 428 dupliciter
1319 387 1468 418 dicuntur
1524 397 1622 427 quam
1645 396 1713 417 non
1737 387 1910 417 solverunt.
1942 386 2005 417 Sed
2030 387 2133 417 sancti
2164 387 2220 426 qui
2247 392 2322 417 sunt
2344 388 2379 418 in
2400 388 2501 427 patria
2523 397 2591 418 non

402 442 490 463 orare
507 442 566 472 pro
583 433 686 463 nobis.
711 433 786 463 Uno
802 432 914 469 modo,
932 434 1077 464 oratione
1101 442 1262 473 expressa:
1288 431 1366 462 dum
1385 431 1467 461 votis
1523 437 1598 462 sunt
1613 432 1646 461 in
1663 436 1745 461 statu
1763 430 1985 461 satisfaciendi.
2010 431 2051 461 Et
2065 430 2140 461 ideo
2156 440 2223 461 non
2241 436 2287 461 est
2302 431 2405 462 simile
2421 431 2461 462 de
2477 441 2591 462 eorum

401 478 465 507 suis
496 487 587 508 aures
622 477 747 508 divinae
782 477 970 508 clementiae
1001 487 1060 518 pro
1091 477 1185 507 nobis
1220 476 1357 516 pulsant.
1393 475 1467 505 Alio
1490 485 1499 504 5
1524 476 1722 506 orationibus
1746 481 1776 505 et
1801 475 1840 505 de
1864 474 2019 515 suffragiis
2042 475 2215 505 Ecclesiae.

401 521 518 557 m0d0‚
544 523 635 562 quasi
665 522 810 552 oratione
840 522 1093 562 interpretativa:
1130 521 1250 551 scilicet
1273 530 1330 560 per
1353 528 1468 570 eorum
1626 539 1880 583 QUAESTIO
1905 539 2479 574 SEPTUAGESIMATERTIA

400 566 521 602 merita,
547 575 640 606 quae,
657 567 691 617 in
710 572 887 606 conspectu
911 567 978 596 eius
1003 566 1176 617 existentia,
1201 574 1268 594 non
1292 564 1399 614 solum
1422 573 1467 594 eis
1700 593 1745 618 DE
1764 593 1872 618 SIGNIS
1891 593 1985 623 QUAE
2007 592 2162 618 IUDICIUM
2181 592 2412 617 PRAECEDENT

401 610 519 641 cedunt
542 610 582 641 ad
604 610 749 651 gloriam,
774 610 830 640 sed
852 616 926 641 sunt
949 611 1042 640 nobis
1067 615 1163 640 etiam
1187 608 1333 648 suffragia
1350 613 1381 638 et
1396 617 1467 638 ora-

400 656 504 685 tiones
531 654 705 695 quaedam;
739 655 820 685 sicut
850 656 946 685 etiam
976 655 1104 694 sanguis
1135 653 1253 684 Christi
1282 662 1341 693 pro
1373 652 1467 683 nobis
1526 661 1677 725 Damna
1715 651 1984 682 considerandum
2021 656 2067 682 est
2105 650 2144 681 de
2164 651 2275 696 ‘signis
2310 660 2394 691 quae
2433 650 2590 682 iudicium

401 698 515 729 dicitur
530 700 658 730 veniam
680 705 789 739 petere
805 700 832 729 ’ἦ
857 699 1003 739 Utroque
1027 704 1134 729 autem
1157 697 1257 728 modo
1281 702 1467 727 sanctorum
1482 710 1508 725 xo
1584 696 1781 736 praecedunt
1796 696 1823 726 ἦ
2618 703 2627 713 ·
2645 700 2680 723 cf.
2704 707 2743 729 qu.
2761 707 2830 729 mx,

401 744 561 774 orationes
591 750 680 779 sunt,
706 749 863 783 quantum
891 749 937 774 est
961 744 994 774 in
1017 744 1109 783 ipsis,
1135 741 1278 772 efficaces
1302 741 1341 772 ad
1364 742 1466 781 impe·
1522 740 1615 770 Circa
1639 740 1728 780 quod
1752 746 1949 781 quaeruntur
1971 740 2039 770 tria.
2617 727 2706 749 ¹¹¹²‘0d·

400 787 549 818 trandum
580 788 669 828 quod
698 793 821 828 petunt.
854 787 917 818 Sed
944 797 981 818 ex
1005 792 1093 828 parte
1123 792 1231 817 nostra
1260 791 1368 826 potest
1399 795 1466 816 esse
1576 785 1702 815 Primo:
1727 790 1836 815 utrum
1866 784 2040 815 adventum
2071 785 2205 815 Domini
2233 783 2273 814 ad
2296 783 2452 814 iudicium
2483 784 2591 824 aliqua

400 831 553 868 defectus,
571 832 661 872 quod
676 842 743 862 non
760 841 997 872 consequamur
1015 831 1156 862 fructum
1180 831 1364 860 orationum
1379 830 1466 870 ipso·
1610 830 1698 869 signa
1721 829 1924 870 praecedant.

400 886 471 907 rum
501 876 680 907 secundum
711 876 800 916 quod
829 886 888 916 pro
919 876 1012 906 nobis
1043 885 1133 906 orare
1164 875 1314 905 dicuntur
1337 883 1375 904 ex
1404 874 1466 904 hoc
1576 873 1744 905 Secundo:
1769 879 1878 904 utrum
1908 873 2088 904 secundum
2117 874 2162 904 rei
2190 873 2356 903 veritatem
2387 872 2436 903 sol
2460 877 2491 902 et
2512 872 2590 903 luna

400 920 489 961 quod
505 921 615 951 merita
640 930 753 950 eorum
776 921 870 950 nobis
894 919 1077 960 proficiunt.
1102 918 1165 950 Sed
1181 918 1359 949 secundum
1376 918 1466 958 quod
1482 932 1504 951 ¹5
1610 919 1772 948 obscurari
1795 924 1873 949 tunc
1897 918 2043 948 debeant.

400 970 490 994 orant
506 975 565 1004 pro
581 965 674 994 nobis
690 965 771 993 votis
788 965 853 994 suis
869 963 989 1003 aliquid
1008 964 1101 993 nobis
1117 963 1323 1003 postulando,
1340 972 1466 1002 semper
1576 962 1704 992 Tertio:
1729 968 1838 993 utrum
1869 963 2000 993 virtutes
2036 962 2213 998 caelorum,
2249 962 2394 992 Domino
2429 961 2588 997 veniente,

399 1008 625 1039 exaudiuntur:
659 1009 734 1047 quia
757 1017 824 1037 non
848 1008 962 1038 volunt
985 1008 1047 1037 nisi
1070 1007 1159 1047 quod
1183 1007 1271 1037 Deus
1295 1007 1379 1042 vult,
1404 1016 1465 1036 nec
1609 1012 1810 1037 moveantur.

398 1058 511 1092 petunt
534 1053 594 1082 nisi
618 1051 707 1091 quod
730 1051 845 1081 volunt
867 1050 945 1081 fieri.
978 1051 1077 1088 Quod
1101 1056 1208 1081 autem
1231 1051 1319 1080 Deus
1343 1051 1464 1090 simpli-

399 1098 475 1127 citer
498 1096 581 1132 vult,
607 1096 774 1136 impletur:
807 1095 867 1125 nisi
890 1095 1062 1135 loquamur
1086 1095 1125 1125 de
1149 1095 1314 1124 voluntate
1338 1100 1464 1124 antece·
1638 1081 1738 1111 ΛΒΤ·
1764 1081 1786 1111 I·
1811 1091 1916 1111 UTRUM
1939 1092 2107 1112 auvam-vu
2131 1091 2242 1112 D0M¹N¹
2265 1092 2307 1112 AD
2331 1092 2471 1112 mmmm

398 1140 501 1176 dente,
518 1139 697 1170 secundum
714 1148 812 1179 quam
828 1139 896 1169 vult
919 1148 1028 1169 omnes
1051 1139 1196 1169 homines
1218 1138 1326 1169 saluos
1339 1138 1421 1179 fieri
1436 1139 1463 1173 st,
1479 1150 1505 1164 ιο
1776 1135 1987 1179 ΡΒΑΕΩΕῗῧυΒΑ
2010 1136 2078 1156 SINT
2101 1136 2218 1156 AUGUA
2242 1136 2333 1156 ⁵¹0⁸*

397 1194 478 1225 quae
495 1194 562 1214 non
579 1193 704 1224 semper
719 1183 870 1223 impletur
886 1184 912 1213 *.
938 1182 1032 1214 Unde
1053 1192 1114 1213 nec
1131 1188 1177 1213 est
1191 1183 1310 1212 mirum
1326 1182 1352 1212 si
1368 1182 1464 1212 etiam
1740 1174 1772 1196 Ν
1786 1174 1861 1202 sent„
1875 1174 1928 1196 ‘'¹³“
1944 1181 2016 1201 *ω’*
2031 1181 2071 1203 ‘³¹²-
2086 1181 2103 1200 ¹·
2117 1179 2160 1197 m·
2176 1183 2195 1202 ¹,
2211 1176 2255 1204 ‘¹¹¹¹
2268 1182 2289 1205 3,
2304 1176 2333 1198 ’ἃ
2348 1182 2368 1199 ²·

397 1229 486 1269 quod
510 1229 609 1259 sancti
625 1228 738 1258 volunt
761 1237 818 1267 per
833 1228 919 1258 hunc
943 1227 1080 1258 modum
1102 1227 1286 1262 voluntatis,
1302 1225 1464 1257 interdum
1584 1235 1604 1254 D
1636 1235 1755 1255 PRIMUM
1788 1235 1834 1255 src
1868 1235 2073 1255 pxocamwa.
2113 1225 2247 1256 Videtur
2286 1225 2376 1267 quod
2415 1226 2589 1257 adventum

396 1283 463 1303 non
486 1273 646 1313 impletur.
1521 1239 1718 1300 ADomini
1751 1269 1791 1299 ad
1825 1269 1981 1300 iudicium
2017 1279 2085 1300 non
2117 1269 2309 1310 praecedent
2346 1270 2453 1310 aliqua
2489 1271 2588 1311 signa.

451 1317 501 1347 At>
524 1327 640 1347 ramum
663 1326 746 1346 aneo
771 1325 930 1346 mensuum
962 1315 1051 1355 quod
1078 1315 1131 1346 illa
1155 1316 1257 1345 oratio
1287 1319 1464 1356 martyrum
1518 1313 1604 1352 Quia
1634 1314 1646 1343 I
1674 1314 1815 1344 Thessal.
1839 1323 1860 1344 v
1878 1314 1914 1343 *t
1949 1314 2030 1344 Cum
2061 1314 2222 1350 dix-erint,
2252 1314 2325 1345 Pax
2354 1319 2386 1345 et
2413 1314 2588 1351 securitas,
2617 1324 2627 1334 ·
2643 1322 2736 1349 ver-,3

396 1371 463 1392 non
480 1367 525 1392 est
540 1361 625 1392 aliud
650 1370 747 1401 quam
771 1369 884 1391 eorum
908 1359 1101 1390 desiderium
1126 1359 1165 1390 de
1189 1358 1364 1390 obtinenda
1383 1359 1463 1389 stola
1479 1371 1501 1391 ες
1518 1358 1704 1398 repentinus
1727 1358 1772 1388 eis
1794 1358 1998 1399 superveniet
2021 1359 2179 1389 interitus.
2204 1358 2268 1389 Sed
2290 1368 2358 1389 non
2381 1364 2464 1389 esset
2481 1368 2542 1399 pax
2557 1364 2590 1390 et

397 1407 540 1446 corporis
564 1412 594 1436 et
618 1406 767 1436 societate
791 1410 976 1435 sanctorum
1000 1405 1056 1444 qui
1080 1403 1222 1434 salvandi
1237 1409 1321 1440 sunt,
1339 1409 1370 1434 et
1386 1413 1463 1434 con·
1518 1403 1669 1433 securitas
1696 1403 1722 1432 si
1750 1403 1899 1433 homines
1929 1412 1987 1443 per
2016 1404 2106 1443 signa
2134 1403 2357 1444 praecedentia
2386 1409 2588 1434 terrerentur.

396 1460 506 1480 sensus
530 1460 596 1490 quo
621 1450 826 1480 consentiunt
856 1449 982 1479 divinae
1012 1449 1150 1479 iustitiae
1178 1449 1327 1488 punienti
1350 1448 1462 1478 malos.
1518 1447 1604 1487 Ergo
1629 1448 1719 1487 signa
1741 1456 1808 1477 non
1831 1447 2025 1487 praecedent
2047 1448 2140 1478 illum
2163 1447 2347 1478 adventum.

396 1494 488 1525 Unde
504 1495 601 1534 Apoc.
616 1505 656 1529 VI,
673 1503 769 1534 super
792 1493 871 1524 illud
886 1494 913 1529 *‚
942 1494 1112 1534 Usquequo
1129 1493 1270 1523 Domine
1293 1498 1366 1529 etc.,
1387 1492 1464 1523 dicit
1575 1501 1604 1522 2.
1629 1492 1833 1527 Pmnnm,
1861 1493 1950 1532 signa
1980 1492 2020 1523 ad
2048 1492 2341 1523 manifestationem
2371 1493 2588 1534 requiruntur.

396 1538 551 1569 Glossa*:
575 1538 771 1569 Desiderant
793 1537 952 1579 gaudium
983 1537 1088 1568 maius
1107 1543 1139 1568 et
1165 1537 1365 1567 consortium
1387 1546 1463 1568 san·
1518 1535 1581 1567 Sed
1597 1536 1753 1567 adventus
1769 1537 1837 1567 eius
1854 1535 1949 1567 debet
1965 1546 2034 1567 esse
2050 1537 2212 1568 occultus:
2233 1537 2321 1568 unde
2337 1537 2349 1568 1
2370 1537 2587 1568 nessam’:
2616 1541 2627 1552 ·
2641 1539 2709 1563 Ven-
2725 1546 2747 1562 ²-

395 1588 528 1619 ctorum,
554 1588 584 1613 et
607 1583 748 1613 iustitiae
770 1582 833 1612 Dei
857 1582 1070 1612 consentiunt.
1479 1593 1503 1613 ³0
1516 1581 1596 1611 Dies
1618 1581 1769 1616 Domini,
1793 1581 1877 1611 sicut
1890 1581 1974 1623 fur,
1999 1581 2045 1612 ita
2068 1581 2101 1612 in
2127 1586 2219 1612 nocte
2242 1582 2356 1613 veniet.
2387 1582 2473 1622 Ergo
2499 1582 2594 1622 signa*

448 1628 498 1657 An
523 1637 684 1657 SECUNDUM
707 1637 867 1657 DICENDUM
891 1626 981 1667 quod
1005 1626 1166 1657 Dominus
1190 1626 1334 1666 loquitur
1357 1626 1401 1656 ibi
1422 1624 1462 1656 de
1516 1635 1584 1655 non
1608 1624 1726 1656 debent
1749 1626 1856 1666 ipsum
1880 1625 2080 1666 praecedere.
2243 1640 2246 1644 ·

395 1672 506 1712 Moyse
531 1677 561 1702 et
585 1671 733 1702 Samuele
757 1670 935 1701 secundum
960 1676 1077 1701 statum
1101 1680 1168 1710 quo
1193 1669 1323 1701 fuerunt
1345 1671 1379 1700 in
1402 1671 1462 1701 hac
1574 1669 1604 1700 3.
1628 1669 1825 1706 Pnnmnm,
1842 1675 1970 1710 tempus
1985 1671 2081 1711 primi
2097 1670 2251 1702 adventus
2268 1670 2328 1702 fuit
2343 1670 2588 1712 praecognitum

393 1717 465 1746 vita.
500 1716 566 1756 Ipsi
588 1716 672 1746 enim
704 1716 875 1757 leguntur,
894 1725 959 1756 pro
978 1715 1104 1756 populo
1129 1719 1274 1751 orantes,
1300 1715 1370 1745 irae
1399 1714 1463 1745 Dei
1517 1723 1535 1743 a
1557 1714 1724 1754 prophetis
1739 1715 1772 1744 ἐ
1799 1714 1888 1755 quod
1908 1724 1976 1745 non
2000 1721 2047 1746 est
2070 1715 2110 1746 de
2133 1716 2276 1746 secundo
2301 1715 2440 1746 adventu
2456 1716 2500 1745 ’ἦ
2525 1713 2589 1746 Sed
2616 1720 2626 1730 '
2645 1717 2682 1740 ct.
2699 1716 2756 1740 Gen.
2776 1723 2827 1746 0⁸1³·

2615 1750 2677 1772 xm,
2701 1750 2760 1766 vers.
2786 1751 2827 1771 ιος

394 1760 553 1796 restitisse,
571 1766 607 1790 ut
630 1760 840 1790 Interlinearis
856 1761 873 1777 ⁴*
897 1759 982 1790 dicit.
1008 1760 1049 1790 Et
1072 1765 1191 1795 tamen,
1213 1759 1239 1789 si
1258 1760 1291 1790 in
1307 1759 1364 1790 illo
1381 1765 1461 1790 tem-
1515 1758 1658 1798 primum
1682 1758 1856 1789 adventum
1872 1758 1991 1790 Christi
2006 1769 2075 1790 non
2090 1765 2332 1800 praecesserunt
2351 1760 2458 1801 aliqua
2476 1760 2588 1790 huius·
2615 1771 2827 1799 nme-pamm.

393 1814 470 1844 pore
494 1804 643 1840 fuissent,
667 1814 735 1835 non
759 1805 940 1844 potuissent
971 1804 1169 1835 orationibus
1199 1803 1306 1834 Deum
1336 1804 1462 1844 placare
1477 1815 1499 1835 ις
1515 1802 1606 1833 modi
1628 1804 1727 1843 signa.
1752 1803 1838 1844 Ergo
1862 1813 1923 1834 nec
1946 1803 2126 1835 secundum
2149 1805 2351 1845 praecedent.
2615 1799 2827 1853 gpffflffffvtffi'g·

393 1849 431 1879 ad
454 1849 631 1889 populum,
656 1854 788 1889 propter
818 1849 932 1890 populi
965 1849 1048 1879 illius
1078 1849 1243 1879 malitiam.
1274 1849 1316 1879 Et
1338 1849 1391 1879 hic
1415 1854 1462 1879 est
1571 1847 1634 1878 San
1659 1857 1782 1878 com-aa
1805 1858 1859 1879 EST
1883 1848 1974 1888 quod
1997 1848 2111 1879 dicitur
2134 1849 2214 1880 Luc.
2231 1859 2283 1880 xxi
2299 1851 2334 1880 *z
2358 1848 2468 1879 Erunt
2489 1848 2587 1890 signa
2614 1840 2730 1900 :²2:³⁸²ss
2739 1841 2827 1879 ειν-αξ

392 1894 570 1924 intellectus
593 1894 724 1924 litterae.
1515 1892 1548 1922 in
1572 1892 1642 1922 sole
1664 1897 1696 1923 et
1718 1893 1797 1923 luna
1821 1897 1852 1923 et
1873 1893 1983 1924 stellis.
2615 1893 2802 1926 “dumam
2820 1919 2827 1925 .

446 1938 496 1968 An
520 1948 654 1968 raa-rrum
677 1948 838 1968 memnon
858 1937 947 1978 quod
971 1939 1030 1968 ista
1052 1947 1162 1978 pugna
1185 1938 1348 1968 bonorum
1365 1946 1460 1977 ange·
1572 1946 1602 1966 2.
1625 1936 1823 1973 Paua-nana,
1840 1937 2061 1978 Hieronymus
2079 1938 2173 1978 ponit
2189 1936 2375 1978 quindecim
2391 1937 2480 1977 signa
2495 1946 2586 1978 prae·
2613 1936 2826 1986 fflbffibrffqf

391 1983 496 2012 lorum
513 1992 580 2013 non
596 1982 781 2023 intelligitur
798 1992 836 2013 ex
852 1983 916 2013 hoc
941 1982 1031 2023 quod
1054 1981 1141 2022 apud
1157 1981 1264 2012 Deum
1289 1982 1460 2012 contrarias
1515 1980 1661 2011 cedentia
1683 1980 1840 2012 iudicium
1856 1982 1886 2011 ἐ
1912 1981 2022 2012 dicens
2045 1982 2135 2022 quod
2150 1983 2256 2022 primo
2280 1981 2332 2013 die
2355 1982 2454 2012 maria
2477 1981 2587 2012 omnia
2613 1983 2707 2022 :Vm-⁸.
2721 1973 2753 2013 ²3-

392 2028 551 2058 orationes
575 2026 764 2057 funderent:
789 2026 846 2057 sed
869 2028 944 2067 quia
968 2027 1126 2057 contraria
1149 2026 1261 2056 merita
1277 2035 1315 2056 ex
1331 2025 1461 2056 diversis
1475 2036 1501 2056 40
1516 2025 1738 2056 exaltabuntur
1761 2025 1948 2066 quindecim
1971 2027 2086 2057 cubitis
2109 2035 2205 2067 super
2228 2031 2365 2057 montes.
2381 2044 2404 2048 —
2423 2025 2585 2063 Secundo,
2613 2010 2826 2086 ῗῗιὲιιζῖἳῷζ

2667 2079 2674 2091 ,
2789 2070 2823 2087 ee.

391 2071 531 2111 partibus
554 2071 594 2102 ad
618 2071 763 2102 divinum
788 2081 922 2102 examen
945 2070 1140 2106 referebant,
1166 2070 1307 2101 divinam
1332 2075 1460 2101 senten·
1516 2070 1626 2100 omnia
1656 2079 1797 2110 aequora
1826 2075 2069 2110 prosternentur
2098 2071 2132 2101 in
2161 2070 2381 2112 profundum,
2405 2071 2448 2101 ita
2475 2075 2512 2101 ut
2533 2071 2586 2102 vix
2614 2093 2639 2112 e,
2661 2090 2826 2118 Anum-mo,

392 2161 512 2191 Moral.
530 2162 562 2197 Ἣ
597 2170 762 2201 exponens
793 2160 953 2201 praedicta
984 2160 1080 2190 verba
1110 2159 1269 2190 Danielis:
1303 2159 1461 2190 sublimes
1515 2158 1793 2197 Quart0,·belluae
1824 2169 1955 2196 omnes,
1980 2165 2012 2190 et
2035 2160 2095 2190 alia
2119 2169 2202 2200 quae
2224 2164 2397 2191 moventur
2419 2159 2453 2190 in
2476 2159 2585 2200 aquis,

389 2205 520 2245 spiritus
534 2205 684 2247 gentibus
696 2205 920 2246 principantes
937 2213 1138 2246 nequaquam
1144 2214 1210 2244 pro
1227 2204 1344 2235 iniuste
1359 2213 1461 2245 agen—
1516 2204 1797 2244 congregabuntur
1820 2209 1852 2234 et
1874 2204 2065 2235 levabuntur
2095 2213 2192 2245 super
2218 2204 2368 2245 pelagus,
2392 2213 2484 2235 more
2507 2213 2586 2235 con-

391 2249 472 2280 tibus
484 2249 657 2285 decertant,
670 2250 726 2280 sed
742 2259 854 2280 eorum
857 2250 955 2292 facta
969 2254 1054 2280 recte
1066 2248 1245 2279 iudicantes
1260 2249 1460 2279 examinant.
1475 2258 1498 2278 45
1514 2248 1667 2278 tentionis
1698 2248 1837 2279 invicem
1867 2249 2057 2289 mugientes.
2081 2267 2104 2271 -
2133 2248 2258 2287 Quinto
2268 2272 2275 2286 ,
2307 2249 2416 2279 omnia
2445 2248 2587 2279 volatilia

394 2294 535 2334 Cumque
558 2294 809 2335 uniuscuiusque
830 2294 937 2336 gentis
961 2294 1011 2324 vel
1034 2293 1129 2334 culpa
1145 2293 1196 2324 uel
1211 2293 1334 2324 iustitia
1349 2293 1394 2324 ad
1407 2302 1461 2324 su·
1516 2292 1596 2323 caeli
1618 2293 1899 2332 congregabuntur
1921 2293 1955 2323 in
1983 2294 2121 2334 campis,
2146 2294 2284 2324 invicem
2314 2293 2494 2333 plorantes,
2518 2301 2586 2323 non

386 2347 509 2378 pernae
532 2339 644 2369 curiae
666 2339 784 2369 solium
805 2339 944 2375 ducitur,
965 2338 1105 2369 eiusdem
1127 2338 1235 2379 gentis
1252 2338 1461 2379 praepositus
1514 2342 1677 2377 gustantes
1705 2346 1766 2368 nec
1794 2337 1947 2368 bibentes.
1979 2356 2001 2360 —
2031 2337 2146 2374 Sexto,
2170 2337 2304 2368 flumina
2333 2338 2426 2377 ignea
2456 2342 2595 2378 surgent*

392 2383 441 2412 vel
464 2383 637 2414 obtinuisse
662 2384 693 2413 in
718 2384 902 2419 certamine,
920 2383 970 2414 vel
987 2393 1051 2413 non
1070 2382 1244 2413 obtinuisse
1260 2383 1459 2423 perhibetur.
1516 2386 1627 2412 contra
1650 2381 1765 2412 faciem
1789 2380 1992 2418 firmamenti,
2009 2383 2048 2412 ab
2066 2391 2183 2412 occasu
2206 2381 2283 2412 solis
2302 2390 2406 2422 usque
2422 2381 2462 2412 ad
2478 2387 2586 2412 ortum

395 2427 540 2463 Quorum
557 2433 662 2458 tamen
688 2428 831 2458 omnium
848 2436 913 2458 una
938 2427 1074 2458 victoria
1098 2432 1146 2457 est
1159 2436 1257 2467 super
1276 2437 1311 2457 se
1330 2426 1461 2468 Opificis
1516 2426 1706 2456 corruentia.
1731 2445 1752 2448 —
1776 2425 1932 2466 Septimo,
1957 2427 2067 2456 omnia
2090 2426 2192 2456 sidera
2216 2427 2350 2457 errantia
2366 2431 2398 2456 et
2412 2425 2475 2456 fixa
2498 2435 2537 2456 ex
2552 2435 2585 2456 se

392 2471 540 2502 voluntas
563 2481 698 2502 summa.
726 2471 832 2508 Quam
856 2472 932 2503 dum
950 2481 1075 2512 semper
1091 2471 1261 2512 aspiciunt,
1279 2471 1366 2512 quod
1381 2471 1460 2502 obti-
1476 2479 1502 2500 5⁰
1515 2475 1664 2511 spargent
1687 2471 1796 2510 igneas
1819 2479 1929 2501 comas
1952 2471 2035 2501 sicut
2058 2476 2214 2502 cometae.
2238 2489 2260 2493 -·
2284 2470 2420 2506 Octavo,
2445 2471 2503 2500 erit
2517 2479 2585 2501 ma-

393 2525 468 2546 nere
484 2526 548 2546 non
566 2517 683 2552 valent,
701 2525 903 2557 nequaquam
928 2517 1050 2547 volunt.
1075 2515 1170 2547 Unde
1191 2525 1251 2546 nec
1268 2521 1391 2556 petunt.
1413 2515 1461 2546 Ex
1514 2524 1598 2555 gnus
1628 2520 1728 2545 terrae
1758 2520 1882 2551 motus,
1907 2521 1943 2546 ut
1972 2516 2081 2546 omnia
2110 2515 2259 2546 animalia
2289 2520 2539 2555 prosternantur.
2563 2533 2586 2538 -

393 2570 458 2600 quo
472 2562 567 2591 etiam
582 2566 669 2601 patet
681 2560 771 2601 quod
784 2562 945 2592 orationes
962 2569 1077 2591 eorum
1093 2570 1219 2600 semper
1236 2559 1459 2591 exaudiuntur.
1515 2559 1623 2595 Nono,
1641 2568 1754 2590 omnes
1777 2559 1898 2599 lapides
1917 2560 2006 2600 parvi
2022 2565 2054 2590 et
2069 2560 2177 2600 magni
2201 2559 2382 2590 dividentur
2397 2559 2430 2590 in
2447 2564 2586 2600 quatuor

447 2605 497 2635 An
522 2615 670 2636 unaarum
693 2615 854 2636 meantum
885 2605 989 2646 quod,
1014 2605 1088 2635 licet
1118 2605 1218 2635 sancti
1246 2614 1315 2635 non
1342 2605 1405 2635 sint
1427 2605 1459 2635 in
1514 2609 1636 2644 partes,
1661 2613 1858 2644 unaquaque
1887 2603 1981 2635 aliam
2011 2603 2194 2635 collidente.
2228 2622 2251 2627 -
2285 2603 2440 2640 Decimo,
2472 2612 2586 2634 omnes

393 2654 474 2679 statu
502 2649 645 2680 merendi
668 2650 727 2680 sibi
749 2655 924 2690 postquam
951 2654 1026 2680 sunt
1048 2649 1082 2679 in
1106 2650 1222 2690 patria,
1251 2654 1326 2680 sunt
1352 2654 1460 2680 tamen
1514 2648 1641 2689 plantae
1671 2649 1884 2689 sanguineum
1914 2647 2016 2679 fluent
2044 2658 2159 2679 rorem.
2191 2667 2213 2671 —
2247 2647 2447 2684 Undecimo,
2472 2657 2586 2679 omnes

394 2694 426 2723 in
449 2699 530 2724 statu
560 2693 704 2725 merendi
734 2694 819 2730 aliis,
844 2694 894 2724 vel
918 2695 1027 2734 potius
1051 2703 1089 2724 ex
1111 2694 1227 2724 merito
1257 2693 1461 2734 praecedenti
1476 2707 1498 2727 ςς
1514 2698 1642 2723 montes
1670 2698 1701 2723 et
1727 2693 1826 2724 colles
1857 2699 1888 2724 et
1915 2692 2058 2724 aedificia
2088 2693 2121 2724 in
2151 2693 2317 2734 pulverem
2348 2692 2539 2733 redigentur.
2558 2699 2586 2715 ‘-

394 2738 471 2767 alios
494 2738 639 2769 iuvandi:
665 2740 729 2770 hoc
754 2740 839 2769 enim
863 2738 950 2779 apud
966 2739 1074 2769 Deum
1096 2739 1239 2769 viventes
1262 2743 1459 2775 meruerunt,
1515 2737 1731 2774 Duodecimo,
1755 2738 1865 2768 omnia
1889 2738 2037 2768 animalia
2059 2738 2190 2768 venient
2213 2737 2252 2768 ad
2276 2746 2408 2778 campos
2434 2737 2474 2768 de
2499 2737 2586 2767 silv-is

394 2787 429 2812 ut
452 2783 611 2813 orationes
636 2793 749 2814 eorum
774 2782 998 2814 exaudirentur
1021 2788 1095 2823 post
1117 2788 1266 2813 mortem.
1516 2787 1547 2812 et
1570 2782 1745 2818 montibus,
1770 2783 1926 2822 rugientia
1949 2788 1981 2813 et
2004 2782 2083 2812 nihil
2106 2783 2273 2822 gustantia.
2297 2799 2320 2804 —
2343 2781 2585 2817 Decimotertio,

448 2827 507 2857 Vel
531 2827 703 2858 dicendum
728 2827 817 2868 quod
842 2828 944 2858 oratio
968 2837 1006 2858 ex
1029 2827 1092 2858 alio
1116 2833 1257 2858 meretur
1280 2833 1311 2858 et
1335 2837 1373 2858 ex
1397 2827 1460 2858 alio
1516 2827 1626 2857 omnia
1649 2826 1795 2866 sepulcra
1814 2827 1853 2856 ab
1870 2832 1943 2857 ortu
1966 2827 2041 2858 solis
2065 2835 2168 2867 usque
2192 2826 2232 2857 ad
2255 2835 2408 2857 occasum
2430 2826 2587 2867 patebunt

394 2871 550 2910 impetrat.
576 2872 727 2903 Meritum
750 2873 836 2903 enim
860 2872 1004 2903 consistit
1019 2872 1053 2902 in
1070 2872 1208 2912 quadam
1228 2871 1461 2912 adaequatione
1516 2870 1721 2901 cadaveribus
1755 2870 1795 2901 ad
1829 2871 2071 2911 resurgendum.
2105 2889 2128 2894 -
2162 2871 2416 2911 Decimoquarto
2429 2894 2436 2907 ‚
2471 2878 2586 2914 omnes

395 2920 482 2945 actus
506 2915 544 2946 ad
568 2915 666 2947 finem
696 2921 827 2957 propter
857 2926 956 2957 quem
987 2922 1051 2951 est,
1077 2917 1133 2956 qui
1162 2917 1191 2947 ei
1219 2917 1310 2957 quasi
1339 2925 1461 2947 merces
1475 2924 1502 2943 ⁶0
1515 2916 1664 2946 homines
1696 2915 1735 2946 de
1764 2915 1951 2946 habitaculis
1982 2916 2048 2946 suis
2078 2914 2245 2951 recedent,
2276 2924 2343 2946 non
2374 2915 2586 2955 intelligentes

395 2958 534 2990 redditur
546 2961 572 2990 ’ἢ
593 2960 655 2991 Sed
671 2962 823 2992 orationis
839 2962 1021 3002 impetratio
1038 2961 1183 2991 innititur
1199 2961 1376 2991 liberalitati
1393 2961 1462 2991 eius
1515 2969 1623 3000 neque
1646 2960 1827 3000 loquentes,
1843 2959 1899 2991 sed
1915 2959 2136 2991 discurrentes.
2152 2978 2175 2982 —
2190 2959 2454 3000 Decimoquinto‚
2471 2966 2585 2990 omnes

397 3004 451 3042 qui
474 3010 616 3044 rogatur:
641 3006 788 3045 impetrat
812 3007 898 3036 enim
922 3006 1036 3046 aliquis
1060 3005 1257 3046 quandoque
1284 3014 1322 3036 ex
1349 3005 1461 3036 libera·
1516 3005 1704 3041 morientur,
1722 3011 1752 3035 et
1767 3010 1933 3045 resurgent
1956 3010 2031 3035 cum
2054 3005 2190 3035 mortuis
2213 3004 2310 3045 longe
2325 3009 2399 3034 ante
2415 3001 2583 3034 defunctis.

396 3047 481 3077 litate
506 3049 572 3078 eius
596 3050 651 3089 qui
675 3055 814 3090 rogatur,
832 3049 921 3091 quod
944 3055 1053 3080 tamen
1076 3050 1145 3090 ipse
1171 3059 1240 3080 non
1266 3050 1392 3080 meruit.
1421 3049 1462 3080 Et
1570 3049 1761 3080 Rnspommo
1786 3058 1946 3079 nicanum(
1962 3048 2052 3090 quod
2073 3048 2218 3079 Christus
2240 3047 2280 3079 ad
2302 3047 2511 3079 iudicandum
2530 3055 2584 3077 ve-

2614 2123 2671 2172 {⁸021}
2688 2117 2825 2166 ιιὴ-ῆνῃὶά.

2673 2159 2679 2166 .
2730 2159 2745 2171 .‚
2793 2160 2798 2165 .

396 3092 448 3131 ita,
466 3094 610 3131 quamvis
634 3095 733 3124 sancti
755 3104 823 3125 non
839 3096 901 3125 sint
924 3095 957 3125 in
981 3100 1064 3125 statu
1087 3094 1242 3131 merendi,
1262 3100 1371 3125 tamen
1393 3103 1462 3125 non
1515 3094 1607 3124 niens
1630 3094 1664 3124 in
1689 3092 1791 3124 forma
1813 3093 1954 3134 gloriosa
1973 3093 2137 3134 apparebit
2152 3093 2185 3130 *‚
2207 3097 2340 3134 propter
2362 3092 2584 3122 auctoritatem
2612 3099 2824 3128 mame-pan.

397 3137 539 3175 sequitur
562 3138 650 3177 quod
674 3148 740 3168 non
764 3140 826 3169 sint
849 3140 881 3169 in
907 3144 989 3169 statu
1012 3138 1214 3179 impetrandi.
1475 3145 1499 3170 ες
1516 3147 1600 3178 quae
1622 3136 1721 3168 iudici
1745 3137 1888 3168 debetur.
1912 3137 1963 3168 Ad
1986 3137 2173 3178 dignitatem
2196 3141 2303 3168 autem
2326 3135 2508 3167 iudiciariae
2523 3144 2584 3176 po-

452 3180 501 3210 An
527 3191 665 3212 aum‘rtm
688 3193 847 3213 mea-mmm
871 3183 978 3224 quod,
1003 3184 1084 3214 sicut
1108 3193 1146 3213 ex
1170 3184 1357 3214 auctoritate
1382 3182 1462 3214 Gre-
1515 3182 1635 3213 testatis
1658 3182 1795 3222 pertinet
1818 3183 1934 3213 habere
1956 3182 2064 3223 aliqua
2086 3181 2203 3212 indicia
2221 3189 2304 3221 quae
2320 3180 2359 3211 ad
2375 3180 2584 3211 reverentiam

398 3224 478 3262 gorii
493 3225 622 3256 inducta
636 3227 652 3243 ⁴*
668 3233 764 3266 patet,
781 3228 880 3258 sancti
896 3228 946 3258 vel
963 3228 1067 3268 angeli
1082 3237 1150 3258 non
1165 3228 1281 3259 volunt
1295 3228 1356 3258 nisi
1372 3227 1462 3268 quod
1517 3231 1548 3258 et
1570 3227 1805 3257 subiectionem
1835 3226 1999 3257 inducant.
2030 3226 2072 3256 Et
2094 3225 2168 3256 ideo
2199 3224 2373 3256 adventum
2403 3224 2522 3256 Christi
2545 3223 2585 3256 ad

398 3268 431 3297 in
444 3267 547 3299 divina
559 3270 722 3301 voluntate
736 3272 953 3311 conspiciunt;
981 3278 1012 3302 et
1028 3273 1123 3303 etiam
1139 3272 1219 3303 nihil
1235 3271 1322 3303 aliud
1336 3277 1461 3312 petunt.
1516 3270 1673 3302 iudicium
1695 3271 1852 3302 venientis
1875 3271 1978 3302 multa
2000 3270 2089 3310 signa
2111 3268 2321 3310 praecedent,
2346 3274 2382 3300 ut
2405 3268 2502 3300 corda
2525 3269 2585 3299 ho-

398 3311 466 3341 Nec
488 3318 593 3344 tamen
619 3316 719 3345 oratio
745 3325 857 3346 eorum
875 3322 921 3346 est
937 3315 1152 3347 infructuosa:
1179 3317 1264 3357 quia,
1281 3317 1364 3347 sicut
1387 3315 1463 3347 dicit
1516 3316 1642 3346 minum
1665 3316 1699 3346 in
1723 3315 1957 3346 subiectionem
1979 3314 2105 3345 venturi
2127 3313 2242 3344 iudicis
2265 3313 2474 3350 adducantur,
2499 3318 2530 3344 et
2544 3312 2584 3344 ad

399 3355 605 3395 Augustinus,
629 3359 663 3388 in
686 3359 766 3389 libro
790 3359 829 3390 de
852 3360 1014 3391 Praedest.
1039 3360 1234 3392 Sanctorum
1249 3362 1276 3398 *,
1302 3361 1463 3391 orationes
1476 3370 1503 3391 70
1516 3359 1672 3391 iudicium
1694 3364 1923 3400 praeparentur
1941 3357 2127 3389 huiusmodi
2150 3358 2247 3398 signis
2270 3358 2472 3400 praemoniti.

400 3405 582 3431 sanctorum
598 3402 834 3442 praedestinatis
850 3410 995 3443 prosunt,
1013 3405 1089 3445 quia
1105 3404 1187 3436 forte
1202 3405 1463 3446 praeordinatum
1572 3403 1665 3442 Quae
1689 3409 1797 3435 autem
1819 3404 1883 3434 sint
1904 3403 1963 3433 ista
1985 3403 2084 3443 signa,
2109 3401 2150 3433 de
2173 3401 2258 3433 facili
2281 3403 2353 3433 sciri
2376 3412 2444 3433 1¹0⁰
2466 3406 2583 3442 PoteSt·

2612 3133 2670 3149 vm.
2686 3131 2721 3154 27-

401 3448 447 3472 est
469 3450 504 3474 ut
527 3446 791 3477 intercedentium
815 3449 1011 3479 orationibus
1035 3449 1204 3480 salventur.
1236 3450 1278 3480 Et
1300 3450 1344 3480 ita
1367 3449 1463 3480 etiam
1517 3448 1614 3488 Signa
1637 3449 1724 3479 enim
1748 3457 1830 3488 quae
1854 3448 1887 3478 in
1911 3447 2091 3487 Evangeliis
2114 3446 2265 3487 leguntur
2279 3448 2306 3483 *‚
2331 3452 2367 3478 ut
2385 3445 2584 3487 Augustinus
2612 3450 2824 3480 mattae-amn

402 3487 488 3517 Deus
503 3489 571 3519 vult
593 3495 629 3519 ut
652 3490 848 3521 orationibus
871 3498 1054 3523 sanctorum
1077 3494 1247 3533 impleatur
1270 3493 1350 3525 illud
1373 3493 1464 3534 quod
1517 3492 1603 3528 dicit,
1616 3491 1659 3523 ad
1673 3491 1875 3533 Hesychium
1894 3491 1934 3522 de
1947 3491 2029 3522 Fine
2046 3491 2164 3522 Mundi
2174 3492 2201 3528 ⁸,
2214 3501 2282 3522 non
2302 3491 2409 3522 solum
2425 3491 2585 3532 pertinent
2611 3477 2824 3527 ffiff‘essp'gffl

401 3531 499 3561 sancti
523 3532 630 3563 vident
654 3543 728 3564 eum
751 3534 841 3564 velle.
1517 3536 1557 3567 ad
1579 3536 1753 3567 adventum
1777 3535 1894 3566 Christi
1917 3535 1957 3566 ad
1979 3534 2153 3571 iudicium,
2178 3535 2234 3566 sed
2263 3536 2359 3566 etiam
2390 3535 2430 3566 ad
2455 3540 2584 3576 tempus
2611 3530 2673 3580 1}-
2693 3564 2709 3585 ,Ι
2723 3527 2824 3586 ffi’g‘,

456 3575 505 3605 An
530 3585 647 3606 sax-run
670 3587 828 3608 mensuum
853 3578 941 3618 quod
970 3580 1116 3621 suffragia
1139 3582 1301 3613 Ecclesiae
1325 3591 1384 3623 pro
1408 3581 1462 3613 de·
1477 3590 1500 3611 75
1518 3579 1742 3611 destructionis
1765 3579 1946 3616 Ierusalem,
1964 3585 1995 3610 et
2010 3579 2050 3610 ad
2065 3579 2239 3611 adventum
2259 3589 2326 3621 quo
2344 3579 2489 3611 Christus
2505 3576 2584 3609 con·
2611 3591 2634 3606 x.
