2878 4088
170 383 179 392 '
187 381 236 403 Lib.
247 381 319 408 XXII,
329 387 379 408 cap.

169 414 232 429 xxvi.

169 516 320 537 ‘Manichaei.
327 527 335 532 -
343 516 379 538 Cs.

169 544 228 570 Aug.
254 543 291 564 De
316 542 380 564 Hae-

169 575 226 596 res.,
243 576 264 591 n.
281 575 342 591 nvi.

169 873 178 883 ·
193 871 253 893 Dist.
269 877 284 897 ι,
296 875 355 899 part.
374 878 379 892 ι

171 898 206 926 (al.
218 904 256 926 qu.
269 898 294 927 ι),
307 902 348 920 art.
359 905 378 927 3.

167 1181 177 1191 ‘
193 1179 248 1207 Cap.

168 1213 186 1228 s.
197 1206 242 1227 Th.
259 1206 309 1227 lect.
326 1212 356 1228 iv.
368 1217 378 1223 -

167 1233 203 1255 Cf.
221 1232 281 1254 Pan.
297 1233 319 1260 1,
339 1239 377 1261 qu.

167 1266 242 1286 ικινι,
258 1262 299 1281 art.
316 1266 334 1281 ι.

266 1186 290 1205 ιι,
303 1185 325 1201 n.
342 1186 378 1205 ¹23

169 1538 177 1547 ·
192 1536 256 1559 Vers.
272 1543 305 1565 3¹.

165 2155 174 2163 ·
190 2153 247 2180 Cap.
263 2159 299 2179 iv,
314 2159 337 2174 n.
354 2160 375 2175 ιι

165 2186 216 2207 sqq.
225 2191 234 2196 -
242 2180 267 2202 S.
274 2179 318 2201 Th.
325 2180 376 2202 lect.

165 2213 187 2227 Χ.

169 3442 178 3451 ·
194 3440 231 3461 Ps.
252 3445 273 3467 1,
289 3445 345 3462 vern.
361 3447 380 3469 5.

418 221 489 257 170

410 291 533 321 derium
567 291 768 332 implendum
802 291 842 322 de
877 292 1071 324 beatitudine
1107 293 1344 334 consequenda.
1383 292 1477 323 Unde

409 336 603 376 Porphyrius
631 335 764 371 dicebat,
790 342 825 367 ut
848 337 1047 377 Augustinus
1071 337 1156 374 dicit,
1181 338 1214 368 in
1237 338 1318 368 libro
1343 337 1382 368 de
1408 337 1475 366 Civ.

408 380 471 409 Dei
486 381 512 415 ἦ
534 380 623 420 quod
647 381 784 417 animae,
801 381 845 412 ad
866 382 928 412 hoc
950 382 1037 423 quod
1058 382 1151 412 beata
1174 382 1224 418 sit,
1243 392 1336 412 omne
1359 390 1477 421 corpus

399 424 600 465 fugiendum
625 430 679 455 est.
705 425 798 456 Unde
821 426 898 456 tales
922 427 1187 457 resurrectionem
1210 436 1277 456 non
1301 426 1474 466 ponebant.

463 469 569 499 Huius
585 474 693 500 autem
709 470 872 510 opinionis
889 470 975 511 apud
991 471 1131 501 diversos
1155 470 1276 501 diversa
1296 475 1384 500 erant
1399 469 1476 500 falsa

409 512 626 544 fundamenta.
661 514 803 552 Quidam
831 516 918 545 enim
947 516 1096 546 haeretici
1119 516 1135 531 *θ
1159 520 1337 555 posuerunt
1368 514 1476 544 omnia

409 558 586 598 corporalia
609 568 678 589 esse
701 569 719 589 a
741 559 827 589 malo
851 560 1021 600 principio,
1044 560 1217 599 spiritualia
1240 569 1316 590 vero
1339 569 1356 589 a
1375 559 1474 589 bono.

408 602 448 632 Et
471 602 650 634 secundum
670 603 734 634 hoc
755 605 924 643 oportebat
944 604 1034 644 quod
1057 604 1163 634 anima
1186 613 1311 634 summe
1335 602 1476 643 perfecta

409 656 475 677 non
492 652 573 677 esset
593 648 654 678 nisi
669 657 687 677 a
703 657 838 688 corpore
855 654 1006 688 separata,
1023 658 1081 688 per
1101 648 1190 688 quod
1206 658 1224 678 a
1240 658 1299 678 suo
1316 648 1475 688 principio

409 691 599 728 distrahitur,
623 693 714 722 cuius
738 693 938 732 participatio
962 694 1063 733 ipsam
1088 693 1212 723 beatam
1236 692 1319 723 facit.
1345 692 1385 722 Et
1401 691 1475 723 ideo

409 745 522 766 omnes
545 736 779 767 haereticorum
803 742 907 767 sectae
931 747 1014 777 quae
1037 743 1164 777 ponunt
1180 747 1198 767 a
1213 736 1342 767 diabolo
1359 746 1475 778 corpo-

409 780 482 810 ralia
498 790 566 810 esse
583 786 686 811 creata
701 781 752 811 vel
768 780 912 817 formata,
932 787 1050 821 negant
1073 791 1248 821 corporum
1272 782 1475 812 resurrectio-

408 834 493 855 nem.
510 843 533 847 —
548 825 654 855 Huius
677 831 785 855 autern
809 825 1009 856 fundamenti
1030 825 1146 856 falsitas
1169 827 1201 856 in
1226 825 1365 856 Secundi
1389 826 1476 856 Libri

409 870 566 909 principio
583 870 599 885 ἥ
623 875 750 899 ostensa
773 875 829 900 est.

463 913 603 951 Quidam
634 923 710 944 vero
745 919 923 953 posuerunt
957 919 1058 944 totam
1092 915 1232 945 hominis
1266 919 1411 945 naturam
1442 915 1475 944 in

408 958 513 987 anima
537 963 691 993 constare,
708 958 751 987 ita
767 963 802 988 ut
818 959 923 988 anima
947 967 1082 998 corpore
1106 964 1247 989 uteretur
1263 959 1344 989 sicut
1359 959 1475 989 instru-

408 1007 528 1037 mento,
553 1007 607 1032 aut
631 1003 712 1032 sicut
734 1007 831 1032 nauta
854 1003 936 1032 navi.
967 1002 1061 1033 Unde
1091 1002 1271 1033 secundum
1298 1003 1380 1033 hanc
1404 1004 1475 1043 opi-

407 1046 538 1076 nionem
563 1046 706 1085 sequitur
730 1045 833 1085 quod,
859 1046 927 1076 sola
950 1047 1055 1076 anima
1079 1046 1270 1082 beatificata,
1294 1047 1396 1076 homo
1419 1057 1475 1077 na-

407 1090 498 1119 turali
522 1089 678 1120 desiderio
706 1090 909 1120 beatitudinis
938 1099 1006 1120 non
1033 1089 1243 1121 frustraretur.
1275 1091 1316 1120 Et
1339 1091 1384 1120 sic
1407 1100 1475 1121 non

407 1139 534 1174 oportet
560 1144 682 1174 ponere
709 1135 985 1164 resurrectionem.
1010 1153 1032 1156 —
1055 1134 1118 1165 Sed
1141 1135 1204 1165 hoc
1228 1134 1474 1165 fundamentum

407 1177 598 1208 sufficienter
621 1178 846 1218 Philosophus,
869 1179 902 1208 in
926 1178 953 1208 ΙΙ
969 1178 1009 1208 de
1023 1179 1141 1208 Anima
1157 1180 1184 1214 ἡ
1209 1178 1351 1215 destruit,
1368 1184 1475 1209 osten-

406 1222 483 1253 dens
507 1223 646 1253 animam
671 1224 798 1262 corpori
822 1223 904 1253 sicut
928 1222 1065 1253 formam
1088 1223 1238 1254 materiae
1261 1223 1355 1253 uniri.

461 1267 502 1297 Et
525 1268 569 1297 sic
592 1273 679 1307 patet
702 1266 801 1307 quod,
819 1268 844 1297 si
860 1268 894 1297 in
910 1267 969 1297 hac
986 1268 1049 1297 vita
1067 1267 1168 1298 homo
1191 1277 1260 1298 non
1283 1273 1390 1307 potest
1406 1277 1475 1298 esse

406 1313 526 1347 beatus,
550 1321 680 1342 necesse
704 1317 751 1342 est
774 1312 1040 1342 resurrectionem
1063 1321 1195 1352 ponere.

460 1356 511 1386 AD
535 1366 652 1386 ramum
675 1366 758 1386 aizoo
782 1366 943 1386 mcmmum
959 1355 1049 1396 quod
1065 1357 1190 1387 caelum
1212 1366 1381 1397 nunquam
1397 1362 1475 1387 atte-

405 1405 491 1430 retur
515 1406 672 1440 quantum
695 1400 735 1431 ad
758 1401 984 1431 substantiam:
1009 1400 1065 1431 sed
1088 1406 1238 1432 atteretur
1262 1407 1420 1441 quantum
1435 1401 1475 1432 ad

406 1444 556 1475 effectum
587 1445 711 1475 virtutis
743 1454 801 1485 per
833 1454 931 1484 quam
963 1450 1073 1476 movet
1105 1445 1144 1476 ad
1175 1446 1416 1486 generationem
1445 1451 1476 1476 et

406 1490 647 1530 corruptionem
677 1488 884 1525 inferiorum;
916 1490 1039 1520 ratione
1068 1490 1160 1520 cuius
1187 1489 1263 1521 dicit
1286 1490 1474 1531 Apostolus,

406 1534 418 1563 I
444 1533 520 1564 Cor.
544 1544 588 1564 vn
603 1535 638 1564 *ε
663 1534 824 1564 Praeterit
836 1534 957 1575 figura
980 1534 1076 1565 huius
1099 1534 1220 1565 mundi.

460 1579 511 1608 An
535 1588 698 1609 SECUNDUM
725 1588 884 1608 mmmmm
912 1578 1002 1618 quod
1027 1580 1134 1609 anima
1156 1579 1303 1610 Abrahae
1326 1589 1393 1610 non
1417 1585 1474 1616 est,

406 1624 534 1663 proprie
557 1622 734 1663 loquendo,
750 1624 819 1663 ipse
835 1623 1006 1659 Abraham,
1023 1623 1078 1654 sed
1103 1629 1150 1654 est
1172 1633 1244 1664 pars
1268 1625 1355 1654 eius:
1381 1629 1412 1655 et
1431 1625 1475 1655 sic

406 1667 445 1698 de
469 1667 546 1698 aliis.
571 1667 665 1698 Unde
688 1668 751 1698 vita
775 1668 900 1698 animae
922 1668 1069 1698 Abrahae
1092 1678 1160 1699 non
1181 1667 1340 1699 sufficeret
1358 1668 1397 1699 ad
1413 1669 1476 1699 hoc

406 1711 495 1752 quod
518 1712 679 1742 Abraham
709 1713 748 1742 sit
777 1713 904 1748 vivens,
929 1713 979 1743 vel
1010 1712 1100 1752 quod
1130 1713 1218 1743 Deus
1246 1713 1408 1743 Abraham
1437 1714 1477 1744 sit

406 1757 493 1786 Deus
516 1757 669 1787 viventis:
698 1756 754 1787 sed
778 1757 912 1796 exigitur
935 1757 999 1787 vita
1022 1758 1120 1788 totius
1150 1758 1332 1794 coniuncti,
1356 1758 1476 1788 scilicet

406 1801 530 1831 animae
555 1806 585 1830 et
609 1802 762 1841 corporis.
787 1801 880 1839 Quae
905 1801 1036 1841 quidem
1052 1802 1125 1838 vita,
1143 1802 1289 1842 quamvis
1307 1812 1375 1832 non
1394 1807 1476 1833 esset

406 1850 479 1876 actu
503 1845 634 1885 quando
657 1845 753 1875 verba
778 1846 1058 1885 proponebantur,
1083 1851 1148 1877 erat
1175 1852 1283 1877 tamen
1306 1847 1339 1877 in
1363 1846 1475 1877 ordine

407 1890 572 1929 utriusque
602 1891 698 1929 partis
728 1889 767 1920 ad
796 1890 1071 1921 resurrectionem.
1105 1890 1199 1922 Unde
1229 1891 1389 1922 Dominus
1418 1901 1476 1932 per

406 1934 501 1964 verba
523 1934 576 1964 illa
599 1934 801 1964 subtilissime
821 1940 852 1964 et
870 1933 1038 1965 efficaciter
1061 1936 1175 1975 probat
1197 1936 1473 1966 resurrectionem.

460 1978 511 2008 An
535 1988 670 2008 ram-mu
693 1988 852 2008 DICENDUM
876 1978 966 2019 quod
989 1980 1095 2010 anima
1118 1989 1185 2010 non
1208 1985 1412 2020 comparatur
1435 1980 1475 2011 ad

1500 473 1509 493 5

1492 701 1517 715 ¹0

1491 926 1513 946 ¹5

1490 1145 1516 1159 20

1490 1366 1513 1386 25

1491 1587 1516 1607 30

1491 1816 1513 1836 35

406 2032 522 2063 corpus
546 2022 652 2053 solum
676 2028 711 2052 ut
735 2033 870 2063 operans
895 2023 934 2053 ad
949 2024 1198 2054 instrumentum
1222 2033 1289 2064 quo
1314 2030 1473 2064 operatur,
1488 2037 1515 2058 40

405 2066 461 2097 sed
485 2067 580 2097 etiam
603 2072 639 2097 ut
662 2067 764 2097 forma
787 2067 827 2098 ad
850 2068 1024 2098 materiam.
1051 2068 1144 2099 Unde
1168 2069 1312 2109 operatio
1333 2074 1380 2099 est
1395 2078 1474 2099 con-

404 2112 515 2147 iuncti,
533 2117 564 2141 et
578 2121 646 2141 non
665 2117 790 2142 tantum
813 2112 954 2142 animae:
979 2117 1015 2142 ut
1038 2118 1124 2152 patet
1148 2122 1205 2153 per
1227 2113 1473 2153 Philosophum,

405 2156 438 2186 in
455 2155 467 2186 1
483 2155 522 2186 de
537 2156 654 2186 Anima
670 2157 697 2186 ’ἦ
721 2156 762 2186 Et
786 2157 862 2196 quia
885 2157 1030 2196 operanti
1055 2156 1188 2188 debetur
1212 2157 1318 2197 operis
1341 2167 1473 2194 merces,

405 2205 533 2240 oportet
557 2200 645 2240 quod
668 2201 736 2240 ipse
757 2201 869 2237 homo,
886 2202 1086 2241 compositus
1104 2211 1141 2232 ex
1157 2202 1263 2232 anima
1279 2207 1311 2232 et
1326 2211 1472 2242 corpore,

406 2245 511 2285 operis
541 2246 590 2275 sui
619 2244 801 2275 mercedem
832 2246 976 2285 accipiat.
1010 2246 1154 2277 Venialia
1183 2252 1292 2277 autem
1321 2247 1404 2277 sicut
1427 2246 1474 2277 di·
1488 2259 1512 2279 ις

406 2295 522 2320 cuntur
551 2295 682 2329 peccata
713 2291 804 2329 quasi
834 2289 1060 2330 dispositiones
1091 2290 1131 2321 ad
1160 2291 1378 2331 peccandum,
1406 2301 1475 2322 non

406 2333 495 2373 quod
515 2334 700 2374 simpliciter
715 2334 852 2364 habeant
874 2335 1032 2365 rationem
1047 2336 1187 2375 peccati;
1212 2336 1254 2365 ita
1270 2345 1376 2375 poena
1392 2345 1475 2376 quae

406 2379 450 2408 eis
473 2378 613 2408 redditur
636 2379 669 2408 in
693 2380 877 2419 purgatorio
909 2389 976 2410 non
1009 2385 1055 2410 est
1082 2380 1267 2420 simpliciter
1297 2381 1474 2417 retributio,

406 2423 461 2453 sed
476 2423 576 2462 magis
600 2424 746 2463 purgatio
770 2423 945 2463 quaedam;
970 2434 1053 2464 quae
1077 2434 1222 2455 seorsum
1238 2423 1274 2454 fit
1289 2425 1322 2455 in
1339 2434 1475 2465 corpore

406 2477 462 2507 per
485 2473 623 2497 mortem
647 2473 678 2498 et
701 2468 975 2504 incinerationem,
1005 2474 1035 2499 et
1058 2469 1091 2498 in
1115 2469 1221 2499 anima
1244 2478 1301 2509 per
1324 2475 1475 2509 purgato-

406 2512 489 2542 rium
511 2512 630 2551 ignem.

462 2557 512 2586 AD
533 2566 681 2586 auxarum
703 2566 863 2586 meatuum
882 2556 982 2597 quod,
1007 2558 1118 2587 ceteris
1142 2558 1280 2597 paribus,
1305 2557 1475 2598 perfectior

408 2606 454 2631 est
476 2606 574 2630 status
599 2601 723 2630 animae
746 2601 779 2631 in
804 2610 940 2641 corpore
964 2611 1062 2641 quam
1086 2607 1172 2632 extra
1191 2611 1319 2642 corpus,
1337 2603 1413 2642 quia
1429 2608 1475 2633 est

407 2654 478 2685 pars
501 2645 599 2675 totius
623 2646 812 2685 compositi,
838 2651 869 2676 et
892 2646 997 2676 omnis
1020 2655 1092 2685 pars
1118 2646 1278 2686 integralis
1306 2647 1475 2677 materialis

407 2694 454 2719 est
469 2694 615 2729 respectu
634 2690 750 2719 totius:
776 2691 922 2730 quamvis
939 2691 977 2720 sit
993 2690 1064 2720 Deo
1081 2690 1280 2721 conformior
1296 2690 1474 2722 secundum

407 2732 494 2773 quid.
517 2733 612 2764 Tunc
629 2734 725 2770 enim,
742 2734 928 2774 simpliciter
943 2734 1120 2774 loquend0,
1138 2741 1184 2765 est
1200 2735 1321 2775 aliquid
1336 2736 1475 2766 maxime

407 2778 477 2808 Deo
502 2777 669 2808 conforme
694 2778 823 2818 quando
853 2779 947 2809 habet
971 2778 1128 2819 quidquid
1152 2779 1295 2810 conditio
1319 2789 1395 2810 suae
1419 2790 1475 2810 na-

406 2828 494 2852 turae
518 2823 667 2862 requirit:
700 2824 775 2863 quia
804 2829 882 2854 tunc
912 2823 1143 2864 perfectionem
1175 2824 1315 2854 divinam
1338 2825 1475 2855 maxime

407 2867 556 2897 imitatur.
601 2866 694 2898 Unde
728 2877 784 2898 cor
815 2868 959 2898 animalis
992 2868 1092 2908 magis
1122 2874 1168 2899 est
1203 2868 1371 2899 conforme
1403 2869 1475 2900 Deo

407 2911 564 2941 immobili
588 2911 718 2952 quando
746 2918 909 2948 movetur,
935 2922 1033 2952 quarn
1062 2913 1193 2953 quando
1218 2913 1368 2953 quiescit:
1401 2914 1476 2954 quia

407 2954 561 2995 perfectio
586 2955 690 2987 cordis
715 2962 760 2987 est
783 2958 816 2987 in
840 2957 974 2993 moveri,
997 2962 1028 2987 et
1052 2958 1120 2988 eius
1144 2958 1235 2998 quies
1259 2963 1306 2988 est
1329 2958 1397 2989 eius
1421 2958 1476 2989 de-

408 3005 549 3030 structio.

460 3044 510 3073 An
535 3054 674 3075 oumrmvi
698 3055 856 3075 nxcaunum
885 3045 974 3086 quod
998 3055 1085 3076 mors
1109 3046 1283 3086 corporalis
1307 3052 1354 3076 est
1377 3047 1475 3077 intro-

408 3087 503 3118 ducta
518 3098 575 3128 per
591 3095 760 3129 peccatum
775 3089 875 3126 Adae,
894 3090 984 3130 quod
1000 3095 1047 3121 est
1062 3096 1167 3121 morte
1184 3090 1302 3121 Christi
1323 3090 1474 3122 deletum.

408 3132 501 3163 Unde
524 3142 630 3172 poena
653 3133 705 3163 illa
728 3144 796 3164 non
819 3140 928 3165 manet
943 3135 975 3165 in
992 3140 1194 3175 perpetuum.
1221 3135 1283 3166 Sed
1306 3141 1475 3176 peccatum

409 3176 497 3216 quod
520 3183 658 3208 mortem
682 3184 842 3208 aeternam
866 3188 923 3219 per
943 3179 1222 3220 impoenitentiam
1245 3179 1378 3216 inducit,
1395 3180 1474 3211 ultra

409 3230 475 3251 non
500 3222 685 3261 expiabitur.
710 3223 751 3253 Et
774 3222 846 3253 ideo
870 3233 957 3254 mors
981 3224 1034 3254 illa
1057 3229 1183 3254 aeterna
1207 3225 1274 3255 erit.

409 3296 507 3326 ART.
525 3296 561 3327 ΙΙ.
578 3307 682 3327 UTRUM
699 3308 906 3328 aasumacrxo
924 3309 970 3329 srr
986 3309 1106 3330 rurum
1124 3309 1246 3330 ommim
1262 3310 1476 3330 oauamrrea

708 3348 740 3369 lV
755 3348 822 3370 Com.
839 3348 915 3375 Gent„
932 3355 999 3377 capp.
1015 3357 1084 3376 uxx,
1099 3356 1175 3372 Lxxxi.
1470 3353 1471 3357 ¹

412 3408 493 3469 An
518 3408 679 3428 sactmmm
708 3409 753 3429 sm
781 3409 985 3430 PRocamrnR.
1016 3400 1151 3431 Videtur
1174 3401 1264 3441 quod
1287 3402 1474 3432 resurrectio

474 3452 540 3472 non
558 3444 615 3472 erit
631 3444 778 3473 omnium
795 3444 990 3483 generaliter.
1010 3445 1045 3474 In
1063 3445 1189 3475 Psalmo
1203 3446 1219 3462 ὓ
1236 3446 1321 3476 enirn
1345 3445 1473 3476 dicitur:

410 3486 484 3515 Non
510 3492 681 3527 resurgent
704 3487 793 3527 impii
816 3488 848 3517 in
874 3488 1003 3518 iudicio.
1030 3489 1093 3519 Sed
1116 3490 1303 3520 resurrectio
1327 3499 1394 3520 non
1418 3490 1476 3520 erit

410 3530 578 3560 hominum
594 3531 654 3561 nisi
670 3537 815 3570 tempore
832 3531 941 3562 iudicii
957 3533 1151 3563 universalis.
1176 3533 1262 3573 Ergo
1278 3534 1369 3574 impii
1383 3533 1474 3564 nullo

409 3573 509 3604 modo
532 3581 706 3614 resurgent.

1490 2480 1516 2500 ςο

1490 2701 1512 2722 55

1490 2923 1516 2943 6⁰

1489 3145 1514 3170 ⁶5

1489 3371 1515 3392 70

1489 3589 1513 3610 75

1052 214 1316 261 QUAESTIO
1346 213 1506 260 LXXV,
1528 213 1822 251 ARTICULUS
1851 215 1892 261 11,
1914 215 1959 251 ΙΙΙ

1590 302 1618 322 2.
1648 293 1850 328 PRAETEREA,
1882 293 1964 323 Dan.
1995 303 2038 324 xn
2060 294 2077 310 ⁴⁶
2108 293 2240 324 dicitur:
2272 294 2371 324 Multi
2399 294 2438 325 de
2467 295 2516 325 his
2546 294 2601 335 qui

1532 336 1699 367 dormiunt
1721 337 1753 367 in
1767 337 1914 377 pulvere,
1932 337 2140 379 evigilabunt.
2166 337 2229 369 Sed
2249 339 2328 369 haec
2350 339 2474 369 locutio
2499 348 2600 379 quan-

1532 380 1606 411 dam
1621 381 1900 421 particulationem
1921 383 2082 422 importat.
2107 382 2193 423 Ergo
2209 391 2277 413 non
2293 392 2407 413 omnes
2425 388 2598 423 resurgent.

1589 425 1617 455 3.
1635 426 1831 462 Paanrmum,
1844 435 1902 466 per
1912 427 2178 457 resurrectionem
2194 427 2342 457 homines
2358 426 2601 458 conformantur

1533 469 1660 500 Christo
1684 470 1878 510 resurgenti:
1903 470 1989 501 unde
2014 471 2025 501 Ι
2045 470 2121 501 Cor.
2139 480 2180 502 xv
2195 472 2211 487 ³
2236 471 2400 502 concludit
2422 471 2600 511 Apostolus

1532 513 1635 554 quod,
1660 515 1686 544 si
1710 514 1855 545 Christus
1878 516 2060 551 resurrexit,
2085 521 2117 546 et
2139 525 2199 546 nos
2223 525 2435 555 resurgemus
2470 515 2533 546 Sed
2555 515 2600 546 illi

1531 559 1591 589 soli
1615 558 1733 589 debent
1749 558 1877 589 Christo
1901 560 2078 600 resurgenti
2102 559 2298 590 conformari
2316 561 2374 600 qui
2396 560 2496 600 ipsius
2521 560 2600 590 ima-

1529 603 1639 644 ginem
1653 608 1872 644 portaverunt
1887 605 1922 634 *:
1948 603 2038 644 quod
2054 609 2101 635 est
2116 604 2225 635 solum
2241 605 2413 635 bonorum.
2438 604 2524 644 Ergo
2539 604 2600 644 ipsi

1531 648 1591 678 soli
1614 653 1788 688 resurgent.
2160 688 2163 689 ⁷

1585 701 1616 731 4.
1641 692 1837 728 Pana-raam,
1854 702 1961 733 poena
1976 702 2044 723 non
2061 692 2229 723 dimittitur
2251 693 2312 723 nisi
2335 692 2438 723 ablata
2461 692 2557 732 culpa
2572 693 2599 722 ⁴.

1530 736 1593 767 Sed
1616 746 1703 767 mors
1728 737 1902 777 corporalis
1933 743 1980 768 est
2009 747 2115 778 poena
2145 738 2268 778 peccati
2298 737 2469 778 originalis.
2502 737 2599 777 Ergo,

1531 791 1606 811 cum
1629 791 1696 812 non
1720 782 1871 812 omnibus
1894 782 1934 812 sit
1957 781 2124 813 dimissum
2152 781 2305 822 originale
2328 786 2508 822 peccatum,
2531 790 2600 812 non

1531 835 1644 856 omnes
1667 831 1840 866 resurgent.

1588 871 1616 900 5.
1637 870 1832 906 Pam-mnu,
1854 871 1936 901 sicut
1959 880 2016 910 per
2038 871 2171 911 gratiam
2195 870 2313 902 Christi
2336 871 2541 906 renascimur,
2557 870 2600 900 ita

1530 924 1587 954 per
1602 916 1734 954 gratiam
1756 915 1824 945 eius
1839 924 2051 955 resurgemus
2076 915 2139 946 Sed
2154 915 2199 946 iui
2216 915 2272 956 qui
2287 916 2321 946 in
2337 915 2488 945 maternis
2503 914 2601 945 uteris

1530 959 1712 989 moriuntur
1734 969 1902 999 nunquam
1925 965 2079 1000 poterunt
2102 961 2234 990 renasci.
2258 960 2344 1000 Ergo
2361 969 2422 990 nec
2437 968 2600 999 resurgere

1530 1008 1692 1042 poterunt.
1717 1004 1758 1034 Et
1782 1004 1826 1034 sic
1849 1013 1917 1034 non
1941 1013 2054 1034 omnes
2076 1010 2250 1045 resurgent.

1586 1046 1648 1077 Sin>
1669 1057 1792 1078 comm
1815 1058 1870 1078 κεί·
1893 1047 1983 1088 quod
2007 1048 2122 1080 dicitur
2145 1049 2232 1079 Ioan.
2251 1058 2273 1079 v
2288 1049 2321 1078 *ς
2350 1048 2469 1079 Omnes
2492 1048 2547 1088 qui
2566 1048 2599 1078 in

1530 1092 1745 1122 monumentis
1762 1097 1839 1122 sunt
1860 1092 1994 1122 audient
2012 1102 2122 1123 vocem
2137 1093 2215 1123 Filii
2231 1093 2302 1128 Dei,
2319 1098 2351 1123 et
2365 1093 2420 1134 qui
2436 1092 2602 1123 audierint

1530 1134 1646 1165 vivent.
1670 1135 1756 1175 Ergo
1782 1145 1895 1166 omnes
1918 1137 2038 1167 mortui
2061 1142 2234 1177 resurgent.

1587 1188 1616 1208 2.
1641 1179 1837 1216 Pnaarzaaa,
1862 1179 1874 1210 1
1901 1180 1977 1211 Cor.
1997 1190 2038 1211 xv
2053 1181 2070 1198 ⁴*
2094 1181 2224 1212 dicitur:
2252 1181 2372 1212 Omnes
2398 1181 2525 1222 quidem
2549 1191 2600 1212 re-

1528 1233 1710 1264 surgemus,
1736 1229 1795 1254 etc.

1586 1267 1615 1297 3.
1639 1267 2050 1304 PnanranaAsresurrectio
2074 1268 2115 1299 ad
2136 1270 2201 1300 hoc
2223 1269 2401 1300 necessaria
2423 1274 2471 1300 est
2493 1274 2529 1300 ut
2551 1278 2600 1300 re·

1529 1317 1694 1352 surgentes
1717 1313 1871 1353 recipiant
1889 1322 1949 1353 pro
1966 1313 2085 1343 meritis
2108 1323 2250 1354 poenam
2265 1314 2315 1344 vel
2330 1314 2520 1354 praemium.
2538 1312 2601 1344 Sed

1530 1356 1681 1386 omnibus
1711 1356 1846 1388 debetur
1871 1357 1922 1388 vel
1953 1367 2060 1398 poena
2082 1358 2133 1388 vel
2164 1358 2363 1398 praemium:
2394 1367 2454 1398 pro
2484 1358 2600 1389 merito

1529 1401 1678 1441 proprio,
1708 1402 1790 1432 sicut
1820 1401 1953 1438 adultis;
1986 1402 2037 1432 vel
2068 1402 2192 1439 alieno,
2216 1403 2299 1433 sicut
2328 1402 2478 1443 parvulis.
2514 1402 2600 1443 Ergo

1530 1455 1643 1476 omnes
1666 1452 1841 1486 resurgent.

1584 1490 1775 1521 Rasponnno
1799 1500 1959 1521 nicanum«
1983 1490 2073 1531 quod
2089 1501 2126 1522 ea
2142 1500 2283 1532 quorum
2306 1491 2387 1522 ratio
2411 1491 2548 1522 sumitur
2562 1499 2600 1522 ex

1529 1539 1641 1565 natura
1664 1536 1793 1575 speciei,
1810 1541 1939 1576 oportet
1961 1535 2104 1566 similiter
2126 1537 2262 1567 inveniri
2284 1536 2319 1566 in
2342 1535 2494 1567 omnibus
2517 1544 2601 1576 quae

1529 1584 1604 1609 sunt
1627 1579 1772 1610 eiusdem
1794 1581 1923 1620 speciei.
1955 1580 2042 1610 Talis
2071 1586 2180 1611 autem
2208 1585 2255 1611 est
2281 1580 2489 1611 resurrectio:
2520 1580 2600 1612 haec

1530 1624 1617 1654 enim
1641 1629 1688 1654 est
1711 1624 1780 1655 eius
1802 1625 1900 1661 ratio,
1924 1630 1961 1656 ut
1983 1634 2022 1655 ex
2045 1624 2137 1655 dictis
2153 1626 2170 1642 ⁴*
2192 1630 2296 1666 patet,
2321 1624 2411 1665 quod
2437 1625 2545 1655 anima
2565 1625 2601 1655 in

1529 1667 1727 1708 perfectione
1751 1669 1863 1699 ultima
1886 1669 2004 1709 speciei
2027 1669 2188 1700 humanae
2207 1679 2275 1700 esse
2290 1679 2359 1700 non
2374 1674 2481 1709 potest
2495 1679 2514 1699 a
2529 1678 2601 1700 cor-

1529 1721 1610 1753 pore
1630 1718 1783 1753 separata.
1808 1713 1902 1744 Unde
1926 1713 2014 1744 nulla
2037 1714 2143 1744 anima
2158 1715 2191 1744 in
2207 1719 2401 1754 perpetuum
2424 1713 2602 1744 remanebit

1530 1767 1548 1787 a
1572 1766 1708 1797 corpore
1730 1763 1882 1798 separata.
1915 1758 1956 1788 Et
1978 1757 2052 1788 ideo
2075 1767 2206 1789 necesse
2230 1764 2291 1795 est,
2315 1758 2398 1789 sicut
2419 1767 2534 1795 unum,
2556 1758 2601 1789 ita

1530 1806 1562 1831 et
1585 1811 1699 1832 omnes
1721 1811 1894 1842 resurgere.

1585 1846 1636 1876 An
1663 1856 1780 1877 pamma
1807 1856 1890 1877 aneo
1921 1856 2081 1878 memnon
2108 1846 2198 1887 quod
2221 1847 2365 1878 Psalmus
2393 1847 2538 1888 loquitur
2559 1846 2600 1878 de

1529 1890 1684 1930 spirituali
1707 1892 1949 1928 resurrectione,
1971 1901 2036 1932 qua
2058 1892 2150 1931 impii
2165 1901 2233 1922 non
2248 1896 2414 1932 resurgent
2427 1892 2463 1922 in
2477 1891 2599 1922 iudicio

1529 1934 1735 1965 discussionis
1759 1935 1990 1972 conscientiae,
2014 1941 2051 1966 ut
2079 1935 2194 1967 Glossa
2209 1937 2226 1953 ⁴*
2250 1936 2392 1976 exponit.

1583 1979 1644 2010 Vel
1667 1979 1811 2020 loquitur
1834 1979 1874 2010 de
1897 1981 2004 2020 impiis
2028 1981 2084 2021 qui
2107 1985 2181 2011 sunt
2204 1981 2340 2011 omnino
2363 1979 2518 2017 infideles,
2543 1981 2600 2021 qui

1528 2034 1596 2054 non
1619 2029 1784 2064 resurgent
1807 2030 1843 2054 ut
1865 2024 2063 2055 iudicentur:
2089 2025 2153 2055 iam
2177 2025 2265 2056 enim
2280 2024 2415 2056 iudicati
2436 2030 2513 2056 sunt
2526 2026 2554 2055 ⁹.

1584 2068 1635 2098 An
1669 2078 1831 2099 secuntum
1866 2079 2025 2099 mmmmm
2059 2068 2149 2109 quod
2183 2069 2382 2110 Augustinus
2417 2070 2550 2110 exponit
2563 2070 2598 2100 ἰ

1532 2126 1545 2139 «
1566 2113 1659 2143 multi
1677 2126 1705 2149 ›,
1730 2113 1811 2143 idest
1829 2122 1948 2144 omnes.
1973 2114 2014 2144 Et
2029 2114 2082 2144 hic
2097 2113 2215 2144 modus
2238 2114 2394 2154 loquendi
2417 2113 2600 2154 frequenter

1528 2158 1689 2188 invenitur
1711 2157 1745 2188 in
1768 2167 1855 2188 sacra
1878 2157 2040 2198 Scriptura
2055 2158 2082 2189 ⁴.

1583 2202 1643 2233 Vel
1662 2202 1863 2242 particulatio
1887 2207 1994 2242 potest
2017 2202 2149 2243 intelligi
2171 2207 2329 2243 quantum
2352 2201 2392 2233 ad
2410 2211 2530 2242 pueros
2545 2201 2599 2234 de·-

1528 2252 1656 2277 mnatos
1685 2247 1719 2277 in
1749 2247 1869 2283 limbo,
1895 2247 1950 2287 qui
1963 2270 1970 2283 ‚
1996 2247 2142 2287 quamvis
2164 2251 2350 2287 resurgent,
2373 2256 2442 2277 non
2469 2247 2599 2287 proprie

1529 2291 1679 2322 dicuntur
1709 2291 1883 2333 evigilare,
1907 2301 1983 2322 cum
2006 2301 2067 2322 nec
2095 2301 2226 2322 sensum
2248 2301 2374 2332 poenae
2395 2300 2457 2321 nec
2479 2291 2600 2332 gloriae

1528 2336 1667 2367 habituri
1689 2337 1770 2366 sint:
1795 2336 1902 2376 vigilia
1925 2336 2012 2366 enim
2036 2341 2083 2366 est
2105 2336 2225 2367 solutio
2248 2345 2361 2367 sensus
2375 2337 2402 2366 *.

1584 2381 1634 2411 An
1656 2391 1791 2411 raa-rum
1816 2391 1975 2411 memnon
1998 2380 2088 2421 quod
2111 2385 2176 2411 tam
2199 2381 2278 2411 boni
2302 2389 2400 2421 quam
2422 2380 2500 2411 mali
2520 2389 2599 2412 con-

1529 2425 1709 2458 formantur
1738 2425 1866 2456 Christo
1898 2425 2036 2456 vivendo
2067 2425 2101 2456 in
2130 2426 2189 2456 ista
2218 2426 2282 2455 vita
2308 2426 2342 2455 in
2368 2425 2417 2455 his
2448 2434 2532 2465 quae
2558 2424 2599 2456 ad

1529 2475 1676 2500 naturam
1699 2471 1817 2510 speciei
1841 2470 2016 2510 pertinent:
2044 2479 2112 2500 non
2136 2475 2244 2500 autem
2266 2470 2300 2500 in
2324 2470 2372 2500 his
2396 2478 2479 2509 quae
2502 2470 2598 2510 perti-

1529 2520 1607 2544 nent
1634 2514 1674 2545 ad
1701 2515 1843 2554 gratiam.
1876 2515 1917 2545 Et
1943 2514 2018 2545 ideo
2049 2523 2163 2545 omnes
2193 2515 2223 2545 ei
2253 2513 2542 2545 conformabuntur
2563 2514 2597 2545 in

1529 2559 1729 2599 reparatione
1761 2559 1843 2589 vitae
1879 2559 2049 2590 naturalis:
2084 2568 2153 2590 non
2185 2564 2293 2589 autem
2325 2559 2358 2589 in
2390 2557 2598 2589 similitudine

1528 2603 1659 2643 gloriae,
1683 2603 1738 2634 sed
1762 2604 1822 2634 soli
1846 2604 1934 2634 boni.

1584 2648 1635 2678 An
1660 2658 1808 2678 auxarum
1836 2657 1995 2678 nicanum«
2019 2647 2109 2688 quod
2131 2653 2281 2683 mortem,
2310 2656 2393 2688 quae
2416 2653 2463 2678 est
2491 2656 2598 2688 poena

1530 2692 1691 2732 originalis
1714 2693 1847 2733 peccati,
1872 2693 1929 2732 qui
1947 2693 1980 2722 in
1999 2692 2145 2732 originali
2169 2691 2373 2723 decesserunt
2395 2691 2599 2722 exsolverunt

1529 2736 1708 2767 moriendo.
1734 2737 1837 2773 Unde,
1861 2746 1930 2767 non
1953 2737 2099 2767 obstante
2122 2736 2268 2776 originali
2292 2736 2396 2777 culpa,
2421 2741 2557 2776 possunt
2579 2745 2598 2766 a

1529 2787 1633 2812 morte
1657 2791 1837 2822 resurgere:
1863 2790 1970 2822 poena
1993 2782 2079 2812 enim
2103 2780 2264 2821 originalis
2286 2781 2409 2821 peccati
2432 2781 2533 2821 magis
2551 2785 2598 2811 est

1529 2827 1613 2856 mori
1637 2835 1734 2866 quam
1758 2831 1862 2856 morte
1886 2825 2029 2856 detineri.

1585 2871 1635 2900 An
1665 2880 1805 2900 oum-run
1834 2879 1994 2900 mceumm
2026 2869 2116 2910 quod
2149 2869 2345 2900 renascimur
2377 2878 2434 2909 per
2464 2869 2597 2909 gratiam

1531 2914 1648 2945 Christi
1672 2915 1765 2945 nobis
1789 2914 1914 2945 datam:
1939 2913 1995 2944 sed
2017 2915 2211 2954 resurgimus
2235 2923 2292 2954 per
2314 2914 2447 2954 gratiam
2478 2911 2596 2944 Christi

1531 2969 1595 2999 qua
1618 2959 1738 2990 facturn
1763 2965 1809 2990 est
1840 2964 1876 2990 ut
1898 2964 2044 2989 naturam
2072 2963 2214 2989 nostram
2238 2958 2429 2998 susciperet;
2459 2957 2534 2996 quia
2557 2965 2596 2987 ex

1530 3004 1593 3034 hoc
1617 3005 1647 3034 ei
1669 3004 1703 3034 in
1726 3003 1922 3034 naturalibus
1946 3003 2197 3034 conformamur.
2222 3001 2316 3034 Unde
2338 3001 2384 3032 illi
2407 3001 2513 3041 quiin
2528 3010 2594 3031 ma-

1530 3049 1627 3078 ternis
1658 3049 1755 3078 uteris
1786 3047 1962 3084 decedunt,
1988 3048 2134 3088 quamvis
2164 3047 2265 3077 renati
2297 3055 2364 3076 non
2394 3044 2512 3075 fuerint
2538 3054 2595 3086 per

1530 3093 1770 3133 susceptionem
1792 3093 1919 3133 gratiae,
1943 3098 2052 3123 tamen
2074 3096 2249 3131 resurgent,
2273 3095 2404 3131 propter
2420 3088 2595 3120 conformi-

1529 3142 1627 3168 tatem
1651 3142 1782 3168 naturae
1805 3136 1844 3167 ad
1867 3137 1984 3177 ipsum,
2009 3145 2107 3177 quam
2131 3134 2296 3166 consecuti
2319 3139 2393 3164 sunt
2421 3132 2460 3163 ad
2491 3132 2595 3173 perfe-

1530 3182 1672 3212 ctionem
1695 3182 1856 3212 humanae
1879 3181 1997 3222 speciei
2020 3180 2245 3220 pertingentes.

1663 3248 1762 3279 ART.
1780 3247 1831 3278 111.
1856 3256 1960 3278 urium
1983 3254 2191 3276 amonzei-10
2215 3254 2260 3275 sn·
2283 3254 2454 3275 nunnus

1570 3297 1590 3318 11
1604 3297 1677 3323 Sem„
1694 3296 1747 3318 dist.
1762 3302 1827 3319 xvni.
1843 3301 1882 3324 qu.
1898 3301 1914 3322 i,
1927 3298 1970 3316 m.
1983 3300 2004 3322 3.
2018 3293 2047 3315 nd
2062 3299 2086 3321 3:
2101 3292 2133 3315 1v
2149 3292 2211 3314 Cone
2233 3291 2308 3318 cene„
2324 3298 2375 3320 cap.
2390 3298 2468 3322 μιιι,
2482 3291 2512 3331 ad
2527 3291 2553 3318 ὃς

1624 3322 1750 3351 compend.
1766 3321 1854 3348 Τήιοι,
1870 3319 2139 3374 οἷςέααὲονέυᾼὲέίοῧῐ
2152 3324 2206 3367 ¹2:1¹³.
2219 3324 2258 3367 ξι,
2273 3319 2324 3340 lect.
2341 3324 2373 3345 ιιι,
2389 3325 2412 3340 ιη
2428 3318 2487 3343 fine.

1595 3411 1615 3430 n
1647 3409 1782 3430 ram-nm
1808 3409 1854 3429 s1c
1885 3407 2090 3428 rnocanrrun.
2118 3396 2252 3427 Videtur
2283 3396 2373 3437 quod
2403 3396 2593 3427 resurrectio

1531 3413 1634 3475 Asit
1649 3443 1808 3474 naturalis.
1831 3443 1926 3481 Quia,
1939 3442 2021 3472 sicut
2038 3441 2113 3472 dicit
2125 3441 2353 3477 Damascenus‚
2367 3441 2399 3471 in
2418 3439 2458 3471 ΙΙΙ
2474 3441 2555 3471 libro
2565 3441 2592 3477 ³,

1529 3489 1616 3530 quod
1639 3487 1851 3518 communiter
1874 3487 1906 3516 in
1931 3486 2077 3516 omnibus
2101 3486 2279 3526 inspicitur,
2304 3491 2456 3516 naturam
2478 3485 2594 3516 chara-

1529 3533 1662 3573 cterizat
1685 3532 1717 3562 in
1740 3531 1790 3561 his
1812 3539 1895 3571 quae
1909 3530 1967 3561 sub
1984 3530 2051 3570 ipso
2069 3535 2146 3560 sunt
2169 3531 2294 3561 atomis.
2319 3529 2382 3561 Sed
2405 3529 2592 3560 resurrectio

1531 3576 1746 3606 communiter
1769 3575 1802 3605 in
1827 3575 1977 3604 omnibus
2001 3575 2170 3604 invenitur.
2196 3575 2281 3614 Ergo
2306 3579 2353 3604 est
2375 3573 2535 3604 naturalis.

2630 303 2638 312 ·
2654 301 2720 324 Vere.
2735 309 2757 324 2.

2629 475 2638 484 ·
2654 473 2721 496 Vere.
2740 479 2769 495 20
2788 480 2840 502 sqq.

2629 611 2638 619 ·
2653 607 2720 630 Vere.
2734 614 2773 637 49.

2629 694 2638 703 ι
2658 692 2692 714 Cf·
2715 692 2759 713 Iam
2781 691 2841 718 nu,

2629 725 2667 746 qu.
2681 724 2785 745 euxini,
2796 723 2839 741 ιη.

2628 751 2653 773 3;
2667 749 2709 767 ιη.
2725 751 2744 772 5,
2761 745 2790 767 ad
2803 751 2824 774 3.

2626 1057 2635 1066 ·
2654 1056 2722 1077 ven.
2737 1060 2774 1082 ²5·
2788 1054 2826 1077 28.

2629 1188 2637 1197 ·
2653 1186 2720 1208 Vere.
2735 1191 2768 1214 5ι.

2627 1627 2638 1638 ·
2654 1627 2706 1649 Art.
2724 1626 2840 1655 praeced..

2627 1652 2657 1675 ad
2670 1659 2694 1680 4.

2627 1939 2638 1949 ·
2651 1937 2737 1961 unt.

2628 2026 2638 2035 ·
2652 2024 2717 2046 loen.
2731 2029 2783 2052 etp.
2799 2030 2839 2051 in,

2627 2057 2691 2100 352⁸}
2704 2050 2758 2100 ’ἐκ
2779 2077 2839 2104 Det,

2627 2103 2840 2132 lib.xx,oep.xxiu.

2627 2159 2636 2169 '¹
2647 2157 2683 2180 Cf.
2694 2157 2773 2180 mtth.
2788 2162 2839 2185 cap.

2626 2190 2665 2211 xx,
2675 2189 2735 2207 vere.
2751 2183 2791 2211 283
2807 2183 2842 2206 ad

2626 2210 2783 2266 &aare
2809 2217 2839 2233 ..

2627 2335 2636 2346 ·
2642 2333 2714 2356 Arist.
2720 2333 2751 2356 de
2757 2333 2838 2356 Souna.

2626 2363 2650 2410 ‘s'
2659 2360 2681 2410 ζ
2699 2360 2820 2410 Aeta?
2826 2372 2836 2378 ·

2622 3444 2631 3453 ·
2638 3442 2675 3464 De
2684 3442 2834 3470 Fide-Orth„

2621 3469 2661 3491 lib.
2672 3468 2711 3494 111.
2722 3475 2773 3498 etp.
2785 3475 2833 3492 xiv.
