2918 4088
190 321 199 330 ·
214 319 238 340 1n
254 319 340 340 Decret.
358 323 399 345 pro

189 346 284 367 Armen.

188 536 198 544 “
213 533 282 554 Num.
299 539 332 554 ιιι.

183 1841 192 1850 ·
208 1839 294 1865 1³112‘,
307 1845 344 1866 qu.
357 1844 393 1864 cx,

182 1869 223 1887 art.
238 1872 257 1894 3,
275 1872 295 1891 4.

186 2528 196 2537 ‘
207 2526 280 2548 S.Th.
293 2526 398 2547 lechin.-

186 2552 396 2579 Did.1ib.V11‚cap.

187 2585 220 2605 ιιι,
236 2585 258 2600 n.
274 2579 294 2600 8.

190 3006 199 3016 ⁶
210 3005 281 3026 Arist.
293 3004 322 3026 de
335 3004 399 3025 Cael.

190 3034 213 3052 et
232 3031 312 3053 Mund.
328 3031 367 3052 lib.
383 3031 399 3055 1.

191 3063 336 3106 SIthivledi:
351 3058 401 3105 §int

193 3215 203 3224 ¹¹
217 3213 239 3234 1²
253 3212 305 3237 11³⁶,
318 3218 355 3240 qu.
367 3217 404 3238 cx,

192 3243 233 3260 art.
249 3245 269 3267 3,
285 3246 305 3264 4.

429 202 475 227 22

482 269 522 299 Et
538 269 617 300 scito
637 269 726 309 quod
748 268 845 300 hodie
868 269 974 299 minus
998 269 1094 298 libera
1118 273 1247 308 apparet
1270 267 1381 307 opinio
1398 267 1486 296 haec.

428 313 591 350 Quoniam
608 314 640 343 in
657 314 795 344 concilio
811 313 1007 348 Florentino,
1021 313 1078 342 sub
1095 312 1241 351 Eugenio
1259 311 1301 341 IV
1313 312 1339 346 ἥ,
1353 311 1487 350 legimus

428 356 636 388 differentiam
659 359 739 388 inter
762 363 955 388 sacramenta
978 357 1091 386 veteris
1110 361 1140 386 et
1155 365 1258 386 novae
1282 355 1359 394 legis
1374 355 1408 384 in
1424 355 1487 384 hoc

428 401 516 440 quod
539 402 592 432 illa
613 411 681 432 non
705 402 875 432 causabant
897 401 1038 441 gratiam,
1058 401 1115 430 ista
1130 409 1207 430 vero
1231 399 1397 430 continent
1419 408 1487 438 gra-

427 446 503 475 tiam
528 451 558 475 et
582 445 752 476 conferunt
775 455 855 475 eam.
879 445 968 475 Haec
991 445 1045 475 ibi.

482 489 564 520 VIII.
589 489 624 519 In
639 490 848 529 responsione
869 488 908 519 ad
924 488 1112 524 secundum,
1129 487 1255 518 adverte
1271 487 1415 522 Scotum,
1432 486 1487 516 ubi

427 543 521 573 supra
537 535 563 569 θ’,
587 543 647 564 nec
671 533 816 573 exempla
843 533 1020 573 praeterire.
1054 531 1147 563 Unde
1171 536 1281 562 contra
1304 530 1488 570 exemplum

428 577 466 607 de
491 576 657 607 efficientia
684 578 968 607 instrumentorum
996 575 1153 606 artificum
1177 576 1295 615 arguit,
1319 573 1487 614 probando

427 630 542 651 serram
565 630 633 651 non
649 630 716 651 esse
740 620 916 652 effectivam
940 630 1068 651 causam
1091 619 1375 650 instrumentalem.
1400 618 1488 648 Tum

427 665 502 704 quia
524 674 584 695 nec
603 664 713 704 figura,
730 674 790 695 nec
806 665 974 704 quantitas,
990 673 1051 694 nec
1066 669 1174 706 motus
1197 663 1307 694 localis
1323 667 1369 693 est
1385 662 1488 692 forma

426 709 536 739 activa.
552 726 575 731 —
591 709 678 738 Tum
694 709 779 748 quia,
796 710 877 739 sicut
901 708 1014 739 albedo
1039 708 1167 748 expellit
1190 708 1228 737 ab
1246 706 1361 737 eodem
1384 707 1488 746 nigre—

426 751 534 782 dinem
562 762 630 782 non
659 752 802 783 effective
831 752 887 783 sed
917 752 1107 788 formaliter,
1138 752 1181 782 ita
1210 760 1327 791 corpus
1359 750 1488 790 expellit

426 805 543 835 corpus
559 796 598 826 ab
615 796 730 827 eodem
754 797 827 827 loco
850 806 918 827 non
942 795 1095 831 effective,
1112 795 1168 826 sed
1191 796 1281 835 quasi
1303 794 1487 825 formaliter.

481 839 532 869 IX.
557 840 608 870 Ad
630 841 708 870 haec
732 840 823 871 facile
847 846 894 871 est
912 846 943 871 et
958 840 1162 880 respondere,
1180 845 1211 870 et
1226 844 1401 869 monstrare
1417 839 1488 869 ino-

424 884 597 922 pinabilem
613 885 695 914 hanc
711 884 799 915 Scoti
817 894 935 915 novam
958 884 1157 924 phantasiam
1173 893 1240 914 esse
1257 882 1377 913 falsam.
1403 882 1488 913 Cum

426 928 511 957 enim
541 937 676 958 movens
699 929 883 968 proximum
906 934 937 958 et
959 934 1086 958 motum
1110 933 1257 967 oporteat
1281 936 1349 957 esse
1373 927 1487 963 simu13

425 976 456 1000 et
479 977 604 1002 constet
625 972 703 1012 ligni
726 978 840 1012 partes,
865 981 947 1012 quae
971 971 1109 1002 secando
1137 977 1309 1002 moventur
1335 971 1487 1006 localiter,

423 1024 491 1044 non
515 1024 583 1046 esse
614 1016 708 1046 simul
739 1026 814 1046 cum
837 1015 955 1046 artifice
980 1016 1060 1055 (non
1084 1016 1170 1046 enim
1194 1020 1323 1055 oportet
1345 1024 1379 1045 se
1402 1015 1488 1054 tangi

425 1058 577 1089 artificem
601 1065 631 1089 et
653 1060 777 1099 lignum
801 1060 890 1099 quod
917 1060 1070 1096 secatur):
1103 1068 1305 1099 consequens
1328 1064 1375 1089 est
1398 1058 1487 1098 quod

423 1111 557 1133 movens
580 1104 764 1142 proximum
787 1110 891 1143 partes
906 1104 974 1133 illas
990 1109 1118 1143 oportet
1134 1103 1224 1143 quod
1239 1104 1278 1133 sit
1294 1112 1387 1139 serra,
1405 1112 1487 1142 quae

1107 188 1370 236 QUAESTIO
1399 187 1519 233 LXII,
1548 184 1840 223 ARTICULUS
1868 185 1898 221 lI

1542 271 1588 295 est
1612 274 1728 305 corpus
1751 272 1887 294 movens
1914 268 2052 293 motum.
2075 281 2099 285 -
2121 263 2162 294 Et
2185 263 2393 295 confirmatur
2419 265 2606 296 auctoritate

1541 309 1728 344 Aristotelis,
1746 308 1773 338 II
1789 307 1828 338 de
1843 307 1960 338 Anima
1976 307 2003 343 *,
2020 308 2169 347 ponentis
2191 313 2322 338 nautam
2345 317 2476 339 movere
2491 318 2606 340 navem
2634 309 2712 358 'quffi
2724 315 2788 359 ῑῖἐεῗ·
2799 310 2847 358 ¹¹2·-

1542 358 1573 383 et
1588 362 1686 383 manu
1703 358 1734 383 et
1748 358 1889 388 temone,
1906 351 2003 382 altera
2018 356 2054 382 ut
2068 351 2281 382 instrumento
2305 353 2490 389 coniuncto,
2507 352 2605 383 altero

1542 403 1577 427 ut
1605 398 1818 427 instrumento
1853 400 2008 435 separato.
2048 394 2184 426 Constat
2217 401 2326 426 autem
2360 395 2504 427 effective
2538 406 2607 427 esse

1541 441 1728 471 huiusmodi
1753 449 1895 471 movere.

1596 485 1648 515 Ad
1663 486 1800 525 primam
1819 494 1894 524 ergo
1914 484 2131 514 obiectionem
2155 483 2270 514 dicitur
2293 483 2393 523 quod,
2409 484 2484 514 licet
2498 489 2607 515 motus

1540 529 1650 560 localis
1680 529 1825 559 absolute
1847 537 1915 558 non
1938 528 1978 558 sit
2007 527 2111 558 forma
2140 527 2241 558 activa
2271 533 2326 558 aut
2351 528 2452 564 actio,
2475 537 2607 558 movere

1540 578 1648 604 tamen
1678 573 1821 603 localiter
1850 578 1897 602 est
1928 581 2037 612 agere,
2062 577 2098 602 ut
2119 576 2216 612 patet.
2249 571 2291 601 Et
2313 571 2368 607 sic,
2392 572 2475 602 sicut
2497 571 2608 602 artifex

1541 617 1704 647 movendo
1729 627 1845 647 serram
1865 617 1937 657 agit,
1954 617 1997 646 ita
2013 625 2105 652 serra,
2122 614 2286 646 movendo
2309 621 2414 655 partes
2427 615 2516 655 ligni,
2533 616 2606 656 agit.

1596 661 1648 691 Ad
1671 661 1846 692 secundam
1876 660 1991 691 dicitur
2020 659 2110 700 quod
2140 659 2227 690 aliud
2255 664 2302 690 est
2328 659 2421 699 loqui
2444 659 2484 690 de
2506 659 2606 690 modo

1542 715 1608 745 quo
1633 715 1750 745 corpus
1778 705 1907 745 expellit
1935 714 2054 744 corpus
2077 704 2116 734 ab
2140 703 2257 734 eodem
2279 703 2372 740 loco,
2397 708 2429 734 et
2451 702 2538 734 aliud
2561 708 2609 734 eet

1541 750 1633 790 loqui
1651 749 1690 780 de
1706 749 1807 779 modo
1831 758 1898 789 quo
1922 758 2040 789 corpus
2062 757 2198 779 movens
2220 753 2348 778 motum
2371 747 2500 788 expellit
2522 746 2609 778 aliud

1542 803 1660 833 corpus
1682 803 1700 824 a
1723 803 1783 824 suo
1807 793 1900 824 loco:
1930 794 2011 823 sicut
2034 792 2121 824 aliud
2144 798 2191 823 est
2213 793 2306 832 loqui
2329 791 2500 832 quomodo
2522 791 2609 822 calor

1542 837 1670 878 expellit
1692 837 1801 877 frigus,
1823 842 1855 867 et
1877 837 1964 867 aliud
1987 837 2156 877 quomodo
2181 846 2298 877 corpus
2321 836 2510 867 calefaciens
2526 835 2610 866 cale-

1541 881 1662 919 factum
1685 881 1814 922 expellit
1836 880 1945 921 frigus.
1968 881 2020 911 Ad
2035 882 2240 921 propositum
2263 880 2423 921 siquidem
2446 880 2608 920 quaestio-

1540 926 1589 956 nis
1611 926 1707 956 huius
1729 935 1798 956 non
1821 931 1943 965 spectat
1965 926 2122 965 primum,
2147 925 2203 955 sed
2225 924 2423 956 secundum:
2452 924 2608 964 quoniam

1540 971 1788 1000 instrumentum
1812 969 1939 999 artificis
1963 975 2009 1000 est
2032 979 2166 1000 movens
2189 975 2327 1000 motum.
2359 969 2497 1009 Ex.qu0
2521 973 2609 1009 patet

1541 1013 1630 1054 quod
1653 1014 1838 1054 exemplum
1861 1014 2011 1044 Auctoris
2038 1013 2174 1044 deservit
2197 1014 2380 1054 proposito,
2404 1013 2482 1044 dum
2506 1022 2608 1044 sacra-

1539 1064 1686 1088 mentum
1710 1058 1842 1098 ponitur
1864 1058 2112 1088 instrumentum
2136 1057 2261 1088 divinae
2283 1057 2518 1088 misericordiae
2536 1066 2609 1088 mo-

1540 1108 1611 1133 tum
1634 1111 1652 1132 a
1674 1102 1746 1132 Deo
1770 1101 1810 1132 ad
1832 1101 2031 1132 movendum
2054 1103 2194 1132 animam
2216 1103 2251 1132 in
2274 1102 2472 1132 sanctitatem
2495 1102 2554 1132 sui.

1190 1238 1508 1280 ARTICULUS
1538 1237 1839 1279 SECUNDUS

474 1333 630 1364 UTRUM
655 1332 820 1363 GRATIA
844 1331 1209 1363 SACRAMENTALIS
1230 1331 1384 1361 ADDAT
1406 1330 1587 1367 ALIQUID
1612 1330 1751 1361 SUPRA
1774 1320 1976 1361 GRATlAM
1998 1330 2232 1362 VIRTUTUM
2255 1332 2314 1362 ET
2338 1332 2559 1365 DONORUM

540 1412 615 1441 Infra,
635 1420 679 1445 qu.
698 1419 771 1440 Lxxn.
791 1416 837 1436 art.
858 1419 881 1443 7,
901 1411 933 1435 ad
954 1411 967 1435 3
974 1418 981 1441 ;
1001 1411 1021 1436 ll
1041 1411 1123 1441 Sent„
1142 1411 1200 1436 dist.
1220 1418 1286 1440 xxvi,
1306 1415 1352 1435 art.
1372 1408 1397 1440 6,
1417 1410 1448 1434 ad
1469 1408 1500 1440 5;
1519 1409 1562 1438 IV.
1581 1409 1640 1434 dist.
1658 1417 1675 1439 ι,
1695 1417 1740 1441 qu.
1758 1417 1776 1439 1,
1795 1414 1842 1435 art.
1860 1418 1887 1441 4,
1907 1409 1957 1442 qu*
1978 1408 2008 1440 5;
2027 1410 2087 1435 dist.
2105 1418 2150 1441 vn,
2169 1418 2214 1443 qu.
2232 1418 2259 1441 11,
2279 1416 2327 1438 art.
2347 1418 2370 1441 2.
2391 1412 2442 1445 qu*
2462 1412 2476 1437 3
2483 1420 2492 1444 ;

1246 1447 1287 1471 De
1311 1446 1401 1475 Verit„
1420 1453 1465 1478 qu.
1483 1452 1560 1474 xxvii,
1579 1450 1626 1470 art.
1647 1444 1672 1476 5,
1690 1445 1722 1469 ad
1743 1452 1784 1471 12.

508 1543 517 1550 ,
556 1538 593 1562 23<
615 1529 653 1553 D
668 1528 857 1554 sECUNDUM
873 1528 924 1553 sm
940 1528 1176 1553 PROOEmTUR.
1196 1515 1359 1553 Videtur
1377 1514 1484 1564 quod
1539 1514 1587 1550 ab
1616 1514 1779 1551 essentia
1807 1514 1958 1552 animae
1994 1514 2122 1552 fluunt
2150 1514 2232 1558 eius
2266 1517 2480 1565 potentiae,
2509 1518 2561 1558 ita
2588 1533 2612 1558 a

551 1558 607 1613 (εἷ-’ῆι

439 1596 622 1703 ιιξςζτι

633 1634 749 1671 supra
785 1622 943 1670 gratiam
980 1621 1167 1659 virtutum
1202 1630 1238 1658 et
1275 1622 1482 1659 donorum.

631 1569 749 1618 gratia
776 1568 1058 1606 sacramentalis
1085 1581 1166 1606 non
1194 1569 1309 1606 addat
1341 1567 1484 1616 aliquid
1538 1567 1656 1615 gratia
1683 1567 1812 1605 fluunt
1839 1568 2033 1617 quaedam
2060 1568 2311 1618 perfectiones
2339 1571 2388 1607 ad
2420 1572 2625 1620 potentias.

1540 1619 1703 1668 animae,
1724 1633 1824 1670 quae
1853 1621 2034 1658 dicuntur
2060 1621 2218 1659 virtutes
2247 1630 2284 1659 et
2299 1669 2302 1672 Δ
2317 1623 2439 1671 dona,
2466 1625 2611 1675 quibus

589 1667 707 1712 &Per
724 1675 883 1723 gratiam
903 1675 1007 1711 enim
1026 1675 1213 1712 virtutum
1233 1682 1269 1711 et
1288 1675 1485 1711 donorum
1539 1673 1732 1723 potentiae
1768 1674 2022 1723 perficiuntur
2048 1674 2087 1711 in
2116 1674 2250 1712 ordine
2279 1676 2327 1712 ad
2361 1689 2452 1714 suos
2489 1686 2608 1716 actus.

422 1728 619 1778 perficitur
646 1728 775 1765 anima
804 1727 1036 1765 sufficienter
1064 1735 1100 1764 et
1127 1735 1315 1777 quantum
1351 1726 1397 1764 ad
1428 1739 1485 1763 es·
1510 1729 1513 1769 1
1541 1726 1780 1764 Ordinantur
1807 1734 1937 1764 autem
1965 1735 2203 1765 sacramenta
2230 1728 2280 1765 ad
2303 1730 2496 1778 quosdam
2524 1743 2609 1782 spe-

423 1781 584 1819 sentiam
612 1781 775 1828 animae,
804 1789 839 1817 et
867 1788 1057 1830 quantum
1086 1781 1135 1818 ad
1170 1780 1251 1818 eius
1279 1779 1483 1830 potentias:

422 1843 464 1871 ut
491 1842 594 1884 patet
622 1847 668 1871 ex
700 1833 759 1870 his
793 1846 892 1882 quae
921 1833 961 1870 in
991 1834 1170 1871 Secunda
1203 1834 1314 1871 Parte
1339 1833 1359 1855 ’⁸
1388 1832 1487 1870 dicta

423 1896 521 1924 sunt.
553 1888 629 1924 Sed
656 1886 774 1936 gratia
802 1886 1000 1924 ordinatur
1028 1887 1076 1924 ad
1105 1886 1256 1924 animae
1289 1885 1486 1936 perfectio-

422 1952 524 1977 nem.
554 1941 656 1988 Ergo
684 1939 801 1988 gratia
838 1939 1119 1977 sacramentalis
1154 1952 1235 1977 non
1269 1947 1394 1989 potest
1422 1938 1486 1975 ali-

422 1993 515 2042 quid
535 1993 675 2030 addere
695 2005 811 2042 super
828 1992 985 2041 gratiam
1016 1992 1202 2030 virtutum
1222 2000 1258 2029 et
1277 1993 1485 2029 donorum.

477 2058 510 2082 2.
540 2047 772 2093 PRAETEREA,
794 2046 960 2082 defectus
980 2045 1131 2082 animae
1151 2058 1197 2082 ex
1215 2045 1379 2095 peccatis
1398 2057 1486 2082 cau-

422 2107 563 2135 santur.
595 2099 670 2136 Sed
691 2098 822 2136 omnia
849 2106 1004 2148 peccata
1030 2098 1263 2136 sufficienter
1281 2098 1486 2136 excludun-

421 2159 483 2188 tur
501 2163 570 2201 per
597 2151 756 2200 gratiam
774 2151 961 2188 virtutum
981 2159 1016 2188 et
1044 2152 1258 2189 donorum:
1288 2151 1379 2200 quia
1402 2152 1486 2188 nul-

422 2206 504 2241 lum
532 2212 587 2241 est
614 2212 816 2253 peccatum
844 2205 951 2253 quod
980 2216 1060 2241 non
1089 2205 1340 2242 contrarietur
1374 2203 1486 2241 alicui

422 2257 561 2294 virtuti.
592 2257 721 2295 Gratia
741 2269 830 2306 ergo
857 2257 1151 2304 sacramentalis,
1172 2270 1263 2295 cum
1290 2257 1489 2294 ordinetur

423 2311 470 2347 ad
499 2310 666 2347 defectus
685 2310 837 2348 animae
862 2310 1063 2356 tollendos,
1083 2323 1163 2348 non
1191 2318 1316 2360 potest
1343 2310 1487 2360 aliquid

423 2363 563 2399 addere
592 2375 708 2412 super
734 2363 893 2412 gratiam
920 2363 1106 2400 virtutum
1135 2371 1171 2400 et
1198 2364 1406 2401 donorum.

480 2415 513 2452 3.
544 2417 775 2463 PRAETEREA‚
796 2416 923 2453 omnis
951 2416 1094 2453 additio
1122 2418 1185 2454 vel
1213 2416 1419 2454 subtractio
1448 2416 1487 2453 in

423 2468 556 2505 formis
590 2469 710 2506 variat
745 2468 930 2518 speciem,
960 2477 1003 2506 ut
1031 2469 1167 2506 dicitur
1193 2469 1233 2506 in
1258 2471 1340 2507 VIII
1368 2472 1488 2507 Meta-

419 2523 530 2571 phys.
550 2521 570 2542 ’³‘
599 2521 639 2559 Si
673 2521 785 2570 igitur
818 2522 934 2570 gratia
969 2523 1251 2560 sacramentalis
1282 2523 1397 2560 addat
1425 2522 1489 2559 ali-

425 2573 519 2623 quid
547 2586 663 2623 super
690 2574 849 2623 gratiam
867 2575 1054 2612 virtutum
1073 2583 1109 2612 et
1137 2576 1345 2622 donorum,
1366 2575 1489 2625 sequi-

425 2635 487 2664 tur
514 2626 621 2676 'quod
649 2627 859 2676 aequivoce
889 2628 1035 2665 dicatur
1061 2628 1189 2677 gratia.
1232 2629 1280 2666 Et
1308 2628 1361 2665 sic
1395 2628 1490 2666 nihil

426 2687 574 2716 certum
602 2680 814 2718 ostenditur
833 2687 850 2702 ²
878 2693 924 2718 ex
950 2682 1027 2718 hoc
1046 2682 1153 2730 quod
1181 2689 1419 2719 sacramenta
1438 2681 1491 2719 di-

427 2740 567 2769 cuntur
593 2741 751 2781 gratiam
779 2746 948 2771 causare.

481 2786 554 2823 SED
583 2798 726 2823 CONTRA
754 2799 819 2824 EST
855 2787 973 2836 quod,
1001 2787 1031 2824 si
1059 2787 1176 2835 gratia
1210 2787 1491 2825 sacramentalis

427 2850 507 2875 non
526 2838 630 2875 addit
648 2838 791 2888 aliquid
820 2852 936 2890 super
953 2839 1112 2888 gratiam
1139 2840 1334 2877 donorum
1353 2848 1390 2877 et
1417 2840 1491 2877 vir-

427 2899 565 2938 tutum,
586 2891 723 2929 frustra
750 2901 987 2930 sacramenta
1005 2892 1236 2930 habentibus
1261 2902 1297 2930 et
1325 2894 1429 2931 dona
1457 2902 1492 2931 et

427 2944 584 2980 virtutes
612 2945 884 2982 conferrentur.
915 2947 956 2983 In
977 2946 1158 2995 operibus
1187 2954 1316 2984 autem
1336 2947 1408 2984 Dei
1437 2947 1491 2984 ni-

428 2996 481 3033 hil
509 3004 564 3034 est
581 2997 717 3034 frustra
735 2998 765 3035 ²²³.
796 2999 897 3047 Ergo
917 2999 1069 3036 videtur
1095 3000 1202 3048 quod
1225 2999 1342 3048 gratia
1371 3012 1492 3037 sacra-

429 3049 602 3086 mentalis
637 3050 780 3100 aliquid
815 3052 930 3089 addat
964 3065 1080 3102 super
1113 3052 1271 3100 gratiam
1306 3052 1492 3090 virtutum

430 3110 466 3138 et
494 3102 700 3139 donorum.

483 3155 706 3192 RESPONDEO
744 3168 925 3194 DICENDUM
961 3158 1089 3206 quod,
1119 3157 1214 3195 sicut
1241 3157 1282 3194 in
1315 3158 1493 3196 Secunda

432 3207 541 3242 Parte
560 3206 580 3227 '¹‘
607 3206 752 3244 dictum
781 3216 846 3254 est,
866 3209 993 3256 gratia,
1015 3211 1231 3247 secundum
1255 3223 1295 3247 se
1321 3210 1494 3248 conside—

433 3266 523 3304 rata,
544 3258 690 3307 perficit
718 3260 919 3297 essentiam
939 3261 1101 3307 animae,
1123 3262 1354 3310 inquantum
1381 3263 1494 3312 parti-

433 3310 532 3360 cipat
551 3312 747 3360 quandam
767 3313 1053 3351 similitudinem
1073 3314 1191 3351 divini
1211 3326 1303 3351 esse.
1332 3316 1381 3352 Et
1400 3315 1495 3352 sicut

486 3426 514 3458 α)
533 3428 692 3453 ostenditur.
710 3442 729 3446 -
748 3428 822 3453 nobis
839 3429 990 3454 ostenditur
1007 3429 1060 3455 Plc.

489 3461 513 3496 β)
532 3466 647 3489 actuum.
666 3478 684 3482 -
701 3463 808 3488 animae
826 3464 922 3489 addunt
941 3464 949 3489 1
969 3469 994 3489 et
1013 3464 1147 3490 editiones.

1540 1779 1653 1816 ciales
1681 1780 1840 1817 effectus
1867 1780 2103 1818 necessarios
2129 1781 2169 1818 in
2197 1780 2275 1818 vita
2299 1781 2531 1822 Christiana:
2561 1784 2610 1823 si-

1540 1840 1605 1869 cut
1631 1833 1845 1882 baptismus
1865 1833 2063 1871 ordinatur
2086 1834 2138 1871 ad
2155 1834 2354 1883 quandam
2373 1835 2611 1885 spiritualem

1541 1886 1890 1934 regenerationem,
1920 1899 1998 1936 qua
2026 1887 2147 1924 homo
2185 1887 2350 1926 moritur
2375 1888 2476 1926 vitiis
2503 1898 2541 1927 et
2566 1890 2611 1928 fit

1541 1939 1765 1976 membrum
1795 1939 1954 1986 Christi;
1984 1939 2052 1989 qui
2079 1940 2239 1989 quidem
2276 1941 2435 1979 effectus
2453 1950 2518 1980 *est
2545 1943 2612 1981 ali-

1542 1991 1636 2041 quid
1664 1992 1826 2042 speciale
1854 2000 2005 2042 praeter
2031 2000 2138 2030 actus
2165 1993 2426 2042 potentiarum
2445 1995 2608 2034 animae.
2642 2020 2648 2027 ·

1542 2045 1591 2082 Et
1609 2045 1747 2082 eadem
1766 2045 1861 2082 ratio
1881 2053 1937 2082 est
1963 2045 2003 2082 in
2031 2045 2112 2082 aliis
2131 2046 2389 2086 sacramentis,
2419 2047 2527 2086 Sicut
2544 2049 2611 2099 igi-

1541 2105 1604 2135 tur
1629 2097 1788 2135 virtutes
1816 2106 1852 2136 et
1871 2099 1976 2135 dona
2002 2098 2151 2136 addunt
2175 2111 2293 2149 super
2317 2099 2479 2149 gratiam
2506 2114 2612 2140 com·

1542 2151 1710 2188 munitet
1737 2151 1878 2188 dictam
1906 2152 2105 2200 quandam
2132 2152 2407 2202 perfectionem
2435 2154 2614 2194 deterrui*

1541 2211 1629 2241 nate
1649 2203 1866 2242 ordinatam
1893 2204 1943 2241 ad
1969 2205 2148 2255 proprios
2166 2213 2273 2243 actus
2299 2207 2560 2256 potentiarum
2577 2209 2608 2257 *,

1542 2257 1592 2294 ita
1619 2257 1737 2305 gratia
1755 2257 2038 2295 sacramentalis
2056 2258 2161 2296 addit
2186 2270 2303 2308 super
2328 2260 2485 2309 gratiam
2506 2273 2610 2300 corn-

1542 2310 1712 2347 muniter
1738 2310 1892 2358 dictam,
1913 2318 1949 2348 et
1968 2323 2084 2361 super
2111 2311 2268 2349 virtutes
2288 2319 2324 2349 et
2351 2313 2465 2362 dona,
2486 2315 2610 2364 quod—

1543 2364 1632 2401 dam
1663 2362 1841 2400 divinum
1859 2363 2046 2401 auxilium
2073 2364 2123 2402 ad
2142 2366 2465 2414 consequendum
2490 2367 2611 2406 sacra-

1543 2416 1663 2453 menti
1690 2416 1822 2453 finem.
1852 2418 1901 2454 Et
1927 2429 1997 2466 per
2024 2418 2130 2454 hunc
2158 2418 2324 2456 modum
2341 2419 2460 2467 gratia
2487 2433 2610 2458 sacra-

1543 2469 1719 2506 mentalis
1755 2469 1860 2507 addit
1901 2481 2018 2519 super
2053 2470 2212 2519 gratiam
2248 2471 2436 2509 virtutum
2464 2481 2501 2510 et
2542 2474 2611 2512 do—

1543 2535 1698 2559 norum.

1597 2577 1654 2612 An
1675 2587 1810 2613 PmMUM
1837 2587 1936 2613 ERGO
1955 2588 2137 2614 DICENDUM
2157 2577 2264 2626 quod
2289 2577 2407 2626 gratia
2424 2578 2612 2618 virtutum

1545 2636 1581 2665 et
1609 2629 1802 2666 donorum
1834 2628 2066 2666 sufficienter
2092 2629 2241 2679 perficit
2260 2630 2464 2669 essentiam
2487 2640 2524 2670 et
2542 2644 2612 2682 po-

1544 2681 1679 2719 tentias
1707 2681 1858 2718 animae
1878 2690 2069 2731 quantum
2088 2683 2137 2720 ad
2164 2685 2383 2731 generalem
2404 2685 2610 2724 ordinatio-

1545 2747 1637 2772 nem
1665 2742 1823 2771 actuum
1843 2733 1867 2771 β.
1899 2735 1975 2771 Sed
2005 2743 2194 2784 quantum
2223 2737 2272 2773 ad
2300 2738 2492 2787 quosdam
2520 2739 2612 2776 effe—

1546 2795 1629 2825 ctus
1657 2787 1839 2837 speciales
1867 2787 1934 2836 qui
1953 2788 2202 2837 requiruntur
2228 2789 2267 2826 in
2288 2790 2502 2828 Christiana
2519 2790 2609 2839 vita,

1546 2840 1750 2890 requiritur
1778 2841 2059 2878 sacramentalis
2086 2842 2215 2891 gratia.

1598 2894 1656 2930 An
1688 2906 1878 2931 SECUNDUM
1914 2906 2096 2932 monimum
2133 2895 2241 2944 quod
2277 2904 2348 2945 per
2381 2895 2540 2934 virtutes
2575 2905 2612 2935 et

1547 2947 1650 2984 dona
1687 2946 1919 2984 sufficienter
1959 2948 2215 2985 excluduntur
2249 2948 2341 2986 vitia
2378 2956 2415 2985 et
2455 2957 2612 2998 peccata

1547 3007 1738 3049 quantum
1775 2999 1825 3036 ad
1860 3012 2041 3049 praesens
2078 3008 2114 3037 et
2150 3001 2340 3038 futurum:
2379 3001 2612 3052 inquantum

1547 3052 1685 3090 scilicet
1713 3052 1922 3101 impeditur
1947 3054 2070 3090 homo
2103 3064 2174 3102 per
2201 3052 2358 3091 virtutes
2387 3062 2423 3091 et
2457 3055 2561 3093 dona
2589 3068 2611 3093 a

1547 3105 1756 3155 peccando.
1787 3106 1864 3142 Sed
1899 3113 2086 3155 quantum
2123 3106 2172 3142 ad
2199 3105 2400 3155 praeterita
2435 3116 2611 3157 peccata,

1547 3170 1647 3207 quae
1675 3165 1874 3195 transeunt
1901 3165 1988 3196 actu
2017 3166 2053 3196 et
2079 3166 2308 3208 permanent
2331 3167 2438 3197 reatu
2457 3165 2484 3208 Υ,
2505 3161 2612 3199 adhi-

1548 3211 1659 3247 betur
1696 3210 1845 3247 homini
1882 3210 2099 3248 remedium
2140 3211 2351 3260 specialiter
2384 3224 2454 3262 per
2490 3226 2613 3252 sacra-

1548 3270 1689 3299 menta.

1602 3317 1659 3352 An
1687 3327 1845 3353 TERTmM
1878 3328 2060 3354 DICENDUM
2094 3317 2202 3366 quod
2235 3317 2330 3355 ratio
2363 3328 2613 3358 sacramenta-

1602 3430 1629 3464 γ)
1649 3434 1753 3457 reatu...
1772 3432 1949 3457 instrumento
1967 3439 2005 3457 ex
2022 3430 2082 3466 (art.
2099 3440 2126 3464 4.
2145 3433 2177 3458 ad
2198 3432 2265 3467 3).-
2283 3434 2344 3459 Om.
2363 3434 2398 3465 E;
2418 3435 2539 3469 antiquus
2558 3444 2615 3461 cor-

1549 3471 1633 3491 rector
1651 3467 1751 3499 reliqua
1770 3467 1876 3491 secundi
1895 3467 1992 3492 articuli
2011 3475 2091 3501 super
2105 3469 2248 3502 marginem
2266 3470 2428 3503 superiorem
2446 3471 2549 3504 scripsit
2562 3476 2587 3497 et
2600 3479 2615 3497 e

1548 3501 1654 3533 regione
1672 3504 1749 3527 reatu
1769 3506 1840 3527 notat
1857 3502 1899 3527 hic
1918 3502 2042 3536 deficiunt
2061 3503 2111 3528 due
2130 3507 2199 3536 qoes.

2636 2212 2648 2223 ·
2660 2210 2691 2235 n.
2702 2211 2763 2241 σῃ.
