2918 4088
218 294 227 303 ‘
251 292 320 314 Hom.
343 292 415 313 XLV!

217 319 247 340 al.
264 318 333 340 XLV.

217 395 227 404 ·
243 393 308 415 Vers.
315 355 359 422 ⁷¹56.

217 603 427 632 'Inloan.Evang.,

216 634 282 652 tract.
304 630 389 657 XXVI,
405 638 427 653 ιι.

217 663 249 684 ¹7·

214 920 312 947 '1bid.,
328 927 350 942 ιι.
368 927 397 949 ¹3·

213 1510 224 1520 '¹
235 1509 282 1536 Qu.
293 1515 372 1536 Lxxffl,
382 1512 425 1530 art.

212 1543 233 1564 3.

215 2501 225 2511 ·
235 2499 260 2521 In
276 2499 429 2522 introductio-

215 2532 244 2548 ne
257 2527 409 2555 quaestionis.

215 2679 226 2690 ·
242 2677 277 2700 Cf.
293 2683 357 2700 num.
373 2683 404 2700 ix.

217 2991 228 3001 ·
246 2990 311 3012 Ῑοιιι.
330 2996 382 3017 cap.
397 2996 429 3018 νι,

218 3023 278 3039 vers.
293 3023 327 3045 59.

311 3126 329 3136 σι

219 3168 230 3178 ·
238 3166 274 3188 Cf.
283 3172 346 3189 num.
353 3172 376 3194 n,
385 3172 429 3188 νιιι.

220 3251 230 3261 ·
244 3250 280 3272 Cf.
295 3255 358 3272 num.
373 3256 404 3272 νι.

220 3384 231 3394 ·
246 3381 283 3404 Cf.
298 3387 362 3403 num.
377 3387 408 3403 ιιι.

220 3430 231 3440 ·
245 3428 282 3450 Cf.
299 3434 362 3450 num.
377 3433 418 3450 vn.

465 152 539 188 218

458 236 604 266 nostrae
630 231 869 266 substantiam
886 230 1002 276 fulcit.
1034 231 1082 267 Et
1103 231 1405 280 Chrysostomus
1426 230 1523 277 dicit,

424 308 430 318 ,
455 295 569 332 supra
597 284 704 319 Ioan.
725 282 758 318 *ι
796 284 963 320 Praestat
989 295 1029 319 se
1049 289 1066 310 η
1096 285 1201 321 nobis
1236 284 1525 320 desiderantibus

457 341 490 372 et
511 336 672 386 palpare
700 341 732 371 et
760 336 955 372 comedere
983 342 1015 372 et
1043 337 1225 386 amplecti.
1256 337 1366 374 Unde
1389 344 1425 372 et
1443 335 1524 385 ipse

457 388 650 425 Dominus
670 388 767 435 dicit,
789 389 891 425 Ioan.
908 401 942 426 vt
956 389 991 426 *ε
1018 391 1117 426 Caro
1138 402 1222 427 mea
1236 401 1323 427 vere
1341 395 1391 426 est
1410 390 1522 435 cibus,

456 447 489 477 et
515 443 670 491 sanguis
697 453 800 478 meus
827 454 915 479 vere
942 448 992 479 est
1015 448 1135 491 potus.

509 495 658 542 Quarto
687 494 950 532 consideratur
969 495 1127 532 effectus
1155 494 1272 531 huius
1296 494 1523 532 sacramenti

455 560 501 584 ex
537 548 736 597 speciebus
772 547 811 584 in
840 548 981 597 quibus
1010 549 1085 585 hoc
1113 547 1272 584 traditur
1307 559 1522 584 sacramen-

454 608 550 638 tum.
589 601 699 638 Unde
728 608 764 637 et
792 601 1044 649 Augustinus,
1074 600 1218 637 ibidem
1237 601 1274 646 ²¹⁸,
1304 600 1410 637 dicit:
1444 602 1521 637 Do-

454 656 576 691 minus
612 660 735 691 noster
769 666 904 703 corpus
936 660 969 691 et
995 656 1219 704 sanguinem
1256 666 1364 690 suum
1400 655 1437 690 in
1471 655 1522 690 eis

454 709 563 744 rebus
597 707 869 745 commendavit
897 720 992 756 quae
1019 708 1069 744 ad
1095 720 1211 744 unum
1240 707 1392 756 aliquod
1426 707 1521 744 redi-

453 766 595 810 guntur
622 773 671 797 ex
698 760 841 796 multis.-
870 773 1030 810 namque
1048 758 1060 780 θ
1090 760 1202 806 aliud,
1232 759 1371 797 scilicet
1398 759 1520 809 panis,
1546 800 1548 803 y

454 826 503 850 ex
530 814 652 850 multis
687 815 820 863 granis
848 815 884 850 in
915 826 1030 850 unum
1058 819 1210 859 constat,
1240 813 1353 859 aliud,
1384 812 1522 849 scilicet

453 866 603 911 vinum,
633 879 682 903 ex
708 866 831 902 multis
859 868 1016 903 racemis
1044 868 1207 916 confluit.
1248 867 1296 902 Et
1324 865 1411 902 ideo
1440 865 1525 914 ipse

453 919 541 956 alibi
570 919 670 965 dicit,
695 931 806 968 super
824 921 931 956 Ioan.
952 918 989 955 ³¹³:
1024 919 1055 956 Ο
1073 925 1348 956 sacramentum
1362 920 1519 968 pietatis,

458 972 488 1009 O
514 974 664 1022 signum
694 973 851 1017 unitatis,
886 972 917 1008 Ο
943 972 1132 1009 vinculum
1161 973 1333 1008 caritatis.

506 1026 554 1061 Et
581 1025 673 1074 quia
702 1024 876 1061 Christus
896 1032 932 1060 et
951 1024 1033 1061 eius
1056 1024 1184 1073 passio
1214 1031 1269 1060 est
1296 1035 1413 1060 causa
1439 1036 1521 1072 gra·

452 1077 536 1121 tiae,
567 1085 602 1114 et
631 1076 834 1126 spiritualis
872 1077 1025 1113 refectio
1054 1084 1090 1113 et
1118 1076 1252 1113 caritas
1287 1075 1368 1112 sine
1404 1076 1522 1124 gratia

453 1142 535 1167 esse
564 1142 644 1166 non
672 1137 809 1179 potest,
830 1141 876 1165 ex
904 1129 1087 1166 omnibus
1115 1128 1335 1178 praemissis
1363 1128 1522 1165 manife-

452 1191 555 1220 stum
575 1190 629 1219 est
648 1183 754 1232 quod
782 1183 858 1219 hoc
882 1190 1167 1219 sacramentum
1186 1181 1346 1230 gratiam
1365 1181 1520 1218 confert.

506 1238 562 1273 AD
590 1248 725 1273 PRIMUM
744 1247 843 1272 ERGO
871 1247 1053 1273 mOENDUM
1077 1235 1184 1284 quod
1204 1235 1281 1271 hoc
1306 1246 1522 1271 sacramen-

451 1297 536 1326 tum
565 1301 611 1326 ex
639 1289 765 1337 seipso
794 1287 975 1325 virtutem
1003 1288 1118 1325 habet
1136 1287 1296 1336 gratiam
1324 1287 1522 1324 conferen-

452 1342 508 1379 di:
538 1354 610 1379 nec
638 1341 774 1391 aliquis
801 1341 916 1378 habet
943 1341 1102 1390 gratiam
1131 1348 1217 1378 ante
1237 1340 1522 1389 susceptionem

452 1395 568 1432 huius
601 1394 828 1432 sacramenti
866 1394 937 1431 nisi
966 1407 1012 1431 ex
1045 1394 1226 1444 aliquali‘
1255 1401 1347 1430 voto
1383 1393 1521 1442 ipsius,

451 1450 514 1485 vel
541 1461 611 1498 per
638 1448 820 1497 seipsum,
842 1448 938 1485 sicut
966 1447 1096 1493 adulti,
1117 1448 1179 1484 vel
1199 1454 1292 1484 voto
1316 1446 1521 1493 Ecclesiae,

452 1501 549 1539 sicut
571 1501 734 1551 parvuli,
755 1501 851 1538 sicut
880 1513 996 1550 supra
1015 1501 1035 1523 ’¹‘
1064 1501 1210 1538 dictum
1239 1507 1304 1537 est.
1334 1500 1447 1537 Unde
1476 1512 1522 1537 ex

452 1555 621 1592 efficacia
648 1554 797 1592 virtutis
834 1554 952 1604 ipsius
982 1562 1037 1591 est
1065 1554 1173 1603 quod
1206 1553 1321 1591 etiam
1354 1565 1401 1590 ex
1428 1561 1522 1590 voto

451 1608 571 1658 ipsius
591 1608 727 1658 aliquis
746 1607 906 1656 gratiam
925 1615 1196 1657 consequatur,
1217 1619 1287 1656 per
1305 1619 1426 1656 quam
1449 1606 1522 1656 spi-

452 1662 635 1699 ritualiter
662 1660 889 1698 vivificetur.
918 1662 1050 1698 Restat
1068 1660 1181 1709 igitur
1199 1668 1252 1708 ut,
1273 1672 1364 1697 cum
1391 1660 1522 1709 ipsum

452 1722 738 1757 sacramentum
757 1714 905 1752 realiter
933 1714 1110 1760 sumitur,
1129 1713 1247 1763 gratia
1270 1721 1465 1762 augeatur,
1486 1720 1523 1750 et

452 1768 530 1805 vita
549 1767 750 1818 spiritualis
769 1767 999 1817 perficiatur.
1030 1767 1148 1804 Aliter
1165 1775 1296 1804 tamen
1315 1779 1433 1816 quam
1454 1778 1524 1816 per

453 1829 738 1858 sacramentum
767 1820 1092 1868 confirmationis,
1122 1820 1162 1858 in
1191 1832 1270 1870 quo
1299 1827 1461 1868 augetur
1489 1827 1525 1856 et

452 1874 650 1924 perficitur
676 1874 793 1923 gratia
820 1875 869 1911 ad
887 1873 1174 1924 persistendum
1201 1880 1334 1910 contra
1362 1872 1524 1910 exterio-

453 1940 513 1964 res
540 1927 852 1977 impugnationes
879 1927 1130 1964 inimicorum
1160 1926 1312 1965 Christi.
1347 1927 1421 1963 Per
1448 1926 1525 1963 hoc

453 1989 584 2018 autem
612 1988 898 2018 sacramentum
926 1988 1087 2029 augetur
1113 1979 1243 2028 gratia,
1265 1987 1301 2016 et
1327 1979 1525 2029 perficitur

504 2105 519 2128 η
551 2104 587 2122 se.
606 2110 625 2115 -
643 2096 704 2120 Om.
725 2095 791 2120 PFc.

505 2096 531 2166 0))
550 2138 672 2163 namque.
690 2145 709 2150 -
727 2131 769 2156 CE
784 2135 808 2156 et
822 2131 909 2161 tertia;
929 2137 991 2155 nam
1011 2130 1083 2162 quod
1103 2130 1180 2160 ABD,
1200 2136 1262 2154 nam
1281 2129 1353 2163 quod
1371 2129 1477 2162 quidem
1492 2128 1522 2153 F.

451 2169 501 2193 Pro
520 2176 557 2193 ex
576 2167 666 2192 multis
685 2166 805 2195 racemis,
826 2166 852 2190 in
873 2173 953 2190 unum
972 2173 1010 2190 ex
1028 2165 1120 2190 multis
1139 2165 1252 2190 racemis
1271 2163 1368 2198 (acinis
1382 2165 1410 2194 Ρ,
1424 2165 1471 2189 sed
1490 2163 1522 2189 cf.

452 2212 497 2237 qu.
516 2211 588 2229 mxxv,
608 2208 654 2227 art.
677 2210 700 2228 2.
720 2210 774 2234 arg.
795 2201 829 2235 3.)
845 2202 938 2232 PGHc,
959 2201 984 2225 in
1005 2209 1086 2226 unum
1111 2201 1198 2226 acinis
1216 2201 1239 2231 1;
1263 2201 1303 2226 ed.
1322 2208 1340 2225 a
1359 2200 1434 2233 legit:
1460 2206 1522 2224 nam

451 2239 516 2272 quid
528 2238 612 2267 aliud,
625 2238 725 2263 scilicet
739 2238 828 2269 panis,
843 2237 895 2262 nisi
908 2237 980 2269 quod
992 2243 1029 2261 ex
1043 2237 1134 2261 multis
1147 2236 1243 2269 granis
1257 2236 1283 2261 in
1300 2243 1381 2260 unum
1395 2234 1524 2261 constat?

451 2278 478 2300 et
496 2275 562 2307 quid
585 2274 669 2303 aliud,
688 2273 787 2299 scilicet
810 2273 909 2301 vinum,
930 2273 982 2297 nisi
999 2272 1072 2304 quod
1090 2279 1128 2297 ex
1146 2272 1237 2297 multis
1255 2272 1368 2297 racemis
1386 2270 1524 2305 confluit?

506 2309 525 2344 ι)
545 2310 597 2335 nisi
614 2317 652 2334 ex
670 2309 791 2342 aliquali.
809 2323 828 2327 -
845 2307 898 2342 (vel
917 2307 947 2342 P)
967 2308 1021 2333 nisi
1038 2315 1076 2333 ex
1094 2307 1186 2340 aliquo
1205 2307 1279 2332 tertia
1298 2311 1400 2340 praeter
1418 2306 1466 2331 sG.

1137 153 1400 199 QUAEsT1o
1429 153 1606 198 LXXIX,
1640 152 1933 189 ARTICULUS
1961 153 1975 188 1

1580 230 1782 280 spiritualis
1802 230 1889 277 vita,
1911 230 1960 266 ad
1987 231 2063 267 hoc
2082 231 2189 279 quod
2207 231 2330 268 homo
2350 231 2389 268 in
2407 231 2534 281 seipso
2561 243 2646 281 per-

1578 285 1697 321 fectus
1726 283 1857 320 existat
1884 294 1954 332 per
1981 283 2295 321 coniunctionem
2323 284 2372 321 ad
2400 285 2541 321 Deum.

1632 338 1689 373 AD
1709 348 1900 373 SECUNDUM
1920 347 2103 373 DICENDUM
2131 337 2239 385 quod
2267 338 2342 374 hoc
2362 345 2646 374 sacramentum

1578 390 1722 426 confert
1740 388 1900 437 gratiam
1928 388 2178 438 spiritualiter,
2199 401 2290 426 cum
2309 389 2446 427 virtute
2470 390 2642 427 caritatis.

1578 443 1689 480 Unde
1717 442 1983 478 Damascenus
2001 441 2022 463 ’¹‘
2040 449 2239 490 comparat
2258 442 2334 478 hoc
2360 451 2645 480 sacramentum

1577 495 1734 533 carboni
1754 507 1871 544 quem
1892 493 2005 531 Isaias
2024 493 2130 540 vidit,
2151 494 2267 531 Isaiae
2282 507 2316 531 VI
2331 494 2370 531 *ε
2396 496 2520 533 Carbo
2540 495 2644 533 enim

1575 550 1720 599 lignum
1748 548 1908 597 simplex
1936 559 2010 584 non
2040 553 2106 593 est,
2134 548 2200 584 sed
2226 549 2368 584 unitum
2396 549 2498 597 igni:
2534 550 2584 586 ita
2612 555 2646 586 et

1569 603 1683 651 panis
1716 602 1989 638 communionis
2008 606 2023 621 κ
2053 613 2127 637 non
2155 600 2316 649 simplex
2343 601 2456 648 panis
2484 606 2553 646 est,
2581 602 2648 638 sed

1576 656 1697 691 unitus
1724 655 1913 692 divinitati.
1945 653 2049 690 Sicut
2077 660 2207 689 autem
2237 652 2444 700 Gregorius
2471 653 2578 697 dicit,
2605 654 2645 690 in

1576 707 1746 744 Homilia
1774 708 2018 744 Pentecostes
2037 706 2068 752 ²¹⁸,
2098 719 2209 743 amor
2226 707 2301 743 Dei
2327 718 2401 742 non
2423 711 2473 743 est
2492 708 2646 744 otiosus:

1574 772 1718 810 magna
1746 762 1844 797 enim
1873 765 2061 809 operatur,
2081 761 2114 796 si
2131 765 2191 796 est.
2222 759 2270 796 Et
2288 758 2376 796 ideo
2404 770 2474 808 per
2493 759 2568 795 hoc
2587 771 2644 796 sa-

1575 821 1830 860 cramentum,
1851 820 2042 861 quantum
2071 820 2126 849 est
2154 824 2200 849 ex
2228 811 2287 848 sui
2315 811 2464 858 virtute,
2485 823 2566 848 non
2585 824 2645 849 so—

1575 868 1658 903 lum
1678 866 1830 903 habitus
1848 865 1988 913 gratiae
2004 873 2040 902 et
2053 865 2202 902 virtutis
2222 865 2427 911 confertur,
2444 864 2510 901 sed
2530 864 2646 902 etiam

1577 919 1761 956 excitatur
1788 919 1827 955 in
1855 926 2002 955 actum:
2033 919 2251 955 secundum
2279 918 2372 955 illud
2400 919 2430 955 ΙΙ
2453 919 2540 955 Cor.
2561 930 2585 955 v
2602 917 2643 954 *ε

1579 974 1725 1009 Caritas
1748 973 1884 1009 Christi
1901 977 2010 1021 urget
2029 984 2106 1008 nos.
2127 972 2175 1008 Et
2194 971 2283 1008 inde
2303 978 2358 1007 est
2377 971 2484 1020 quod
2505 982 2551 1007 ex
2569 970 2644 1007 vir-

1575 1033 1654 1062 tute
1674 1024 1791 1061 huius
1810 1025 2037 1061 sacramenti
2056 1024 2186 1061 anima
2205 1023 2446 1074 spiritualiter
2465 1023 2643 1071 reficitur,

1576 1089 1646 1126 per
1677 1078 1753 1114 hoc
1790 1077 1896 1126 quod
1929 1077 2059 1114 anima
2092 1077 2306 1114 delectatur·
2325 1075 2360 1121 λ,
2390 1085 2427 1113 et
2454 1077 2644 1126 quodam-

1576 1130 1697 1167 modo
1717 1129 1926 1166 inebriatur
1953 1129 2156 1166 dulcedine
2184 1129 2363 1167 bonitatis
2381 1129 2556 1167 divinae:
2587 1142 2644 1167 se-

1576 1183 1751 1219 cundum
1770 1181 1863 1218 illud
1886 1183 1992 1218 Cant.
2009 1194 2032 1219 v
2045 1182 2084 1218 *z
2110 1182 2309 1228 Comedite,
2326 1184 2450 1229 amici,
2465 1188 2499 1219 et
2516 1184 2646 1227 bibite,-

1576 1241 1610 1272 et
1637 1236 1886 1280 inebriamini,
1915 1236 2108 1271 carissimi.

1630 1289 1687 1324 AD
1722 1299 1894 1324 ‘reatum-
1915 1299 2098 1324 monimum
2133 1287 2258 1336 quod,
2285 1286 2377 1336 quia
2408 1295 2647 1324 sacramenta

1577 1347 1786 1390 operantur
1813 1340 2030 1376 secundum
2068 1339 2355 1377 similitudinem
2393 1352 2463 1389 per
2489 1352 2608 1389 quam
2629 1346 2647 1369 μ

1577 1393 1801 1442 significant,
1822 1392 1910 1430 ideo
1938 1405 2008 1442 per
2035 1393 2234 1442 quandam
2258 1392 2572 1430 assimilationem
2590 1393 2647 1430 di-

1577 1447 1675 1484 citur
1715 1447 1823 1496 quod
1861 1445 1900 1482 in
1938 1447 2014 1483 hoc
2051 1453 2291 1483 sacramento
2329 1458 2463 1496 corpus
2491 1446 2648 1496 offertur

1571 1512 1646 1550 pro
1665 1500 1783 1537 salute
1809 1500 1990 1549 corporis,
2010 1505 2043 1536 et
2069 1501 2224 1549 sanguis
2245 1511 2321 1549 pro
2340 1499 2457 1536 salute
2475 1501 2649 1537 animae:

1577 1552 1758 1603 quamvis
1782 1560 1992 1601 utrumque
2021 1552 2071 1589 ad
2099 1553 2262 1589 salutem
2287 1551 2487 1602 utriusque
2511 1564 2647 1602 opere-

1577 1614 1649 1654 tur,
1679 1618 1768 1643 cum
1799 1605 1870 1643 sub
1899 1613 2065 1654 utroque
2093 1613 2195 1642 totus
2223 1604 2269 1642 sit
2297 1604 2483 1652 Christus,
2510 1613 2554 1643 ut
2583 1617 2648 1644 su-

1576 1672 1647 1709 pra
1665 1659 1685 1681 *
1712 1658 1859 1696 dictum
1887 1666 1953 1695 est.
1983 1659 2032 1696 Et
2058 1658 2144 1696 licet
2162 1662 2303 1708 corpus
2331 1670 2412 1695 non
2440 1658 2486 1696 sit
2511 1658 2646 1696 imme-

1577 1713 1726 1750 diatum
1759 1711 1978 1749 subiectum
2009 1711 2168 1760 gratiae,
2198 1724 2245 1749 ex
2273 1711 2404 1749 anima
2434 1719 2564 1750 tamen
2591 1723 2647 1749 re·

1576 1766 1724 1803 dundat
1752 1765 1910 1802 effectus
1927 1763 2067 1813 gratiae
2096 1764 2145 1802 ad
2173 1776 2332 1814 corpus:
2362 1764 2459 1802 dum
2478 1764 2519 1802 in
2536 1777 2646 1814 prae-

1576 1818 1674 1856 senti
1708 1820 1878 1855 membra
1921 1823 2047 1855 nostra
2087 1819 2301 1855 exhibemus
2341 1830 2451 1855 arma
2491 1819 2646 1856 iustitiae

1577 1873 1673 1918 Deo,
1694 1879 1736 1908 ut
1764 1871 1928 1916 habetur
1945 1871 2058 1908 Rom.
2074 1883 2108 1907 νι
2127 1870 2167 1917 *;
2197 1878 2234 1907 et
2256 1869 2296 1907 in
2323 1870 2452 1908 futuro
2472 1882 2614 1920 corpus
2631 1877 2646 1893 V

1578 1932 1756 1962 nostrum
1801 1923 1979 1961 sortietur
2025 1923 2356 1973 incorruptionem
2404 1931 2440 1960 et
2484 1923 2646 1972 gloriam

1579 1990 1745 2016 animae.

1629 2101 1644 2117 κ
1674 2091 1879 2118 communionis.
1896 2104 1916 2110 —
1934 2090 1969 2122 P;
1988 2090 2247 2116 communicationis.

1627 2126 1645 2152 λ
1676 2127 1834 2152 delectatur.
1851 2141 1871 2145 -
1893 2125 2073 2159 spiritualiter
2096 2126 2246 2151 delectatur
2271 2125 2412 2157 editiones;
2431 2132 2485 2158 per
2508 2125 2583 2152 hoc...
2601 2125 2647 2151 de-

1575 2164 1693 2189 lectatur
1710 2170 1765 2188 om.
1784 2162 1819 2188 G.

1630 2198 1659 2233 μ)
1677 2198 1823 2224 secundum
1842 2197 2044 2223 similitudinem
2059 2203 2112 2229 per
2129 2204 2220 2230 quam.
2237 2210 2256 2216 -
2274 2197 2387 2222 salutem
2406 2203 2486 2229 quam
2505 2196 2529 2222 H
2548 2201 2575 2221 et
2593 2196 2647 2222 edi-

1575 2235 1669 2264 tiones.
1693 2232 1760 2268 (per
1778 2233 1981 2258 similitudinem
2001 2240 2060 2264 sup.
2078 2239 2195 2257 rasuram
2219 2240 2234 2257 a
2257 2231 2400 2267 scriptore)
2425 2239 2506 2265 quam
2529 2231 2554 2257 G
2573 2232 2647 2258 cuius

1577 2277 1669 2302 margo
1685 2270 1745 2295 salu
1764 2268 1834 2294 tenui
1854 2268 2006 2294 coi-rectoris
2025 2267 2160 2301 scriptura.

1631 2305 1655 2340 ν)
1674 2312 1780 2338 corpus.
1797 2319 1817 2324 —
1835 2304 1857 2329 D
1876 2309 1902 2329 et
1920 2304 2009 2334 terrim
2026 2310 2083 2329 cor.

1135 2376 1471 2409 Commentario.
1492 2375 1747 2408 Oardinalis
1770 2374 1972 2407 Caietam

520 2461 591 2482 mc».
615 2450 745 2481 effectus
777 2450 993 2480 Eucharistiae
1015 2449 1049 2479 in
1079 2448 1189 2484 nobis,
1214 2446 1444 2478 advertendum
1475 2451 1521 2477 est

521 2495 611 2536 quod
638 2495 672 2525 in
695 2494 796 2524 littera
811 2495 828 2511 ⁸*
851 2499 1018 2534 ponuntur
1047 2502 1184 2523 numero
1205 2502 1269 2528 sex,
1287 2491 1422 2522 scilicet:
1448 2491 1521 2522 ade-

453 2541 522 2581 ptio
546 2540 675 2580 gloriae,
700 2538 829 2569 collatio
852 2538 978 2578 gratiae,
995 2537 1139 2568 remissio
1163 2537 1286 2577 peccati
1302 2536 1456 2572 mortalis,
1473 2545 1521 2566 re-

453 2585 563 2616 missio
593 2583 717 2624 peccati
739 2582 883 2619 venialis,
907 2582 1051 2612 remissio
1074 2590 1199 2622 poenae
1222 2590 1281 2620 pro
1308 2581 1446 2620 peccatis
1467 2579 1522 2610 de-

454 2630 555 2665 bitae,
580 2633 611 2658 et
634 2627 845 2668 praeservatio
869 2636 887 2656 a
910 2625 1085 2667 peccando.
1114 2626 1163 2656 De
1187 2625 1304 2665 quibus
1328 2623 1393 2655 duo
1419 2624 1522 2655 decla-

453 2673 552 2704 randa
567 2677 650 2708 sunt,
667 2671 786 2702 scilicet
809 2676 936 2711 tempus
953 2676 984 2701 et
999 2669 1116 2701 modus
1132 2671 1159 2700 ⁸⁹.
1185 2670 1271 2701 Cum
1287 2669 1403 2709 quibus
1427 2668 1522 2699 etiam

455 2717 550 2748 simul
574 2716 782 2747 declarabitur
805 2715 996 2745 subiectum.

509 2762 558 2792 De
581 2766 727 2800 tempore
751 2758 881 2800 quidem
906 2758 1027 2799 aliquid
1050 2759 1172 2789 clarum
1196 2763 1252 2794 est,
1269 2763 1301 2788 et
1316 2756 1438 2798 aliquid
1456 2766 1523 2787 am-

454 2807 599 2846 biguum.
623 2805 706 2835 Nam
730 2803 770 2834 de
793 2805 897 2844 primo
922 2803 1047 2839 effectu,
1069 2803 1189 2834 scilicet
1211 2803 1275 2832 vita
1291 2807 1427 2837 aeterna,
1444 2811 1523 2832 con-

454 2856 515 2881 stat
536 2855 665 2889 tempus
693 2849 891 2879 executionis
918 2857 986 2878 non
1010 2852 1160 2887 oportere
1190 2856 1259 2878 esse
1285 2852 1413 2886 tempus
1436 2855 1523 2876 surn-

454 2895 573 2935 ptionis
596 2893 832 2924 Eucharistiae:
856 2898 984 2932 sumpta
1007 2891 1166 2932 siquidem
1189 2891 1285 2931 longe
1302 2896 1374 2921 ante
1397 2890 1523 2921 Eucha-

455 2939 555 2975 risfia,
585 2938 741 2977 contingit
775 2936 926 2968 effectum
953 2941 1099 2967 aeternae
1127 2936 1210 2966 vitae
1234 2935 1405 2975 subsequi,
1436 2935 1524 2964 iuxta

455 2983 589 3013 verbum
612 2982 744 3012 Domini
760 2982 791 3017 *‚
819 2980 884 3018 Qui
911 2980 1086 3011 manducat
1117 2980 1204 3010 hunc
1220 2989 1358 3020 panem,
1384 2978 1468 3009 vivet
1490 2978 1522 3009 in

456 3032 632 3058 aeternum.
656 3043 679 3047 —
701 3026 750 3056 De
774 3026 841 3056 aliis
863 3035 940 3056 vero
969 3024 1150 3061 effectibus,
1175 3025 1208 3054 in
1231 3023 1367 3054 dubium
1392 3023 1523 3053 vertitur

457 3081 497 3101 an
520 3080 623 3101 unum
647 3075 677 3100 et
700 3069 786 3101 idern
809 3070 848 3100 sit
870 3075 997 3110 tempus
1022 3078 1088 3109 quo
1112 3069 1248 3099 sumitur
1266 3069 1329 3098 hoc
1345 3076 1523 3098 sacramen-

457 3121 546 3150 tum,
571 3120 602 3145 et
630 3123 696 3154 quo
729 3115 762 3144 in
789 3115 1012 3144 executionem
1044 3118 1211 3154 ponuntur
1237 3113 1282 3143 illi
1305 3111 1447 3143 effectus.
1482 3111 1523 3142 Et

457 3164 627 3199 propterea
650 3158 832 3198 singillatim
855 3157 1035 3188 declarandi
1058 3163 1132 3188 sunt
1147 3158 1174 3188 ’ἢ

513 3202 550 3232 11.
563 3202 729 3233 Secundus
744 3202 838 3242 igitur
855 3201 994 3237 effectus,
1009 3202 1065 3241 qui
1081 3206 1128 3232 est
1142 3202 1240 3241 gratia
1251 3206 1376 3241 gratum
1392 3199 1522 3235 faciens,

457 3251 520 3276 tres
535 3255 640 3276 ramos
656 3247 760 3281 habet,
776 3251 873 3286 prout
887 3245 1050 3285 tripliciter
1065 3246 1082 3262 ⁴*
1107 3245 1263 3284 contingit
1283 3244 1439 3284 consequi
1454 3253 1523 3284 gra-

457 3290 545 3326 tiam,
562 3290 696 3320 scilicet:
721 3289 772 3319 vel
795 3289 834 3319 de
850 3298 937 3319 novo
962 3290 1125 3329 acquirere
1147 3289 1250 3329 ipsam
1265 3288 1362 3318 vitam
1385 3288 1521 3328 gratiae3

457 3334 524 3370 vel,
548 3334 789 3374 praesupposita
811 3333 926 3373 gratia,
951 3333 1113 3373 acquirere
1137 3332 1176 3363 de
1199 3342 1286 3363 novo
1314 3337 1523 3372 augmentum

459 3379 575 3418 gratiae
591 3379 625 3414 *;
652 3378 702 3408 vel
730 3378 892 3417 acquirere
917 3376 955 3407 de
979 3386 1066 3407 novo
1094 3377 1252 3407 actualem
1278 3375 1523 3406 delectationem

460 3432 496 3453 ac
512 3421 719 3452 refectionem
735 3421 930 3461 spiritualem
945 3419 1124 3451 secundum
1139 3421 1236 3451 vitam
1251 3420 1367 3460 gratiae
1383 3421 1409 3450 ⁶.
1434 3419 1524 3450 Haec

460 3467 546 3497 enirn
561 3467 619 3496 tria
643 3464 958 3506 comprehenduntur
981 3465 1040 3495 sub
1065 3474 1132 3495 uno
1157 3463 1273 3495 effectu
1296 3463 1522 3498 Eucharistiae,

1575 2456 1651 2477 cum
1674 2445 1789 2477 dicitur
1805 2445 1894 2486 quod
1910 2444 2035 2475 confert
2049 2445 2191 2485 gratiam.
2214 2444 2324 2475 Potest
2339 2443 2498 2484 siquidem
2513 2443 2647 2485 intelligi

1576 2490 1665 2531 quod
1681 2489 1805 2521 confert
1819 2490 1951 2530 gratiam
1967 2488 2162 2519 habitualem
2177 2489 2228 2519 vel
2242 2489 2397 2529 primam;
2421 2488 2471 2519 vel
2491 2497 2645 2528 augmen-

1574 2534 1673 2566 tando
1697 2535 1851 2575 primam;
1875 2539 1930 2564 aut
1947 2534 2080 2573 gratiam
2096 2533 2254 2564 actualem
2277 2532 2447 2573 spiritualis
2461 2531 2645 2563 refectionis

1576 2589 1613 2610 ac
1636 2578 1855 2610 delectationis
1877 2579 1912 2608 in
1934 2583 2008 2608 actu
2032 2577 2177 2608 caritati&

1631 2623 1673 2654 Et
1696 2624 1772 2663 quia
1787 2623 1924 2663 primam
1946 2622 2078 2662 gratiam
2097 2621 2239 2662 sumptio
2255 2622 2351 2652 huius
2374 2620 2562 2652 sacramenti
2576 2629 2646 2652 non

1576 2677 1633 2708 per
1656 2677 1690 2698 se
1714 2666 1847 2703 confert,
1872 2665 1928 2697 sed
1951 2675 2008 2706 per
2031 2665 2188 2702 accidens,
2205 2665 2270 2697 hoc
2293 2670 2349 2702 est,
2365 2670 2497 2706 propter
2520 2665 2645 2697 contin·

1576 2717 1705 2752 gentem
1729 2711 1883 2742 sumentis
1907 2710 2170 2751 dispositionem,
2195 2710 2350 2750 quoniam
2379 2718 2437 2750 per
2462 2718 2496 2740 se
2518 2717 2644 2749 praere-

1577 2757 1674 2797 quirit
1697 2761 1879 2787 sumentem
1898 2755 2018 2791 vivum,
2034 2755 2138 2795 prima
2153 2759 2261 2785 autem
2275 2754 2374 2794 gratia
2388 2758 2519 2784 mortuo
2535 2751 2643 2784 datur:

1575 2800 1650 2831 ideo
1665 2805 1793 2841 tempus
1806 2799 1936 2840 primae
1950 2799 2081 2841 gratiae
2102 2808 2160 2839 per
2182 2797 2330 2830 accidens
2353 2796 2580 2828 consideratur.
2603 2796 2646 2827 Et

1576 2844 1702 2875 videtur
1725 2843 1906 2875 coincidere
1930 2853 2006 2874 cum
2027 2844 2174 2883 tempore
2197 2842 2400 2884 sumptionis.
2425 2841 2519 2878 Nam,
2534 2841 2562 2872 si
2578 2841 2644 2872 exi-

1577 2894 1662 2920 stens
1684 2889 1719 2919 in
1741 2894 1874 2929 peccato
1897 2887 2025 2918 mortali
2047 2887 2107 2918 sibi
2121 2887 2298 2927 incognito,
2314 2885 2444 2927 quando
2467 2885 2566 2916 sumit
2579 2885 2645 2916 hoc

1576 2938 1811 2964 sacramentum
1826 2942 1895 2963 non
1910 2932 2114 2963 resuscitatur
2137 2930 2178 2962 ad
2191 2931 2299 2968 vitam,
2314 2939 2383 2961 non
2399 2934 2530 2970 apparet
2545 2938 2644 2970 quare

1577 2977 1729 3017 deinceps
1753 2986 1791 3008 ex
1813 2977 1929 3007 virtute
1951 2976 2048 3006 huius
2071 2975 2260 3006 sacramenti
2282 2973 2528 3005 resuscitabitur.

1632 3021 1780 3061 intelligo
1804 3026 1912 3052 autem
1934 3020 1968 3050 in
1991 3024 2060 3050 tota
2082 3020 2143 3050 hac
2164 3018 2296 3050 materia
2317 3027 2375 3059 per
2396 3022 2525 3058 tempus
2555 3026 2643 3048 sum-

1576 3067 1696 3107 ptionis
1728 3065 1961 3100 Eucharistiae,
1985 3073 2054 3094 non
2075 3063 2163 3094 illam
2184 3062 2287 3093 solam
2314 3061 2475 3092 morulam
2501 3070 2566 3102 qua
2588 3061 2644 3092 de-

1576 3111 1726 3151 glutitur:
1751 3109 1807 3140 sed
1823 3118 1898 3140 cum
1914 3113 2134 3148 consequente
2149 3107 2303 3147 temporis
2317 3106 2420 3146 spatio
2441 3115 2508 3146 quo
2525 3105 2644 3137 Christi

1577 3164 1694 3194 corpus
1724 3152 1989 3185 sacramentaliter
2017 3152 2050 3182 in
2081 3156 2228 3182 sumente
2249 3155 2437 3191 perseverat.
2467 3149 2525 3180 Est
2555 3151 2643 3181 enim

1575 3204 1654 3230 tunc
1676 3207 1824 3238 praesens
1847 3196 2053 3237 corporaliter
2071 3195 2106 3225 in
2121 3195 2224 3232 nobis,
2241 3204 2277 3225 ac
2293 3203 2350 3235 per
2364 3194 2438 3231 hoc,
2454 3203 2588 3235 pascens
2611 3199 2643 3227 et

1576 3243 1759 3273 illuminans
1776 3240 1977 3282 spiritualiter
1992 3239 2148 3270 animam:
2173 3243 2210 3270 ut
2232 3238 2277 3269 sic
2294 3239 2390 3269 etiam
2410 3237 2489 3269 illud
2508 3238 2642 3280 implea-

1575 3292 1637 3323 tur,
1664 3286 1818 3323 Quandiu
1840 3293 1911 3316 sum
1934 3284 1967 3314 in
1991 3282 2121 3318 mundo,
2147 3283 2206 3313 lux
2227 3291 2298 3313 sum
2322 3281 2434 3313 mundi
2449 3283 2475 3313 θ.
2504 3282 2642 3313 Attenia·-

1577 3336 1628 3361 tur
1661 3335 1769 3361 autem
1797 3329 1873 3360 huic
1906 3327 2081 3359 sententiae
2110 3327 2286 3357 necessaria
2319 3328 2435 3358 mentis
2469 3327 2640 3367 occupatio

1577 3374 1895 3409 communicantium,
1913 3377 1944 3402 et
1966 3372 2137 3412 praecipue
2160 3371 2372 3408 sacerdotum,
2390 3372 2473 3402 circa
2495 3380 2641 3402 reveren-

1577 3419 1654 3449 tiam
1672 3418 1860 3448 exteriorem
1882 3417 1977 3447 huius
2000 3416 2204 3452 sacramenti,
2228 3425 2270 3446 ne
2293 3415 2413 3447 scilicet
2435 3419 2490 3446 aut
2513 3415 2641 3456 sanguis

1578 3461 1767 3497 effundatur,
1784 3466 1838 3491 aut
1860 3466 1963 3501 partes
1979 3459 2101 3490 hostiae
2125 3458 2272 3491 dentibus
2288 3465 2343 3491 aut
2357 3459 2464 3500 palato
2479 3459 2639 3495 haereant,

2672 449 2683 457 ¹
2692 446 2728 467 De
2738 445 2797 468 Fide
2807 446 2884 471 Orth„

2671 472 2764 521 131)ὺέζῖ
2773 478 2825 521 ‹ga-p.
2834 478 2884 494 xm·

2672 710 2840 759 {ffimssssss‘b‘
2855 711 2885 738 ιι,

2672 922 2682 933 ·
2698 921 2764 944 Vers.
2781 927 2815 948 ¹4.

2671 1187 2682 1197 *
2696 1185 2764 1208 ven.
2780 1192 2799 1208 ι.

2672 1664 2684 1675 ·
2697 1662 2746 1691 Qu.
2755 1667 2832 1690 xxxvi,
2842 1665 2886 1685 ιη.
2916 1655 2918 1658 ’

2670 1873 2764 1896 ‘vem
2779 1879 2812 1903 ¹3.
