2878 4088
345 241 440 271 ciendi
453 241 626 277 (sequuntur
639 246 706 268 octo
724 243 895 276 argumenta
907 238 945 265 ad
959 238 1016 265 hoc
1029 235 1224 273 probandum,
1241 234 1254 262 3
1268 243 1286 262 a
1295 231 1403 260 22-33.

345 281 420 310 Dein
427 283 447 317 2)
472 279 609 309 Ulterius.
624 280 745 308 Videtur
759 279 839 316 quod
854 277 989 306 contritio
1004 285 1065 304 non
1079 275 1116 303 sit
1129 282 1210 304 actus
1223 272 1334 302 virtutis
1349 273 1405 316 (se-

345 327 473 359 quuntur
483 326 608 357 quatuor
618 326 789 357 argumenta
801 325 828 347 et
839 319 898 346 duo
910 317 940 345 in
951 316 1128 346 contrarium
1138 325 1158 350 4
1165 324 1182 342 a
1191 321 1298 350 20—29.
1310 313 1406 346 Demz)

348 361 486 390 Ulterius.
508 359 630 388 Videtur
651 360 731 397 quod
751 358 858 388 attritio
879 357 971 394 possit
991 356 1052 385 fieri
1073 354 1208 384 contritio
1230 355 1407 390 (sequuntur

345 401 402 429 tria
421 406 593 437 argumenta
607 407 635 429 et
649 401 708 428 duo
723 399 753 427 in
769 398 945 427 contrarium
959 407 978 432 4
988 406 1005 424 a
1014 397 1140 434 73-b10.
1156 394 1229 423 Dein
1238 395 1258 429 ι)
1276 393 1406 429 Respon-

346 441 400 469 deo
415 440 568 468 dicendum
583 442 621 468 ad
639 440 767 478 primam
783 438 976 476 quaestionem
999 437 1074 474 quod
1091 437 1166 471 (etc.,
1189 433 1262 462 idest
1281 439 1408 475 sequun-

345 486 393 508 tur
420 479 573 517 responsio
602 481 639 509 ad
666 479 793 517 primum
814 478 901 506 trium
931 475 1128 513 quaesitorum
1155 474 1230 502 eirca
1257 477 1408 500 materiam

344 519 466 549 Articuli
499 520 577 555 Quid
607 520 643 548 sit
671 518 806 548 contritio
815 540 822 553 ,
844 524 871 545 et
892 515 1052 545 solutiones
1083 521 1150 543 octo
1171 518 1408 551 argumentorum

346 560 436 596 partis
450 560 631 589 adversariae
647 560 661 587 3
675 568 692 587 a
703 560 803 594 35-4a
815 559 859 586 15.
874 557 987 584 Deinde
1001 564 1052 592 per
1066 554 1206 583 formulas
1214 555 1234 589 :)
1248 553 1293 581 Ad
1307 558 1410 579 secun·

347 601 415 628 dam
439 600 634 637 quaestionem
660 599 844 627 dicendum...
871 597 917 625 Ad
945 595 1059 624 tertiam
1087 594 1282 631 quaestionem
1311 591 1410 636 dicen—

349 641 417 667 dum
432 641 605 676 (sequuntur
615 638 768 676 responsio
782 644 810 665 et
823 636 984 665 solutiones
998 635 1035 662 ad
1056 634 1216 662 secundum
1236 637 1410 676 quaesitum,

347 689 391 715 4³
404 680 516 715 30-68;
538 680 614 714 dein,
635 678 807 714 4b11-36‚
827 675 980 712 responsio
1001 681 1030 702 et
1051 673 1210 702 solutiones
1230 673 1267 700 ad
1294 677 1410 699 tertium

349 719 522 756 quaesitum)
539 731 565 747 »-

403 809 474 839 Hac
497 807 705 838 articulorum
728 804 940 845 dispositione
957 801 1218 832 Commentarius
1241 809 1259 829 a
1277 799 1412 830 Summa

349 852 453 883 differt
475 851 652 892 dupliciter.
675 850 783 880 Primo
799 849 833 878 in
856 857 896 878 eo
921 845 1012 887 quod
1026 845 1254 885 responsiones
1279 848 1309 873 et
1325 843 1412 873 solu-

349 897 453 927 tiones
475 905 543 926 non
566 895 671 925 statim
694 898 873 933 sequuntur
895 896 969 932 post
985 890 1125 930 singulas
1147 893 1413 928 argumentorum

348 940 454 976 series,
470 939 526 970 sed
540 944 615 980 post
630 947 760 974 omnes;
785 938 830 967 sic
853 937 887 966 in
904 935 1052 975 exemplo
1073 938 1258 974 argumenta
1277 932 1412 963 duarum

349 983 664 1024 quaestiuncularum
693 982 775 1012 inter
804 985 990 1020 argumenta
1020 985 1051 1009 et
1077 977 1321 1017 responsionem
1350 977 1414 1016 pri-

347 1037 421 1058 mae
434 1027 541 1058 media
556 1026 669 1058 cadere
691 1025 846 1056 videmus.
872 1023 1022 1055 Secundo
1039 1024 1072 1053 in
1096 1031 1136 1052 eo
1153 1021 1243 1062 quod
1262 1021 1413 1051 materiae

349 1072 664 1112 quaestiuncularum
688 1071 771 1101 circa
787 1079 866 1110 quas
885 1068 1057 1109 disputatio
1073 1067 1202 1107 proprie
1221 1065 1304 1096 dicta
1327 1066 1415 1095 insti-

349 1117 458 1153 tuitur,
471 1125 539 1146 non
554 1115 750 1146 definiuntur
772 1115 806 1144 in
829 1114 935 1153 aliqua
958 1112 1078 1153 analysi
1093 1116 1283 1151 praeeunte:
1308 1109 1415 1140 subdi-

349 1161 429 1191 visio
444 1161 592 1191 thematis
607 1159 743 1190 Articuli
757 1159 790 1189 in
807 1157 943 1188 decursu
959 1155 1182 1197 disputationis
1198 1154 1234 1184 fit
1249 1155 1317 1184 sine
1332 1163 1415 1184 nun-

349 1205 396 1235 tio
419 1205 560 1245 praevio,
576 1209 613 1234 ut
627 1204 661 1234 in
685 1203 834 1243 exemplo
851 1202 1020 1232 cernimus.
1051 1201 1210 1231 Neutrum
1225 1200 1259 1229 in
1283 1198 1416 1229 Summa

351 1248 474 1280 accidit.
509 1249 551 1279 Et
573 1249 600 1279 si
629 1247 761 1288 quidem
783 1257 833 1278 res
856 1247 990 1286 propius
1021 1250 1191 1285 spectatur,
1215 1244 1295 1274 ratio
1319 1252 1416 1282 quare

351 1293 386 1324 in
409 1293 542 1324 Summa
565 1292 788 1333 disputationis
815 1291 988 1326 elementa,
1009 1289 1090 1320 idest
1120 1288 1327 1319 Obiectiones
1354 1287 1417 1317 Re-

351 1338 489 1378 sponsio
509 1343 540 1368 et
562 1336 757 1372 solutiones,
781 1345 849 1366 non
879 1339 1080 1375 separantur,
1105 1343 1123 1363 a
1145 1338 1233 1373 parte
1255 1332 1417 1362 technices

352 1381 441 1422 (nam
459 1382 541 1412 sicut
555 1391 575 1412 a
588 1380 654 1412 fine
670 1384 742 1412 eam
757 1381 796 1410 ab
815 1393 830 1406 α
845 1379 958 1410 ordine
975 1378 1160 1418 disciplinae
1176 1390 1190 1403 »
1217 1374 1416 1416 repetimus),

353 1426 422 1456 eius
445 1425 518 1457 dico
541 1426 621 1456 ratio
640 1426 674 1456 in
697 1426 761 1455 hoc
789 1424 947 1458 consistit,
972 1422 1061 1463 quod
1083 1422 1118 1452 in
1141 1421 1274 1452 Summa
1296 1421 1418 1460 ubique

351 1470 551 1510 praenotatio
568 1468 834 1509 disputandorum
850 1468 890 1498 ad
913 1468 1024 1498 ultima
1043 1467 1183 1497 themata
1206 1464 1417 1505 protenditur.

351 1514 435 1545 Nam
448 1523 524 1545 cum
539 1513 718 1544 secundum
729 1522 854 1544 morem
867 1513 976 1542 aetatis
988 1511 1102 1542 doctor
1117 1515 1190 1541 ante
1202 1519 1270 1540 non
1285 1518 1418 1548 respon-

352 1557 425 1589 deat
440 1563 471 1589 et
486 1558 589 1589 solvat
604 1567 703 1598 quam
718 1557 886 1587 adversarii
903 1555 982 1596 (ficti
996 1555 1047 1586 vel
1063 1554 1142 1594 veri)
1159 1558 1347 1593 argumenta
1362 1562 1419 1583 sua

351 1602 553 1642 protulerint,
569 1602 595 1632 si
618 1601 786 1632 adversarii
801 1601 966 1631 materiam
987 1599 1110 1630 articuli
1133 1598 1224 1638 quasi
1239 1607 1296 1637 per
1314 1602 1419 1637 partes

351 1646 499 1677 dividunt
514 1646 718 1686 singulasque
734 1646 933 1685 impugnant,
950 1644 1057 1684 plures
1079 1642 1300 1673 obiectionum
1323 1642 1419 1671 series

350 1689 491 1721 doctoris
505 1690 770 1730 responsionibus
785 1689 970 1724 anteibunt;
994 1689 1020 1718 si
1038 1697 1115 1718 vero
1132 1686 1247 1717 doctor
1269 1686 1338 1725 ipse
1353 1686 1418 1716 iam

351 1740 424 1766 ante
447 1734 707 1774 disputationem,
729 1739 883 1764 extremas
904 1733 1055 1764 materiae
1077 1730 1247 1772 particulas
1271 1729 1419 1760 determi-

350 1778 470 1815 nando,
487 1779 666 1809 obiicientis
682 1778 873 1809 divisionem
891 1777 1072 1817 praevertit,
1088 1786 1153 1807 una
1169 1775 1298 1806 stabunt
1313 1775 1419 1805 cuius-

351 1833 415 1864 que
430 1823 604 1864 particulae
620 1823 819 1862 Argumenta
836 1821 1018 1862 Responsio
1038 1821 1233 1852 Solutiones.
1258 1819 1294 1849 ln
1313 1828 1420 1850 exem-

350 1867 407 1908 plo
437 1868 532 1899 allato
555 1868 582 1898 si
605 1867 746 1908 analysin
774 1876 842 1898 uno
875 1866 1021 1897 membro
1054 1866 1234 1905 longiorem
1265 1863 1400 1894 facimus
1411 1887 1419 1899 ,

351 1917 426 1953 post
451 1925 466 1939 ‹
485 1911 621 1950 Quinto,
638 1911 678 1942 de
694 1911 810 1942 effectu
826 1911 894 1942 eius
910 1924 924 1938 »
947 1911 1115 1942 addentes:
1140 1922 1153 1936 α
1169 1908 1263 1940 Circa
1278 1908 1420 1949 primum

353 1961 551 1997 quaeruntur
565 1957 633 1987 tria.
652 1956 772 1990 Primo.
785 1961 894 1986 utrum
910 1955 1055 1986 definitio
1072 1953 1272 1985 contritionis
1288 1953 1328 1982 sit
1343 1963 1421 1983 con-

352 2002 494 2032 veniens.
515 2000 677 2036 Secundo,
694 2005 802 2031 utrum
819 2001 968 2030 contritio
985 2000 1025 2030 sit
1040 2004 1128 2029 actus
1143 1997 1277 2028 virtutis.
1297 1997 1420 2034 Tertio,

352 2051 462 2077 utrum
478 2046 595 2076 attritio
611 2045 713 2085 possit
727 2044 796 2075 fieri
812 2045 962 2075 contritio
982 2057 1010 2080 ›,
1026 2043 1107 2083 parti
1129 2042 1277 2073 adversae
1292 2042 1421 2082 partitio

352 2090 504 2121 materiae
527 2090 618 2129 quasi
641 2089 852 2125 subtrahitur;
870 2094 902 2119 et
916 2094 953 2119 ut
975 2086 1157 2128 disputandi
1179 2085 1284 2116 forma
1307 2096 1344 2116 ea
1367 2085 1422 2116 fiat

353 2144 418 2174 qua
435 2134 568 2165 Summa
591 2143 717 2173 semper
740 2134 849 2168 utitur,
865 2133 945 2163 nihil
964 2133 998 2163 in
1020 2137 1110 2162 textu
1131 2130 1276 2170 originali
1298 2131 1421 2161 varian—

354 2178 433 2209 dum
449 2179 508 2210 erit
521 2183 646 2218 praeter
660 2178 782 2217 aliquas
797 2176 951 2208 formulas
966 2175 1230 2207 introductorias:
1247 2184 1306 2215 pro
1332 2188 1346 2202 ‹
1365 2175 1422 2206 Ul-

354 2223 454 2254 terius
472 2236 487 2250 »
521 2222 650 2253 intrabit
673 2221 852 2253 secundum
882 2231 992 2252 casum
1025 2234 1039 2248 ‹
1064 2219 1117 2250 Ad
1147 2219 1326 2250 secundum
1350 2218 1422 2256 (Ad

353 2268 500 2303 tertium,
524 2267 599 2306 etc.)
624 2266 669 2296 sic
691 2265 876 2306 proceditur
894 2278 923 2302 »‚
948 2271 979 2296 et
1002 2264 1042 2295 ad
1065 2264 1206 2295 doctoris
1229 2273 1421 2304 responsum

354 2312 476 2351 ubique
503 2323 518 2337 ‹
536 2309 732 2350 Respondeo
763 2310 936 2341 dicendum
954 2323 968 2338 ›
995 2309 1180 2350 simpliciter
1206 2308 1274 2338 sine
1302 2307 1422 2339 ordinis

354 2355 549 2387 indicatione
571 2354 716 2385 sufficiet.

410 2408 442 2439 4.
454 2398 694 2439 -.Compilator
705 2407 792 2438 ergo,
804 2402 841 2428 ut
850 2397 1018 2428 Summam
1029 2398 1214 2433 imitaretur,
1227 2397 1422 2435 Quaestiun-

356 2443 444 2474 culas
466 2443 500 2474 in
523 2443 684 2474 Articulos
711 2442 905 2474 reformavit.
929 2442 982 2473 Ad
1003 2442 1082 2477 hoc,
1102 2442 1159 2472 ubi
1182 2450 1265 2481 opus
1289 2447 1355 2471 erat
1378 2440 1423 2482 (et

357 2487 490 2527 quidem
511 2497 580 2518 non
604 2496 687 2527 opus
719 2492 803 2522 erat,
829 2487 957 2526 quoties
989 2486 1140 2517 articulus
1171 2486 1332 2526 originalis
1355 2495 1422 2516 non

355 2531 475 2562 divisus
498 2537 564 2562 erat
586 2532 620 2562 in
643 2529 935 2572 quaestiunculas),
961 2530 1194 2561 Commentarii
1217 2530 1360 2571 analyses
1385 2531 1423 2560 ab

355 2575 498 2606 inferiori
519 2581 608 2616 parte
630 2575 792 2616 produxit.
820 2574 919 2613 Quod
942 2576 1045 2615 pretio
1061 2585 1129 2605 non
1152 2584 1226 2605 caro
1248 2575 1278 2605 ei
1299 2580 1424 2605 consta-

356 2620 427 2651 bat:
449 2629 527 2651 nam
557 2620 694 2661 analysis
717 2620 875 2650 elementa
897 2625 1024 2660 praesto
1057 2619 1182 2655 adsunt,
1209 2619 1340 2659 quando
1371 2619 1425 2649 illa

355 2664 506 2701 themata,
522 2669 635 2695 contra
650 2673 733 2705 quae
753 2664 951 2694 obiectiones
975 2669 1112 2704 arguunt
1127 2663 1268 2703 ideoque
1283 2664 1317 2694 in
1332 2664 1424 2694 initio

357 2708 673 2749 quaestiuncularum
689 2709 906 2743 enuntiantur,
917 2707 1019 2738 modo
1035 2708 1280 2748 interrogatorio
1295 2717 1425 2748 ponun-

355 2758 424 2784 tur:
458 2766 472 2780 α
494 2753 629 2784 Videtur
657 2752 747 2793 quod
777 2753 927 2783 contritio
959 2762 1028 2782 non
1060 2752 1100 2782 sit
1130 2752 1224 2783 dolor
1247 2765 1262 2779 ι
1293 2753 1425 2792 incipiet

357 2798 529 2834 obiiciens;
558 2797 666 2828 thema
689 2806 765 2837 ergo
789 2796 1052 2837 quaestiunculae
1084 2802 1131 2826 est
1163 2809 1176 2823 «ι
1193 2796 1355 2827 Contritio
1379 2801 1426 2826 est

357 2841 451 2872 dolor
463 2855 492 2878 »,
509 2841 600 2882 quod
610 2841 647 2872 fit
658 2840 900 2881 interrogando:
921 2853 935 2867 ι
949 2846 1058 2871 utrum
1070 2841 1220 2870 contritio
1233 2841 1272 2871 sit
1284 2839 1378 2870 dolor
1392 2851 1424 2877 ›;

357 2891 389 2917 et
399 2887 446 2917 sic
458 2885 498 2917 de
510 2886 632 2917 ceteris.
650 2885 775 2926 Regula
789 2886 858 2921 ista,
875 2885 984 2924 quoad
996 2884 1230 2915 Commentarii
1241 2885 1425 2924 portionem

357 2930 393 2961 in
422 2930 693 2971 Supplementum
723 2930 962 2969 transpositam,
986 2929 1033 2959 bis
1056 2939 1124 2959 non
1154 2933 1256 2959 tenet:
1284 2928 1324 2959 52
1337 2929 1358 2958 b
1372 2928 1424 2965 33,

360 2974 420 3005 231
433 2985 452 3005 a
461 2975 634 3014 71,ibique
645 2974 901 3014 Compilatorem
910 2972 1037 3009 fefellit;
1055 2973 1171 3012 dequo
1182 2970 1226 3003 11⁵⁸
1246 2980 1294 3003 11.
1307 2978 1339 3003 et
1352 2980 1363 3002 1
1372 2982 1426 3003 2.—

356 3019 512 3060 Analyses
526 3019 586 3049 hac
603 3018 688 3049 facili
703 3019 754 3048 via
770 3018 919 3048 obtentae
937 3017 1170 3048 Commentarii
1186 3017 1367 3057 analysibus
1389 3017 1422 3047 in

360 3062 595 3103 Supplemento
611 3069 666 3094 aut
681 3062 805 3093 additae
821 3067 905 3098 sunt,
922 3061 1053 3102 quando
1069 3061 1189 3092 scilicet
1205 3071 1242 3091 ex
1258 3070 1326 3091 uno
1341 3061 1426 3091 Arti-

359 3107 434 3138 culo
457 3117 523 3138 una
537 3107 692 3146 Quaestio
709 3106 792 3137 facta
807 3112 864 3142 est,
881 3107 963 3137 sicut
978 3106 1012 3136 in
1028 3106 1172 3146 quinque
1188 3106 1300 3145 primis
1315 3104 1424 3143 Quae-

359 3151 516 3182 stionibus
528 3157 560 3182 et
571 3151 646 3182 alibi
661 3151 785 3182 accidit.
802 3151 868 3181 Aut
880 3150 1065 3190 simpliciter
1077 3150 1122 3180 eis
1138 3150 1323 3191 suppositae
1340 3154 1424 3185 sunt,

360 3194 443 3225 sicut
465 3204 514 3226 ex.
540 3205 587 3236 gr.
611 3205 666 3236 qu.
690 3205 791 3226 Lxxrv.
816 3195 978 3235 originalis
1002 3194 1198 3234 quaestionis
1222 3193 1306 3234 (dist.
1331 3203 1424 3224 nvn.

362 3247 418 3278 qu.
430 3238 477 3278 n.)
493 3239 660 3279 tripartitio
676 3239 797 3280 analysi
812 3239 852 3270 ad
866 3239 1013 3269 materias
1024 3247 1144 3269 novem
1160 3237 1426 3276 Quaestiuncula-

362 3291 435 3313 rum
458 3281 663 3314 descendenti
691 3283 802 3314 locum
832 3284 942 3319 cessit,
965 3288 997 3313 et
1019 3292 1074 3323 qu.
1098 3292 1180 3313 nxxr.
1203 3291 1264 3322 pro
1287 3282 1426 3312 materiis

363 3331 501 3366 quatuor
515 3326 734 3358 Articulorum
757 3327 990 3358 Commentarii
1008 3327 1159 3358 materiae
1182 3326 1427 3366 quatuordecim

363 3369 688 3408 Quaestiuncularum
703 3370 909 3402 definiuntur.
927 3371 995 3402 Aut
1018 3371 1133 3412 partim
1155 3376 1281 3401 tantum
1305 3380 1426 3411 suppo-

362 3413 440 3444 sitae
470 3419 555 3451 sunt,
572 3419 604 3444 et
631 3415 695 3446 hoc
725 3415 839 3446 accidit
862 3415 993 3456 quando
1017 3415 1172 3454 Quaestio
1194 3414 1428 3446 Commentarii

363 3467 402 3488 ex
419 3457 570 3488 Articulis
581 3456 688 3489 divisis
704 3464 736 3490 et
749 3459 891 3490 indivisis
907 3460 1125 3500 componitur,
1138 3459 1279 3500 ideoque
1294 3459 1328 3490 in
1345 3459 1427 3499 Sup-

361 3501 527 3542 plemento
551 3502 662 3533 ceteris
680 3503 809 3543 paribus
830 3513 891 3544 pro
913 3505 1045 3535 materia
1062 3503 1198 3535 Articuli
1221 3503 1312 3534 divisi
1327 3508 1428 3534 mate-

2489 165 2523 190 111

1457 233 1522 262 riae
1544 231 1870 270 Quaestiuncularum
1898 231 2147 270 praesignantur.
2175 249 2192 253 -
2217 231 2308 261 Initia
2331 231 2525 269 Quaestiun-

1459 276 1604 306 cularum
1628 281 1659 306 et
1682 275 1901 305 Articulorum
1925 275 1958 304 in
1982 274 2205 314 Supplementi
2228 276 2408 316 analysibus
2430 285 2525 316 saepe

1459 330 1526 350 non
1547 319 1667 349 eisdem
1688 319 1802 354 verbis,
1819 318 1875 348 sed
1898 317 2038 348 dictione
2062 328 2169 348 versus
2194 319 2378 349 brevitatem
2397 321 2524 355 variata,

1460 365 1611 404 rescripta
1634 369 1717 393 sunt.
1741 363 1826 398 Hoc,
1844 367 1879 392 ut
1901 367 1998 401 patet,
2015 363 2082 391 sine
2106 363 2220 392 iniuria
2239 362 2306 393 fieri
2322 365 2436 402 potuit.

1519 408 1548 438 5.
1569 425 1591 430 -—
1614 407 1700 445 Quia
1727 408 1759 437 in
1793 406 2026 446 Supplemento
2059 407 2262 436 materiarum
2294 407 2526 438 tractandarum

1463 452 1575 483 divisio
1599 452 1663 482 iam
1685 461 1753 481 non
1777 461 1794 480 a
1818 451 1959 490 Magistri
1990 450 2256 480 Distinctionibus
2279 451 2335 480 sed
2358 461 2375 481 a
2397 453 2527 491 propria

1463 505 1573 527 earum
1595 495 1705 526 indole
1729 496 1920 534 imperatur,
1945 494 2019 524 ideo
2043 493 2203 523 interdum
2230 495 2353 524 articuli
2377 501 2407 524 et
2431 505 2528 534 quae-

1463 539 1641 571 stiunculae
1664 540 1698 569 in
1721 544 1810 569 textu
1830 538 2063 569 Commentarii
2086 538 2183 577 longe
2199 537 2349 568 distantes
2373 539 2405 568 in
2430 549 2528 569 unam

1464 584 1688 624 Supplementi
1704 583 1937 621 Quaestionem
1950 582 2063 618 coacti,
2076 587 2130 612 aut
2143 591 2160 611 e
2173 591 2328 612 converso
2341 583 2435 612 simul
2447 590 2530 613 stan-

1464 634 1511 659 tes
1527 629 1560 658 in
1577 627 1706 658 diversis
1723 627 1973 665 Quaestionibus
1990 626 2146 656 distributi
2165 631 2248 656 sunt.
2273 626 2330 656 Ex.
2353 636 2398 666 gr.
2423 627 2530 664 Quae-

1465 673 1525 702 stio
1550 674 1643 708 xcvn,
1660 671 1699 702 de
1722 671 1831 701 Poena
1854 671 2098 705 Damnatorum‚
2117 671 2323 710 componitur
2339 680 2377 700 ex
2393 676 2531 710 quatuor

1466 716 1726 754 Quaestiunculis
1750 715 1820 746 dist.
1846 725 1874 745 1..
1900 725 1954 754 qu.
1979 725 2012 745 11.
2038 714 2161 744 articuli
2184 715 2283 750 tertii,
2305 715 2359 755 qui
2385 720 2431 745 est
2457 728 2470 741 ι
2491 714 2530 745 de

1465 761 1579 801 poenis
1596 759 1820 790 damnatorum
1837 765 1994 799 quantum
2017 758 2056 789 ad
2080 768 2196 798 corpus
2217 772 2244 794 ›,
2262 765 2292 789 et
2308 760 2407 789 tribus
2423 758 2531 796 Quae-

1466 804 1633 835 stiunculis
1649 804 1720 834 dist.
1741 814 1822 834 xuv.
1848 813 1902 843 qu.
1919 814 1962 833 111.
1989 803 2112 833 articuli
2130 803 2263 833 secundi
2286 816 2299 829 «
2319 803 2358 834 de
2374 804 2446 843 igne
2464 812 2530 843 quo

1467 849 1693 879 cruciabuntur
1708 861 1735 877 ›.
1760 848 1850 878 Haec
1873 847 1979 878 videre
2002 847 2077 877 licet
2099 847 2180 877 infra
2202 848 2258 878 ubi
2282 847 2409 878 ordines
2433 846 2533 877 Com-

1466 893 1613 924 mentarii
1637 898 1668 923 et
1691 892 1914 932 Supplementi
1938 897 2173 931 comparantur.

1523 937 1594 967 Iure
1609 936 1740 977 quidem
1757 946 1817 967 suo
1835 936 2037 976 Compilator
2061 946 2138 966 usus
2162 941 2218 971 est,
2235 935 2365 976 quando
2388 935 2534 965 materias

1467 991 1555 1012 novo
1572 981 1684 1012 ordine
1703 981 1852 1017 donabat,
1869 986 2008 1011 attamen
2023 981 2229 1010 vehementer
2244 981 2443 1020 suspicamur
2459 989 2534 1010 eum

1469 1026 1638 1066 aliquoties
1651 1035 1741 1056 suam
1758 1025 2021 1056 commoditatem
2034 1030 2180 1055 secutum
2194 1034 2270 1055 esse.
2291 1024 2409 1055 Mirum
2422 1025 2534 1064 utique

1469 1076 1500 1101 et
1519 1071 1571 1100 vix
1595 1070 1744 1100 credibile
1768 1069 1823 1100 sed
1846 1076 1953 1100 tamen
1977 1079 2088 1100 verum
2112 1069 2245 1105 videtur,
2263 1068 2352 1108 quod
2374 1068 2533 1099 interdum

1469 1115 1615 1145 materias
1639 1124 1678 1145 eo
1703 1114 1773 1144 solo
1798 1114 1861 1145 fine
1884 1124 1949 1145 una
1972 1115 2098 1154 posuit,
2122 1119 2158 1144 ut
2181 1114 2430 1154 disputationem
2454 1114 2537 1143 circa

1470 1169 1522 1189 eas
1545 1159 1686 1199 incipere
1709 1164 1818 1199 posset
1840 1169 1858 1189 a
1881 1158 2019 1189 formula
2046 1171 2059 1185 α
2079 1158 2130 1188 Ad
2153 1159 2295 1198 primum
2319 1158 2363 1188 sic
2385 1157 2532 1198 procedi-

1470 1209 1521 1234 tur
1540 1217 1567 1234 ».
1599 1203 1659 1234 Ista
1682 1202 1821 1233 formula
1848 1202 2078 1233 introductoria
2106 1202 2247 1232 adhiberi
2274 1207 2397 1242 potest,
2421 1207 2458 1231 ut
2479 1211 2537 1241 per

1470 1258 1503 1278 se
1526 1253 1623 1288 patet,
1640 1247 1771 1288 quando
1796 1247 1991 1288 quaestionis
2014 1247 2145 1277 materia
2168 1247 2358 1276 articulatim
2387 1251 2536 1276 tractatur

1471 1292 1506 1332 (‹
1527 1292 1620 1323 Circa
1643 1293 1707 1322 hoc
1731 1298 1927 1332 quaeruntur
1951 1296 1999 1321 tot
2016 1291 2065 1331 »)‚
2090 1296 2144 1321 aut
2167 1290 2297 1330 quando
2329 1290 2537 1331 disputationi

1470 1336 1654 1367 immediate
1673 1337 1808 1377 analysis
1824 1335 2004 1377 praecedit:
2033 1349 2046 1362 ‹
2066 1335 2190 1365 Deinde
2207 1334 2475 1365 considerandum
2491 1340 2538 1364 est

1472 1381 1512 1411 de
1534 1381 1772 1421 impedimentis
1794 1381 1999 1411 matrimonii.
2025 1380 2132 1410 Primo
2157 1380 2189 1409 in
2213 1379 2361 1419 generali.
2386 1379 2536 1410 Secundo

1471 1426 1504 1455 in
1521 1425 1650 1465 speciali
1669 1435 1703 1461 »;
1728 1431 1802 1465 post
1817 1426 1899 1455 hanc
1919 1425 2069 1455 materiae
2084 1424 2183 1454 totius
2199 1423 2390 1453 divisionem
2405 1423 2438 1452 in
2458 1423 2536 1453 duas

1471 1475 1586 1509 partes,
1600 1470 1745 1509 quaestio
1763 1469 1819 1509 (L.)
1843 1483 1856 1496 α
1872 1469 1911 1499 de
1926 1468 2165 1508 impedimentis
2180 1468 2376 1498 matrimonii
2391 1468 2425 1497 in
2440 1477 2536 1507 gene-

1472 1513 1528 1543 rali
1548 1527 1582 1550 »,
1607 1524 1690 1554 quae
1712 1523 1781 1544 non
1810 1514 1905 1544 habet
1928 1513 2088 1548 articulos,
2105 1513 2217 1552 incipit
2239 1517 2347 1542 tamen
2374 1524 2387 1538 «
2406 1511 2458 1541 Ad
2467 1512 2539 1552 pri-

1472 1567 1558 1588 mum
1583 1559 1627 1588 sic
1650 1558 1835 1598 proceditur
1854 1571 1886 1594 »‚
1911 1563 1942 1587 et
1965 1557 2168 1597 quaestiones
2200 1566 2336 1586 L1.—Lx.
2366 1556 2540 1585 virtualiter

1472 1602 1614 1633 secunda
1635 1611 1708 1642 pars
1724 1602 1888 1632 divisionis
1911 1607 1995 1632 sunt.
2020 1601 2054 1631 In
2071 1600 2305 1640 Supplemento
2330 1605 2454 1635 autem,
2478 1600 2539 1630 nisi

1474 1646 1676 1686 Compilator
1708 1646 1844 1677 consilio
1869 1646 2092 1686 praevenisset,
2109 1644 2228 1684 pluries
2251 1643 2425 1679 accidisset,
2449 1649 2486 1674 ut
2509 1649 2540 1673 et

1473 1691 1603 1720 materia
1627 1691 1822 1730 quaestionis
1841 1690 2039 1720 indivisibilis
2063 1694 2144 1719 esset
2165 1694 2196 1718 et
2216 1688 2305 1718 nulla
2327 1688 2463 1728 analysis
2479 1689 2540 1717 im-

1473 1734 1611 1765 mediate
1627 1736 1772 1775 praeiret.
1807 1734 1898 1775 Opus
1923 1743 1998 1774 ergo
2023 1733 2134 1763 fuisset
2156 1732 2260 1763 forma
2283 1733 2424 1768 insolita,
2449 1733 2542 1762 cuius

1473 1789 1535 1810 nec
1559 1779 1692 1810 Summa
1711 1789 1771 1809 nec
1794 1779 1827 1809 ni
1851 1778 1943 1809 fallor
1967 1778 2226 1808 Commentarius
2243 1777 2427 1817 exemplum
2450 1786 2541 1816 prae-

1474 1824 1537 1854 bet.
1561 1824 1714 1864 Adaptari
1732 1823 1900 1864 potuisset,
1920 1822 2098 1863 secundum
2116 1821 2189 1860 QQ.
2207 1821 2246 1852 de
2270 1821 2439 1859 Quolibet,
2462 1821 2542 1851 haec

1475 1867 1590 1898 dictio:
1623 1882 1637 1895 α
1657 1867 1782 1898 Deinde
1799 1867 2067 1898 considerandum
2085 1872 2131 1897 est
2154 1866 2194 1896 de
2216 1865 2454 1906 impedimentis
2473 1875 2541 1895 ma-

1474 1913 1618 1943 trimonii
1640 1913 1673 1943 in
1696 1912 1845 1952 generali.
1870 1912 1912 1942 Et
1926 1911 2051 1942 videtur
2074 1911 2155 1951 (velt
2181 1910 2274 1941 Circa
2290 1910 2379 1950 quod
2398 1911 2443 1940 sic
2465 1919 2541 1950 pro-

1475 1956 1608 1987 ceditur.
1631 1956 1785 1996 Videtur)
1810 1956 1899 1996 quod
1922 1956 2129 1986 matrimonio
2157 1955 2420 1985 inconvenienter
2440 1968 2453 1981 »
2481 1960 2541 1984 etc.

1476 2001 1679 2041 Compilator
1695 2006 1803 2031 autem
1818 2001 1895 2031 tales
1914 1999 2068 2030 formulas
2086 2000 2253 2039 ignoravit,
2271 2005 2335 2035 aut,
2352 2009 2370 2029 a
2389 1999 2541 2029 Summae

1476 2045 1617 2076 dictione
1640 2045 1788 2076 recedere
1810 2046 1939 2080 veritus,
1959 2044 2108 2075 adhibere
2131 2045 2246 2080 noluit,
2264 2049 2304 2079 et,
2329 2050 2365 2074 ut
2388 2043 2542 2073 formulas

1477 2099 1556 2129 quas
1579 2089 1662 2120 solas
1694 2091 1784 2120 novit
1807 2095 1861 2119 aut
1884 2088 2040 2120 desiderat
2069 2089 2208 2125 haberet,
2232 2089 2354 2128 ubique
2373 2089 2540 2118 materiam

1477 2135 1672 2174 quaestionis
1689 2133 1877 2164 divisibilem
1893 2133 1964 2164 data
1981 2143 2079 2173 opera
2095 2133 2260 2172 quaesivit.
2277 2132 2318 2162 Et
2333 2133 2392 2163 hac
2409 2132 2541 2172 quidem

1475 2179 1509 2208 in
1532 2188 1566 2208 re
1588 2178 1688 2209 modo
1712 2178 1796 2209 felici
1821 2183 1938 2208 eventu
1961 2187 2039 2208 usus
2062 2183 2118 2213 est,
2142 2178 2223 2207 sicut
2246 2178 2279 2207 in
2305 2186 2358 2217 qu.
2382 2187 2410 2207 L.
2436 2178 2540 2212 citata,

1477 2232 1559 2263 quae
1591 2233 1629 2254 ex
1658 2223 1808 2253 omnibus
1842 2222 2065 2262 Supplementi
2099 2221 2349 2259 Quaestionibus
2376 2221 2444 2251 sola
2473 2230 2541 2251 uno

1476 2267 1610 2298 articulo
1628 2273 1762 2298 constat.
1782 2266 1883 2297 Modo
1900 2267 2051 2306 speciem,
2063 2276 2131 2296 non
2147 2267 2249 2306 ipsam
2265 2275 2343 2302 rem,
2355 2271 2467 2296 nactus
2478 2271 2540 2295 est:

1475 2321 1552 2342 mox
1569 2310 1627 2352 (nis
1643 2312 1672 2342 8.
1690 2310 1736 2354 9.)
1759 2310 1938 2342 videbimus
1959 2320 2026 2350 quo
2050 2320 2083 2341 se
2106 2316 2207 2341 vertat
2229 2316 2264 2341 ut
2287 2310 2422 2340 scribere
2441 2310 2543 2350 possit

1478 2369 1492 2383 ‹
1511 2355 1563 2386 Ad
1585 2357 1726 2396 primum
1749 2356 1794 2386 sic
1816 2355 2001 2396 proceditur
2018 2367 2047 2385 ».

1622 2471 1640 2509 §
1665 2479 1694 2500 2.
1718 2469 1777 2499 DE
1800 2467 2069 2499 ANALYSIBUS
2098 2468 2399 2499 SUPPLEMENTI

1534 2575 1565 2604 6.
1587 2592 1611 2596 -
1634 2573 1837 2614 Compilator
1865 2573 1961 2603 nimis
1990 2582 2094 2612 prope
2124 2572 2164 2603 ad
2194 2572 2361 2603 Summam
2391 2571 2543 2602 accedere

1478 2619 1620 2649 tentavit.
1636 2618 1796 2648 Potuisset
1807 2617 2031 2658 Supplementi
2046 2617 2260 2654 Quaestiones
2272 2617 2339 2647 sine
2355 2626 2440 2646 nexu
2455 2617 2543 2646 iuxta

1477 2673 1510 2694 se
1526 2672 1659 2704 ponere,
1675 2662 1810 2693 naturali
1826 2662 1967 2702 quodam
1985 2661 2096 2692 ordine
2116 2667 2257 2697 servato;
2276 2661 2365 2701 quod
2382 2662 2410 2691 ei
2428 2661 2543 2691 melius

1479 2707 1605 2738 fuisset:
1630 2716 1705 2737 nam
1728 2707 1818 2737 labor
1839 2716 1934 2746 supra
1952 2707 2034 2736 vires
2050 2705 2167 2736 arduus
2191 2707 2220 2736 ei
2235 2706 2394 2741 manebat,
2414 2704 2543 2745 quando

1480 2762 1531 2782 eas
1551 2752 1690 2782 invicem
1711 2761 1776 2781 una
1798 2757 1953 2791 perpetua
1969 2751 2088 2791 analysi
2112 2751 2308 2790 coniungere
2331 2750 2543 2789 proponebat,

1479 2797 1589 2836 sicque
1605 2796 1664 2826 sibi
1679 2796 1900 2826 necessitatem
1915 2796 2070 2835 imposuit
2084 2794 2229 2824 imitandi
2245 2794 2276 2825 S.
2289 2794 2465 2824 Doctorem
2481 2803 2545 2833 qua

1478 2846 1568 2880 parte
1584 2840 1732 2870 omnium
1747 2840 1885 2869 maxime
1907 2839 2101 2869 inimitabilis
2120 2844 2176 2869 est.
2194 2838 2279 2869 Cum
2297 2839 2383 2868 enim
2404 2838 2545 2877 Magistri

1479 2884 1708 2915 Distinctiones
1723 2893 1824 2923 scopo
1848 2893 1907 2913 suo
1929 2884 2099 2919 obstarent,
2118 2888 2148 2912 et
2171 2883 2313 2922 analyses
2337 2882 2368 2913 S.
2386 2882 2544 2917 Thomae,

1479 2929 1518 2959 ab
1542 2929 1618 2968 ipsis
1641 2928 1820 2958 necessario
1844 2928 2027 2967 imperatae,
2051 2936 2165 2966 parum
2189 2927 2282 2957 utiles
2307 2931 2420 2961 essent,
2444 2935 2544 2955 novas

1480 2973 1633 3013 analyses,
1649 2972 1766 3012 quibus
1787 2971 2000 3009 Quaestiones
2024 2981 2042 3001 a
2061 2971 2303 3002 Commentario
2321 2970 2446 3001 avulsae
2470 2979 2544 3010 pro-

1480 3017 1551 3057 prio
1568 3017 1675 3056 logico
1687 3025 1782 3051 nexu,
1795 3025 1869 3046 vere
1886 3021 1917 3046 et
1933 3016 2014 3046 clare
2029 3016 2109 3051 viso,
2123 3015 2278 3045 sententia
2290 3015 2377 3044 brevi
2394 3020 2424 3045 et
2439 3014 2543 3044 lucida

1479 3062 1620 3101 praecise
1637 3061 1812 3096 enuntiato,
1826 3061 2042 3096 cohaererent,
2055 3069 2072 3090 e
2088 3060 2219 3099 proprio
2239 3059 2368 3098 ingenio
2385 3057 2545 3089 conficere

1481 3111 1610 3136 coactus
1634 3105 1776 3135 est.-Res
1800 3104 1892 3134 altius
1915 3104 2081 3144 ingenium
2107 3105 2202 3144 exigit
2225 3113 2322 3143 quam
2345 3108 2381 3133 ut
2408 3103 2543 3142 Compi-

1479 3150 1572 3180 latori
1599 3159 1658 3189 pro
1686 3154 1764 3178 voto
1797 3148 1938 3185 cederet,
1964 3149 2020 3188 qui
2042 3158 2103 3178 nec
2127 3148 2297 3188 analytices
2326 3148 2457 3178 scientia
2484 3156 2545 3177 nec

1479 3193 1649 3233 requisitae
1673 3192 1755 3223 dotis
1779 3193 1974 3223 conscientia
1997 3202 2030 3222 se
2053 3193 2243 3222 instructum
2268 3191 2415 3222 ostendit.

1535 3248 1566 3277 7.
1582 3255 1606 3260 -
1627 3237 1802 3277 Propitiam
1825 3237 1948 3267 virtutis
1970 3236 2194 3267 monstrandae
2216 3237 2420 3266 occasionem
2445 3234 2545 3265 Com-

1480 3282 1595 3322 pilator
1610 3282 1746 3312 habebat
1768 3282 1802 3311 in
1818 3281 1937 3322 analysi
1961 3290 2015 3321 qu.
2032 3291 2112 3311 LXIX.
2138 3281 2184 3311 Ibi
2200 3281 2312 3311 ultima
2327 3281 2425 3310 totius
2445 3289 2546 3319 nego-

1479 3327 1515 3356 tii
1538 3326 1712 3366 theologici
1728 3325 1940 3356 consideratio
1957 3326 2079 3365 incipit,
2095 3335 2213 3365 nempe
2240 3338 2254 3352 «
2273 3325 2313 3355 de
2331 3323 2396 3355 fine
2413 3325 2545 3354 immor-

1480 3370 1550 3401 talis
1565 3371 1647 3401 vitae
1663 3370 1703 3400 ad
1726 3380 1824 3410 quem
1838 3379 1896 3410 per
1912 3369 2108 3400 Salvatorem
2123 3369 2318 3410 resurgendo
2341 3369 2545 3409 pervenimus

1482 3415 1547 3455 (III.
1563 3414 1599 3445 P.
1615 3414 1732 3454 initio).
1752 3427 1766 3441 ›
1792 3414 1832 3444 Ei
1854 3414 2074 3450 incumbebat,
2100 3414 2343 3445 continuitatem
2366 3413 2461 3443 huius
2484 3417 2546 3441 tra-

1482 3464 1583 3490 ctatus
1607 3458 1646 3489 ad
1675 3458 1920 3499 praecedentem
1944 3458 1984 3489 de
2007 3458 2216 3490 Sacramentis
2246 3457 2413 3498 pellucidis
2443 3456 2546 3487 verbis

1482 3504 1658 3544 exprimere
1675 3509 1706 3534 et
1721 3502 1836 3534 deinde
1855 3503 1995 3544 amplam
2017 3503 2182 3533 materiam
2196 3502 2309 3543 logicis
2325 3500 2544 3542 conceptibus,
