2918 4088
12 1011 15 1014 .
74 990 88 1000 ·
139 987 237 1012 ..OE
259 987 288 1008 ιΙ.

77 1013 118 1037 ΟΧ
157 1014 193 1036 ad
203 1013 289 1035 Hono-

77 1042 140 1068 nt,
149 1044 200 1069 οφ.
214 1045 240 1062 ιι.

26 1264 29 1286 ἶ
72 1298 291 1349 :stuta-¹,

88 3184 101 3196 ·
114 3183 183 3206 Ven-
198 3189 222 3212 ¹5
235 3188 287 3211 sqq.

12 3277 27 3319 {2
88 3286 103 3300 ⁰
114 3286 183 3310 ναι.
198 3292 231 3310 ¹2.

968 213 1231 262 QUAEsT1o
1260 213 1400 259 LXIX,
1429 210 1722 248 ARTlcULUs
1750 211 1856 257 11,111

2412 224 2481 260 107

1076 382 1394 427 ARTICULUS
1428 381 1727 424 SECUNDUS

622 479 779 510 UTRUM
802 479 884 509 PER
907 477 1159 509 BAPTISMUM
1182 475 1429 507 LIBERETUR
1452 474 1583 505 HOMO
1605 474 1662 505 AB
1687 473 1797 504 OMNI
1820 474 1968 505 REATU
1991 474 2178 505 PECCATI

598 557 690 589 Supra,
710 565 754 589 qu.
773 564 839 586 χιιι,
858 562 904 581 art.
926 556 950 586 3,
968 557 1000 581 ad
1021 563 1049 586 2;
1068 563 1114 588 qu,
1133 561 1219 584 amn,
1239 558 1287 578 art.
1308 552 1338 583 5;
1358 552 1430 583 infra,
1450 560 1495 585 qu.
1513 559 1599 582 unx,
1618 557 1665 577 art.
1686 551 1709 581 5,
1728 552 1760 576 ad
1780 558 1810 582 13
1829 559 1874 584 qu.
1893 559 1995 583 Lxxxvx,
2014 558 2060 577 art.
2079 560 2108 583 4,
2128 554 2159 577 ad
2176 553 2205 583 33

492 591 522 617 111
543 591 626 621 Sent„
646 592 703 617 dist.
722 599 772 623 nx,
791 597 837 617 art.
858 591 880 623 3,
900 591 949 624 qu·
969 598 1000 622 2;
1019 591 1113 622 Expos.
1132 590 1194 620 litt.;
1214 589 1255 619 lv,
1276 588 1335 613 dist.
1353 596 1388 618 ιν,
1406 595 1452 620 qu.
1470 595 1497 616 11,
1517 592 1563 613 art.
1585 594 1607 616 ι,
1627 587 1676 619 qu·
1697 594 1726 617 2;
1746 586 1804 613 dist.
1823 594 1879 616 xiv,
1898 595 1942 620 qu.
1961 595 1988 617 ιι,
2008 593 2053 612 art.
2075 594 2098 617 1,
2118 588 2167 620 qu*
2188 595 2211 619 2,
2230 588 2261 612 ad
2283 588 2312 618 3;

702 627 761 653 dist.
778 634 848 657 xvm,
868 634 913 659 qu.
930 634 948 656 ι,
967 631 1014 651 art.
1035 625 1059 656 3,
1077 625 1127 658 qu⁸
1147 632 1176 655 2;
1195 624 1229 648 lV
1250 624 1327 648 Cont.
1348 624 1435 652 Germ,
1455 630 1510 655 cap.
1529 630 1578 653 ux,
1597 629 1677 652 num
1696 622 1741 647 Ad
1758 622 1844 651 Rom„
1865 630 1921 655 cap.
1938 630 1971 651 ιι,
1991 623 2048 647 lect.
2067 629 2102 648 ιν.

434 757 437 764 ,
465 741 483 752 Ι»
525 730 548 754 D
564 728 753 754 SECUNDUM
767 727 819 752 s1c
833 725 1068 752 PROCEDrrUR.
1089 712 1251 750 Videtur
1268 712 1376 760 quod
1429 713 1569 748 mortui
1593 723 1719 748 sumus
1746 723 1832 747 cum
1864 712 2024 757 Christo,
2058 713 2241 749 credimus
2269 715 2354 762 quia
2382 716 2490 751 etiam

509 821 635 859 omni
672 827 778 858 reatu
810 818 967 868 peccati.
1010 817 1109 855 Dicit
1141 817 1246 854 enim
1273 818 1378 866 Apo-

316 927 488 964 ordinata
514 932 608 964 sunt.
639 926 716 963 Sed
743 925 857 974 culpa
883 936 964 961 non
986 923 1184 960 ordinatur
1211 922 1283 959 nisi
1310 935 1380 972 per

315 991 497 1028 poenam,
526 986 568 1016 ut
595 977 831 1026 Augustinus
859 976 949 1014 dicit
966 976 997 1012 ³¹⁶.
1032 977 1133 1024 Ergo
1162 988 1232 1025 per
1258 975 1379 1024 bapti-

316 1043 448 1069 smum
475 1043 556 1068 non
574 1030 717 1068 tollitur
735 1037 861 1067 reatus
887 1041 1038 1079 poenae
1066 1028 1379 1078 praecedentium

315 1091 575 1135 peccatorum.

371 1149 407 1174 2.
432 1138 666 1181 PRAETEREA,
695 1137 852 1174 effectus
881 1134 1108 1172 sacramenti
1135 1134 1305 1184 aliquam
1334 1134 1380 1171 si—

317 1190 575 1228 militudinem
609 1189 725 1226 habet
760 1201 852 1226 cum
879 1188 964 1238 ipso
993 1195 1250 1225 sacramento:
1289 1187 1381 1236 quia

318 1250 556 1280 sacramenta
589 1254 715 1280 novae
748 1242 838 1290 legis
875 1243 1040 1290 efficiunt
1072 1241 1171 1290 quod
1189 1243 1379 1291 figurant,

316 1303 360 1334 ut
387 1307 505 1346 supra
521 1295 542 1318 '¹‘
569 1295 716 1333 dictum
743 1302 810 1332 est.
854 1295 931 1332 Sed
965 1294 1110 1332 ablutio
1146 1293 1381 1343 baptismalis

317 1347 621 1398 habet-quidem
648 1348 818 1397 aliquam
839 1347 1128 1384 similitudinem
1155 1359 1247 1384 cum
1274 1347 1381 1384 ablu-

316 1401 422 1440 tione
450 1402 638 1447 maculae,
667 1403 813 1438 nullam
842 1408 969 1438 autem
1000 1399 1289 1437 similitudinem
1317 1401 1382 1437 ha-

318 1455 409 1492 bere
443 1454 596 1492 videtur
631 1466 723 1491 cum
761 1453 1017 1491 subtractione
1056 1460 1182 1490 reatus
1219 1464 1391 1502 poenae.

317 1508 412 1545 Non
431 1519 521 1556 ergo
549 1519 619 1556 per
637 1506 874 1556 baptismum
901 1506 1043 1543 tollitur
1067 1513 1194 1542 reatus
1219 1517 1381 1554 poenae.

374 1560 409 1597 3.
439 1561 680 1606 Pium-Em,
710 1559 859 1596 sublato
895 1566 1002 1595 reatu
1038 1570 1210 1608 poenae,
1247 1557 1383 1607 aliquis

314 1624 401 1651 non
427 1619 602 1650 remanet
628 1612 766 1660 dignus
794 1623 934 1660 poena,
957 1619 993 1648 et
1011 1611 1062 1648 ita
1080 1611 1266 1648 iniustum
1286 1618 1384 1647 esset

316 1677 412 1703 eum
425 1664 565 1715 puniri.
587 1664 628 1702 Si
641 1664 754 1713 igitur
767 1676 837 1713 per
850 1663 1088 1713 baptismum
1101 1663 1244 1700 tollitur
1257 1671 1384 1701 reatus

317 1729 481 1768 poenae,
510 1717 697 1754 iniustum
718 1725 816 1754 esset
843 1724 931 1766 post
958 1716 1195 1765 baptismum
1223 1729 1384 1766 suspen-

317 1771 411 1809 dere
439 1772 639 1817 latronem,
669 1770 737 1819 qui
755 1777 867 1807 antea
894 1769 1151 1807 homicidium
1179 1769 1382 1806 commisit.

319 1824 368 1863 Et
395 1823 447 1861 ita
473 1835 543 1873 per
569 1822 806 1873 baptismum
840 1824 1034 1860 tolleretur
1061 1822 1163 1871 rigor
1189 1823 1385 1859 humanae

319 1876 561 1926 disciplinae:
587 1876 695 1926 quod
714 1883 770 1913 est
788 1875 1075 1913 inconveniens.
1095 1877 1188 1913 Non
1208 1887 1298 1923 ergo
1317 1888 1387 1925 per

312 1929 559 1979 >baptismum
586 1929 728 1967 tollitur
755 1937 881 1966 reatus
908 1941 1071 1978 poenae.

377 1982 451 2020 SED
471 1994 617 2020 CONTRA
635 1994 700 2019 EST
728 1982 836 2030 quod
863 1981 1093 2019 Ambrosius
1112 1980 1201 2018 dicit
1219 1981 1250 2027 ²¹⁸,
1272 1993 1388 2030 super

322 2034 416 2072 illud
442 2036 554 2072 Rom.
575 2047 610 2072 xl
637 2034 668 2081 ³⁸,
695 2036 783 2072 Sine
811 2036 1038 2084 poenitentia
1071 2040 1156 2070 sunt
1184 2034 1289 2071 ⁴dona
1315 2035 1389 2070 Dei

322 2094 356 2125 et
382 2090 545 2126 vocatio:
579 2088 722 2134 Gratia,
742 2087 878 2136 inquit,
898 2088 973 2124 Dei
998 2089 1035 2124 in
1060 2088 1239 2136 baptismo
1259 2088 1387 2124 omnia

321 2142 442 2191 gratis
467 2141 663 2178 condonat.

376 2195 602 2231 REsponnEo
621 2206 803 2231 DlCENDUM
822 2193 941 2242 quod,
957 2192 1054 2229 sieut
1072 2203 1188 2241 supra
1202 2191 1222 2213 '¹‘
1241 2191 1388 2229 dietum

323 2254 391 2293 est,
419 2258 490 2296 per
516 2246 753 2296 baptismum
779 2245 916 2295 aliquis
934 2245 1202 2294 incorporatur
1219 2243 1388 2293 passioni

323 2307 360 2336 et
387 2299 503 2337 morti
531 2299 689 2337 Christi:
726 2298 944 2336 secundum
970 2298 1063 2335 illud
1091 2299 1202 2334 Rom.
1222 2309 1256 2334 vt
1275 2297 1315 2333 *ε
1350 2298 1391 2334 Si

376 2443 394 2460 α
424 2432 556 2459 οηιιιίιῗ-
574 2432 635 2458 Om.
654 2433 687 2462 Η,
706 2431 788 2457 totius
807 2437 890 2456 cetera
908 2431 990 2457 tertia.

323 2509 350 2533 et
367 2505 407 2532 sic
424 2504 477 2535 EF,
496 2504 556 2529 ideo
574 2503 645 2534 PHb,
664 2506 692 2528 et
709 2503 769 2528 ideo
787 2510 809 2528 c.

377 2433 405 2504 βξ
421 2469 501 2503 quod,
519 2468 592 2501 quia.
609 2482 629 2487 —
647 2468 684 2492 sD
703 2475 721 2492 a
740 2472 765 2492 et
782 2467 871 2498 πει-τίεις
890 2467 968 2500 quod.
994 2467 1062 2491 Ante
1080 2466 1136 2491 eius
1157 2468 1269 2498 peccata
1293 2465 1390 2490 addunt
1441 2465 1548 2490 tionem.

526 781 597 819 per
623 768 859 817 baptismum
887 778 967 803 non
986 766 1167 803 liberetur
1187 766 1308 802 homo
1328 764 1376 801 ab
1429 765 1539 801 simul
1564 765 1729 802 vivemus
1756 775 1841 800 cum
1873 765 2028 800 Christo.
2063 765 2121 801 Ex
2149 777 2228 813 quo
2256 774 2358 814 patet
2385 767 2491 815 quod

1432 816 1540 853 omni
1568 816 1757 866 baptizato
1785 816 2095 854 communicatur
2122 818 2248 866 passio
2278 818 2415 856 Christi
2443 819 2492 856 ad

1432 869 1650 906 remedium
1684 881 1728 906 ac
1761 869 1791 905 si
1819 869 1900 918 ipse
1932 881 2068 918 passus
2105 877 2141 906 et
2172 878 2348 907 mortuus
2383 879 2491 908 esset.

1432 921 1563 959 Passio
1592 930 1722 959 autem
1752 922 1912 968 Christi,
1942 922 2039 959 sicut
2066 934 2183 971 supra
2205 922 2225 944 '¹‘
2252 923 2398 960 dictum
2425 932 2491 970 est,

1432 983 1488 1012 est
1525 974 1718 1012 sufficiens
1759 974 1958 1012 satisfactio
1999 987 2071 1024 pro
2109 975 2291 1012 omnibus
2331 977 2494 1025 peccatis

1434 1027 1614 1065 omnium
1646 1027 1865 1065 hominum.
1909 1028 1958 1064 Et
1985 1027 2072 1064 ideo
2101 1027 2161 1064 ille
2190 1028 2256 1077 qui
2284 1028 2495 1078 baptizatur

1433 1081 1615 1118 liberatur
1637 1093 1660 1118 a
1678 1088 1785 1118 reatu
1805 1080 1932 1117 omnis
1953 1086 1970 1102 ²
1997 1093 2147 1130 poenae
2166 1080 2237 1117 sibi
2256 1081 2404 1118 debitae
2423 1094 2494 1131 pro

1433 1133 1617 1184 peccatis,
1654 1146 1698 1171 ac
1726 1133 1756 1170 si
1783 1133 1865 1183 ipse
1899 1133 2131 1171 sufficienter
2164 1133 2397 1171 satisfecisset
2423 1146 2495 1184 pro

1434 1186 1617 1224 omnibus
1644 1186 1808 1236 peccatis
1836 1185 1926 1223 suis.

1487 1241 1544 1277 An
1573 1252 1708 1277 PRIMUM
1737 1251 1835 1276 ERGO
1859 1251 2042 1276 DICENDUM
2069 1240 2189 1288 quod,
2219 1238 2343 1289 quiass
2370 1252 2497 1289 poena

1434 1292 1623 1343 passionis
1661 1292 1802 1330 Christi
1844 1291 2155 1329 communicatur
2197 1292 2405 1342 baptizato,
2442 1293 2497 1329 in-

1434 1353 1626 1395 quantum
1652 1345 1703 1382 fit.
1723 1345 1947 1382 membrum
1976 1345 2133 1391 Christi,
2163 1345 2266 1382 acsi
2292 1345 2374 1394 ipse
2406 1358 2497 1395 poe-

1434 1411 1526 1436 nam
1562 1399 1666 1436 illam
1700 1398 1955 1445 sustinuisset,
1986 1398 2067 1435 eius
2107 1405 2263 1447 peccata
2299 1406 2498 1436 remanent

1436 1452 1610 1489 ordinata
1637 1463 1707 1500 per
1733 1463 1903 1500 poenam
1930 1450 2118 1499 passionis
2148 1451 2298 1488 Christi.

1489 1506 1547 1541 An
1575 1516 1764 1541 SECUNDUM
1792 1516 1974 1541 DICENDUM
2002 1504 2108 1553 quod
2138 1516 2239 1553 aqua
2266 1516 2347 1541 non
2371 1506 2498 1542 solum

1436 1557 1565 1603 abluit,
1595 1557 1662 1594 sed
1691 1556 1805 1594 etiam
1834 1556 2034 1605 refrigerat.
2065 1558 2113 1593 Et
2139 1556 2190 1593 ita
2217 1569 2289 1594 suo
2309 1557 2498 1606 refrigerio

1437 1609 1623 1658 significat
1651 1609 1950 1647 subtractionem
1978 1617 2104 1646 reatus
2123 1622 2286 1658 poenae,
2315 1610 2411 1647 sicut
2429 1623 2499 1648 sua

1438 1662 1633 1700 ablutione
1652 1668 1667 1691 Υ
1695 1662 1880 1711 significat
1908 1662 2225 1700 emundationem
2253 1675 2276 1700 a
2303 1665 2426 1712 culpa.

1491 1717 1549 1752 AD
1576 1727 1736 1753 TER'r1UM
1763 1728 1944 1753 DICENDUM
1968 1716 2076 1765 quod
2104 1715 2144 1752 in
2161 1715 2297 1765 poenis
2324 1728 2424 1765 quae
2442 1715 2499 1753 iu-

1437 1768 1538 1806 dicio
1567 1769 1742 1806 humano
1771 1768 2003 1815 inferuntur,
2032 1781 2113 1806 non
2141 1770 2269 1806 solum
2297 1769 2501 1806 attenditur

1439 1834 1518 1871 qua
1544 1833 1672 1871 poena
1700 1821 1746 1858 sit
1773 1822 1896 1858 homo
1925 1821 2062 1870 dignus
2091 1822 2222 1871 quoad
2250 1822 2398 1868 Deum,
2432 1822 2500 1859 sed

1440 1874 1555 1912 etiam
1583 1874 1622 1911 in
1651 1887 1730 1923 quo
1759 1874 1806 1911 sit
1833 1874 2020 1923 obligatus
2048 1875 2179 1923 quoad
2207 1875 2404 1921 homines,
2433 1875 2501 1924 qui

1440 1935 1529 1964 sunt
1555 1927 1646 1965 laesi
1674 1935 1710 1964 et
1738 1927 1978 1965 scandalizati
2003 1940 2074 1976 per
2099 1935 2301 1976 peccatum
2329 1927 2499 1965 alicuius.

1442 1981 1489 2017 Et
1517 1980 1616 2027 ideo,
1645 1979 1730 2017 licet
1757 1980 1953 2017 homicida
1980 1992 2050 2029 per
2061 1973 2301 2029 'baptismum
2322 1980 2501 2018 liberetur

1442 2046 1464 2070 a
1497 2040 1604 2070 reatu
1638 2045 1788 2082 poenae
1826 2033 1957 2082 quoad
1990 2033 2138 2079 Deum,
2173 2041 2344 2070 remanet
2371 2041 2501 2070 tamen

1442 2086 1571 2123 adhuc
1606 2085 1792 2133 obligatus
1826 2086 1957 2134 quoad
1993 2085 2191 2132 homines,
2225 2098 2335 2134 quos.
2357 2086 2501 2123 iustum

1441 2146 1497 2175 est
1524 2138 1717 2175 aedificari
1750 2139 1798 2175 de
1826 2150 1973 2187 poena,
2008 2138 2104 2175 sicut
2139 2146 2227 2175 sunt
2261 2138 2501 2176 scandalizati

1441 2192 1489 2228 de
1513 2192 1637 2239 culpa.
1668 2190 1734 2227 Pie
1749 2198 1879 2228 tamen
1898 2190 2036 2228 talibus
2054 2190 2231 2240 princeps
2256 2199 2385 2240 posset
2409 2203 2501 2240 poe-

1441 2256 1534 2280 nam
1561 2243 1769 2290 indulgere.

1494 2427 1522 2463 γ)
1540 2429 1683 2455 ablutione.
1695 2442 1715 2447 -
1732 2429 1753 2453 E
1773 2434 1798 2453 et
1815 2430 1903 2460 tertia;
1923 2429 2120 2455 emundatione.
2140 2429 2179 2455 Cf.
2193 2435 2238 2455 art.
2253 2438 2270 2461 4
2285 2437 2337 2463 arg.
2353 2436 2376 2455 1.
2390 2435 2415 2455 et
2433 2430 2504 2454 solu-

1124 2640 1442 2683 ARTICULUS
1477 2640 1707 2683 TERTIUS

528 2746 686 2778 UTRUM
709 2745 792 2776 PER
814 2744 1069 2775 BAPTISMUM
1092 2743 1297 2774 DEBEANT
1321 2742 1508 2773 AUFERRI
1531 2742 1864 2774 POENALITATES
1886 2743 2149 2775 PRAESENTIS
2171 2745 2304 2776 vlTAE

419 2836 511 2868 Supra.
530 2842 575 2867 qu.
593 2841 659 2864 xux,
679 2838 725 2858 nrt.
746 2832 769 2863 3,
788 2832 820 2856 ad
841 2831 870 2862 3;
891 2839 936 2864 qu.
954 2839 998 2861 ux,
1017 2836 1063 2856 art.
1086 2830 1108 2862 5,
1127 2831 1159 2855 ad
1180 2838 1209 2862 23
1229 2830 1300 2859 infra,
1320 2835 1366 2855 art.
1387 2838 1411 2862 7,
1431 2830 1463 2854 ad
1484 2829 1512 2860 3;
1532 2830 1556 2854 1·
1575 2830 1630 2861 11¹⁸,
1650 2837 1694 2862 qu.
1713 2838 1800 2861 Lxxxv,
1820 2835 1866 2856 art.
1887 2830 1910 2860 5,
1930 2831 1961 2855 ad
1982 2838 2010 2860 2;
2030 2839 2074 2864 qn.
2094 2839 2201 2863 Lxxxvu‚
2220 2838 2266 2859 art.
2286 2841 2310 2866 7,
2329 2834 2361 2858 ad
2381 2841 2411 2865 ις

530 2877 575 2902 qu.
594 2877 645 2900 cnr,
664 2873 711 2893 art.
731 2876 763 2901 9;
783 2867 817 2892 11⁸
837 2867 893 2898 11⁸⁶,

912 2875 957 2900 qu.
975 2874 1029 2899 cxv,
1049 2872 1096 2892 art.
1116 2865 1141 2895 6,
1160 2867 1191 2891 ad
1212 2873 1241 2897 13
1261 2866 1281 2890 11
1301 2866 1383 2894 Sent„
1403 2865 1461 2890 dist.
1480 2873 1555 2894 xxxii.
1575 2873 1620 2897 qu.
1640 2873 1658 2895 1,
1677 2871 1724 2891 art.
1745 2873 1775 2897 23
1794 2866 1852 2890 dist.
1871 2874 1938 2895 xuv,
1957 2874 2001 2898 qu.
2019 2874 2047 2895 ιι,
2066 2872 2113 2892 art.
2134 2875 2157 2898 2,
2176 2868 2208 2892 ad
2228 2875 2251 2898 2,
2273 2868 2302 2900 33

647 2904 686 2935 Ill,
706 2904 764 2928 dist.
782 2910 832 2933 xxx,
852 2907 898 2927 art.
919 2902 942 2934 3,
962 2902 1012 2935 qu*
1032 2910 1062 2933 23
1082 2902 1124 2933 lv,
1144 2902 1200 2926 dist.
1219 2909 1253 2931 w,
1274 2909 1318 2933 qu.
1337 2908 1364 2930 ιι,
1384 2905 1430 2926 art.
1451 2908 1474 2931 1,
1493 2900 1543 2933 qu⁸
1564 2900 1593 2930 33
1613 2901 1671 2926 dist.
1690 2908 1756 2931 xmn,
1775 2909 1820 2933 qu.
1838 2909 1865 2930 ιι,
1885 2906 1931 2926 art.
1952 2909 1976 2932 2,
1996 2902 2044 2934 qu*
2065 2909 2087 2933 1,
2107 2903 2138 2927 ad
2159 2902 2188 2933 33

779 2939 813 2963 IV
834 2938 910 2963 Cont.
932 2939 1020 2967 Genu,
1040 2945 1096 2970 cap.
1115 2945 1160 2967 Lv;
1183 2937 1223 2961 De
1242 2936 1325 2965 Malo,
1345 2944 1389 2968 qu.
1408 2943 1442 2967 w,
1461 2941 1508 2961 art.
1527 2935 1551 2965 6,
1571 2936 1602 2960 ad
1621 2943 1654 2967 43
1675 2936 1771 2966 Quodl.
1790 2936 1832 2966 Vl.
1852 2944 1896 2968 qu.
1915 2944 1948 2967 tx,
1968 2941 2014 2961 art.
2035 2943 2057 2962 ι.

357 3033 415 3076 ,ῗςὲῑη

361 3073 410 3116 sc?

346 3112 466 3179 fx,
477 3108 660 3164 'rutates
687 3122 895 3173 praesentis
922 3122 1034 3159 vitae.
1077 3123 1127 3159 Ut
1155 3121 1259 3158 enim
1287 3122 1390 3169 Apo-

386 3152 481 3209 §aaa
498 3169 660 3214 stolus
689 3176 795 3223 dicit,
828 3178 939 3213 Rom.
969 3188 993 3212 v
1011 3175 1042 3220 ³¹⁶,
1073 3175 1220 3211 donum
1252 3173 1391 3211 Christi

327 3230 522 3281 potentius
540 3238 596 3268 est
614 3242 735 3280 quam
752 3236 956 3278 peccatum
975 3228 1093 3265 Adae.
1124 3227 1201 3265 Sed
1220 3239 1289 3275 per
1306 3238 1391 3275 pec-

416 3035 421 3048 ἲ

448 3039 525 3085 JK<-
538 3031 560 3056 D
580 3029 740 3056 TER‘rmM
759 3029 811 3054 s1c
831 3028 1067 3054 PROCEDITUR.
1096 3015 1257 3053 Videtur
1284 3015 1391 3063 quod

320 3290 457 3325 ‚catum
487 3283 612 3328 Adae,
640 3290 684 3320 ut
709 3282 855 3319 ibidem
872 3281 892 3304 ’¹‘
920 3281 1128 3331 Apostolus
1155 3279 1262 3326 dicit,
1291 3291 1392 3316 mors

330 3339 368 3374 in
383 3338 482 3374 hunc
495 3336 676 3373 mundum
691 3336 850 3381 intravit,
867 3342 903 3371 et
916 3346 986 3383 per
999 3344 1241 3382 consequens
1256 3344 1392 3369 omnes

331 3389 426 3427 aliae
463 3389 712 3439 poenalitates
746 3386 955 3437 praesentis
982 3386 1093 3424 vitae.
1136 3386 1237 3433 Ergo
1270 3386 1392 3422 multo

383 3519 412 3556 α)
430 3521 621 3554 consequentis.
639 3535 658 3540 —
675 3523 851 3553 consequente
870 3520 938 3545 PHc.

1445 3014 1566 3062 magis
1593 3026 1663 3063 per
1681 3015 1831 3052 donum
1853 3015 2003 3062 Christi,
2024 3016 2130 3064 quod
2152 3015 2191 3052 in
2211 3016 2402 3065 baptismo
2421 3029 2506 3066 per-

458 3060 518 3127 {2⁴4
539 3083 609 3121 per
636 3070 873 3120 baptismum
901 3069 1065 3106 debeant
1085 3068 1223 3106 auferri
1247 3079 1390 3117 poena·
1446 3067 1602 3116 cipitur,
1633 3068 1754 3104 homo
1778 3080 1800 3104 a
1827 3067 2120 3117 poenalitatibus
2162 3069 2370 3118 praesentis
2406 3070 2506 3107 vitae

1446 3120 1559 3157 debet
1586 3119 1749 3157 liberari.

1501 3184 1535 3209 2.
1565 3173 1796 3220 PRAETEREA,
1826 3173 2040 3223 baptismus
2068 3174 2188 3211 aufert
2206 3182 2243 3211 et
2261 3176 2416 3225 culpam
2435 3175 2506 3213 ori-

1445 3225 1611 3274 ginalem
1645 3233 1682 3262 et
1715 3227 1920 3273 actualem,
1956 3226 2052 3263 sicut
2084 3239 2200 3277 supra
2217 3227 2238 3250 ³¹²
2264 3227 2411 3265 dictum
2438 3236 2504 3266 est.

1447 3278 1510 3316 Sic
1537 3286 1667 3315 autem
1694 3279 1815 3315 aufert
1842 3281 2031 3316 actualem
2058 3281 2214 3329 culpam
2241 3281 2348 3330 quod
2375 3280 2507 3318 liberat

1446 3331 1495 3368 ab
1523 3331 1631 3368 omni
1663 3339 1770 3368 reatu
1804 3344 1954 3381 poenae
1986 3333 2255 3382 consequentis
2275 3339 2292 3355 ‘¹
2319 3335 2507 3371 actualem

1447 3385 1602 3433 culpam
1624 3383 1655 3421 ²¹².
1703 3385 1804 3433 Ergo
1839 3384 1954 3422 etiam
1990 3385 2122 3422 liberat
2158 3398 2181 3423 a
2214 3386 2508 3435 poenalitatibus
2534 3394 2544 3404 ·
2558 3392 2594 3415 Cs·
2610 3395 2651 3414 m.
2666 3397 2685 3414 2·

2520 932 2529 942 ·
2544 931 2592 958 Qu.
2602 937 2677 958 uvm,
2688 936 2730 954 art.

2519 964 2537 985 5.
2545 967 2555 973 —
2563 957 2599 980 Cf,
2608 964 2644 985 qu.
2655 964 2730 984 xum,

2520 987 2561 1005 art.
2568 990 2616 1011 2‚4;
2624 990 2663 1012 qu.

2532 3236 2542 3245 “
2557 3235 2608 3256 An.

2670 990 2730 1012 xux,
