2918 4088
184 701 195 711 ¹
206 699 272 722 Cont.
283 699 343 721 duas
353 699 396 727 Ep.

183 726 264 774 ξξξῖιὲ.
274 726 313 748 lib.
320 725 338 753 I,
345 731 396 753 cap.

185 967 196 977 ·
204 966 246 993 Ep.
255 965 359 992 xcvm,
369 965 397 987 al.

186 992 268 1018 xxm,
284 998 306 1014 n.
321 999 343 1018 4.

281 1024 295 1052 t:

425 201 493 226 102

421 271 693 320 quodammodo
707 271 941 320 profitentur,
957 282 1025 306 cur
1039 271 1148 306 etiam
1168 279 1241 305 non
1256 268 1480 317 poenitentes

420 326 647 370 habeantur,
676 335 761 360 cum
784 335 857 372 per
883 323 1085 360 eorundem
1120 323 1233 359 verba
1260 319 1479 369 gestantium

421 377 567 414 diabolo
596 382 628 413 et
646 378 731 414 huic
749 376 896 413 saeculo
923 376 1185 412 abrenuntiare
1203 368 1481 409 monstrentur?

424 430 472 466 Et
499 430 636 467 eadem
664 428 810 466 ratione
838 436 1000 477 possunt
1027 426 1101 463 dici
1122 425 1370 469 intendentes,
1400 433 1481 458 non

423 493 493 532 per
520 489 649 519 actum
676 480 853 530 propriae
881 479 1115 525 intentionis,
1145 490 1236 515 cum
1263 475 1334 525 ipsi
1363 486 1481 524 quan-

424 535 554 584 doque
582 534 884 572 contranitantur
910 541 946 569 et
973 534 1141 581 plorent:
1172 530 1237 566 sed
1266 541 1334 578 per
1353 535 1482 564 actum

425 600 562 625 eorum
591 600 613 624 a
641 586 781 636 quibus
810 586 1034 622 offeruntur.

477 642 534 677 AD
562 652 750 677 SECUNDUM
778 650 956 676 DiCENDUM
982 636 1100 685 quod,
1121 635 1217 671 sicut
1235 633 1481 681 Augustinus,

425 693 593 730 scribens
622 691 818 729 Bonifacio
837 691 867 737 ²¹⁶,
898 689 996 736 dicit,
1025 691 1062 725 in
1090 688 1256 725 Ecclesia
1283 686 1484 723 Salvatoris

419 746 573 796 parvuli
593 757 665 794 per
692 745 784 781 alios
811 744 981 787 credunt,
1016 744 1106 778 sicut
1134 752 1183 776 ex
1210 740 1290 776 aliis
1324 751 1419 787 quae
1446 740 1483 775 in

425 800 604 848 baptismo
634 799 865 834 remittuntur
886 800 1042 845 peccata
1069 798 1274 830 traxerunt.
1305 792 1389 828 Nec
1414 790 1484 828 im-

425 851 577 900 peditur
613 862 750 887 eorum
786 850 886 885 salus
924 847 954 883 si
982 854 1157 895 parentes
1191 844 1264 881 sint
1291 843 1482 881 infideles:

426 903 527 952 quia,
548 903 643 940 sicut
662 901 896 950 Augustinus
916 899 1014 946 dicit,
1036 898 1162 935 eidem
1181 896 1378 934 Bonifacio
1398 896 1485 933 scri-

426 957 520 993 bens
539 956 569 999 ³¹²,
599 955 808 1004 offeruntur
829 953 982 1003 parvuli
1009 952 1059 989 ad
1079 950 1360 1000 percipiendam
1382 951 1486 999 spiri-

425 1009 560 1046 tualem
579 1010 755 1058 gratiam,
786 1019 860 1043 non
889 1012 964 1042 tam
985 1004 996 1028 t
1024 1006 1071 1041 ab
1091 1005 1140 1040 eis
1162 1015 1321 1053 quorum
1339 1008 1486 1053 gestan-

425 1072 485 1098 tur
511 1062 682 1098 manibus
711 1059 894 1109 (quamvis
921 1064 954 1094 et
982 1059 1028 1094 ab
1057 1058 1157 1106 ipsis,
1186 1057 1220 1092 si
1245 1061 1278 1092 et
1305 1057 1375 1105 ipsi
1400 1057 1490 1093 boni

414 1114 548 1163 fideles
565 1113 677 1162 sunt),
699 1124 810 1161 quam
830 1114 877 1149 ab
897 1113 1068 1147 universa
1086 1110 1256 1146 societate
1273 1114 1487 1146 sanctorum

425 1173 532 1215 atque
547 1166 733 1213 fidelium.
762 1166 820 1201 Ab
849 1165 1018 1201 omnibus
1047 1175 1206 1211 namque
1233 1161 1366 1210 offerri
1392 1167 1489 1198 recte

425 1219 688 1268 intelliguntur,
710 1219 838 1266 quibus
852 1217 974 1266 placet
993 1215 1092 1265 quod
1109 1214 1330 1264 offeruntur,
1350 1221 1383 1251 et
1402 1227 1487 1264 quo·

426 1284 508 1308 rum
535 1273 686 1308 caritate
713 1271 764 1307 ad
787 1271 1086 1306 communionem
1107 1269 1233 1305 Sancti
1250 1269 1405 1317 Spiritus
1424 1268 1488 1304 ad-

425 1327 640 1374 iunguntur.
674 1323 878 1360 Infidelitas
911 1330 1040 1359 autem
1072 1320 1320 1370 propriorum
1352 1332 1488 1370 paren-

477 1447 503 1481 ζ)
522 1451 585 1472 tam.
604 1461 622 1465 —
641 1447 707 1477 PE13
728 1450 831 1471 tantum
851 1447 898 1479 pB,
918 1450 1005 1471 tamen
1027 1445 1113 1470 ceteri.

1083 189 1346 237 QUAESTIO
1374 186 1544 232 LXVIII,
1581 184 1872 222 ARTICULUS
1901 186 1935 222 X

1535 273 1630 310 turn,
1652 263 1766 300 etiam
1795 263 1826 300 si
1846 276 1912 300 eos
1931 272 2018 313 post
2037 264 2273 314 baptismum
2301 265 2600 304 daemoniorum

1536 316 1728 354 sacrificiis
1760 316 1935 353 imbuere
1964 325 2175 367 conentur,
2200 318 2330 367 pueris
2365 331 2446 356 non
2474 327 2597 357 nocet.

1537 369 1651 416 Quia,
1667 377 1709 406 ut
1728 369 1871 406 ibidem
1885 369 1905 391 ’¹‘
1924 369 2160 418 Augustinus
2179 371 2279 418 dicit,
2290 384 2389 421 puer
2405 371 2518 409 semel
2533 383 2599 422 ge-

1536 428 1685 460 neratus
1698 435 1771 472 per
1789 423 1949 459 aliorum
1976 423 2213 469 voluntatem,
2233 424 2403 474 deinceps
2429 437 2502 462 non
2519 430 2599 474 pot-

1536 481 1587 512 est
1603 476 1752 512 vinculo
1773 475 1918 512 alienae
1941 477 2138 525 iniquitatis
2163 477 2356 526 obstringi,
2376 478 2440 515 ubi
2459 477 2561 515 nulla
2581 482 2599 504 '²

1535 540 1603 565 sua
1638 528 1825 565 voluntate
1860 530 2058 565 consentit:
2092 529 2294 566 secundum
2329 529 2430 576 illud,
2459 529 2598 567 Ezech.

1536 580 1662 626 xvl11*‚
1686 595 1705 615 «
1723 582 1821 618 Sicut
1845 583 1972 618 anima
1993 583 2110 631 patris
2129 593 2213 618 mea
2233 587 2294 628 est,
2314 587 2348 618 et
2365 583 2493 620 anima
2506 582 2586 631 filii
2591 595 2603 619 .-

1536 635 1666 670 anima
1686 645 1780 682 quae
1792 636 2014 683 peccaverit,
2030 636 2108 684 ipsa
2127 635 2306 671 morietur
2318 649 2352 671 ».
2369 635 2442 671 Sed
2459 635 2539 672 ideo
2554 647 2603 672 ex

1536 686 1660 723 Adam
1684 689 1798 723 traxit
1826 687 1924 736 quod
1943 689 2172 725 sacramenti
2189 687 2284 724 illius
2301 688 2427 736 gratia
2445 687 2602 725 solvere—

1538 745 1610 785 tur,
1639 740 1725 788 quia
1754 740 1918 777 nondum
1938 746 2018 777 erat
2036 742 2164 777 anima
2182 746 2355 790 separata
2375 741 2511 778 vivens.
2541 739 2602 776 Fi-

1540 792 1607 828 des
1626 798 1757 829 autem
1785 791 1912 839 unius,
1932 792 2055 830 immo
2079 792 2194 830 totius
2215 792 2419 838 Ecclesiae,
2439 793 2603 842 parvulo

1539 845 1697 894 prodest
1718 856 1788 894 per
1807 845 2073 894 operationem
2092 846 2254 895 Spiritus
2275 845 2414 892 Sancti,
2435 845 2503 894 qui
2522 844 2605 885 unit

1523 897 1752 934 'Ecclesiam
1780 905 1817 933 et
1844 898 1948 935 bona
1975 898 2091 935 unius
2120 898 2225 936 alteri
2253 898 2526 936 communicat.

1594 951 1651 987 AD
1678 962 1838 987 Teanum
1872 963 2054 988 DICENDUM
2089 952 2213 1000 quod,
2243 951 2339 989 sicut
2366 963 2483 1001 puer,
2512 963 2604 988 cum

1540 1002 1764 1052 baptizatur,
1787 1015 1867 1040 non
1886 1015 1956 1052 per
1975 1003 2158 1053 seipsum,
2179 1005 2247 1042 sed
2265 1017 2335 1054 per
2353 1004 2446 1041 alios
2466 1003 2603 1049 credit3

1542 1055 1592 1093 ita
1619 1067 1700 1093 non
1727 1067 1798 1104 per
1825 1055 2006 1106 seipsum,
2036 1057 2104 1094 sed
2131 1069 2201 1106 per
2219 1057 2313 1094 alios
2341 1056 2603 1105 interrogatur,

1542 1117 1578 1145 et
1605 1108 1822 1157 interrogati
1849 1109 2082 1146 confitentur
2108 1109 2230 1147 fidem
2250 1109 2441 1149 Ecclesiae
2462 1109 2501 1146 in
2519 1121 2605 1158 per·

1542 1173 1637 1198 sona
1664 1161 1774 1210 pueri
1787 1191 1796 1209 ,
1832 1161 1899 1210 qui
1926 1161 2017 1199 huic
2044 1162 2135 1199 fidei
2162 1170 2385 1210 aggregatur
2417 1174 2488 1212 per
2510 1162 2608 1210 fidei

1541 1220 1814 1251 sacramentum
1828 1214 1859 1250 ²¹².
1883 1214 2166 1252 Conscientiam
2194 1222 2324 1252 autem
2350 1215 2497 1252 bonam
2516 1225 2607 1251 con-

1543 1266 1714 1315 sequitur
1739 1279 1837 1315 puer
1865 1266 1979 1308 etiam
2007 1267 2046 1303 in
2069 1267 2207 1316 seipso,
2228 1280 2309 1304 non
2329 1267 2487 1316 quidem
2507 1274 2606 1313 actu,

1543 1320 1611 1356 sed
1639 1319 1785 1366 habitu,
1813 1331 1884 1368 per
1910 1319 2069 1368 gratiam
2098 1320 2378 1357 iustificantem.

1595 1443 1622 1476 η)
1643 1443 1687 1467 ubi
1705 1443 1787 1468 nulla.
1805 1457 1824 1461 -
1842 1442 1896 1467 nisi
1914 1443 1988 1467 nulla
2006 1442 2078 1475 BpG,
2097 1443 2185 1475 plures
2204 1443 2326 1475 ambigui,
2342 1443 2394 1468 nisi
2411 1443 2449 1468 bc.
2469 1443 2533 1468 Post
2551 1450 2609 1468 mea

1541 1481 1580 1503 est
1599 1478 1673 1503 tertia
1692 1484 1794 1510 praeter
1813 1478 1836 1502 H
1856 1478 1925 1503 addit
1944 1478 1991 1503 ita.
2012 1478 2064 1502 Pro
2082 1482 2218 1510 separata,
2237 1478 2383 1510 separatim
2404 1478 2444 1503 Pl.

1100 1557 1434 1590 Commentaria
1456 1556 1709 1589 Cardjnalis
1730 1557 1933 1590 Caietam

457 1649 477 1668 N
491 1638 628 1669 articulo
647 1646 748 1673 nono,
765 1637 798 1666 in
813 1636 1021 1676 responsione
1038 1634 1078 1665 ad
1093 1635 1234 1674 primum
1250 1640 1282 1664 et
1298 1633 1486 1669 secundum,

430 1651 599 1722 lintellige
623 1680 956 1712 accommodationem
980 1688 1048 1709 esse
1072 1678 1234 1720 quandam
1255 1679 1288 1708 in
1312 1679 1375 1708 hoc
1399 1677 1489 1718 quod

401 1754 403 1756 .
427 1727 569 1758 Ecclesia
597 1735 657 1766 pro
688 1725 826 1766 parvulis
857 1723 964 1759 credit,
992 1723 1136 1759 intendit,
1161 1723 1330 1758 renuntiat,
1355 1727 1414 1752 etc.
1438 1720 1489 1751 Ad

427 1772 563 1801 litteram
587 1770 682 1806 enim,
707 1770 782 1810 quia
805 1767 978 1798 similitudo
1003 1777 1040 1797 ex
1067 1767 1198 1807 proprio
1223 1766 1390 1801 derivatur,
1414 1775 1489 1796 curn

427 1816 588 1846 institutus
617 1819 698 1844 esset
725 1813 802 1843 ritus
825 1812 973 1852 baptismi
996 1821 1055 1851 pro
1079 1810 1203 1847 adultis,
1227 1809 1489 1841 accommodatus

428 1865 475 1889 est
496 1859 583 1889 idem
606 1858 683 1888 ritus
707 1857 746 1887 ad
769 1857 929 1897 parvulos,
945 1861 981 1886 ut
997 1855 1086 1895 quod
1109 1856 1238 1895 proprie
1258 1854 1294 1885 fit
1310 1855 1348 1884 ab
1365 1853 1489 1889 adultis,

400 1917 402 1919 ·
428 1903 606 1934 secundum
637 1901 797 1941 quandam
828 1899 1067 1931 similitudinem
1097 1899 1187 1929 fieret
1209 1909 1227 1929 a
1250 1899 1399 1939 parvulo,
1422 1907 1491 1928 non

191 3166 201 3177 ·
216 3165 272 3193 Cap.
286 3164 339 3187 Etsi
351 3165 388 3186 Iu-

190 3191 264 3213 daeos
270 3208 278 3219 ,
301 3191 330 3213 de
350 3192 387 3213 Iu-

191 3217 270 3245 daea,
298 3217 389 3239 Sarra-

191 3250 254 3270 cen.,
271 3245 312 3266 etc.
325 3255 335 3260 -
351 3243 386 3265 Cf.

190 3271 244 3292 11¹³·m
255 3270 308 3297 11³⁸,
317 3276 356 3298 qu.
364 3276 386 3296 x,

191 3301 232 3319 art.
245 3303 283 3322 10;
300 3297 387 3324 Opuw.

191 3323 220 3344 de
229 3323 318 3351 Regim.
329 3323 387 3349 lud„

189 3349 224 3396 ἴα
228 3350 320 3397 eut-in.
327 3349 389 3370 Bra-

203 3382 234 3397 an
247 3392 251 3397 .

427 1948 569 1988 proprio,
594 1946 649 1976 sed
673 1945 832 1976 Ecclesiae
856 1954 921 1974 ore.
949 1944 990 1974 Et
1014 1944 1169 1983 quoniam
1193 1943 1232 1973 ad
1255 1943 1490 1973 solemnitatem

428 1991 575 2031 baptismi
592 1991 669 2020 haec
687 1995 839 2029 spectant,
852 1987 926 2018 ideo
943 1988 1010 2018 sine
1025 1988 1073 2018 his
1090 1988 1265 2027 baptismus
1284 1987 1385 2017 factus
1396 1986 1488 2016 valet.

1597 1633 1636 1663 11.
1660 1633 1696 1663 In
1719 1633 1929 1673 responsione
1952 1633 1992 1663 ad
2014 1633 2204 1669 secundum,
2227 1643 2296 1664 non
2317 1634 2362 1664 sic
2377 1633 2533 1675 intelligas
2546 1633 2609 1669 Ec—

1542 1677 1656 1707 clesiae
1679 1677 1777 1708 fidem
1799 1676 1951 1717 prodesse
1973 1677 2086 1708 infanti
2109 1678 2167 1718 qui
2190 1678 2377 1719 baptizatur,
2401 1676 2492 1718 quasi
2513 1677 2608 1709 meri-

1543 1727 1613 1751 tum
1636 1720 1712 1752 fidei
1739 1721 1874 1752 existens
1897 1722 1931 1752 in
1954 1721 2097 1756 Ecclesia
2127 1721 2225 1752 salvet
2247 1721 2422 1752 infantem:
2453 1722 2608 1762 quoniam

1543 1765 1647 1795 infans
1669 1775 1737 1796 non
1759 1775 1817 1806 per
1839 1764 1947 1801 fidem,
1972 1765 2027 1796 sed
2049 1775 2106 1806 per
2119 1766 2204 1807 fidei
2225 1771 2464 1797 sacramentum
2485 1766 2609 1806 regula-

1543 1810 1617 1839 riter
1640 1809 1785 1840 salvatur.
1820 1809 1882 1840 Sed
1905 1809 2045 1849 intellige
2069 1809 2230 1840 Ecclesiae
2253 1810 2365 1840 merita
2386 1809 2538 1850 prodesse
2559 1809 2610 1840 in-

1544 1853 1622 1884 fanti
1646 1859 1677 1884 et
1695 1854 1782 1884 iuxta
1804 1853 1974 1884 articulum
1995 1855 2236 1884 communionis
2251 1854 2460 1891 Sanctorum;
2484 1859 2516 1884 et
2537 1861 2610 1894 par-

1541 1898 1714 1928 ticulariter
1736 1904 1806 1928 turn
1830 1897 1952 1928 orando
1975 1907 2035 1937 pro
2057 1897 2196 1934 infante,
2220 1903 2291 1928 tum
2314 1897 2507 1938 applicando
2530 1907 2610 1929 eun·-

1545 1941 1619 1972 dem
1642 1947 1839 1972 sacramento
1863 1951 1902 1972 ex
1925 1941 2021 1972 corde
2043 1951 2127 1982 puro
2153 1947 2183 1972 et
2206 1942 2334 1973 caritate
2356 1942 2462 1983 plena.

1221 2121 1540 2164 ARTICULUS
1570 2121 1816 2164 DECIMUS

722 2217 875 2250 UTRUM
898 2216 1025 2248 PUERI
1049 2215 1310 2248 IUDAEORUM
1333 2215 1418 2246 VEL
1441 2215 1641 2247 ALIORUM
1665 2215 1919 2247 INFIDELIUM
1942 2215 2040 2247 SINT
2063 2216 2321 2248 BAPTIZANDI

1209 2260 1348 2291 ETIAM
1372 2259 1529 2290 INVITIS
1552 2259 1824 2291 PARENTIBUS

1003 2340 1038 2365 11·
1057 2340 1113 2371 11²⁶,
1133 2348 1176 2373 qu.
1195 2347 1219 2371 x,
1239 2344 1285 2364 art.
1306 2346 1351 2370 12;
1373 2338 1468 2369 Quodl.
1487 2339 1516 2369 11,
1536 2347 1580 2371 qu.
1598 2346 1632 2369 ιν,
1653 2345 1699 2364 nrt.
1719 2346 1748 2370 2;
1767 2339 1807 2371 Ill,
1827 2347 1872 2372 qu.
1890 2346 1915 2369 v,
1935 2344 1981 2365 art.
2002 2345 2025 2365 1.

460 2438 487 2465 „.

465 2449 514 2484 ³³5»
621 2436 658 2461 D
678 2435 839 2460 DECIMUM
858 2434 909 2459 s1c
935 2433 1174 2459 PROCED1TUR.
1203 2420 1364 2458 Videtur
1382 2419 1489 2468 quod

449 2456 613 2538 (³531)
637 2475 747 2526 pueri
761 2476 993 2513 Iudaeorum
1008 2475 1070 2512 vel
1089 2474 1255 2511 aliorum
1274 2472 1489 2510 infidelium

444 2531 485 2587 ἐξ·
503 2542 558 2569 *r
579 2520 627 2543 s*

542 2559 566 2577 ¹
584 2534 607 2581 ἦ
639 2530 711 2567 sint
729 2528 956 2578 baptizandi,
973 2528 1088 2565 etiam
1107 2526 1234 2564 invitis
1252 2524 1486 2575 parentibus.

484 2557 580 2617 ἐῷ)
594 2574 760 2630 &Magis
802 2581 907 2619 enim
947 2581 1060 2618 debet
1100 2578 1251 2617 homini
1292 2577 1488 2616 subveniri

427 2644 558 2673 contra
590 2636 805 2685 periculum
838 2633 971 2671 mortis
1005 2641 1181 2671 aeternae
1209 2643 1329 2681 quarn
1356 2638 1489 2668 contra

427 2689 641 2738 periculum
669 2688 801 2726 mortis
828 2685 1061 2736 temporalis,
1099 2686 1175 2724 Sed
1203 2697 1326 2734 puero
1355 2684 1394 2721 in
1422 2696 1488 2733 pe-

427 2742 546 2779 riculo
575 2741 706 2779 mortis
733 2740 954 2790 temporalis
976 2738 1148 2776 existenti
1175 2745 1231 2775 est
1258 2736 1488 2774 subvenien-

427 2796 543 2841 dum,
582 2794 695 2832 etiam
724 2794 754 2831 si
780 2801 956 2843 parentes
991 2804 1060 2842 per
1087 2790 1271 2829 malitiam
1299 2789 1488 2828 contrani-

426 2856 604 2886 terentur.
643 2849 744 2896 Ergo
777 2848 900 2884 multo
932 2845 1052 2894 magis
1088 2852 1143 2881 est
1177 2843 1488 2881 subveniendum

426 2900 554 2950 pueris
574 2900 787 2937 infidelium
805 2899 892 2936 filiis
912 2904 929 2920 α
957 2905 1089 2936 contra
1116 2897 1332 2947 periculum
1355 2896 1488 2933 mortis

428 2962 613 3000 aeternae,
643 2953 757 2990 etiam
785 2951 910 2989 invitis
938 2950 1170 3000 parentibus.

482 3018 516 3043 2.
546 3007 785 3051 Pmmznm,
813 3005 881 3042 filii
909 3016 1112 3041 servorum
1140 3011 1229 3040 sunt
1256 3002 1367 3048 servi,
1393 3011 1428 3039 et
1448 3002 1487 3040 in

427 3066 610 3108 potestate
639 3059 901 3096 dominorum.
933 3057 1009 3095 Sed
1036 3055 1166 3094 Iudaei
1194 3063 1282 3093 sunt
1309 3055 1409 3092 servi
1430 3067 1487 3092 re·

428 3124 520 3159 gum
549 3119 584 3148 et
611 3111 828 3160 principum
843 3140 851 3156 ,
881 3118 917 3147 et
944 3110 1182 3159 quicumque
1211 3108 1325 3146 etiam
1353 3108 1415 3146 alii
1434 3108 1486 3145 in-

428 3164 560 3201 fideles
574 3163 604 3200 ²¹².
635 3165 736 3211 Ergo
756 3164 901 3212 absque
921 3162 1030 3200 omni
1049 3157 1186 3199 iniuria
1204 3169 1366 3210 possunt
1383 3161 1486 3210 prin-

429 3216 532 3265 cipes
559 3216 791 3253 Iudaeorum
810 3215 920 3258 filios,
941 3217 1003 3252 vel
1026 3214 1191 3252 aliorum
1210 3225 1412 3251 servorum
1431 3213 1486 3251 in—

428 3267 614 3315 fidelium,
643 3269 764 3306 facere
792 3267 984 3317 baptizari.

485 3321 518 3358 3.
548 3322 778 3366 PRAETEREA,
809 3319 964 3369 quilibet
992 3321 1113 3356 homo
1139 3326 1194 3356 est
1222 3319 1341 3366 magis
1361 3318 1443 3365 Dei,
1463 3331 1486 3355 a

429 3386 508 3423 quo
536 3374 651 3411 habet
678 3373 860 3418 animam,
889 3384 1008 3421 quam
1036 3371 1150 3421 patris
1169 3371 1340 3419 carnalis,
1364 3383 1387 3408 a
1406 3383 1485 3420 quo

482 3496 508 3530 α)
521 3495 596 3529 filiis.
613 3509 632 3514 -
646 3503 698 3528 per
717 3495 875 3527 baptismum
896 3495 963 3520 addit
982 3495 1062 3520 tertia.

1544 2419 1659 2456 habet
1686 2431 1839 2468 corpus.
1882 2420 1975 2456 Non
2007 2426 2062 2456 est
2098 2431 2189 2468 ergo
2224 2419 2410 2458 iniustum
2442 2420 2473 2458 si
2500 2420 2611 2470 pueri

1543 2471 1760 2509 infidelium
1787 2471 1855 2509 filii
1882 2471 2104 2521 parentibus
2133 2472 2350 2512 carnalibus
2377 2474 2608 2521 auferantur,

1544 2533 1580 2562 et
1607 2526 1693 2562 Deo
1721 2537 1791 2574 per
1817 2525 2055 2574 baptismum
2083 2534 2367 2564 consecrentur.

1598 2579 1672 2616 SED
1701 2590 1845 2615 CONTRA
1873 2590 1939 2615 EST
1957 2578 2065 2627 quod
2085 2578 2125 2616 in
2145 2579 2325 2626 Decretis,
2347 2579 2430 2617 dist.
2451 2581 2558 2618 XLV
2575 2579 2607 2628 ¹⁸⁸,

1544 2643 1591 2668 ex
1620 2630 1792 2668 Concilio
1820 2631 2010 2668 Toletano
2036 2631 2067 2678 ²¹²,
2097 2631 2151 2668 sic
2178 2632 2335 2669 dicitur:
2373 2634 2433 2670 De
2458 2633 2610 2674 Iudaeis

1537 2685 1729 2734 praecepit
1754 2690 1883 2722 sancta
1905 2684 2079 2733 Synodus
2107 2687 2249 2722 nemini
2274 2686 2444 2735 deinceps
2462 2687 2514 2724 ad
2529 2699 2608 2724 cre-

1544 2738 1704 2774 dendum
1722 2738 1798 2775 vim
1818 2738 1977 2785 inferre.-
2000 2749 2074 2774 non
2095 2739 2194 2775 enim
2212 2739 2302 2776 tales
2320 2740 2425 2777 inviti
2439 2739 2622 2782 salvandi,

1542 2796 1637 2837 sunt,
1656 2790 1722 2827 sed
1741 2790 1913 2836 volentes,
1933 2796 1972 2827 ut
1990 2792 2138 2840 integra
2164 2793 2208 2828 sit
2224 2792 2361 2839 forma
2388 2793 2552 2830 iustitiae.
2594 2811 2597 2816 ·

1597 2844 1822 2881 ResPONDEo
1841 2855 2022 2881 mCENDUM
2042 2843 2150 2892 quod
2172 2843 2283 2894 pueri
2306 2843 2521 2883 infidelium
2539 2843 2606 2883 filii

1544 2903 1609 2933 aut
1636 2896 1780 2934 habent
1807 2908 1924 2934 usum
1952 2896 2125 2944 rationis,
2161 2904 2227 2934 aut
2258 2909 2339 2934 non
2367 2897 2520 2935 habent.
2565 2897 2606 2936 Si

1543 2957 1674 2986 autem
1702 2949 1861 2996 habent,
1890 2949 1987 2996 iam,
2017 2957 2207 2998 quantum
2239 2950 2288 2987 ad
2317 2961 2362 2986 ea
2389 2961 2489 2999 quae
2517 2957 2607 2987 sunt

1543 3001 1635 3039 iuris
1662 3001 1783 3039 divini
1801 3003 1863 3039 vel
1882 3002 2074 3049 naturalis,
2094 3001 2280 3051 incipiunt
2301 3014 2394 3039 suae
2412 3002 2605 3051 potestatis

1543 3067 1636 3092 esse.
1658 3056 1706 3092 Et
1725 3054 1812 3092 ideo
1831 3054 1987 3104 propria
2000 3055 2207 3101 voluntate,
2225 3053 2351 3092 invitis
2370 3055 2603 3104 parentibuS,

1541 3115 1704 3157 possunt
1731 3108 1965 3157 baptismum
1995 3107 2200 3156 suscipere,
2221 3107 2317 3144 sicut
2344 3115 2380 3144 et
2407 3108 2605 3146 matrimo-

1542 3161 1652 3197 nium
1676 3161 1911 3198 contrahere.
1946 3161 1995 3197 Et
2013 3159 2101 3197 ideo
2120 3161 2211 3197 tales
2230 3159 2327 3197 licite
2346 3160 2497 3198 moneri
2515 3173 2605 3210 pos-

1542 3221 1631 3250 sunt
1658 3220 1694 3250 et
1722 3213 1852 3250 induci
1880 3213 1929 3250 ad
1957 3211 2246 3262 suscipiendum
2273 3212 2521 3262 baptismum.

1595 3265 1635 3303 Si
1662 3278 1756 3302 vero
1785 3265 1963 3310 nondum
1997 3265 2140 3302 habent
2167 3277 2285 3303 usum
2312 3265 2419 3303 liberi
2447 3266 2602 3315 arbitrii,

1541 3319 1757 3355 secundum
1785 3318 1844 3355 ius
1872 3319 2042 3355 naturale
2071 3325 2159 3355 sunt
2183 3317 2255 3355 sub
2275 3330 2367 3355 cura
2385 3327 2601 3368 parentum,

1541 3371 1714 3420 quandiu
1742 3370 1813 3420 ipsi
1841 3370 1912 3407 sibi
1938 3370 2143 3419 providere
2170 3383 2252 3408 non
2278 3379 2451 3421 possunt.
2491 3372 2603 3410 Unde

2626 381 2636 391 ·
2655 379 2727 402 Num.
2744 386 2760 404 ι.
2810 413 2814 417 ⁴

2731 483 2746 507 η

2630 588 2640 599 ·
2656 587 2724 609 Vm.
2738 593 2763 614 4.

2634 1222 2794 1251 'Ctnrffiz
