2918 4088
88 771 99 782 ⁸
114 770 150 792 De
163 770 299 804 Indulgent.

84 796 297 846 gawssfflssz

32 886 33 891 ,
84 839 297 878 ⁸⁴

81 908 161 951 3Vide
170 929 297 961 Quattuo-

81 961 125 978 κει
139 961 246 984 proxime
259 962 296 978 ne-

82 985 189 1010 quemn.

81 1034 92 1046 ·
107 1033 248 1062 Quantum
270 1040 295 1057 ιι.

81 1078 94 1091 ·
107 1077 247 1106 Quae-imm
261 1083 294 1100 ιιι.

51 1143 54 1149 7
81 1123 92 1135 ¹
106 1121 246 1150 Quae-itum
263 1128 294 1144 iv.

50 1525 292 1563 V‘Qnmneq.

51 1653 265 1685 v”aflinni-xv.

51 1831 193 1867 '·Q=.n.

74 1881 292 1912 ‘Haut-mm,

73 1915 137 1934 ven.
152 1914 190 1939 ⁸9.

779 168 1147 215 QUAESTIONES
1176 168 1246 205 DE
1275 167 1561 204 THESAURO
1590 166 2068 205 INDULGENTIARUM

2435 166 2510 215 359

433 393 1008 471 QUAESTIONES
1045 394 1154 449 DE
1191 392 1635 448 THESAURO
1672 392 2410 451 INDULGENTIARUM

1125 522 1459 572 QUAESITUM
1491 522 1713 564 PRIMUM

543 627 604 657 AN
628 626 887 658 THESAURUS
909 626 1083 664 ALIQuis
1106 625 1173 656 SIT
1196 623 1488 656 NEcEssARms
1511 625 1571 654 AD
1596 624 1864 655 EFFICACIAM
1888 625 2287 657 INDULGENTIARUM

392 733 464 753 mm
486 723 714 763 indulgentias,
737 729 812 763 post
833 728 1002 754 tractatum
1032 721 1194 763 quendam
1218 722 1293 751 alias
1323 720 1389 751 edi-

392 773 462 798 tum
477 768 504 804 *‚
529 773 560 798 et
582 767 689 808 plures
712 767 916 807 quaestiones
939 768 973 797 in
998 765 1141 797 secundo
1167 766 1342 804 Quolibeto
1355 765 1390 782 *ὅ*

325 812 456 851 positas,
472 812 535 842 iam
551 812 645 841 tertio
661 810 865 841 scribendum
881 811 1020 841 occurrit
1037 811 1190 851 tripartita
1209 809 1390 841 considera-

325 856 414 886 tione
429 857 459 885 ἐ
482 855 600 896 primo,
616 854 656 886 de
671 855 835 891 thesaur0;
859 854 1012 891 secundo,
1029 854 1068 885 de
1093 864 1203 891 causa;
1227 855 1332 890 tertio,
1349 853 1388 884 de

325 900 580 939 suscipientibus.

378 943 472 974 Circa
482 944 668 974 thesaurum
683 948 857 974 occurrunt
872 946 1010 984 quatuor
1022 942 1219 983 quaerenda:
1237 944 1388 983 primum,

323 997 364 1018 an
387 987 502 1028 aliquis
524 988 690 1018 thesaurus
710 988 750 1018 sit
765 989 961 1019 necessarius
976 987 1016 1018 ad
1032 987 1205 1018 efficaciam
1220 987 1388 1028 indulgen-

322 1032 453 1068 tiarum;
466 1031 620 1068 secundo,
633 1041 671 1062 ex
683 1033 800 1072 quibus
813 1038 937 1063 constat
949 1032 1051 1063 dictus
1063 1033 1228 1063 thesaurus
1240 1033 1273 1068 *;
1294 1032 1388 1063 tertio

322 1085 463 1117 quorum
474 1081 548 1106 sunt
559 1075 610 1106 vel
622 1076 752 1107 fuerunt
763 1078 901 1116 reposita
912 1077 946 1107 in
958 1076 1044 1108 dicto
1057 1077 1206 1107 thesauro
1217 1078 1233 1093 ⁴*
1240 1087 1248 1114 ;
1262 1082 1387 1117 quarto,

321 1130 362 1151 an
378 1120 481 1151 dictus
497 1121 662 1151 thesaurus
678 1121 778 1151 subsit
794 1121 1022 1162 dispensationi
1038 1121 1163 1152 Summi
1183 1121 1348 1152 Pontificis
1360 1122 1387 1151 *-

387 1226 459 1247 mea
491 1217 646 1257 primum,
671 1227 712 1247 an
741 1217 907 1247 thesaurus
931 1217 1045 1257 aliquis
1068 1218 1107 1248 sit
1129 1218 1325 1248 necessarius
1348 1218 1388 1248 ad

323 1226 562 1292 Cefficaciam
584 1260 869 1301 indulgentiarum,
891 1262 1058 1292 sciendum
1082 1267 1130 1293 est
1155 1262 1245 1302 quod
1269 1271 1306 1292 ex
1329 1261 1387 1292 du-

319 1305 397 1345 plici
420 1306 524 1346 capite
540 1305 696 1337 dubitatio
719 1307 798 1337 haec
814 1307 924 1337 oritur.
948 1307 1008 1337 Vel
1032 1316 1070 1337 ex
1087 1316 1126 1337 eo
1144 1306 1234 1347 quod
1249 1306 1388 1337 creditur

320 1349 448 1389 Papam
470 1354 566 1390 posse
596 1350 700 1381 facere
728 1350 878 1389 effectum
907 1351 1124 1391 indulgentiae
1155 1352 1386 1388 auctoritative,

321 1393 403 1424 sicut
424 1400 532 1434 potest
554 1395 719 1425 absolvere
742 1396 781 1424 ab
798 1396 1148 1426 excommunicatione:
1173 1397 1217 1426 sic
1234 1396 1324 1436 quod
1343 1397 1386 1426 ita

320 1443 427 1478 potest
458 1439 623 1470 absolvere
655 1449 673 1469 a
703 1439 811 1470 debito
842 1449 1020 1480 poenarum
1047 1440 1275 1480 temporalium
1307 1449 1386 1480 quas

318 1483 524 1522 poenitentes
541 1493 601 1524 pro
620 1484 685 1514 suis
701 1483 818 1515 debent
832 1485 981 1524 peccatis,
1003 1485 1085 1515 sicut
1100 1489 1206 1524 potest
1222 1484 1392 1515 absolvere*

320 1536 338 1557 a
359 1527 497 1558 vinculis
519 1528 754 1568 suspensionis,
778 1528 953 1564 interdicti,
978 1534 1009 1559 et
1031 1528 1218 1559 huiusmodi
1233 1529 1259 1558 ἦ

374 1571 435 1602 Vel
458 1581 496 1602 ex
519 1581 560 1602 eo
584 1572 675 1612 quod
697 1571 835 1603 creditur
850 1572 1000 1603 effectum
1023 1572 1295 1612 indulgentiarum
1317 1582 1386 1602 non

320 1625 388 1646 esse
404 1615 491 1647 aliud
507 1625 605 1656 quam
624 1616 820 1647 solutionem
841 1617 1045 1647 ecclesiastici
1067 1616 1199 1652 vinculi,
1216 1626 1283 1656 quo
1306 1626 1386 1657 poe-

318 1660 424 1691 nitens
443 1660 588 1700 alligatus
612 1665 660 1690 est
682 1660 723 1690 ad
744 1660 904 1691 iniunctas
927 1661 1142 1701 poenitentias
1157 1662 1184 1691 ⁹.

373 1704 422 1735 Ex
437 1709 574 1744 utraque
590 1701 750 1744 siquidem
765 1705 921 1745 opinione
944 1705 1089 1745 sequitur
1107 1705 1199 1735 nullo
1216 1714 1300 1745 opus
1317 1714 1385 1735 esse

317 1748 467 1780 thesauro
490 1748 530 1779 ad
546 1748 720 1779 efficaciam
742 1748 1024 1789 indulgentiarum,
1040 1754 1077 1780 ut
1098 1749 1266 1780 manifeste
1286 1754 1383 1789 patet.

373 1792 411 1824 11.
442 1793 549 1824 Prima
587 1798 696 1824 autem
729 1793 842 1833 opinio
877 1799 924 1824 est
958 1793 1118 1824 Francisci
1149 1794 1319 1830 Maironis,
1350 1794 1384 1824 in

317 1836 452 1875 Quarto,
465 1837 536 1868 dist.
552 1847 604 1868 xxx
615 1838 642 1868 ’ἢ
666 1837 708 1868 Et
723 1837 875 1868 fundatur
890 1847 987 1878 super
1000 1838 1099 1868 verbo
1126 1837 1253 1875 Christi,
1273 1838 1384 1875 Quod-

316 1890 452 1923 cumque
464 1882 602 1913 solveris
615 1891 714 1922 super
728 1887 849 1913 terram
859 1883 886 1918 *‚
903 1888 963 1913 etc.
980 1883 1066 1913 Hinc
1083 1883 1169 1913 enim
1184 1883 1253 1913 vult
1263 1883 1384 1923 Papam

315 1926 416 1957 veluti
438 1927 618 1968 principem
642 1926 840 1957 Christianae
862 1927 1070 1967 Reipublicae
1094 1928 1322 1964 constitutum,
1353 1933 1384 1958 et

314 1976 438 2012 postea,
462 1981 500 2002 ex
523 1971 659 2012 regulari
681 1976 839 2011 potestate
861 1971 1045 2011 principum
1067 1981 1131 2012 qua
1147 1972 1281 2012 quilibet
1296 1973 1383 2012 prin-

315 2024 392 2057 ceps
413 2016 535 2046 habens
557 2015 733 2056 plenariam
756 2021 947 2055 potestatem
970 2021 1076 2056 potest
1097 2017 1257 2047 remittere
1278 2016 1383 2047 debita

313 2061 537 2101 peccatoribus
559 2061 594 2090 in
617 2070 675 2091 sua
697 2060 819 2100 politia,
842 2059 938 2090 infert
960 2060 1080 2100 Papam
1104 2070 1199 2100 posse
1222 2061 1382 2091 remittere

315 2103 421 2136 debita
442 2114 623 2146 poenarum
645 2104 874 2144 temporalium
905 2113 985 2144 quas
1007 2105 1177 2145 poenitens
1200 2110 1327 2135 tenetur
1348 2106 1383 2152 ip

314 2149 376 2180 hac
398 2149 464 2180 vita
485 2149 537 2180 vel
559 2149 594 2180 in
616 2149 802 2189 purgatorio
827 2149 1000 2180 exsolvere.

370 2193 594 2233 Firmaturque
612 2193 687 2229 hoc,
710 2192 895 2223 inducendo
915 2192 1005 2234 quod
1020 2193 1168 2224 sacerdos
1184 2194 1382 2225 absolvendo

314 2238 462 2268 transfert
483 2247 625 2278 poenam
648 2242 809 2268 aeternam
824 2238 858 2267 in
873 2238 1100 2278 temporalem:
1125 2247 1162 2268 ac
1178 2247 1236 2278 per
1250 2239 1325 2275 hoc,
1342 2238 1382 2270 de

315 2281 388 2313 foro
410 2281 527 2313 inferni
549 2282 584 2312 in
606 2281 715 2312 forum
737 2282 924 2322 temporale,
942 2288 1002 2313 etc.

371 2326 424 2357 111.
448 2326 512 2357 Sed
537 2326 590 2356 hic
613 2325 740 2356 dicendi
761 2326 878 2357 modus
901 2327 1065 2368 tripliciter
1088 2332 1178 2357 errat.
1205 2327 1325 2365 Primo,
1348 2329 1382 2358 in

316 2371 381 2401 hoc
403 2370 494 2411 quod
515 2380 584 2401 non
607 2370 771 2411 distinguit
792 2371 875 2401 inter
896 2370 1004 2402 forum
1027 2372 1267 2411 poenitentiale,
1285 2378 1316 2403 et
1331 2371 1381 2403 fo-

316 2424 390 2446 rum
413 2415 606 2446 extrinsecae
637 2414 864 2446 iurisdictionis
895 2415 1135 2446 ecclesiasticae.
1170 2416 1256 2456 Papa
1284 2418 1381 2453 enim,

316 2460 392 2491 licet
414 2460 454 2490 sit
476 2460 568 2500 quasi
589 2459 738 2499 princeps
761 2460 794 2490 in
817 2458 890 2490 foro
910 2460 1140 2491 ecclesiasticae
1155 2460 1383 2492 iurisdictionis

317 2505 481 2535 exterioris
505 2503 610 2544 (cuius
633 2503 761 2543 signum
777 2509 824 2534 est
846 2504 936 2544 quod
957 2510 1004 2535 est
1018 2505 1143 2535 solutus
1164 2505 1382 2536 ecclesiasticis

316 2549 432 2590 poenis
451 2554 483 2579 et
497 2548 620 2588 legibus
643 2553 680 2577 ut
702 2548 875 2588 princeps),
892 2549 925 2579 in
942 2548 1014 2579 foro
1037 2554 1146 2580 tamen
1161 2550 1381 2590 poenitentiali

318 2598 365 2624 est
381 2592 541 2623 subditus:
566 2591 652 2622 unde
669 2597 700 2622 et
715 2597 822 2632 potest
838 2598 870 2623 et
887 2593 968 2623 solvi
984 2598 1016 2623 et
1030 2593 1119 2634 ligari
1135 2603 1153 2624 a
1168 2594 1332 2625 sacerdote
1347 2595 1381 2625 in

317 2637 390 2668 foro
413 2636 644 2677 poenitentiali,
669 2641 700 2666 et
722 2642 829 2677 potest
853 2642 884 2667 et
902 2636 997 2668 debet
1012 2638 1072 2668 sibi
1086 2638 1195 2678 negari
1210 2639 1380 2676 absolutio,

316 2683 400 2712 sicut
423 2687 454 2712 et
476 2681 606 2721 reliquis
635 2679 709 2711 ficte
732 2680 957 2711 accedentibus
982 2681 1023 2712 ad
1045 2687 1280 2713 sacramentum
1301 2693 1382 2723 poe-

316 2726 479 2757 nitentiae.
502 2726 612 2756 Poena
634 2730 742 2755 autem
764 2726 949 2765 temporalis
971 2735 1031 2766 pro
1050 2727 1190 2766 peccatis
1205 2727 1381 2758 actualibus

315 2776 392 2812 post
415 2770 642 2800 contritionem
666 2774 698 2799 et
720 2769 957 2800 confessionem
980 2769 1085 2800 debita
1106 2780 1175 2801 non
1197 2777 1319 2811 spectat
1341 2771 1382 2802 ad

317 2815 532 2847 extrinsecum
561 2813 686 2850 forum,
717 2813 774 2844 sed
803 2813 843 2844 ad
869 2813 978 2844 forum
1007 2815 1246 2854 poenitentiale.
1281 2816 1382 2854 Quod

317 2860 414 2891 etiam
438 2868 476 2889 ex
499 2868 539 2889 eo
563 2864 650 2899 patet
668 2857 759 2898 quod
775 2863 821 2889 est
837 2858 980 2889 eiusdem
995 2859 1126 2889 rationis
1142 2869 1217 2889 cum
1233 2860 1298 2890 suis
1314 2860 1382 2890 aliis

316 2904 478 2945 partibus,
510 2912 593 2943 quae
615 2903 765 2933 remissae
788 2907 863 2933 sunt
892 2912 930 2933 ex
952 2903 1068 2934 virtute
1091 2903 1229 2934 clavium
1251 2904 1302 2934 vel
1325 2913 1383 2944 per

317 2947 566 2979 satisfactionem
590 2947 863 2987 poenitentialem.
887 2946 981 2978 Unde
1002 2947 1110 2987 quoad
1125 2948 1189 2978 hoc
1203 2957 1272 2978 non
1286 2948 1383 2979 habet

316 2992 403 3034 Papa
426 3002 444 3022 a
460 2991 588 3023 Christo
604 2997 797 3032 potestatem
812 2997 966 3032 tanquam
981 2993 1140 3032 princeps,
1157 2991 1213 3022 sed
1227 2997 1382 3033 tanquam

316 3038 470 3069 minister.

372 3080 522 3113 Secundo
546 3086 627 3111 errat
648 3082 682 3111 in
706 3081 769 3110 hoc
793 3079 883 3121 quod
905 3090 973 3111 non
997 3080 1146 3111 discernit
1167 3081 1249 3111 inter
1272 3091 1381 3113 causas

317 3125 511 3157 debitorum.
534 3126 617 3156 Nam
641 3126 667 3156 si
690 3125 838 3165 princeps
860 3134 928 3155 non
951 3131 1060 3165 posset
1078 3125 1238 3156 remittere
1253 3135 1382 3157 causam

318 3170 431 3206 debiti,
454 3179 516 3200 nec
538 3171 646 3210 ipsum
668 3169 813 3200 debitum
836 3170 995 3200 remittere
1017 3175 1136 3209 posset.
1171 3169 1281 3206 Unde,
1307 3180 1382 3201 cum

317 3215 404 3255 Papa
425 3224 494 3245 non
516 3215 618 3254 possit
640 3214 800 3244 remittere
824 3223 952 3244 causam
977 3213 1084 3250 debiti,
1109 3215 1264 3254 quoniam
1287 3224 1382 3245 causa

318 3258 417 3290 debiti
441 3264 488 3289 est
510 3264 690 3299 peccatum,
714 3258 800 3298 Papa
819 3264 927 3288 autem
943 3268 1010 3288 non
1026 3264 1133 3298 potest
1147 3259 1243 3289 etiam
1259 3259 1382 3289 veniale

318 3304 478 3334 remittere
500 3308 686 3343 peccatum;
710 3312 778 3333 non
797 3303 892 3343 igitur
915 3302 954 3333 ad
972 3308 1163 3343 potestatem
1187 3303 1382 3343 principatus

319 3348 387 3378 eius
410 3353 531 3388 spectat
553 3348 712 3378 remittere
735 3356 875 3387 poenam
899 3357 937 3378 ex
960 3352 1093 3387 peccato
1118 3346 1267 3377 debitam.

374 3391 486 3422 Tertio
511 3397 592 3422 errat
620 3401 688 3422 non
712 3391 893 3422 discernens
919 3391 1055 3422 modurn
1078 3392 1250 3431 potentiae.
1285 3391 1382 3422 Aliud

319 3441 366 3466 est
389 3436 476 3466 enim
498 3436 618 3476 Papam
641 3445 736 3476 posse
758 3437 916 3467 remittere
933 3435 1118 3466 huiusmodi
1134 3445 1270 3476 poenas:
1296 3435 1382 3466 aliud

319 3485 366 3511 est
388 3480 508 3520 Papam
539 3490 634 3520 posse
657 3481 711 3511 tali
734 3481 834 3511 modo
858 3481 1017 3511 remittere
1041 3480 1226 3511 huiusmodi
1249 3490 1380 3521 poenaS.

1444 722 1528 752 Dato
1553 723 1639 752 enim
1663 722 1753 762 quod
1775 723 1862 763 Papa
1883 724 2000 763 possit,
2033 725 2115 755 sicut
2137 726 2183 756 rei
2206 727 2318 757 veritas
2342 733 2389 758 est
2419 729 2510 768 quod

1443 772 1564 805 potest,
1589 776 1627 797 ex
1649 767 1705 797 illo
1730 766 1848 798 Christi
1871 769 1990 804 verbo,
2017 768 2248 811 Quodcumque
2269 772 2406 803 solveris
2429 779 2507 810 etc.;

1443 820 1511 841 non
1526 817 1634 841 tamen
1650 812 1803 851 sequitur,
1822 812 1931 843 Potest
1944 813 2006 843 hoc
2022 814 2081 844 tali
2097 815 2202 850 modo,
2219 821 2298 855 puta
2313 817 2384 847 solo
2399 818 2508 855 iussu;

1443 860 1503 885 stat
1527 857 1613 886 enim
1637 856 1726 896 quod
1748 862 1856 896 potest
1878 858 1942 887 hoc
1965 858 2027 888 alio
2051 858 2162 895 modo,
2187 866 2265 900 puta
2288 870 2344 900 per
2360 862 2508 892 ecclesia-

1443 900 1513 930 stici
1535 900 1675 931 thesauri
1690 900 1972 940 dispensationem.
1997 903 2038 932 Et
2053 903 2116 934 hoc
2132 910 2219 944 patet
2234 905 2267 935 in
2284 906 2388 936 simili.
2413 906 2507 943 Nam,

1443 945 1524 975 sicut
1552 944 1697 976 Christus
1721 945 1798 976 dixit
1820 946 1932 982 Petro,
1960 946 2192 989 Quodcumque
2213 950 2350 980 solveris
2366 956 2441 987 etc„
2465 952 2510 982 ita

1443 988 1521 1020 dixit
1537 988 1699 1030 discipulis
1711 991 1738 1026 ᾗ
1758 990 1906 1026 Quorum
1923 992 2110 1023 remiseritis
2122 999 2258 1033 peccata
2282 1000 2340 1025 etc.
2366 995 2407 1025 Et
2426 997 2509 1027 sicut

1441 1043 1510 1064 non
1527 1034 1621 1070 valet,
1639 1034 1801 1075 Discipuli
1824 1045 1881 1066 seu
1902 1036 2086 1068 sacerdotes
2101 1043 2242 1078 possunt
2261 1039 2422 1070 remittere
2431 1050 2508 1081 pec-

1442 1083 1525 1113 cata,
1548 1079 1643 1120 Ergo
1661 1085 1801 1119 possunt
1822 1081 1893 1111 solo
1926 1081 2015 1112 iussu
2045 1091 2101 1112 seu
2131 1083 2341 1120 auctoritate,
2366 1084 2421 1115 sed
2448 1091 2509 1116 stat

1443 1123 1532 1163 quod
1555 1130 1691 1163 possunt
1709 1124 1771 1155 alio
1787 1124 1897 1160 modo,
1915 1126 2035 1156 scilicet
2049 1127 2257 1158 ministrando
2274 1135 2508 1160 sacramentum

1440 1169 1676 1208 poenitentiae;
1700 1169 1743 1198 ita
1765 1179 1833 1200 non
1857 1170 1949 1206 valet,
1973 1171 2063 1211 Papa
2079 1177 2189 1212 potest
2205 1173 2428 1214 quodcumque
2442 1175 2507 1205 sol-

1442 1222 1516 1242 vere
1537 1222 1635 1253 super
1658 1218 1788 1250 terram,
1811 1214 1905 1255 Ergo
1929 1215 2000 1245 solo
2025 1216 2114 1246 iussu
2142 1226 2198 1247 seu
2223 1218 2418 1249 auctoritate
2446 1220 2508 1250 hoc

1436 1262 1565 1297 potest:
1595 1263 1655 1288 stat
1686 1259 1772 1288 enim
1803 1258 1893 1298 quod
1923 1260 1986 1290 hoc
2009 1261 2110 1300 possit
2133 1261 2362 1299 diversirnode;
2399 1264 2508 1303 quoad

1442 1303 1597 1332 exteriora
1620 1301 1762 1342 quidem,
1787 1303 1857 1333 solo
1881 1304 1988 1340 iussu;
2013 1305 2122 1345 quoad
2137 1306 2249 1336 intima
2265 1317 2352 1343 vero,
2376 1314 2508 1347 peccata

1441 1346 1561 1377 scilicet
1584 1352 1615 1376 et
1632 1356 1745 1377 eorum
1760 1357 1881 1387 poenas
1898 1348 1984 1388 apud
1999 1349 2116 1386 Deum,
2132 1350 2292 1381 mediante
2308 1358 2507 1383 sacramento

1441 1390 1551 1430 quoad
1566 1397 1707 1431 peccata,
1723 1391 1884 1423 mediante
1898 1403 1974 1423 vero
1991 1393 2228 1434 dispensatione
2243 1396 2383 1426 thesauri
2399 1397 2508 1436 quoad

1441 1435 1539 1465 dictas
1554 1445 1686 1475 poenas.
1698 1454 1721 1458 -—
1733 1436 1802 1466 Nec
1818 1437 1964 1467 sacerdos
1980 1438 2069 1468 aliter
2086 1448 2184 1479 quam
2199 1450 2256 1480 per
2271 1447 2508 1472 sacramentum

1440 1479 1587 1510 transfert
1608 1490 1750 1520 poenam
1773 1486 1934 1511 aeternam
1956 1482 1990 1512 in
2013 1484 2234 1523 temporalem.

1496 1524 1548 1554 IV.
1574 1524 1721 1555 Secunda
1742 1530 1850 1555 autem
1874 1526 1986 1566 opinio
2003 1528 2030 1563 *,
2051 1528 2223 1558 verborum
2245 1538 2363 1559 sonum
2386 1530 2507 1560 habens

1439 1577 1499 1608 pro
1515 1578 1559 1604 se,
1578 1578 1638 1608 pro
1655 1574 1777 1608 quanto
1801 1569 2025 1611 indulgentiae
2040 1577 2156 1602 sonant
2178 1567 2404 1612 pro'iniunctis
2426 1584 2507 1614 poe-

1439 1613 1590 1649 nitentiis,
1607 1612 1759 1643 fundatur
1780 1623 1876 1654 super
1898 1615 1972 1651 hoc,
1989 1615 2079 1655 quod
2094 1625 2201 1656 poena
2224 1616 2330 1647 debita
2352 1628 2371 1648 a
2393 1619 2506 1658 poeni-

1439 1662 1526 1686 tente
1549 1657 1636 1696 apud
1659 1657 1799 1688 divinam
1821 1659 1974 1689 iustitiam
1997 1665 2044 1690 est
2059 1667 2215 1691 reservata
2235 1662 2392 1702 superiori
2406 1663 2507 1693 tribu-

1439 1701 1513 1737 nali,
1534 1702 1654 1732 scilicet
1668 1703 1768 1742 ipsius
1785 1702 1910 1733 divinae
1926 1704 2076 1734 iustitiae:
2102 1714 2139 1735 ac
2154 1714 2212 1745 per
2226 1705 2300 1742 hoc,
2317 1716 2384 1737 non
2400 1713 2508 1747 potest

1439 1746 1478 1776 ab
1501 1745 1655 1782 inferiori,
1673 1746 1775 1786 qualis
1791 1752 1838 1777 est
1853 1747 1949 1787 Papa,
1966 1749 2093 1784 remitti,
2110 1750 2171 1779 nisi
2186 1750 2272 1790 Papa
2287 1757 2396 1790 posset
2412 1760 2507 1792 supra

1437 1791 1487 1821 ius
1511 1790 1673 1827 divinum;
1699 1790 1789 1831 quod
1813 1798 1937 1822 constat
1961 1802 2028 1823 esse
2052 1792 2178 1824 falsum.

1493 1835 1532 1866 V.
1556 1835 1598 1865 Et
1612 1835 1691 1866 haec
1707 1836 1819 1876 opinio
1835 1837 2000 1876 tripliciter
2016 1843 2106 1868 errat.
2128 1838 2247 1875 Primo,
2261 1839 2507 1872 diminutissime

1438 1879 1633 1920 exponendo
1656 1881 1879 1911 remissionem
1897 1881 2113 1913 iniunctarum
2128 1884 2410 1923 poenitentiarum,
2428 1885 2507 1916 dum

1439 1925 1571 1965 exponit
1586 1934 1646 1965 pro
1662 1925 1850 1956 remissione
1866 1926 1966 1956 solius
1981 1927 2116 1958 vinculi:
2135 1937 2210 1958 cum
2223 1928 2319 1959 etiam
2330 1929 2400 1969 ipsa
2410 1931 2507 1961 verba

1437 1974 1554 2000 sonent
1576 1970 1799 2000 remissionem
1821 1970 1963 2010 ipsarum
1986 1971 2203 2003 iniunctarum
2220 1973 2505 2013 poenitentiarum,

1438 2019 1470 2044 et
1491 2023 1559 2044 non
1583 2014 1682 2044 solius
1704 2014 1825 2055 vinculi
1846 2015 2065 2046 iniunctionis.
2090 2016 2164 2047 Non
2182 2018 2268 2048 enim
2284 2017 2399 2048 dicitur
2415 2019 2506 2059 quod

1435 2058 1614 2089 relaxamus
1628 2059 1874 2095 iniunctionem,
1887 2058 1943 2090 sed
1959 2059 2048 2100 quod
2063 2061 2240 2092 relaxamus
2252 2062 2415 2094 iniunctus
2424 2073 2506 2104 poe-

1437 2103 1598 2134 nitentias.
1768 2129 1770 2131 .

1492 2147 1661 2184 Secundo,
1692 2147 1783 2188 quod
1809 2148 2008 2189 impietatem
2030 2149 2140 2180 tribuit
2163 2150 2335 2181 Ecclesiae.
2359 2151 2453 2188 Nam,
2478 2153 2505 2182 si

1435 2191 1634 2232 indulgentia
1656 2192 1802 2224 liberaret
1825 2202 1843 2223 a
1858 2193 1927 2223 sola
1941 2194 2142 2225 iniunctione
2158 2195 2387 2235 poenitentiae,
2403 2197 2504 2237 impie

1436 2242 1543 2276 ageret
1565 2237 1709 2267 Ecclesia
1731 2236 1838 2267 dando
1861 2237 2087 2278 indulgentias:
2113 2239 2282 2279 quoniam,
2307 2240 2503 2272 absolvendo

1436 2291 1454 2311 a
1476 2281 1608 2312 vinculo
1627 2281 1846 2318 iniunctionis‚
1871 2283 2095 2313 transmitteret
2109 2284 2311 2323 poenitentes
2327 2284 2367 2315 ad
2381 2294 2504 2325 poenas

1435 2326 1621 2366 purgatorii,
1646 2335 1664 2356 a
1687 2326 1805 2366 quibus
1827 2326 1950 2357 liberati
1973 2326 2107 2358 fuissent
2130 2328 2321 2368 exequendo
2344 2330 2504 2360 iniunctas

1435 2371 1660 2410 poenitentias.
1684 2370 1778 2401 Unde
1800 2380 1917 2410 magna
1939 2371 2085 2412 impietas
2109 2378 2191 2402 esset
2213 2372 2319 2404 dicere
2342 2383 2376 2404 se
2399 2373 2503 2405 facere

1435 2415 1568 2455 gratiam
1592 2414 1698 2445 dando
1725 2414 1967 2456 indulgentiam.

1491 2459 1603 2490 Tertio
1627 2465 1708 2489 errat
1730 2460 1769 2490 in
1787 2460 1851 2490 hoc
1875 2459 1966 2500 quod
1987 2469 2055 2490 non
2074 2460 2224 2492 discernit
2245 2462 2328 2492 inter
2342 2472 2438 2503 posse
2454 2473 2503 2494 re-

1435 2504 1561 2534 mittere
1593 2503 1854 2540 ministerialiter,
1891 2510 1923 2535 et
1951 2514 2048 2545 posse
2077 2506 2238 2537 remittere
2271 2507 2502 2538 auctoritative.

1435 2548 1527 2578 Licet
1550 2549 1637 2579 enim
1659 2548 1730 2579 Deo
1755 2547 1861 2579 debita
1883 2549 1971 2579 solus
1987 2549 2075 2580 Deus
2099 2551 2318 2581 auctoritative
2341 2553 2502 2583 remittere

1434 2593 1545 2633 possit,
1569 2593 1671 2623 homo
1694 2598 1803 2623 tamen
1825 2593 1970 2624 minister
1991 2594 2069 2630 Dei,
2094 2594 2201 2625 divina
2223 2597 2411 2633 auctoritate
2441 2598 2502 2627 sibi

1436 2647 1598 2673 concessa,
1622 2643 1729 2677 potest
1751 2637 1823 2667 Deo
1847 2637 1953 2669 debita
1975 2639 2139 2670 remittere*
2157 2640 2416 2671 ministerialiter:
2441 2651 2502 2672 nec

1435 2682 1543 2712 solum
1566 2680 1672 2712 debita
1694 2691 1893 2722 poenarum,
1925 2682 1981 2713 sed
2005 2683 2100 2714 etiam
2128 2683 2234 2714 debita
2258 2685 2442 2725 culparum,
2466 2692 2503 2716 ut

1434 2731 1522 2766 patet
1544 2726 1578 2756 in
1602 2731 1800 2756 sacramento
1823 2727 2051 2766 poenitentiae.
2082 2728 2150 2758 Nec
2173 2729 2237 2758 hoc
2261 2734 2308 2759 est
2330 2739 2425 2769 posse
2449 2740 2502 2760 su-

1435 2780 1492 2810 pra
1513 2771 1564 2801 ius
1587 2770 1748 2801 divinum:
1778 2770 1835 2801 sed
1857 2776 1904 2801 est
1926 2772 2171 2802 ministerialiter
2197 2771 2288 2813 fungi
2313 2775 2501 2805 auctoritate

1436 2814 1552 2845 divina.

1491 2859 1543 2889 Vl.
1568 2859 1627 2889 His
1654 2860 1750 2899 igitur
1774 2859 1908 2890 exclusis
1932 2860 2156 2900 opinionibus,
2181 2862 2256 2901 quia
2286 2871 2323 2892 ex
2353 2861 2418 2892 fine
2445 2872 2502 2893 ne-

1437 2904 1564 2934 cessitas
1586 2903 1684 2934 medii
1707 2904 1860 2940 sumitur,
1891 2903 1964 2934 finis
1987 2909 2095 2934 autem
2122 2910 2153 2935 et
2176 2905 2307 2936 effectus
2333 2906 2367 2936 in
2390 2907 2501 2937 huius-

1435 2947 1526 2978 modi
1549 2947 1746 2983 coincidunt,
1772 2948 1887 2978 sanitas
1911 2949 1997 2978 enim
2021 2953 2068 2979 est
2090 2948 2162 2979 finis
2189 2955 2221 2980 et
2244 2949 2376 2980 effectus
2398 2951 2501 2982 medi-

1437 2993 1544 3028 cinae;
1568 2991 1642 3022 ideo
1666 2991 1872 3022 stabiliendus
1888 2997 1936 3022 est
1958 2992 2090 3023 effectus
2107 2993 2378 3034 indulgentiarum
2399 3005 2437 3026 ex
2452 2995 2501 3026 his

1437 3046 1520 3077 quae
1544 3042 1628 3066 certa
1651 3042 1734 3067 sunt.
1759 3036 1800 3066 Et
1823 3037 1978 3076 quoniam
2002 3043 2124 3067 certum
2140 3043 2197 3074 est,
2222 3039 2313 3069 omni
2335 3039 2399 3069 hoc
2422 3045 2501 3070 atte-

1436 3086 1538 3111 stante
1562 3081 1712 3117 ecclesia,
1742 3080 1956 3120 indulgentias
1986 3081 2158 3112 succedere
2180 3083 2256 3113 loco
2284 3083 2502 3115 iniunctarum

1435 3125 1716 3165 poenitentiarum,
1741 3134 1942 3165 consequens
1966 3131 2012 3156 est
2035 3125 2126 3166 quod
2140 3126 2227 3157 idem
2243 3133 2290 3158 est
2305 3127 2437 3159 effectus
2452 3129 2501 3159 in-

1436 3169 1616 3210 dulgentiae
1639 3169 1696 3209 qui
1719 3174 1785 3200 erat
1807 3169 1933 3200 futurus
1950 3169 2081 3201 effectus
2096 3171 2258 3202 iniunctae
2279 3172 2501 3204 satisfactionis

1435 3213 1680 3254 poenitentialis.
1706 3213 1841 3244 Constat
1864 3220 1972 3245 autem
1995 3214 2084 3255 quod
2108 3225 2165 3255 per
2179 3217 2356 3247 iniunctam
2379 3217 2501 3248 satisfa-

1435 3259 1577 3302 ctionem
1606 3258 1869 3298 poenitentialem
1901 3258 1996 3299 digne
2029 3266 2196 3290 executam
2229 3260 2363 3291 solvitur
2393 3271 2502 3302 poena

1434 3303 1620 3343 temporalis
1643 3312 1701 3343 pro
1725 3303 1840 3333 actuali
1863 3309 1997 3343 peccato
2021 3304 2127 3334 debita
2150 3304 2236 3345 apud
2252 3305 2392 3336 divinam
2411 3307 2501 3336 iusti—

1435 3348 1529 3377 tiam:
1554 3347 1617 3377 hoc
1641 3348 1728 3377 enim
1751 3348 1936 3378 universalis
1960 3348 2059 3379 credit
2082 3349 2234 3380 Ecclesia.
2259 3349 2357 3390 Igitur
2379 3360 2437 3390 per
2451 3351 2501 3381 in-

1436 3391 1631 3431 dulgentiam
1654 3391 1729 3422 loco
1753 3391 1974 3423 satisfactionis
1994 3393 2230 3430 succedentem,
2254 3395 2280 3424 si
2295 3395 2448 3425 veraciter
2463 3405 2500 3426 ac

1436 3435 1530 3475 digne
1554 3436 1707 3475 acquisita
1730 3435 1834 3473 fuerit,
1859 3437 2000 3467 solvetur
2022 3447 2155 3478 quoque
2178 3444 2302 3469 tantum
2330 3438 2370 3469 de
2394 3449 2501 3479 poena

1435 3481 1604 3520 temporali
1627 3490 1686 3521 pro
1711 3481 1825 3511 actuali
1848 3488 1981 3522 peccato
2006 3481 2111 3513 debita
2139 3482 2225 3524 apud
2248 3482 2388 3514 divinam
2410 3484 2501 3514 iusti-

2535 1002 2546 1012 ·
2559 1001 2624 1022 loan.
2643 1006 2694 1028 cap.
2710 1007 2751 1026 xx,

2534 1034 2596 1050 vers.
2611 1033 2643 1055 ²3·

2534 1537 2544 1547 ·
2559 1535 2630 1557 Num.
2645 1541 2662 1557 ι.
