2878 4088
140 2397 149 2406 ·
164 2395 196 2416 1V
206 2395 279 2421 Sent.,
298 2395 350 2417 dist.

139 2429 186 2448 xvi,
196 2429 271 2450 qu.1v‚
280 2426 320 2444 art.
332 2430 350 2448 ι,

140 2449 190 2496 fligi?
198 2456 254 2497 §era
263 2477 285 2496 et
287 2475 350 2503 sals.

140 2502 240 2528 Poenit„
247 2508 296 2529 cap.
303 2509 352 2523 xv.-

139 2528 200 2550 1nter
215 2529 276 2557 Opp.
291 2530 351 2556 Aug.

144 2966 260 2994 ῬΜ-ΜΠ,
267 2973 355 2994 capam.

378 203 426 228 20

375 271 611 301 confessionem
631 271 860 302 conscientiam
877 270 1059 301 confitentis
1076 271 1251 311 cognoscit.
1272 271 1313 302 Et
1328 280 1442 302 secun-

375 315 453 345 dum
476 315 549 351 hoc,
575 315 735 346 confessio
759 320 865 355 potest
888 325 956 346 esse
981 316 1076 346 etiarn
1099 316 1133 345 in
1156 325 1196 346 eo
1220 316 1277 355 qui
1304 325 1372 346 non
1396 320 1442 345 est

376 360 548 389 contritus:
582 360 657 399 quia
679 365 785 399 potest
811 365 942 399 peccata
964 369 1021 390 sua
1045 359 1190 390 confiteri
1214 359 1387 395 sacerdoti,
1412 364 1443 389 et

376 404 516 434 clavibus
539 404 700 434 Ecclesiae
717 413 750 434 se
766 404 930 434 subiicere.
954 404 996 434 Et
1019 405 1164 444 quamvis
1188 409 1265 434 tunc
1288 413 1355 434 non
1371 413 1442 443 per-

376 448 471 488 cipiat
489 448 699 479 absolutionis
722 446 872 484 fructum,
889 454 1007 484 tamen,
1023 448 1191 479 recedente
1214 447 1354 483 fictione,
1371 457 1442 487 per-

377 494 481 532 cipere
512 493 652 533 incipiet.
686 492 727 523 Et
749 493 794 523 sic
818 493 913 523 etiam
943 498 991 522 est
1021 493 1108 522 etin
1131 493 1198 522 aliis
1230 492 1441 522 sacramentis.

376 536 470 567 Unde
493 546 561 567 non
584 542 710 567 tenetur
733 537 844 567 iterare
869 536 1106 568 confessionem
1123 537 1179 576 qui
1194 535 1287 566 fictus
1304 535 1440 566 accedit:

376 581 432 611 sed
455 586 580 612 tenetur
603 580 814 622 postmodum
836 580 1001 612 fictionem
1025 590 1115 611 suam
1139 579 1293 610 confiteri.

430 625 482 655 An
505 635 622 656 ramim
646 635 728 656 naoo
756 635 915 655 mcaNDUM
944 624 1033 665 quod
1060 625 1229 655 auctoritas
1252 624 1305 653 illa
1327 622 1442 652 intelli—

376 669 480 710 genda
501 676 548 700 est
564 675 721 710 quantum
737 669 776 700 ad
793 669 932 699 fructum
956 668 1165 699 confessionis
1189 666 1441 707 percipiendum,

378 724 476 754 quem
498 715 606 745 nullus
630 719 715 745 extra
739 715 900 744 caritatem
924 714 1059 743 existens
1083 712 1226 752 percipit.

432 759 483 789 An
499 769 661 789 SECUNDUM
680 768 839 788 memnon
856 757 945 797 quod
961 757 1110 786 contritio
1128 761 1158 785 et
1174 754 1344 785 satisfactio
1360 752 1443 783 fiunt

377 803 459 839 Deo,
484 803 540 834 sed
563 802 722 833 confessio
747 802 782 832 fit
805 802 938 832 homini.
963 801 1004 830 Et
1019 800 1092 830 ideo
1117 800 1155 829 de
1179 799 1300 828 ratione
1325 797 1442 827 contri-

377 848 473 878 tionis
497 853 528 878 et
551 846 771 877 satisfactionis
795 851 840 876 est
864 844 953 885 quod
976 845 1076 874 homo
1100 844 1139 873 sit
1159 843 1229 872 Deo
1253 851 1310 881 per
1333 842 1442 871 carita-

377 897 443 922 tem
467 893 593 922 unitus:
618 901 685 921 non
708 896 815 920 autem
839 889 877 919 de
902 889 1023 918 ratione
1049 887 1267 918 confessionis.

433 936 482 966 An
507 945 641 966 mariun
664 944 823 964 DICENDL‘M
847 932 936 972 quod
953 933 1004 962 ille
1022 932 1076 971 qui
1092 936 1223 970 peccata
1242 939 1324 969 quae
1348 929 1442 959 habet

377 986 490 1015 narrat,
507 990 579 1009 vere
599 979 749 1018 loquitur.
774 978 814 1007 Et
830 977 873 1007 sic
891 986 946 1006 cor
962 975 1135 1006 concordat
1159 974 1262 1004 verbis
1285 979 1443 1014 quantum

378 1024 417 1054 ad
440 1024 646 1056 substantiam
671 1021 890 1056 confessionis,
909 1020 1053 1060 quamvis
1077 1029 1132 1049 cor
1157 1018 1315 1049 discordet
1331 1028 1348 1048 a
1365 1027 1442 1048 con—

378 1068 522 1098 fessionis
546 1067 620 1097 fine.

408 1154 506 1184 ART.
531 1153 567 1183 II.
592 1163 696 1182 UTRUM
720 1162 881 1182 OPORTEAT
906 1161 1137 1182 CONFEssmNEM
1160 1161 1229 1182 assa
1253 1161 1412 1182 INTEGRAM

491 1213 526 1234 De
540 1213 612 1234 Duob.
629 1212 749 1239 Praecept.
766 1211 841 1233 Carit.
856 1215 909 1237 etc„
924 1216 975 1238 cap.
991 1216 1025 1236 1v;
1040 1210 1074 1232 De
1087 1210 1135 1231 Sex
1148 1210 1231 1236 artic„
1246 1213 1289 1232 art.
1305 1209 1326 1232 6.

442 1297 461 1316 D
486 1294 646 1316 SECUNDUM
669 1294 714 1314 sic
738 1293 942 1314 Paocanrrua.
971 1282 1106 1313 Videtur
1130 1282 1220 1322 quod
1248 1293 1316 1313 non
1345 1292 1442 1323 opor-

381 1301 503 1361 Ateat
539 1329 774 1360 confessionem
806 1337 873 1358 esse
904 1328 1078 1367 integram,
1111 1333 1146 1358 ut
1180 1327 1299 1358 scilicet
1334 1328 1443 1358 omnia

377 1381 505 1415 peccata
520 1374 576 1404 uni
592 1372 747 1403 sacerdoti
763 1371 953 1402 confiteatur
976 1372 1100 1412 aliquiS.
1125 1371 1209 1409 Quia
1225 1373 1443 1402 erubescentia

378 1420 450 1450 facit
466 1419 505 1449 ad
521 1418 767 1448 diminutionem
790 1426 926 1456 poenae.
951 1416 1014 1447 Sed
1035 1422 1158 1456 quanto
1181 1417 1325 1456 pluribus
1341 1426 1442 1447 sacer-

377 1464 503 1494 dotibus
527 1463 597 1502 quis
621 1460 801 1497 confitetur,
827 1466 915 1491 tanto
939 1461 1095 1491 maiorem
1119 1461 1371 1491 erubescentiam
1387 1471 1442 1501 pa-

377 1509 460 1538 titur.
491 1507 575 1546 Ergo
607 1505 800 1536 fructuosior
824 1511 870 1536 est
894 1505 1054 1536 confessio
1079 1505 1105 1535 si
1128 1505 1272 1545 pluribus
1296 1505 1442 1536 sacerdo-

377 1553 459 1582 tibus
483 1551 647 1581 dividatur.

432 1606 460 1626 2.
485 1596 679 1630 PRAETEREA,
705 1594 864 1625 confessio
889 1594 929 1625 ad
951 1594 1015 1624 hoc
1038 1595 1215 1624 necessaria
1239 1600 1285 1624 est
1307 1595 1341 1625 in
1363 1604 1442 1634 poe-

376 1641 506 1670 nitentia
529 1645 564 1670 ut
587 1649 694 1679 poena
719 1638 898 1669 secundum
927 1639 1091 1669 arbitrium
1114 1639 1285 1669 sacerdotis
1308 1644 1442 1679 peccato

376 1690 505 1715 taxetur.
530 1683 592 1715 Sed
609 1683 775 1714 ‘sufficiens
798 1693 905 1723 poena
928 1688 1034 1723 potest
1057 1683 1182 1723 imponi
1206 1693 1224 1714 a
1247 1683 1376 1714 diversis
1395 1693 1442 1714 sa-

377 1729 555 1759 cerdotibus
579 1728 618 1758 de
642 1728 771 1758 diversis
794 1728 941 1768 peccatis.
967 1728 1052 1767 Ergo
1076 1737 1144 1758 non
1168 1733 1296 1768 oportet
1318 1728 1376 1758 uni
1395 1737 1441 1758 sa-

376 1773 495 1804 cerdoti
519 1773 628 1803 omnia
650 1777 780 1812 peccata
803 1771 958 1802 confiteri.

429 1818 458 1848 3.
475 1818 670 1853 PRAaraRaA,
687 1822 794 1857 potest
810 1817 995 1857 contingere
1012 1816 1102 1856 quod
1116 1822 1190 1856 post
1206 1815 1443 1848 confessionem

376 1862 490 1892 factam
507 1867 537 1891 et
553 1861 800 1892 satisfactionem
820 1860 1004 1901 perfectam,
1021 1860 1206 1891 recordetur
1222 1862 1294 1901 quis
1310 1861 1443 1892 alicuius

375 1907 496 1946 peccati
522 1906 664 1936 mortalis
689 1905 779 1946 quod
803 1905 880 1936 dum
905 1900 1117 1936 confitebatur
1140 1906 1173 1935 in
1196 1906 1352 1936 memoria
1375 1915 1443 1936 non

376 1951 518 1986 habebat,
536 1956 566 1980 et
582 1956 658 1980 tunc
684 1950 811 1990 copiam
834 1950 956 1990 proprii
975 1949 1157 1985 sacerdotis,
1174 1951 1227 1980 cui
1243 1950 1348 1990 primo
1365 1960 1443 1980 con-

376 1995 474 2025 fessus
498 1994 601 2031 fuerit,
618 1995 734 2025 habere
750 2004 816 2024 non
833 1995 960 2034 poterit.
985 1995 1070 2034 Ergo
1095 1995 1212 2034 poterit
1235 1994 1314 2025 illud
1337 1995 1443 2025 solum
1457 2008 1484 2029 4⁰

375 2045 542 2079 peccatum
566 2039 654 2069 alteri
682 2038 837 2069 confiteri.
871 2040 912 2069 Et
935 2040 979 2070 sic
1004 2038 1126 2070 diversa
1152 2044 1284 2079 peccata
1314 2038 1443 2070 diversis

375 2083 590 2114 sacerdotibus
614 2083 828 2114 confitebitur.

429 2138 459 2167 4.
484 2128 686 2164 PRAETEREA,
711 2128 867 2159 sacerdoti
897 2138 965 2158 non
996 2127 1090 2158 debet
1120 2127 1188 2158 fieri
1219 2127 1379 2158 confessio
1403 2127 1442 2158 de

375 2173 510 2212 peccatis
534 2173 594 2203 nisi
617 2178 748 2213 propter
771 2173 1018 2203 absolutionem.
1043 2172 1105 2203 Sed
1129 2172 1326 2213 quandoque
1342 2182 1443 2203 sacer-

376 2217 433 2247 dos
457 2218 512 2257 qui
535 2216 772 2247 confessionem
796 2217 894 2253 audit,
911 2223 1017 2257 potest
1034 2217 1072 2248 de
1089 2216 1282 2257 quibusdam
1305 2217 1443 2257 peccatis

376 2262 552 2297 absolvere,
576 2271 644 2291 non
673 2261 712 2292 de
737 2262 898 2291 omnibus.
932 2261 1018 2301 Ergo
1042 2261 1081 2292 ad
1105 2262 1211 2291 minus
1234 2262 1268 2292 in
1291 2261 1345 2292 tali
1369 2271 1444 2292 casu

377 2315 442 2335 non
467 2312 594 2346 oportet
618 2306 708 2346 quod
731 2305 892 2336 confessio
917 2306 955 2336 sit
978 2307 1109 2346 integra.

432 2350 493 2380 San
528 2360 669 2385 CONTRA,
698 2351 875 2391 hypocrisis
903 2356 950 2380 est
976 2350 1244 2390 impedimentum
1275 2350 1443 2390 poeniten-

377 2395 437 2424 tiae
453 2396 479 2425 *.
504 2394 566 2425 Sed
588 2394 727 2425 dividere
751 2394 987 2425 confessionem
1007 2394 1050 2425 ad
1065 2395 1262 2436 hypocrisim
1279 2395 1444 2435 pertinet:

378 2445 413 2468 ut
435 2439 632 2479 Augustinus
656 2439 732 2469 dicit
747 2440 773 2469 *.
808 2439 893 2479 Ergo
918 2438 1078 2470 confessio
1103 2439 1197 2470 debet
1221 2449 1288 2469 esse
1312 2439 1442 2479 integra.

434 2493 463 2513 2.
487 2484 681 2519 PRAaraRaA,
702 2483 862 2514 confessio
879 2489 926 2514 est
942 2484 1158 2523 poenitentiae
1181 2493 1262 2524 pars.
1287 2483 1351 2514 Sed
1365 2493 1444 2523 poe-

378 2528 508 2558 nitentia
531 2528 624 2558 debet
648 2538 715 2558 esse
739 2529 870 2568 integra.
894 2528 979 2568 Ergo
1004 2534 1035 2558 et
1059 2528 1229 2559 confessio.

433 2573 620 2602 Rsspoxnsso
637 2583 797 2602 memnon
813 2572 903 2612 quod
918 2573 952 2602 in
967 2572 1127 2603 medicina
1142 2572 1302 2613 corporali
1317 2577 1445 2612 oportet

380 2615 468 2656 quod
490 2616 633 2647 medicus
656 2627 723 2647 non
746 2627 850 2647 unum
878 2617 984 2647 solum
1014 2618 1182 2653 morbum,
1207 2622 1319 2647 contra
1346 2625 1445 2656 quem

379 2660 569 2690 medicinam
594 2661 665 2691 dare
690 2661 793 2697 debet,
818 2667 1002 2701 cognoscat,
1028 2661 1083 2692 sed
1106 2662 1202 2692 etiam
1228 2660 1445 2692 universaliter

379 2710 479 2734 totam
502 2705 720 2736 habitudinem
744 2707 843 2746 ipsius
866 2705 1002 2736 infirmi:
1028 2715 1068 2736 eo
1093 2705 1182 2746 quod
1206 2715 1289 2736 unus
1312 2706 1445 2736 morbus

380 2759 417 2779 ex
441 2749 644 2780 adiunctione
669 2750 794 2780 alterius
822 2756 1021 2790 aggravatur,
1045 2756 1077 2780 et
1100 2750 1259 2781 medicina
1283 2759 1365 2790 quae
1388 2750 1446 2780 uni

380 2794 494 2823 morbo
514 2800 719 2834 competeret,
737 2795 824 2824 alteri
840 2800 1075 2825 nocumentum
1099 2800 1278 2835 praestaret.
1303 2794 1344 2825 Et
1359 2794 1445 2836 sirni-

380 2838 449 2867 liter
465 2844 511 2868 est
527 2839 557 2868 in
574 2839 730 2878 peccatis:
756 2840 831 2879 quia
855 2849 957 2869 unum
981 2845 1165 2879 aggravatur
1184 2849 1223 2870 ex
1239 2838 1446 2869 adiunctione

1049 191 1312 237 QUAESTIO
1342 191 1405 238 lx,
1434 191 1727 229 ARTICULUS
1756 192 1796 238 11,
1818 193 1863 228 111

1551 271 1602 301 Ar>
1627 281 1788 302 SECUNDUM
1812 281 1971 301 monimum
1995 271 2085 310 quod
2108 281 2214 311 poena
2233 281 2251 302 a
2267 271 2395 302 diversis
2418 272 2565 303 sacerdo-

1496 315 1581 345 tibus
1604 316 1754 355 imposita
1775 325 1844 346 non
1863 321 1944 345 esset
1960 314 2135 346 sufficiens:
2161 316 2236 354 quia
2259 316 2392 355 quilibet
2418 316 2564 347 conside·
2614 340 2616 342 v

1497 365 1578 389 raret
1605 365 1729 390 tantum
1760 369 1862 390 unum
1893 365 2061 399 peccatum
2084 368 2142 398 per
2163 368 2212 394 se,
2235 364 2267 390 et
2289 369 2357 390 non
2379 361 2564 399 gravitatem

1496 403 1596 442 ipsius
1621 413 1719 443 quam
1741 404 1836 433 habet
1860 413 1897 433 ex
1921 402 2127 433 adiunctione
2150 403 2296 439 alterius;
2321 409 2352 434 et
2368 404 2563 444 quandoque

1466 457 1474 476 ς
1497 456 1602 486 poena
1627 456 1709 486 quae
1733 452 1844 478 contra
1866 456 1969 477 unum
1992 451 2162 486 peccatum
2181 446 2317 483 daretur,
2334 453 2415 478 esset
2433 458 2565 488 promo-

1497 491 1560 520 tiva
1584 491 1710 520 alterius
1734 491 1866 530 peccati.

1552 534 1593 564 Et
1615 539 1776 573 praeterea
1799 534 1946 564 sacerdos
1970 533 2207 564 confessionem
2230 534 2361 565 audiens
2381 536 2485 566 vicem
2504 536 2565 567 Dei

1496 579 1585 617 gerit.
1610 578 1651 608 Et
1673 577 1746 607 ideo
1771 577 1866 608 debet
1889 578 1918 608 ei
1940 577 2009 607 fieri
2031 577 2095 607 hoc
2117 577 2218 608 modo
2242 578 2402 609 confessio
2426 580 2508 610 sicut
2529 580 2565 611 fit

1497 621 1568 651 Deo
1592 622 1626 651 in
1650 622 1853 652 contritione.
1887 620 1998 657 Unde,
2023 621 2105 652 sicut
2126 631 2195 652 non
2221 627 2303 652 esset
2332 623 2482 653 conuitio
2504 625 2565 655 nisi

1458 677 1483 691 ιο
1498 665 1569 704 quis
1594 664 1632 695 de
1657 666 1808 695 omnibus
1831 666 1969 704 peccatis
1993 670 2219 701 contereretur,
2236 666 2279 696 ita
2293 675 2363 697 non
2385 673 2467 698 esset
2487 677 2565 699 eon-

1497 708 1592 782 fessifp
1622 709 1683 738 nisi
1714 709 1785 748 quis
1809 708 1848 739 de
1873 709 2024 739 omnibus
2054 719 2136 750 quae
2166 711 2341 740 memoriae
2371 713 2566 743 occurrerint

1497 761 1559 782 con
1585 758 1696 782 teatur.
1963 768 1966 770 Δ

1550 796 1601 825 An
1617 806 1753 826 ratu-nm
1768 806 1929 827 nxcauntm
1941 797 2031 838 quod
2047 797 2178 838 quidam
2195 797 2306 829 dicunt
2321 798 2420 839 quod,
2435 799 2565 839 quando

1497 840 1611 880 aliquis
1638 840 1823 871 recordatur
1850 850 1963 872 eorum
1991 851 2074 882 quae
2101 843 2190 882 prius
2218 843 2336 873 oblitus
2364 849 2443 880 erat,
2472 843 2567 875 debet

1458 896 1479 915 ις
1497 884 1612 915 iterum
1640 885 1736 915 etiam
1765 895 1802 916 ea
1830 895 1913 926 quae
1940 886 2027 926 prius
2056 886 2221 917 confessus
2250 887 2310 918 fuit
2336 887 2501 919 confiteri:
2535 894 2567 919 et

1497 929 1670 969 praecipue
1685 930 1711 960 si
1725 939 1794 960 non
1809 935 1916 970 potest
1939 930 2079 961 eundern
2102 931 2219 962 habere
2240 932 2293 962 cui
2308 937 2381 962 ante
2401 932 2566 964 confessus

1497 972 1610 1009 fuerat,
1627 974 1683 1014 qui
1699 975 1808 1005 omnia
1832 975 2008 1015 cognoscit,
2025 981 2062 1006 ut
2076 976 2175 1006 totius
2199 976 2313 1016 culpae
2335 977 2493 1016 quantitas
2508 978 2567 1008 uni

1497 1017 1654 1049 sacerdoti
1676 1018 1865 1049 innotescat.
1889 1037 1912 1041 —
1935 1018 1998 1050 Sed
2020 1020 2084 1050 hoc
2107 1029 2176 1050 non
2197 1020 2322 1051 videtur
2340 1022 2565 1053 necessarium.

1498 1062 1583 1100 Quia
1606 1067 1777 1102 peccatum
1799 1063 1895 1093 habet
1917 1064 2127 1103 quantitatem
2151 1070 2182 1094 et
2206 1074 2244 1095 ex
2267 1065 2384 1105 seipso,
2401 1071 2432 1096 et
2455 1075 2494 1096 ex
2512 1066 2566 1096 ad-

1457 1116 1484 1130 20
1498 1107 1663 1138 iunctione
1686 1106 1824 1138 alterius.
1851 1107 2063 1138 Peccatorum
2082 1113 2190 1139 autem
2207 1108 2246 1139 de
2262 1110 2379 1149 quibus
2401 1110 2567 1141 confessus

1499 1155 1554 1187 est,
1578 1150 1791 1182 manifestavit
1814 1152 2022 1191 quantitatem
2047 1161 2146 1192 quam
2169 1162 2208 1183 ex
2230 1153 2340 1193 seipsis
2363 1154 2492 1185 habent.
2515 1155 2567 1186 Ad

1497 1195 1562 1225 hoc
1591 1200 1699 1226 autem
1730 1195 1820 1235 quod
1849 1196 1996 1226 sacerdos
2028 1202 2198 1237 utramque
2231 1198 2441 1237 quantitatem
2471 1199 2566 1230 huius

1497 1240 1621 1279 peccati
1645 1240 1735 1270 cuius
1759 1239 1862 1271 fuerat
1884 1241 2003 1271 oblitus
2031 1247 2223 1281 cognoscat,
2247 1241 2363 1272 sufficit
2391 1242 2481 1282 quod
2503 1243 2567 1274 hoc

1497 1289 1668 1324 peccatum
1692 1283 1849 1315 confitens
1870 1285 1957 1324 'dicat
1980 1285 2137 1325 explicite,
2161 1291 2193 1316 et
2215 1286 2276 1316 alia
2298 1286 2332 1316 in
2354 1287 2504 1326 generali,
2521 1287 2567 1318 di-

1457 1339 1480 1359 25
1498 1328 1603 1359 cendo
1620 1328 1720 1368 quod,
1734 1338 1810 1360 cum
1825 1329 1886 1359 alia
1900 1329 2002 1360 multa
2018 1329 2234 1366 confiteretur,
2250 1330 2346 1361 huius
2363 1331 2481 1362 oblitus
2497 1331 2566 1362 fuit.

1551 1373 1603 1403 An
1629 1383 1778 1403 unaarum
1800 1383 1960 1404 meantum
1984 1373 2084 1414 quod,
2108 1375 2204 1405 etiam
2227 1375 2254 1404 si
2276 1374 2424 1406 sacerdos
2444 1385 2512 1406 non
2528 1375 2567 1407 de

1498 1417 1649 1448 omnibus
1673 1418 1774 1458 possit
1796 1418 1970 1454 absolvere,
1994 1424 2102 1449 tamen
2125 1424 2251 1450 tenetur
2273 1420 2334 1450 sibi
2356 1421 2467 1450 omnia
2489 1430 2567 1451 con-

1497 1461 1596 1497 fiteri,
1621 1467 1657 1492 ut
1680 1462 1890 1502 quantitatem
1913 1463 2012 1493 totius
2035 1463 2150 1503 culpae
2178 1468 2366 1503 cognoscat,
2390 1469 2421 1494 et
2444 1464 2484 1495 de
2506 1465 2568 1496 illis

1498 1505 1538 1536 de
1562 1506 1679 1546 quibus
1702 1516 1771 1537 non
1793 1512 1901 1547 potest
1924 1507 2105 1544 absolvere,
2130 1507 2170 1538 ad
2192 1508 2392 1548 superiorem
2418 1509 2567 1540 remittat.

1576 1572 1676 1603 ART.
1701 1572 1752 1603 III.
1778 1582 1882 1603 urium
1906 1583 2008 1603 possm
2031 1583 2089 1603 Pan
2112 1583 2207 1604 ALmM
2232 1583 2302 1604 oms
2326 1583 2500 1608 comuntur.

1845 1628 1912 1647 vm.
1943 1628 2010 1647 PER
2039 1628 2218 1648 SCRIPTUM

1878 1676 1962 1704 Quodl.
1977 1677 1996 1703 1.
2011 1682 2051 1704 qu.
2067 1683 2096 1703 vr,
2111 1681 2154 1699 art.
2171 1684 2188 1699 ι.

1500 1738 1583 1803 An
1612 1738 1748 1758 ramum
1778 1738 1823 1758 src
1853 1737 2058 1759 raocanrrun.
2092 1727 2227 1758 Videtur
2257 1727 2347 1768 quod
2382 1729 2484 1769 possit
2510 1739 2568 1770 per

1459 1787 1480 1807 τε

1563 1773 1662 1804 alium
1685 1773 1757 1813 quis
1780 1771 1936 1808 confiteri,
1953 1772 2005 1803 vel
2027 1782 2084 1812 per
2106 1773 2271 1813 scriptum.
2298 1772 2384 1811 Quia
2406 1772 2567 1805 confessio

1497 1818 1675 1848 necessaria
1697 1822 1746 1847 est
1767 1816 1807 1847 ad
1830 1817 1894 1848 hoc
1916 1822 1953 1847 ut
1976 1817 2172 1848 conscientia
2194 1817 2388 1857 poenitentis
2411 1817 2569 1849 sacerdoti

1498 1861 1664 1902 pandatur.
1689 1861 1753 1893 Sed
1774 1861 1876 1894 homo
1900 1866 2007 1901 potest
2029 1862 2126 1892 etiam
2148 1871 2206 1901 per
2228 1861 2337 1897 alium,
2353 1862 2405 1892 vel
2420 1871 2478 1902 per
2493 1863 2568 1893 scri-

1498 1911 1591 1947 ptum
1607 1915 1698 1936 suam
1715 1906 1945 1937 conscientiam
1964 1905 2119 1936 sacerdoti
2141 1904 2354 1936 manifestare.
2378 1906 2464 1946 Ergo
2481 1906 2568 1938 suffi-

1499 1951 1542 1981 cit
1564 1960 1621 1990 per
1644 1950 1753 1986 alium,
1777 1950 1828 1981 vel
1851 1960 1908 1990 per
1931 1950 2086 1989 scripturn
2109 1949 2267 1980 confiteri.

1555 2004 1584 2025 2.
1609 1995 1806 2030 Furniana,
1830 1994 1963 2034 quidam
1985 2003 2053 2024 non
2076 1994 2297 2034 intelliguntur
2319 2004 2338 2024 a
2359 1992 2498 2035 propriis
2519 2004 2568 2026 sa-

1499 2039 1692 2075 cerdotibus,
1708 2044 1840 2079 propter
1862 2038 1990 2078 linguae
2014 2038 2245 2070 diversitatem:
2271 2044 2302 2069 et
2317 2038 2395 2070 tales
2409 2048 2478 2070 non
2493 2049 2568 2080 pos-

1498 2089 1573 2114 sunt
1595 2084 1657 2114 nisi
1679 2092 1736 2124 per
1759 2083 1838 2114 alios
1863 2082 2019 2114 confiteri.
2047 2083 2133 2123 Ergo
2157 2092 2224 2114 non
2249 2087 2296 2114 est
2319 2082 2358 2114 de
2381 2084 2568 2115 necessitate

1498 2129 1688 2158 sacramenti
1710 2127 1801 2168 quod
1823 2137 1881 2167 per
1903 2128 2045 2167 seipsum
2068 2128 2141 2167 quis
2164 2126 2366 2159 confiteatur.
2393 2127 2435 2159 Et
2455 2129 2500 2159 ita
2521 2129 2568 2159 vi-

1499 2172 1591 2203 detur
1614 2171 1720 2212 quod,
1744 2172 1770 2203 si
1793 2181 1850 2212 per
1873 2171 1972 2203 alium
2002 2172 2074 2212 quis
2103 2171 2268 2203 confessus
2296 2171 2392 2203 fuerit
2419 2172 2568 2212 qualiter-

1458 2230 1481 2250 ⁴5
1499 2226 1651 2256 cumque,
1675 2216 1811 2247 sufficiat
1834 2217 1863 2247 ei
1887 2215 1927 2247 ad
1949 2216 2094 2248 salutem.

1555 2262 1584 2292 3.
1609 2261 1806 2297 Paaawaaa,
1823 2260 1862 2291 de
1878 2261 2065 2291 necessitate
2089 2261 2277 2292 sacramenti
2293 2266 2341 2292 est
2355 2261 2447 2301 quod
2465 2262 2567 2293 homo

1498 2306 1631 2346 proprio
1656 2305 1813 2336 sacerdoti
1835 2304 2036 2341 confiteatur,
2053 2310 2090 2336 ut
2109 2315 2147 2336 ex
2171 2302 2262 2336 dictis
2278 2306 2294 2322 ⁴*
2313 2311 2409 2346 patet.
2434 2305 2498 2336 Sed
2513 2306 2568 2336 ali-

1499 2350 1630 2390 qu'ando
1654 2350 1803 2390 proprius
1826 2349 1973 2380 sacerdos
1997 2355 2044 2380 est
2067 2350 2190 2386 absenS‚
2207 2350 2261 2380 cui
2283 2359 2351 2381 non
2366 2355 2474 2391 potest
2488 2359 2568 2391 poe·-

1499 2395 1603 2426 nitens
1627 2395 1756 2434 propria
1778 2403 1859 2424 voce
1882 2394 1988 2434 loqui;
2013 2399 2123 2434 posset
2150 2399 2259 2424 autem
2281 2403 2339 2434 per
2361 2395 2516 2435 scriptum
2539 2395 2569 2426 ei

1460 2451 1485 2471 ςο
1499 2449 1590 2470 suam
1619 2439 1849 2470 conscientiam
1878 2437 2090 2469 manifestare.
2124 2439 2210 2478 Ergo
2239 2438 2365 2470 videtur
2394 2439 2484 2479 quod
2512 2448 2570 2480 per

1499 2484 1654 2524 scriptum
1678 2484 1707 2514 ei
1731 2493 1821 2514 suam
1845 2483 2074 2514 conscientiam
2097 2483 2308 2514 transmittere
2331 2482 2453 2514 debeat.

1555 2528 1619 2559 Sar>
1643 2537 1782 2563 CONTRA,
1807 2528 1908 2558 homo
1933 2527 1972 2558 ad
1996 2526 2234 2558 confessionem
2257 2533 2465 2568 peccatorum
2487 2529 2570 2559 sicut

1501 2572 1540 2602 ad
1556 2571 1792 2603 confessionem
1816 2571 1891 2602 fidei
1915 2572 2082 2611 obligatur.
2103 2571 2166 2602 Sed
2182 2571 2342 2602 confessio
2358 2571 2434 2602 fidei
2449 2582 2507 2603 ore
2522 2577 2570 2604 est

1500 2615 1663 2647 facienda:
1688 2622 1724 2646 ut
1739 2621 1827 2656 patet
1841 2616 1935 2646 Rom.
1947 2626 1967 2646 x
1979 2617 2005 2646 ’ἃ
2023 2616 2109 2656 Ergo
2127 2621 2158 2646 et
2174 2615 2334 2647 confessio
2349 2621 2568 2656 peccatorum.

1558 2670 1587 2691 2.
1610 2660 1812 2696 Pafflanaa,
1836 2661 1893 2700 qui
1915 2669 1972 2700 per
1995 2661 2137 2700 seipsum
2163 2661 2324 2700 peccavit,
2348 2669 2406 2700 per
2427 2661 2570 2701 seipsum

1501 2705 1595 2736 debet
1618 2705 1794 2745 poenitere.
1820 2704 1882 2735 Sed
1906 2704 2066 2735 confessio
2083 2710 2130 2735 est
2145 2705 2362 2744 poenitentiae
2377 2714 2459 2745 pars.
2483 2705 2569 2745 Ergo

1500 2750 1670 2790 poenitens
1694 2748 1788 2779 debet
1811 2748 1958 2779 confiteri
1980 2749 2110 2789 propria
2131 2758 2223 2780 voce.

1555 2794 1746 2824 Rasponnno
1780 2802 1940 2823 monimum
1972 2792 2062 2832 quod
2096 2793 2256 2823 confessio
2285 2802 2354 2823 non
2386 2793 2493 2824 solum
2523 2798 2570 2824 eet

1501 2843 1590 2869 actus
1613 2838 1746 2874 virtutis,
1767 2837 1824 2868 sed
1847 2838 1943 2867 etiam
1965 2846 2037 2877 pars
2059 2837 2258 2868 sacramenti.
2282 2837 2442 2875 Quamvis
2461 2842 2569 2868 autem

381 2882 524 2918 alterius;
549 2888 579 2913 et
602 2883 681 2913 illud
705 2883 794 2922 quod
819 2884 873 2913 uni
896 2889 1030 2923 peccato
1055 2889 1136 2914 esset
1159 2883 1354 2914 conveniens
1377 2892 1445 2913 me—
1460 2891 1487 2911 ⁶0
1501 2882 1542 2914 ad
1564 2892 1635 2913 eam
1658 2881 1838 2913 secundum
1861 2880 1951 2921 quod
1975 2886 2022 2912 est
2045 2887 2133 2912 actus
2156 2882 2289 2917 virtutis,
2309 2880 2468 2912 sufficeret
2491 2890 2570 2922 qua-

381 2925 494 2960 dicina,
511 2927 598 2956 alteri
614 2928 810 2957 incentivum
831 2933 1011 2967 praestaret,
1029 2937 1104 2958 cum
1121 2927 1317 2968 quandoque
1333 2927 1446 2967 aliquis

381 2971 543 3001 contrariis
567 2972 703 3010 peccatis
719 2971 854 3002 infectus
874 2973 922 3006 sit.
940 2978 975 3002 ut
992 2972 1176 3012 Gregorius,
1193 2973 1227 3003 in
1242 2971 1407 3002 Pastorali
1418 2972 1445 3007 ff,

382 3014 485 3045 docet.
510 3015 550 3044 Et
572 3015 645 3045 ideo
665 3015 704 3046 de
720 3017 904 3046 necessitate
929 3016 1139 3047 confessionis
1163 3022 1210 3047 est
1233 3016 1323 3056 quod
1345 3017 1446 3046 homo

383 3059 490 3088 omnia
513 3065 642 3098 peccata
666 3059 855 3090 confiteatur
879 3070 961 3100 quae
985 3061 1017 3091 in
1041 3061 1197 3092 memoria
1219 3061 1332 3091 habet:
1358 3059 1447 3100 quod

1500 2927 1714 2966 litercumque
1737 2925 1844 2962 fieret,
1869 2926 1927 2956 etsi
1949 2935 2018 2956 non
2041 2931 2123 2956 esset
2144 2930 2231 2956 tanta
2254 2924 2422 2956 difficultas
2445 2926 2478 2956 in
2502 2935 2569 2956 uno

1501 2971 1602 3002 modo
1626 2971 1709 3002 sicut
1731 2971 1765 3001 in
1788 2970 1870 3006 alio;
1895 2976 2017 3006 tamen,
2041 2969 2220 3000 secundum
2244 2969 2334 3010 quod
2357 2974 2404 3000 est
2426 2979 2499 3010 pars
2521 2979 2569 3000 sa-

1502 3016 1665 3050 cramenti.
1690 3015 1785 3046 habet
1808 3014 2055 3045 determinatum
2078 3019 2202 3050 actum,
2227 3014 2309 3045 sicut
2332 3019 2363 3044 et
2386 3013 2447 3044 alia
2469 3023 2570 3045 sacra-

1501 3065 1610 3091 menta
1625 3060 1744 3090 habent
1759 3058 2000 3090 determinatam
2015 3059 2190 3089 materiam.
2207 3058 2248 3089 Et
2262 3058 2346 3094 sicut
2360 3058 2395 3088 in
2410 3058 2569 3098 baptismo

383 3103 408 3132 si
423 3112 489 3132 non
506 3103 607 3139 faciat,
624 3114 691 3134 non
707 3110 753 3134 est
773 3104 942 3140 confessio,
962 3104 1018 3135 sed
1042 3104 1251 3136 confessionis
1275 3105 1446 3135 simulatio.
1461 3112 1485 3137 ες
1502 3104 1543 3135 ad
1571 3103 1812 3144 significandam
1843 3103 2028 3134 interiorem
2061 3102 2260 3133 ablutionem
2291 3102 2462 3132 assumitur
2491 3102 2571 3133 illud

438 3147 487 3176 An
512 3157 626 3177 prunum
650 3158 732 3178 aneo
756 3158 915 3178 meatuum
945 3149 1051 3188 quod,
1081 3150 1139 3180 etsi
1167 3150 1386 3180 erubescentia
1408 3149 1447 3179 sit

384 3190 589 3230 multiplicior
612 3192 741 3231 quando
766 3192 876 3222 dividit
899 3193 1020 3224 diversa
1038 3199 1168 3233 peccata
1185 3193 1323 3230 diversis,
1340 3199 1447 3224 tamen

386 3244 497 3264 omnes
521 3235 614 3265 simul
638 3246 705 3266 non
728 3242 801 3266 sunt
824 3237 866 3266 ita
889 3246 1023 3276 magnae
1047 3238 1282 3268 erubescentiae
1298 3239 1380 3268 sicut
1395 3237 1449 3268 illa

386 3288 449 3307 una
473 3288 535 3318 qua
559 3280 629 3319 quis
654 3281 762 3310 omnia
789 3286 918 3319 peccata
945 3291 1002 3311 sua
1025 3282 1119 3312 simul
1150 3281 1330 3312 confitetur.
1363 3281 1448 3320 Quia

1503 3149 1700 3180 elementum
1727 3148 1819 3179 cuius
1849 3153 1897 3178 est
1918 3147 2076 3178 maximus
2103 3157 2180 3178 usus
2202 3147 2237 3178 in
2260 3146 2440 3182 abluendo,
2472 3147 2515 3177 ita
2537 3147 2578 3178 inv

1503 3198 1576 3224 actu
1593 3192 1811 3224 sacramentali
1827 3191 1867 3223 ad
1881 3191 2151 3223 manifestandum
2172 3191 2316 3222 ordinate
2332 3191 2503 3222 assumitur
2518 3191 2571 3222 ille

1503 3242 1592 3268 actus
1616 3246 1683 3277 quo
1710 3237 1848 3268 maxime
1876 3237 2104 3267 consuevimus
2129 3234 2347 3271 manifestare,
2372 3235 2492 3266 scilicet
2515 3245 2572 3276 per

1503 3282 1671 3322 proprium
1693 3281 1838 3311 verbum.
1861 3281 1927 3311 Alii
1942 3281 2030 3311 enim
2044 3279 2134 3311 modi
2157 3285 2232 3310 sunt
2253 3279 2377 3310 inducti
2392 3280 2425 3310 in
2442 3280 2571 3320 supple-

387 3331 488 3352 unum
512 3329 679 3362 peccatum
702 3333 758 3363 per
782 3334 814 3354 se
837 3324 1073 3356 consideratum
1096 3336 1164 3356 non
1188 3327 1230 3357 ita
1254 3326 1450 3357 demonstrat
1463 3338 1490 3359 70
1503 3331 1651 3357 mentum
1674 3326 1774 3356 istius.

386 3366 503 3396 malam
527 3366 767 3406 dispositionem
790 3369 950 3406 peccantis
974 3370 1054 3399 sicut
1078 3370 1207 3409 quando
1225 3376 1270 3400 est
1287 3380 1362 3401 cum
1377 3370 1448 3410 plu-

388 3410 473 3439 ribus
497 3410 563 3440 aliis
587 3411 839 3441 consideratum:
865 3413 939 3450 quia
962 3413 994 3442 in
1018 3423 1120 3443 unum
1144 3420 1312 3453 peccatum
1336 3415 1449 3454 aliquis

389 3453 584 3493 quandoque
608 3464 646 3484 ex
669 3455 845 3493 ignorantia
860 3455 911 3485 vel
930 3455 1110 3486 infirmitate
1133 3457 1264 3493 labitur;
1289 3458 1344 3488 sed
1366 3458 1450 3491 mul-

389 3496 492 3528 titudo
515 3504 720 3537 peccatorum
744 3498 938 3528 demonstrat
960 3500 1111 3530 malitiam
1131 3502 1301 3540 peccantis,
1317 3502 1367 3532 vel
1383 3511 1450 3532 ma-

389 3550 486 3581 gnam
508 3542 747 3581 corruptionem
770 3542 922 3572 eiusdem.

1558 3370 1610 3401 An
1633 3379 1751 3400 ramim
1769 3378 1852 3400 aaoo
1868 3379 2028 3399 meam-mu
2052 3367 2152 3408 quod,
2169 3368 2252 3399 sicut
2270 3369 2304 3399 in
2321 3369 2480 3409 baptismo
2503 3377 2571 3399 non

1505 3413 1621 3445 sufficit
1644 3414 1921 3454 qualitercumque
1944 3413 2083 3449 abluere,
2099 3412 2156 3443 sed
2177 3422 2234 3452 per
2257 3413 2460 3444 elementum
2470 3412 2572 3444 deter-

1504 3459 1677 3494 minatum;
1706 3459 1749 3488 ita
1771 3467 1832 3488 nec
1858 3458 1892 3488 in
1921 3457 2119 3498 poenitentia
2149 3456 2265 3487 sufficit
2295 3457 2571 3497 qualitercumque

1504 3508 1635 3542 peccata
1650 3501 1862 3538 manifestare,
1879 3501 1934 3533 sed
1957 3506 2086 3542 oportet
2109 3500 2199 3541 quod
2221 3510 2278 3541 per
2294 3507 2401 3532 actum
2425 3500 2572 3532 determi-

1465 3557 1488 3577 ῖς
1505 3551 1617 3576 natum
1636 3545 1888 3577 manifestentur.

2595 2311 2606 2322 ·
2617 2311 2665 2339 Qu.
2673 2316 2724 2338 vm,
2733 2313 2775 2333 tn.
2784 2316 2811 2337 4.

2596 2624 2607 2636 ·
2622 2621 2686 2646 vm.
2704 2628 2738 2645 ιο.
