2878 4088
70 398 82 408 ·
95 397 162 419 Vera.
179 402 211 418 υ.
223 406 234 412 -
244 395 281 418 ef.

68 423 80 445 l
91 423 156 450 Cor„
171 428 223 451 etp.
233 427 281 447 xiv,

70 456 131 472 vers.
145 455 181 478 34.

71 573 81 584 ·
95 570 162 592 Vere.
177 570 200 592 6.

69 1190 82 1202 ¹
93 1189 274 1218 quanm-rm
281 1203 287 1208 .

75 1626 277 1803 ῑρῑέςῐέ

87 3017 244 3046 ·c=p.1.-s.
254 3016 300 3039 τιι.

88 3045 164 3067 ieet-1

90 3279 103 3291 ·
116 3277 174 3306 Cap.
189 3276 250 3299 unic.

939 175 1202 225 QUAESTIO
1231 173 1403 220 XXXIX,
1424 173 1718 212 ARTICULUS
1746 174 1787 220 II,
1808 175 1853 210 III
2440 174 2489 222 73

365 260 395 291 3.
418 260 615 294 Pmraana,
632 258 782 288 ordinum
798 263 937 298 potestas
953 258 986 287 in
1003 257 1108 287 anima
1126 254 1286 285 fundatur.
1311 252 1374 283 Sed
1429 258 1499 283 tum
1523 255 1617 284 actui.
1642 254 1683 284 Et
1705 253 1778 284 ideo
1796 255 1904 284 omnia
1927 254 1980 284 illa
2004 261 2197 285 sacramenta
2219 264 2300 294 quae
2324 260 2431 285 actum
2447 264 2495 284 re-

309 314 402 335 sexus
425 313 493 334 non
517 309 563 333 est
585 303 619 333 in
643 303 758 333 anima.
788 303 874 342 Ergo
905 301 1065 331 diversitas
1092 309 1186 330 sexus
1209 307 1277 328 non
1300 296 1375 327 facit
1430 298 1562 338 quirunt
1585 298 1785 338 suscipientis
1805 304 2049 333 sacramentum,
2066 299 2180 328 talibus
2196 309 2262 328 non
2287 304 2494 338 competunt:

310 349 548 379 distinctionem
572 348 605 377 in
628 348 813 387 receptione
837 345 997 376 ordinum.
1430 343 1512 372 sicut
1535 343 1749 382 poenitentia,
1773 343 2013 372 matrimonium
2041 348 2070 372 et
2093 342 2287 372 huiusmodi.
2323 342 2385 373 Sed
2418 343 2493 382 quia

365 392 427 423 San
452 402 575 422 CONTRA
598 401 652 422 rsr
677 390 766 431 quod
789 390 904 421 dicitur
923 390 936 420 1
952 390 1038 419 Tim.
1054 399 1077 418 11
1092 389 1127 418 *z
1152 386 1325 418 Mulierem
1342 385 1375 415 in
1431 392 1602 427 potestates
1626 386 1748 417 infusae
1772 392 1846 416 sunt
1869 388 1988 426 priores
2012 387 2142 422 actibus,
2167 388 2247 416 sicut
2271 393 2301 417 et
2324 387 2490 422 naturales,

309 437 455 467 Ecclesia
479 436 595 466 docere
618 445 683 466 non
701 435 865 476 permitto,
891 443 949 464 nec
971 433 1134 464 dominari
1158 432 1190 461 in
1215 431 1330 461 virum.
1399 441 1408 460 ς
1432 433 1577 471 quamvis
1601 432 1773 471 acquisitae
1797 436 1871 461 sunt
1886 431 2095 471 posteriores;
2120 437 2243 460 remoto
2268 437 2374 461 autem
2390 437 2497 470 poste·

367 491 396 511 2.
417 481 614 516 PRAssraRaA,
630 481 665 510 in
681 479 864 517 ordinandis
878 478 1090 518 praeexigitur
1106 485 1242 506 corona:
1264 483 1376 514 quam-
1432 477 1507 506 riori
1530 485 1598 506 non
1621 475 1742 506 tollitur
1758 476 1861 515 prius:
1886 475 1960 505 ideo
1986 475 2093 504 omnia
2110 481 2303 505 sacramenta
2327 476 2358 504 in
2382 475 2498 514 quibus

310 526 357 555 vis
380 535 448 556 non
472 524 511 555 de
534 525 720 554 necessitate
744 523 940 554 sacramenti.
966 521 1028 552 Sed
1053 530 1173 551 corona
1197 525 1228 549 et
1246 525 1378 549 tonsura
1432 530 1500 550 non
1523 520 1693 560 requiritur
1716 525 1804 550 actus
1821 520 2020 560 suscipientis
2045 518 2083 548 de
2100 519 2285 548 necessitate
2302 519 2498 554 sacramenti,

311 580 378 600 non
409 574 598 609 competunt
627 568 833 599 mulieribus:
865 572 901 598 ut
930 571 1017 606 patet
1047 565 1059 595 Ι
1086 564 1162 595 Cor.
1186 574 1217 593 x¹
1233 564 1259 593 ἦ
1292 562 1377 601 Ergo
1433 564 1488 595 sed
1504 570 1644 604 potestas
1660 564 1766 603 aliqua
1782 564 1950 604 spiritualis
1967 563 2116 593 divinitus
2140 562 2240 598 datur,
2258 569 2392 602 possunt
2407 564 2498 603 pueri

312 624 373 645 nec
396 613 548 644 ordinum
570 613 743 652 susceptio.
1433 610 1604 648 suscipere,
1623 614 1653 638 et
1677 608 1728 638 alii
1753 610 1809 648 qui
1833 618 1894 638 usu
1917 608 2047 638 rationis
2072 612 2195 642 carent;
2226 607 2285 637 hac
2308 613 2414 636 tamen
2438 607 2499 637 dis-

367 659 556 688 RESPONDBO
581 666 741 687 mcnumm
764 654 854 696 qUOd
877 653 1035 694 quaedam
1058 652 1263 692 seqnifflsstur
1281 651 1314 680 in
1330 659 1378 679 fe·
1394 662 1419 676 ¹⁰
1433 654 1588 685 tinctione
1618 653 1739 687 habita,
1764 653 1853 693 quod
1876 653 1909 682 in
1932 652 2110 682 minoribus
2142 651 2305 681 ordinibus
2332 652 2501 690 requiritur

313 703 451 743 cipiente
467 706 701 732 sacramentum
713 701 804 740 quasi
816 699 856 730 de
870 698 1058 729 necessitate
1073 695 1278 726 sacramenti:
1296 703 1378 733 quae
1434 697 1632 729 discretionis
1648 702 1776 736 tempus
1799 697 1838 727 de
1854 697 2031 732 honestate,
2052 701 2183 736 propter
2201 695 2385 735 dignitatem
2402 705 2502 725 sacra-

313 748 338 777 Si
354 746 479 782 desunt,
495 756 563 777 ¹²0ss
578 750 684 786 Potest
707 745 821 784 aliquis
843 743 1003 782 suscipere
1022 749 1129 780 neque
1145 743 1379 770 sacramentum
1434 742 1544 777 menti,
1562 740 1617 771 sed
1640 750 1708 771 non
1732 740 1771 771 de
1802 741 1988 771 necessitate
2012 741 2173 780 praecepti
2200 749 2307 779 neque
2331 739 2370 769 de
2393 749 2502 769 neces-

313 800 420 831 neque
442 800 511 821 rem
533 789 730 820 sacramenti.
754 787 923 825 Quaedam
938 795 1014 816 vero
1036 784 1241 824 requiruntur
1256 793 1323 813 non
1339 782 1379 812 de
1435 787 1525 817 sitate
1550 785 1747 815 sacramenti.
1783 785 1876 816 Unde
1901 785 2009 825 aliqui,
2033 786 2057 815 si
2082 785 2250 815 necessitas
2275 783 2353 814 adsit
2378 789 2408 813 et
2431 793 2503 823 spes

313 836 499 866 necessitate
519 833 716 866 sacramenti.
731 832 788 862 sed
804 831 843 862 de
859 830 1045 861 necessitate
1061 828 1233 868 praecepti,
1249 832 1380 867 propter
1435 829 1608 871 profectus,
1626 829 1665 859 ad
1680 829 1821 860 minores
1838 829 1965 860 ordines
1982 835 2116 869 possunt
2132 834 2204 859 ante
2225 838 2326 859 annos
2342 828 2503 858 discretio-

314 879 546 920 congruitatem
570 877 609 907 ad
632 881 876 906 sacramentum.
900 875 942 904 Et
964 875 1031 904 sine
1054 873 1169 903 talibus
1193 872 1306 911 aliquis
1328 881 1380 902 su·
1396 882 1418 902 ¹5
1434 876 1484 906 nis
1509 874 1694 914 promoveri
1718 874 1785 904 sine
1808 879 1953 914 peccato,
1976 879 2007 904 et
2030 874 2204 913 suscipient
2228 873 2391 903 ordinem:
2417 873 2502 911 quia,

313 923 406 963 scipit
428 926 678 955 sacramentum,
702 920 759 950 sed
781 929 849 950 non
872 928 940 949 rem
968 918 1165 948 sacramenti·
1198 915 1380 946 Dicendum
1436 919 1581 960 quamvis
1598 924 1675 948 tunc
1698 927 1766 948 non
1783 919 1844 948 sint
1859 917 1976 948 ,idonei
2000 917 2039 948 ad
2063 917 2167 948 officia
2187 927 2269 958 quae
2293 917 2336 947 eis
2357 917 2504 947 commit-

314 976 389 1007 ergo
413 965 502 1006 quod
532 974 626 996 sexus
651 965 747 994 virilis
776 964 947 1004 requiritur
971 962 1010 993 ad
1033 961 1272 1001 susceptionem
1297 960 1381 991 ordi·
1435 969 1562 1000 tuntur‚
1589 969 1696 993 tamen
1719 972 1777 1003 per
1793 962 2058 993 assuefactionem
2074 961 2183 992 idonei
2198 962 2378 992 reddentur.
2395 979 2417 983 —
2441 960 2503 992 Sed

313 1020 393 1042 num
418 1019 486 1040 non
509 1009 616 1040 solum
639 1008 782 1039 secundo
805 1007 916 1044 modo,
937 1006 994 1038 sed
1017 1007 1112 1037 etiam
1136 1006 1251 1046 Primo·
1276 1005 1380 1041 Unde,
1436 1009 1475 1039 ad
1491 1009 1627 1038 maiores
1645 1007 1771 1037 ordines
1788 1008 1957 1047 requiritur
1982 1017 2057 1037 usus
2073 1007 2202 1037 rationis
2223 1012 2253 1036 et
2277 1005 2315 1036 de
2338 1007 2503 1037 honestate

313 1055 372 1085 etsi
401 1054 528 1084 mulieri
555 1054 763 1084 exhibeantur
791 1053 900 1083 omnia
924 1061 1006 1092 quae
1030 1052 1063 1081 in
1088 1049 1253 1081 ordinibus
1281 1049 1380 1085 fiunt·
1437 1059 1468 1084 et
1490 1053 1677 1083 necessitate
1693 1053 1871 1092 praecepti:
1897 1057 2027 1092 propter
2042 1057 2155 1081 votum
2172 1051 2397 1087 continentiae,
2415 1051 2504 1091 quod

313 1098 460 1130 ordinem
475 1108 543 1128 non
558 1098 700 1137 suscipit·
724 1097 820 1135 Quia,
837 1106 914 1127 cum
929 1101 1164 1127 sacramentum
1187 1095 1226 1124 sit
1242 1095 1380 1135 Signum,
1396 1106 1423 1120 ²⁰
1436 1098 1555 1128 habent
1577 1106 1755 1133 annexum;
1780 1102 1811 1127 et
1834 1097 1909 1136 quia
1942 1097 2035 1126 etiam
2060 1097 2104 1126 eis
2127 1101 2322 1126 sacramenta
2344 1096 2505 1126 tractanda

313 1144 347 1174 in
369 1143 418 1173 his
442 1152 524 1183 quae
547 1143 581 1173 in
605 1147 803 1173 sacramento
831 1146 967 1182 aguntur
990 1140 1161 1181 requiritur
1183 1148 1251 1169 non
1275 1139 1382 1169 solum
1438 1142 1692 1173 committuntur.
1709 1159 1732 1163 —
1755 1141 1816 1171 Sed
1834 1141 1872 1171 ad
1889 1142 2120 1181 episcopatum,
2136 1141 2191 1170 ubi
2208 1141 2240 1170 in
2262 1150 2379 1180 corpus
2394 1141 2504 1181 mysti-

314 1197 373 1224 τῶ,
397 1187 453 1218 sed
475 1187 603 1227 Signum
626 1187 690 1217 rei:
720 1187 802 1217 Sicut
825 1185 946 1216 dictum
970 1190 1017 1216 est
1032 1186 1049 1202 ⁴*
1073 1183 1163 1224 quod
1185 1184 1219 1214 in
1243 1189 1383 1213 extrema
1438 1196 1513 1217 curn
1529 1187 1684 1226 accipitur
1706 1191 1857 1225 potestas,
1874 1186 2044 1225 requiritur
2067 1191 2155 1214 actus
2174 1185 2373 1225 suscipientis
2393 1195 2503 1215 curam

314 1232 469 1263 unctione
499 1232 634 1271 exigitur
662 1230 751 1271 quod
778 1231 818 1261 sit
845 1229 991 1260 infirmus
1013 1235 1050 1260 ut
1072 1227 1268 1268 significetur
1291 1237 1382 1258 cura·
1437 1231 1638 1271 pastoralem.
1663 1230 1704 1260 Et
1727 1229 1800 1260 ideo
1818 1235 1864 1260 est
1881 1231 1975 1260 etiam
1992 1229 2031 1260 de
2054 1229 2240 1260 necessitate
2257 1230 2505 1260 consecrationis

314 1277 403 1308 tione
434 1275 590 1316 indigens.
631 1275 718 1306 Cum
741 1276 836 1315 igitur
858 1275 892 1305 in
915 1284 993 1305 sexu
1021 1273 1163 1304 femineo
1191 1282 1259 1303 non
1282 1272 1383 1312 possit
1439 1275 1628 1316 episcopalis
1653 1274 1742 1314 quod
1765 1284 1861 1305 usum
1884 1275 2013 1304 rationis
2036 1274 2158 1304 habeat.

315 1320 485 1361 sifflficari
514 1320 621 1360 aliqua
652 1320 825 1365 eminentia
855 1318 987 1359 gradus,
1015 1319 1092 1358 quia
1121 1317 1238 1348 mulier
1267 1322 1384 1347 statum
1398 1326 1422 1347 25
1493 1319 1634 1358 Quidam
1662 1324 1770 1349 autem
1798 1319 1909 1349 dicunt
1932 1318 2021 1358 quod
2044 1318 2084 1348 ad
2107 1327 2219 1349 omnes
2247 1318 2373 1349 ordines
2400 1319 2505 1359 requi-

315 1365 523 1396 subiectionis
545 1365 659 1400 habet3
691 1363 765 1395 ideo
788 1373 855 1394 non
878 1368 984 1404 potest
1007 1362 1127 1393 ordinis
1150 1366 1384 1392 sacramentum
1439 1365 1517 1395 ritur
1539 1374 1616 1394 usus
1639 1364 1770 1394 rationis
1793 1362 1833 1394 de
1855 1364 2041 1393 necessitate
2065 1363 2261 1393 sacramenti.
2297 1363 2359 1393 Sed
2393 1373 2506 1394 eorum

315 1410 486 1450 suscipere.
1441 1409 1563 1440 dictum
1586 1409 1708 1438 ratione
1730 1407 1781 1438 vel
1805 1408 1992 1438 auctoritate
2015 1417 2083 1438 non
2106 1407 2323 1438 confirmatur.

371 1453 514 1491 Quidam
536 1459 645 1484 autem
668 1452 816 1483 dixerunt
842 1451 932 1492 quod
959 1461 1053 1482 sexus
1076 1450 1172 1480 virilis
1197 1455 1244 1480 est
1266 1449 1306 1479 de
1328 1459 1403 1480 ne·.
1496 1454 1547 1483 An
1571 1462 1688 1482 ramim
1711 1462 1794 1482 aneo
1818 1462 1977 1482 mesanum
2010 1451 2099 1492 quod
2121 1462 2188 1482 non
2223 1462 2320 1482 omne
2349 1451 2437 1492 quod
2461 1458 2507 1482 est

316 1498 462 1530 cessitate
483 1498 655 1538 praecepti,
672 1496 728 1527 sed
745 1506 814 1527 non
830 1496 870 1527 de
884 1496 1071 1526 necessitate
1095 1494 1293 1530 sacramenti,
1310 1495 1386 1533 quia
1442 1498 1481 1528 de
1504 1498 1691 1527 necessitate
1715 1498 1885 1537 praecepti,
1904 1502 1950 1527 est
1973 1496 2012 1526 de
2035 1497 2221 1527 necessitate
2244 1497 2447 1533 sacramenti,
2472 1502 2508 1527 ut

317 1543 413 1573 etiam
441 1543 476 1572 in
504 1542 647 1572 Decretis
662 1543 679 1558 *
702 1540 739 1571 fit
765 1542 887 1571 mentio
911 1540 951 1570 de
979 1539 1162 1570 diaconissa
1192 1543 1224 1569 et
1250 1539 1387 1580 presly-
1402 1550 1428 1571 ³0
1442 1542 1564 1573 dictum
1588 1547 1634 1571 est
1649 1543 1676 1572 ἦ

317 1591 397 1618 tera.
413 1604 435 1608 —
451 1586 515 1617 Sed
531 1585 707 1616 diaconissa
729 1585 846 1615 dicitur
869 1594 952 1625 quae
971 1585 1004 1614 in
1028 1584 1137 1623 aliquo
1161 1588 1235 1613 actu
1258 1581 1386 1613 diaconi
1497 1586 1548 1616 An
1573 1596 1734 1616 sacrmnum
1757 1595 1916 1615 mesanum
1932 1585 2021 1624 quod
2043 1586 2284 1615 matrimonium
2304 1590 2411 1615 causat
2430 1595 2507 1615 con-

317 1630 492 1671 participat,
509 1631 591 1660 Sicut
614 1639 697 1669 quae
720 1629 796 1669 legit
818 1629 985 1659 homiliam
1001 1629 1034 1658 in
1051 1627 1184 1658 ecclesia
1199 1628 1226 1656 ἦ
1254 1627 1388 1668 Presby-
1444 1640 1564 1665 sensus,
1590 1630 1646 1670 qui
1670 1630 1738 1660 sine
1761 1639 1822 1660 usu
1845 1630 1974 1659 rationis
1998 1639 2065 1659 esse
2088 1639 2155 1659 non
2180 1635 2293 1669 potest.
2319 1629 2381 1660 Sed
2404 1630 2437 1659 in
2460 1639 2508 1660 re-

316 1680 383 1706 tera
405 1679 514 1704 autem
537 1673 652 1704 dicitur
675 1673 770 1703 Vidua
785 1674 812 1708 ἦ
837 1674 913 1713 quia
929 1673 1103 1714 presllrter
1119 1670 1206 1701 idem
1229 1676 1276 1701 est
1299 1670 1389 1712 quod
1444 1675 1594 1715 ceptione
1619 1673 1738 1704 ordinis
1761 1684 1829 1704 non
1852 1674 2023 1713 requiritur
2046 1673 2158 1713 aliquis
2182 1679 2270 1704 actus
2294 1683 2332 1703 ex
2354 1679 2442 1714 parte
2460 1684 2509 1704 re-

316 1719 437 1751 senior.
1445 1719 1601 1759 cipientis.
1625 1718 1724 1756 Quod
1747 1723 1834 1758 patet
1857 1728 1895 1748 ex
1918 1719 1982 1748 hoc
2006 1718 2095 1757 quod
2118 1718 2225 1748 nullus
2249 1724 2337 1748 actus
2361 1727 2398 1748 ex
2421 1724 2509 1758 parte

371 1764 423 1794 An
446 1772 564 1793 rammi
586 1771 670 1792 aneo
694 1770 854 1792 nrcaumm
877 1760 967 1801 quod
990 1760 1160 1801 prophetia
1181 1768 1251 1789 non
1274 1765 1322 1790 est
1339 1769 1389 1790 sa·
1405 1771 1427 1791 ³5
1445 1773 1558 1794 eorum
1583 1763 1768 1803 exprimitur
1791 1763 1824 1792 in
1849 1772 1962 1792 eorum
1993 1763 2242 1792 consecratione.
2276 1762 2316 1792 Et
2345 1762 2419 1792 ideo
2442 1772 2510 1792 non

318 1812 528 1843 crumentum,
545 1806 602 1837 sed
617 1806 678 1837 Dei
696 1805 831 1837 donum.
856 1805 950 1836 Unde
975 1806 1019 1836 ibi
1041 1814 1110 1835 non
1134 1804 1269 1843 exigitur
1291 1805 1389 1844 signi·
1445 1814 1492 1839 est
1514 1807 1627 1838 simile,

318 1851 436 1888 ficatio,
460 1850 517 1882 sed
538 1851 646 1882 solum
668 1860 728 1881 res.
753 1850 794 1880 Et
810 1851 886 1890 quia
909 1849 1088 1880 secundum
1106 1858 1175 1879 rem
1190 1848 1224 1878 in
1239 1848 1288 1878 his
1305 1858 1389 1888 quae
1499 1853 1550 1882 An
1564 1849 1709 1882 'raa-rrum
1732 1861 1892 1881 mem-imm
1923 1850 2012 1891 quod
2043 1850 2186 1881 eiusdem
2211 1857 2257 1881 est
2280 1856 2368 1881 actus
2398 1856 2429 1881 et
2451 1861 2510 1891 po-

318 1902 393 1927 sunt
407 1897 532 1927 animae
547 1895 662 1926 mulier
677 1905 746 1926 non
762 1894 865 1925 differt
881 1905 899 1924 a
914 1895 993 1931 Viro,
1011 1903 1087 1924 cum
1104 1892 1301 1933 quandoque
1317 1903 1388 1923 mu·
1444 1898 1558 1928 tentia:
1584 1895 1639 1926 sed
1662 1901 1769 1926 tamen
1785 1895 1957 1936 aliquando
1974 1896 2118 1936 potentia
2141 1895 2311 1935 praecedit,
2331 1895 2412 1925 sicut
2432 1895 2510 1925 libe-

318 1941 376 1972 lier
398 1940 577 1971 inveniatur
605 1939 721 1970 melior
751 1945 909 1980 quantum
933 1938 972 1969 ad
996 1939 1135 1968 animam
1158 1937 1233 1966 viris
1262 1938 1388 1974 multis;
1444 1952 1516 1973 rum
1540 1941 1704 1971 arbitrium
1727 1950 1823 1971 usum
1846 1950 1952 1971 suum.
1976 1940 2017 1970 Et
2041 1940 2084 1970 sic
2109 1945 2155 1970 est
2178 1941 2211 1969 in
2234 1940 2412 1980 proposito.

318 1985 393 2016 ideo
418 1985 542 2015 donum
565 1985 752 2025 prophetiae
769 1989 800 2014 et
816 1984 875 2014 alia
897 1982 1084 2014 huiusmodi
1106 1986 1213 2022 potest
1235 1982 1387 2022 recipere,
1403 1993 1430 2014 40

319 2029 376 2061 sed
396 2039 466 2060 non
487 2028 609 2060 ordinis
630 2034 876 2059 sacramentum·
1578 2030 1677 2061 ART.
1695 2029 1746 2060 111.
1770 2038 1875 2059 urium
1898 2038 2041 2059 saavnus
2065 2038 2210 2058 lMPEDIAT
2241 2037 2379 2057 amanam

374 2079 416 2112 Et
438 2090 496 2122 per
518 2081 582 2111 hoc
605 2085 692 2120 patet
715 2080 834 2110 solutio
858 2078 899 2109 ad
920 2077 1100 2108 secundum
1124 2083 1156 2107 et
1177 2077 1317 2120 tertiugn.
1775 2084 1795 2103 A
1819 2082 2022 2103 suscarrrona
2047 2082 2187 2102 onnmum

375 2125 425 2156 De
448 2125 611 2155 abbatissis
641 2129 749 2154 tamen
779 2123 894 2153 dicitur
924 2122 1014 2162 quod
1035 2131 1104 2152 non
1126 2122 1244 2152 habent
1267 2120 1389 2162 praela-

319 2171 444 2201 tionem
473 2168 683 2204 ordinariam,
714 2167 771 2198 sed
800 2168 892 2207 quasi
923 2177 961 2198 ex
989 2166 1234 2202 commissione,
1259 2171 1391 2206 propter
1509 2175 1530 2194 n
1554 2173 1688 2194 raarrura
1715 2173 1762 2193 sre
1790 2172 1996 2193 raocamrtm.
2024 2161 2158 2192 Videtur
2181 2161 2270 2201 quod
2289 2161 2421 2191 servitus
2443 2171 2511 2191 non

320 2214 502 2255 periculum
524 2213 771 2243 cohabitationis
793 2213 936 2242 virorum
960 2211 1000 2242 ad
1022 2211 1182 2241 mulieres.
1198 2229 1221 2232 —
1240 2211 1390 2240 Debbora
1404 2215 1428 2236 45
1447 2177 1663 2249 Aimpediat
1699 2208 1839 2247 aliquem
1871 2217 1889 2236 a
1918 2206 2122 2246 susceptione
2154 2205 2313 2236 ordinum.
2349 2205 2511 2236 Subiectio

322 2264 430 2289 autem
459 2259 494 2288 in
523 2257 754 2297 temporalibus
783 2255 936 2297 praefuit.
960 2265 1028 2286 non
1058 2255 1091 2285 in
1121 2254 1388 2285 sacerdotalibus:
1446 2254 1533 2284 enirn
1557 2252 1731 2292 corporalis
1747 2261 1815 2282 non
1837 2256 1994 2291 repugnat
2009 2250 2196 2290 praelationi
2212 2250 2374 2290 spirituali.
2399 2250 2462 2280 Sed
2478 2251 2511 2280 in

322 2303 405 2333 sicut
428 2308 459 2333 et
481 2311 569 2332 nunc
591 2306 729 2342 possunt
750 2300 900 2331 mulieres
923 2300 1142 2340 temporaliter
1165 2299 1334 2330 dominari.
1446 2307 1538 2328 servo
1564 2302 1610 2327 est
1633 2297 1789 2327 subiectio
1814 2295 1996 2335 corporalis.
2032 2295 2117 2334 Ergo
2141 2304 2208 2324 non
2239 2293 2411 2334 impeditur
2434 2295 2512 2334 quin

377 2346 477 2377 ART.
502 2346 539 2376 11.
563 2356 668 2376 uranu
690 2355 791 2381 ruam,
815 2355 853 2375 ar
878 2355 932 2374 am
956 2354 1076 2374 canat-ir
1099 2354 1156 2374 usu
1179 2352 1334 2379 mmoms,
1448 2342 1561 2373 debeat
1583 2341 1744 2381 suscipere
1767 2340 1996 2380 praelationem
2020 2339 2225 2379 spiritualem,
2243 2348 2325 2379 quae
2343 2339 2375 2368 in
2401 2338 2513 2369 ordine

514 2406 529 2415 .
1448 2386 1549 2417 datur.

625 2426 750 2446 Possm'r
774 2425 906 2446 ommms
930 2425 1091 2446 SUSCIPERE

742 2466 747 2470 ¹
1408 2438 1434 2459 50
1505 2440 1534 2460 2.
1558 2430 1755 2464 PaaaraRaA,
1771 2427 1850 2458 illud
1874 2427 1963 2468 quod
1987 2433 2034 2458 est
2057 2428 2184 2458 occasio
2216 2427 2401 2457 humilitatis
2413 2451 2420 2463 ,
2445 2437 2513 2457 non

589 2466 620 2488 1v
637 2466 710 2494 Sem„
725 2466 779 2488 dist.
794 2472 834 2492 vu,
848 2472 888 2494 qu.
903 2471 939 2490 ιιι,
954 2469 996 2488 art.
1010 2471 1031 2492 2,
1046 2466 1091 2493 qu*
1104 2471 1124 2487 2.

1449 2474 1543 2505 debet
1566 2473 1721 2514 impedire
1740 2473 1978 2512 susceptionem
2002 2472 2135 2502 alicuius
2151 2472 2347 2502 sacramenti.
2372 2471 2435 2502 Sed
2450 2481 2514 2502 ser-

388 2534 409 2554 r>
437 2532 600 2554 secunaum
627 2532 674 2552 SIC
702 2531 908 2552 PROCRDITUR.
942 2520 1076 2552 Videtur
1107 2520 1197 2560 quod
1226 2521 1337 2561 pueri,
1363 2526 1394 2551 et
1447 2520 1531 2550 vitus
1555 2524 1603 2549 est
1625 2517 1827 2548 huiusmodi:
1852 2516 1938 2547 unde
1961 2516 2138 2556 Apostolus
2170 2516 2332 2546 consuluit
2355 2515 2461 2556 quod,
2487 2516 2515 2546 si

325 2536 447 2609 Aqui
465 2572 573 2598 carent
587 2576 650 2597 usu
673 2567 815 2602 rationis,
831 2575 900 2596 non
922 2567 1047 2606 possint
1069 2564 1197 2596 ordines
1220 2565 1392 2605 suscipere.
1449 2564 1567 2604 aliquis
1586 2563 1705 2603 possit,
1731 2561 1838 2603 magis
1862 2566 1974 2592 utatur
1994 2561 2156 2595 servitute,
2180 2560 2192 2590 1
2218 2561 2295 2590 Cor.
2309 2570 2353 2591 vn
2369 2561 2395 2590 *.
2428 2561 2514 2600 Ergo

288 2628 296 2636 ·
324 2613 419 2652 Quia,
435 2617 473 2643 ut
494 2612 529 2642 in
544 2612 646 2642 littera
661 2611 678 2628 ⁴*
693 2610 819 2647 dicitur,
835 2611 915 2641 sacri
939 2619 1079 2641 canones
1096 2610 1131 2640 in
1146 2609 1393 2650 suscipientibus
1448 2618 1517 2639 non
1540 2607 1634 2638 debet
1657 2605 1812 2647 impedire
1836 2615 1854 2635 a
1876 2606 2082 2646 promotione
2105 2604 2234 2635 ordinis.

325 2657 452 2688 ordines
476 2661 600 2687 certum
616 2661 647 2686 et
662 2655 908 2686 determinatum
931 2660 1059 2695 tempus
1079 2659 1258 2684 statuerunt
1273 2655 1392 2684 aetatis.
1410 2661 1432 2681 ες
1505 2653 1534 2683 3.
1553 2653 1750 2687 Pmraam,
1766 2651 1867 2690 magis
1883 2655 1929 2680 est
1945 2656 2038 2690 turpe
2050 2649 2202 2679 clericum
2217 2650 2251 2679 in
2267 2658 2394 2679 servum
2409 2648 2515 2685 vendi,

325 2701 390 2733 Sed
411 2701 476 2731 hoc
498 2709 567 2730 non
581 2705 665 2730 esset
678 2700 705 2730 si
721 2700 814 2740 pueri
836 2699 978 2739 recipere
1001 2704 1133 2739 possent
1156 2698 1276 2728 ordinis
1292 2707 1394 2728 sacra·
1450 2706 1549 2737 quam
1572 2705 1699 2727 servum
1722 2696 1756 2725 in
1780 2695 1932 2725 clericum
1961 2695 2155 2734 promoveri.
2190 2693 2252 2724 Sed
2275 2693 2360 2723 licite
2384 2693 2516 2724 clericus

325 2750 483 2777 mentum.
506 2745 604 2784 Ergo,
628 2749 688 2774 etc.
1449 2742 1482 2772 in
1506 2750 1634 2772 servum
1657 2739 1752 2770 vendi
1775 2744 1897 2780 potest:
1922 2739 1998 2779 quia
2021 2739 2192 2778 episcopus
2215 2737 2375 2774 Nolanus,
2398 2737 2517 2768 scilicet

383 2799 413 2820 2.
436 2789 640 2824 Pennana,
664 2787 785 2818 ordinis
815 2793 1049 2818 sacramentum
1072 2792 1119 2818 est
1141 2786 1268 2827 dignius
1296 2795 1395 2826 quam
1449 2786 1561 2816 beatus
1583 2785 1746 2820 Paulinus,
1763 2784 1904 2824 seipsum
1927 2784 1961 2813 in
1984 2792 2112 2813 servum
2127 2781 2278 2818 vendidit,
2295 2787 2331 2812 ut
2353 2783 2386 2812 in
2401 2782 2516 2812 Dialo-

325 2834 578 2865 matrimonium.
603 2831 667 2863 Sed
686 2833 789 2872 pueri,
806 2837 837 2862 et
852 2831 904 2862 alii
920 2837 1062 2862 carentes
1085 2841 1147 2862 usu
1170 2831 1311 2867 rationis,
1326 2840 1394 2861 non
1449 2830 1502 2872 gis
1516 2831 1534 2847 θ’
1557 2830 1681 2869 legitur.
1706 2829 1792 2869 Ergo
1807 2828 1911 2858 multo
1927 2827 2040 2858 fortius
2063 2833 2169 2867 potest
2185 2836 2293 2857 servus
2315 2827 2349 2856 in
2365 2826 2516 2856 clericum

326 2883 463 2920 possunt
490 2877 680 2908 contrahere
709 2876 962 2907 matrimonium.
994 2876 1080 2916 Ergo
1106 2885 1168 2906 nec
1191 2874 1320 2906 ordines
1342 2884 1396 2906 su-
1409 2885 1436 2905 60
1449 2875 1644 2916 promoveri.

327 2924 460 2964 scipere.
1506 2918 1569 2949 San
1593 2927 1727 2953 CONTRA,
1742 2916 1870 2947 videtur
1888 2915 1978 2956 quod
1993 2915 2146 2956 impediat
2170 2921 2326 2955 quantum
2345 2914 2384 2944 ad
2406 2923 2517 2944 neces-

384 2967 414 2998 3.
438 2967 641 3002 Parasi-anm,
666 2965 759 2996 cuius
788 2969 836 2995 est
858 2964 1023 3004 potentia,
1047 2964 1117 2994 eius
1139 2969 1187 2994 est
1208 2968 1322 2994 actus:
1347 2972 1396 2993 se·
1451 2964 1576 2994 sitatem
1599 2962 1797 2992 sacramenti.
1821 2961 1908 2999 Quia
1930 2960 2046 2991 mulier
2068 2970 2135 2990 non
2158 2965 2264 3000 potest
2285 2959 2445 2998 suscipere
2469 2968 2516 2988 sa-

328 3011 472 3043 cundum
495 3010 739 3050 Philosophum,
756 3010 790 3039 in
805 3009 886 3039 libro
902 3008 942 3039 de
955 3008 1078 3039 Somno
1094 3013 1126 3038 et
1146 3008 1264 3049 Vigilia
1280 3009 1307 3037 ἦ
1333 3006 1397 3038 Sed
1452 3012 1651 3038 eramentum
1673 3007 1796 3036 ratione
1818 3005 2036 3036 subiectionis.
2072 3004 2135 3035 Sed
2158 3004 2260 3034 maior
2291 3004 2446 3033 subiectio
2471 3008 2517 3032 est

328 3062 418 3087 aetus
450 3054 570 3086 ordinis
599 3054 732 3095 requirit
764 3063 861 3084 usum
893 3053 1033 3083 rationis.
1069 3051 1154 3093 Ergo
1185 3058 1216 3082 et
1246 3051 1397 3083 ordinum
1451 3052 1486 3082 in
1509 3060 1617 3081 servo:
1643 3051 1718 3091 quia
1733 3050 1848 3080 mulier
1871 3060 1938 3080 non
1955 3049 2047 3080 datur
2061 3050 2130 3079 viro
2146 3049 2179 3079 in
2200 3048 2363 3083 ancillam;
2387 3052 2518 3087 propter

329 3105 480 3141 potestas.
1411 3104 1435 3130 65
1453 3095 1552 3136 quod,
1569 3104 1637 3125 non
1661 3100 1708 3125 est
1723 3094 1763 3124 de
1778 3093 1914 3135 pedibus
1935 3099 2062 3134 sumpta
2077 3095 2104 3123 *.
2128 3093 2214 3133 Ergo
2239 3098 2269 3122 et
2293 3101 2399 3122 servus
2416 3101 2516 3121 sacra-

385 3144 448 3175 Suu
472 3153 605 3178 conns,
621 3143 675 3174 ille
691 3143 747 3183 qui
770 3147 818 3172 est
832 3147 905 3172 ante
929 3150 1031 3172 annos
1049 3140 1249 3172 discretionis
1264 3148 1397 3180 promo·
1452 3145 1599 3170 mentum
1622 3148 1690 3169 non
1713 3139 1855 3182 suscipit.

330 3194 382 3218 tus
405 3187 444 3218 ad
467 3188 604 3224 ordines,
625 3188 692 3218 sine
716 3187 883 3217 iteratione
906 3186 1052 3226 ipsorum
1073 3184 1273 3226 quandoque
1295 3185 1330 3215 in
1353 3184 1398 3215 eis
1498 3193 1528 3214 2.
1553 3184 1749 3219 Putaram,
1766 3183 1880 3223 aliquis
1902 3192 1942 3213 ex
1966 3192 2033 3223 quo
2063 3182 2195 3222 suscipit
2217 3180 2371 3216 ordinem,
2393 3185 2518 3210 tenetur

331 3231 518 3263 conceditur
539 3232 735 3263 ministrare:
762 3236 799 3261 ut
817 3235 904 3270 patet
929 3230 1033 3266 Extra,
1051 3229 1090 3260 de
1111 3229 1238 3260 Clerico
1253 3238 1317 3270 per
1333 3228 1399 3259 sat-
1453 3229 1487 3258 in
1509 3227 1622 3258 ordine
1645 3227 1832 3258 ministrare.
1857 3226 1920 3258 Sed
1933 3236 2002 3257 non
2026 3232 2132 3267 potest
2151 3225 2245 3255 simul
2261 3225 2436 3254 ministrare
2460 3223 2518 3254 do-

332 3281 399 3306 tum
420 3281 571 3316 promoto
586 3277 614 3307 ὓ.
637 3276 711 3306 Hoc
732 3280 840 3306 autem
855 3283 922 3305 non
939 3279 1021 3305 esset
1035 3275 1062 3304 si
1078 3273 1224 3304 ordinem
1239 3281 1308 3303 non
1331 3282 1399 3303 sus·
1453 3273 1544 3303 mino
1567 3281 1627 3302 suo
1652 3271 1779 3307 carnali,
1796 3277 1828 3302 et
1849 3272 1883 3301 in
1906 3271 2059 3311 spirituali
2076 3270 2261 3301 ministerio.
2285 3269 2370 3308 Ergo
2393 3267 2518 3298 videtur

332 3321 477 3360 cepisset.
500 3320 586 3360 Ergo
609 3329 690 3360 puer
713 3325 820 3360 potest
843 3318 970 3349 ordines
995 3319 1166 3359 suscipere.
1413 3330 1440 3351 ⁷⁰
1454 3316 1545 3357 quod
1567 3325 1635 3346 non
1658 3316 1759 3356 possit
1782 3315 1929 3346 ordinem
1950 3316 2129 3355 suscipere:
2155 3314 2230 3354 quia
2252 3313 2401 3343 dominus
2425 3311 2518 3342 debet

390 3374 419 3395 2.
443 3364 638 3400 Pmmaa,
655 3364 715 3394 alia
737 3368 933 3394 sacramenta
955 3363 987 3393 in
1010 3363 1128 3403 quibus
1157 3362 1317 3392 character
1339 3362 1399 3391 im-
1455 3360 1635 3391 conservari
1657 3359 1826 3390 indemnis.

332 3409 489 3449 primitur,
504 3413 642 3448 possunt
653 3408 747 3448 pueri
769 3408 940 3448 suscipere,
956 3412 994 3438 ut
1013 3407 1208 3447 baptismum
1232 3411 1264 3436 et
1282 3404 1399 3436 confir·
1509 3405 1699 3435 stponnno
1723 3413 1883 3434 memnon
1906 3403 1996 3444 quod
2010 3404 2044 3434 in
2067 3404 2270 3443 susceptione
2287 3400 2405 3431 ordinis
2428 3409 2519 3430 man-

333 3453 519 3484 mationem.
543 3452 629 3492 Ergo
652 3452 721 3492 pari
742 3452 864 3482 ratione
886 3457 919 3482 et
941 3451 1079 3482 ordines.
1455 3450 1579 3490 cipatur
1601 3449 1702 3479 homo
1726 3447 1840 3478 divinis
1863 3448 1986 3479 officiis.
2018 3448 2059 3478 Et
2082 3448 2157 3488 quia
2179 3447 2287 3477 nullus
2315 3449 2422 3484 potest
2445 3443 2518 3474 dare

388 3497 577 3528 strounno
601 3505 760 3526 mmmmm
773 3495 865 3536 quod
887 3505 944 3536 per
961 3496 1133 3536 pueritiam
1155 3501 1187 3526 et
1210 3495 1289 3525 alios
1312 3493 1399 3525 defe-
1455 3493 1545 3534 quod
1568 3502 1664 3523 suum
1687 3501 1755 3523 non
1778 3497 1835 3529 est,
1852 3492 1925 3523 ideo
1948 3501 2066 3527 servus,
2084 3492 2140 3532 qui
2166 3501 2232 3521 non
2256 3490 2351 3520 habet
2379 3493 2518 3529 potesta-

334 3547 404 3572 ctus
428 3542 545 3582 quibus
567 3540 689 3571 tollitur
710 3549 787 3570 usus
816 3540 964 3576 rationis,
983 3545 1159 3580 praestatur
1186 3538 1399 3580 impedimen·
1414 3550 1438 3572 75
1455 3543 1522 3568 tem
1545 3538 1604 3574 sui,
1620 3547 1688 3568 non
1708 3541 1814 3577 potest
1836 3536 1876 3567 ad
1899 3536 2026 3567 ordines
2041 3536 2234 3576 promoveri.
2259 3534 2292 3565 Si
2314 3538 2421 3563 tamen
2444 3541 2518 3572 pro-

477 3604 586 3628 Smuua
605 3602 708 3627 Τιιεοι..
728 3602 757 3626 D.
770 3601 885 3626 Tnoluiz
901 3601 934 3627 Τ.
953 3601 995 3627 ΙΧ.
2327 3595 2376 3619 10⁸

2535 1542 2544 1551 ·
2559 1540 2583 1561 ln
2600 1546 2706 1567 corpore.

2545 2565 2553 2573 ⁸
2568 2564 2634 2586 Vers.
2650 2570 2684 2586 ιι.

2544 2832 2553 2840 ·
2568 2829 2592 2852 S.
2610 2829 2644 2851 Gr
2674 2844 2680 2850 .
2695 2829 2754 2850 Dia-

2543 2855 2652 2884 leg-lib.1
2676 2861 2753 2883 ,capm

2545 3096 2555 3106 ·
2570 3094 2627 3116 Gen.
2650 3099 2701 3121 cap.
2727 3100 2754 3119 ιι,

2544 3127 2603 3143 vers.
2618 3126 2653 3147 ιι,
2667 3126 2701 3142 22.
