2878 4088
147 2550 206 2571 'Au
224 2565 228 2570 .
245 2549 274 2570 de
290 2549 356 2571 Trin.

144 2576 185 2598 lib.
249 2581 276 2598 c·
294 2582 357 2603 .xx1,

144 2608 210 2624 xxm.
216 2613 222 2619 ·
257 2618 263 2625 .
269 2582 347 2625 fem-t.
352 2619 358 2630 ,

144 2634 265 2684 23‘3‘Jm'
276 2633 318 2651 m.
334 2635 356 2657 7,

146 2815 248 2842 ·1=11··‚
255 2822 356 2844 qua-xii,

145 2845 187 2863 art.
204 2850 222 2869 ι,
237 2848 257 2865 2.

146 3123 155 3132 ·
166 3121 216 3143 Lib.
228 3122 246 3148 1,
262 3127 312 3150 cap.
324 3128 355 3144 iv.

147 3209 156 3218 ·
173 3207 237 3231 Vera.
252 3214 287 3235 ²4·

145 3301 154 3309 ·
166 3299 201 3320 De
214 3299 354 3327 :Similimd.,

145 3326 356 3353 cap-uvul.-1nter

145 3352 208 3380 Opp.
227 3353 331 3375 Anselm.

145 3476 155 3486 ·
164 3475 213 3497 Lib.
223 3475 296 3503 xxn,
304 3481 355 3504 esp.

140 3508 197 3524 ¹¹¹⁶

386 166 462 203 230

384 246 638 286 assumptionem
661 244 762 276 factus
787 250 834 276 est
860 245 1036 277 conformis
1059 247 1093 277 in
1115 252 1228 278 natura
1252 247 1370 287 speciei
1392 246 1452 276 hu-

383 299 497 320 manae
521 290 672 320 omnibus
695 290 890 321 hominibus.
920 291 1052 332 Angelis
1075 296 1183 322 autem
1212 301 1280 322 non
1304 296 1351 321 est
1374 299 1452 321 con-

383 333 494 365 formis
518 334 696 365 secundum
711 335 868 365 unitatem
891 336 1020 376 speciei,
1036 345 1144 376 neque
1160 335 1339 366 secundum
1360 339 1451 365 natu-

383 388 451 409 ram
468 378 609 409 divinam
631 388 740 419 neque
755 379 935 410 secundum
950 385 1096 411 naturam
1111 380 1296 410 humanam.
1320 379 1362 410 Et
1377 378 1451 409 ideo

383 423 463 453 ratio
480 422 563 453 dotis
579 432 646 453 non
657 423 702 453 ita
712 424 842 464 proprie
859 425 1010 455 convenit
1025 424 1144 465 angelis
1157 425 1239 455 sicut
1254 424 1450 454 hominibus.

438 467 564 498 Tamen
594 468 628 498 in
651 468 700 498 his
728 477 812 508 quae
838 469 1058 509 metaphorice
1090 468 1258 505 dicuntur,
1286 477 1361 498 cum
1383 477 1452 498 non

383 512 562 552 requiratur
584 511 760 542 similitudo
794 518 952 553 quantum
975 513 1014 543 ad
1037 514 1162 549 omnia,
1186 522 1254 543 non
1284 517 1391 553 potest
1414 521 1452 542 ex

383 556 490 596 aliqua
513 555 769 587 dissimilitudine
792 557 944 588 concludi
967 557 1056 598 quod
1083 557 1301 597 metaphorice
1332 555 1453 596 aliquid

384 599 424 631 de
447 600 510 631 alio
532 609 602 630 non
631 600 841 641 praedicetur.
872 601 913 632 Et
935 602 980 632 sic
1004 611 1042 632 ex
1071 602 1195 632 ran'one
1224 600 1355 631 inducta
1383 610 1452 630 non

383 649 491 684 potest
513 644 699 685 simpliciter
720 645 829 676 haberi
857 645 947 686 quod
971 646 1091 686 angelis
1121 645 1213 676 dotes
1241 654 1310 675 non
1333 654 1453 675 conve-

383 689 488 719 niant:
513 688 569 719 sed
592 689 699 720 solum
722 689 812 730 quod
834 699 903 720 non
926 691 969 720 ita
991 690 1121 731 proprie
1144 690 1227 720 sicut
1255 689 1452 725 hominibus,

383 733 508 764 ratione
532 733 795 764 dissimilitudinis
818 733 1007 774 praedictae.

439 778 490 808 An
513 787 630 807 ramim
653 787 737 808 nano
760 788 920 808 DICENDUM
943 778 1043 819 quod,
1061 779 1207 819 quamvis
1230 778 1334 818 angeli
1357 778 1452 817 perti-

383 826 482 852 neant
512 821 552 852 ad
581 822 737 852 unitatem
769 822 951 859 Ecclesiae,
974 832 1042 853 non
1070 828 1178 853 tamen
1205 827 1280 853 sunt
1309 822 1454 852 membra

384 866 546 896 Ecclesiae
578 865 757 896 secundum
792 866 882 906 quod
914 867 1058 897 Ecclesia
1092 866 1207 897 dicitur
1244 875 1363 906 sponsa
1395 875 1453 906 per

384 909 643 940 conformitatem
665 915 806 940 naturae.
831 910 873 940 Et
895 911 940 940 sie
969 920 1037 941 non
1068 911 1220 941 convenit
1251 910 1296 941 eis
1323 910 1453 951 proprie

383 954 500 983 habere
523 953 624 983 dotes.

437 998 489 1028 An
523 1006 687 1027 sncunmm
717 1007 878 1027 mcnuntm
917 997 1007 1037 quod
1038 997 1244 1038 desponsatio
1280 998 1334 1028 illa
1368 998 1453 1037 large

383 1042 537 1082 accipitur
559 1050 619 1081 pro
642 1042 764 1072 unione
781 1050 864 1081 quae
887 1051 956 1072 non
971 1042 1067 1072 habet
1085 1041 1346 1072 conformitatem
1360 1046 1453 1072 natu-

382 1094 435 1116 rae
457 1086 491 1115 in
515 1085 630 1125 specie.
655 1085 697 1115 Et
713 1086 757 1116 sic
781 1086 874 1116 etiam
892 1086 971 1116 nihil
986 1086 1145 1126 prohibet,
1162 1086 1247 1126 large
1263 1084 1452 1126 accipiendo

383 1129 484 1166 dotes,
501 1139 624 1169 ponere
647 1129 738 1160 dotes
761 1130 795 1160 in
819 1130 948 1170 angelis.

438 1174 488 1204 An
505 1183 640 1204 ‘rna-rum
655 1183 816 1204 DranDUM
832 1173 932 1214 quod,
950 1175 1096 1214 quamvis
1111 1175 1146 1204 in
1161 1174 1368 1204 matrimonio
1389 1174 1453 1214 spi-

382 1218 487 1248 rituali
510 1227 578 1248 non
602 1218 641 1248 sit
663 1218 724 1248 nisi
748 1219 934 1249 coniunctio
959 1219 1144 1258 spiritualis,
1169 1224 1277 1249 tamen
1299 1218 1372 1249 illos
1397 1218 1453 1258 qui

383 1263 633 1302 coniunguntur,
651 1262 691 1292 ad
713 1262 887 1302 perfectam
910 1263 1107 1293 matrimonii
1130 1263 1298 1300 rationem,
1325 1267 1454 1302 oportet

382 1307 415 1336 in
439 1307 546 1347 specie
569 1312 700 1337 naturae
724 1307 906 1338 convenire.
937 1307 979 1337 Et
1001 1313 1133 1348 propter
1155 1308 1219 1338 hoc
1247 1307 1453 1348 desponsatio

383 1351 512 1391 proprie
536 1350 574 1381 ad
598 1351 729 1391 angelos
751 1361 820 1381 non
843 1352 990 1392 pertinet.

437 1396 488 1425 An
518 1405 666 1426 omarum
692 1405 853 1426 manntm
877 1395 966 1436 quod
988 1396 1042 1426 illa
1070 1395 1284 1427 conformatio
1309 1405 1374 1436 qua
1397 1405 1452 1426 an-

383 1440 445 1480 geli
469 1439 712 1470 conformantur
740 1439 869 1470 Christo
897 1441 1091 1480 inquantum
1119 1446 1166 1471 est
1193 1440 1291 1476 Deus,
1314 1450 1383 1470 non
1407 1445 1454 1470 est

382 1484 452 1514 talis
477 1493 561 1524 quae
576 1483 712 1514 sufficiat
727 1483 767 1515 ad
789 1484 965 1525 perfectam
980 1485 1176 1516 matrimonii
1191 1485 1360 1521 rationem,
1377 1494 1453 1515 cum

383 1537 451 1558 non
484 1529 523 1559 sit
553 1528 732 1559 secundum
765 1529 1024 1560 convenientiam
1051 1530 1085 1560 in
1117 1530 1240 1570 specie:
1270 1529 1326 1560 sed
1352 1529 1454 1569 magis

384 1572 489 1603 adhuc
511 1578 655 1603 remanet
677 1572 802 1603 infinita
825 1573 981 1604 distantia.

439 1618 490 1647 Ar>
507 1627 647 1647 annu-tm
662 1627 823 1647 mmmmm
839 1617 929 1658 quod
951 1627 1013 1648 nec
1036 1618 1131 1648 etiam
1155 1617 1301 1648 Christus
1323 1618 1454 1659 proprie

385 1661 499 1692 dicitur
526 1667 623 1702 caput
652 1662 850 1702 angelorum,
876 1661 1054 1693 secundum
1083 1663 1172 1693 illam
1201 1663 1358 1693 rationem
1389 1672 1454 1703 qua

385 1711 482 1746 caput
504 1706 636 1746 requirit
659 1705 919 1737 conformitatem
941 1711 1083 1737 naturae.

440 1750 566 1780 Tamen
582 1750 749 1781 sciendum
765 1750 864 1790 quod,
881 1751 956 1781 licet
972 1756 1068 1791 caput
1092 1756 1123 1781 et
1146 1751 1207 1781 alia
1229 1751 1375 1782 membra
1390 1751 1453 1782 sint

384 1799 489 1834 partes
511 1794 668 1825 individui
690 1795 786 1825 unius
809 1795 943 1835 speciei,
967 1805 1035 1825 non
1058 1800 1177 1831 tamen,
1195 1795 1220 1825 si
1242 1795 1453 1835 unumquod-

386 1848 450 1879 que
473 1848 530 1879 per
553 1848 586 1869 se
610 1838 844 1874 consideretur,
869 1848 944 1869 cum
968 1839 1031 1870 alio
1060 1844 1107 1869 est
1141 1839 1285 1870 eiusdem
1315 1840 1450 1880 speciei:

384 1892 499 1913 manus
523 1884 609 1914 enim
632 1883 727 1913 habet
750 1883 844 1913 aliam
867 1884 1008 1923 speciem
1034 1884 1132 1923 partis
1155 1894 1173 1914 a
1197 1885 1309 1923 capite.
1339 1883 1451 1920 Unde,

385 1927 550 1967 loquendo
580 1926 619 1958 de
646 1928 798 1957 membris
821 1927 999 1968 secundum
1015 1937 1059 1963 se,
1079 1937 1147 1958 non
1174 1928 1345 1967 requiritur
1370 1929 1453 1959 inter

386 1981 422 2001 ea
438 1971 498 2001 alia
521 1972 744 2002 convenientia
768 1981 865 2012 quam
881 1972 1110 2012 proportioniS,
1135 1976 1171 2002 ut
1197 1981 1301 2002 unum
1325 1973 1363 2002 ab
1388 1972 1451 2003 alio

385 2016 520 2055 accipiat
536 2021 567 2046 et
589 2025 693 2046 unum
717 2015 769 2045 alii
786 2017 969 2046 subserviat.
993 2016 1035 2046 Et
1058 2016 1102 2046 sic
1126 2017 1351 2047 convenientia
1369 2025 1452 2057 quae

385 2065 432 2090 est
446 2060 528 2090 inter
544 2060 651 2090 Deum
664 2065 695 2090 et
710 2060 850 2099 angelos,
863 2061 964 2100 magis
980 2059 1096 2090 sufficit
1112 2059 1151 2090 ad
1167 2061 1324 2091 rationem
1341 2061 1452 2101 capitis

385 2113 482 2144 quam
507 2103 546 2134 ad
569 2104 724 2134 rationem
749 2105 870 2144 sponsi.

450 2187 550 2217 ART.
574 2187 613 2217 V.
641 2197 746 2217 urium
770 2196 1007 2217 convnnmurna
1030 2197 1195 2218 PONANTUR
1219 2198 1293 2219 rans
1317 2198 1387 2219 assu

478 2241 595 2262 ammai:
611 2241 728 2262 Dorus:
754 2241 890 2262 scxmcm·
905 2241 997 2268 VISIO,
1015 2242 1160 2263 DILBCTIO
1177 2242 1215 2263 ET
1231 2242 1356 2263 FRUITIO

463 2282 524 2303 Part.
540 2282 562 2308 1,
578 2288 616 2310 qu.
631 2287 678 2308 ιιι,
693 2285 735 2303 art.
751 2288 776 2309 7,
791 2281 820 2303 ad
837 2289 859 2307 ι;
875 2282 895 2303 11
909 2281 986 2309 Sent.‚
1002 2281 1055 2304 dist.
1070 2289 1086 2309 ι,
1102 2289 1141 2311 qu.
1157 2289 1179 2310 ι,
1193 2286 1237 2304 art.
1253 2290 1271 2309 ι,
1287 2284 1332 2310 qu*
1348 2290 1370 2308 ις

751 2308 790 2330 Aa
802 2308 871 2336 Hei„
887 2314 936 2336 cap.
954 2315 970 2335 ι,
986 2310 1036 2331 lect.
1053 2315 1083 2331 vi.

449 2378 470 2398 ι)
495 2377 634 2398 nmmum
654 2377 700 2398 src
723 2377 927 2398 PROCBDITUR.
949 2367 1084 2399 Videtur
1108 2368 1198 2409 quod
1221 2370 1452 2402 inconvenien-

386 2381 496 2443 Ater
518 2417 681 2452 ponantur
698 2417 762 2442 tres
781 2422 850 2442 esse
874 2413 999 2443 animae
1020 2412 1126 2444 dotes:
1151 2413 1271 2444 scilicet
1294 2414 1385 2451 visio,
1402 2415 1451 2445 di-

385 2458 478 2488 lectio
503 2462 534 2487 et
547 2457 683 2498 fruitio.
707 2457 825 2487 Anima
849 2457 935 2487 enim
959 2458 1166 2498 coniungitur
1184 2457 1256 2488 Deo
1272 2459 1452 2490 secundum

383 2507 537 2537 mentem,
553 2501 587 2531 in
603 2510 668 2541 qua
683 2506 730 2531 est
744 2502 852 2541 imago
869 2501 1032 2531 Trinitatis
1051 2502 1231 2533 secundum
1250 2504 1451 2541 memoriam,

383 2545 625 2585 intelligentiam
645 2550 676 2575 et
693 2545 893 2575 voluntatem
909 2546 936 2575 *.
961 2545 1023 2576 Sed
1046 2546 1175 2576 dilectio
1195 2546 1235 2577 ad
1253 2547 1452 2579 voluntatem

383 2590 530 2630 pertinet,
553 2590 634 2619 visio
659 2588 699 2619 ad
720 2589 973 2629 intelligentiam.
997 2590 1083 2630 Ergo
1108 2590 1203 2621 debet
1230 2591 1350 2632 aliquid
1372 2594 1452 2632 poni

384 2634 475 2675 quod
493 2634 669 2664 memoriae
691 2633 899 2674 respondeat:
920 2643 995 2665 cum
1019 2634 1128 2665 fruitio
1146 2644 1215 2666 non
1238 2637 1395 2676 pertineat
1412 2637 1452 2668 ad

383 2679 584 2714 memoriam,
609 2677 665 2708 sed
687 2679 787 2718 magis
810 2678 850 2708 ad
872 2678 1082 2710 voluntatem.

441 2732 470 2753 2.
498 2723 694 2758 Plurimum,
728 2722 819 2753 dotes
847 2723 1050 2754 beatitudinis
1078 2723 1228 2754 dicuntur
1257 2725 1452 2765 respondere

383 2767 552 2797 virtutibus
574 2767 644 2797 viae
668 2767 785 2806 quibus
804 2767 875 2797 Deo
901 2768 1138 2808 coniungimur,
1156 2778 1240 2809 quae
1263 2774 1338 2800 sunt
1360 2769 1449 2807 fides,

383 2821 455 2852 spes
471 2817 502 2841 et
525 2811 646 2847 caritas,
664 2812 781 2851 quibus
806 2817 852 2842 est
867 2812 936 2851 ipse
959 2812 1047 2842 Deus
1064 2813 1228 2843 obiectum
1244 2814 1271 2844 ⁹.
1296 2813 1359 2845 Sed
1374 2814 1451 2845 dile-

1468 655 1494 670 10

1467 876 1491 897 ¹5

1467 1315 1491 1335 ²3

1469 1536 1494 1557 50

1467 1761 1491 1782 35

1466 1981 1493 2002 40

1466 2207 1490 2227 45

1468 2427 1493 2447 50

1467 2652 1490 2673 55

383 2857 447 2886 ctio
471 2855 644 2895 respondet
667 2856 797 2892 caritati,
821 2856 901 2886 visio
926 2862 1035 2887 autem
1057 2856 1142 2888 fidei.
1168 2857 1254 2898 Ergo
1278 2857 1373 2889 debet
1395 2860 1451 2890 ali-
1464 2868 1491 2888 σο

383 2900 462 2940 quid
484 2900 563 2940 poni
587 2899 677 2940 quod
706 2901 879 2940 pertineret
909 2900 949 2931 ad
971 2910 1078 2941 spem:
1112 2911 1187 2932 cum
1210 2901 1320 2933 fruitio
1350 2905 1451 2944 magis

381 2945 538 2985 pertineat
562 2944 601 2974 ad
625 2945 797 2975 caritatem.

439 2989 468 3019 3.
492 2989 689 3024 PRAETEREA‚
714 2989 785 3019 Deo
815 2998 883 3019 non
907 2988 1043 3020 fruimur
1071 2990 1132 3020 nisi
1155 2999 1213 3031 per
1242 2990 1450 3023 dilectionem

383 3038 414 3063 et
436 3033 610 3063 visionem:
630 3033 691 3063 illis
716 3034 803 3063 enim
827 3033 963 3064 dicimur
993 3034 1055 3064 frui
1079 3044 1162 3075 quae
1192 3034 1352 3075 diligimus
1375 3045 1450 3077 pro-

381 3082 452 3117 pter
475 3086 518 3113 se,
542 3082 579 3107 ut
601 3082 688 3117 patet
715 3087 772 3118 per
800 3078 1028 3118 Augusfinum,
1056 3079 1090 3109 in
1113 3079 1194 3110 libro
1223 3079 1262 3110 de
1288 3080 1450 3112 Doctrina
1464 3088 1488 3114 σς

385 3121 502 3152 Christ.
519 3122 536 3138 ⁴*
559 3121 644 3161 Ergo
665 3121 774 3152 fruitio
795 3131 863 3152 non
879 3122 973 3153 debet
988 3124 1067 3163 poni
1084 3123 1143 3154 alia
1159 3123 1218 3154 dos
1234 3134 1252 3154 a
1267 3124 1449 3156 dilectione.

437 3174 468 3204 4.
492 3165 694 3201 PRAETEREA,
719 3166 758 3196 ad
780 3166 1013 3206 perfectionem
1043 3167 1247 3199 beatitudinis
1279 3170 1450 3210 requiritur

382 3210 642 3249 comprehensio:
666 3210 678 3240 Ι
697 3210 773 3240 Cor.
790 3221 821 3240 1x
837 3212 864 3247 *,
881 3211 935 3241 Sic
958 3212 1080 3242 currite
1103 3217 1140 3242 ut
1161 3213 1448 3253 comprehendatis.

382 3254 467 3294 Ergo
492 3253 621 3284 deberet
643 3253 748 3285 adhuc
771 3261 882 3295 quarta
906 3255 964 3285 dos
987 3257 1076 3296 poni.

1086 167 1350 215 QUAESTIO
1380 167 1496 214 XCV,
1518 167 1812 206 ARTICULUS
1839 169 1874 205 V

1505 246 1601 277 stidio
1635 247 1815 283 amabitur,
1840 247 1910 278 sine
1930 247 2137 289 fatigatione
2167 248 2363 280 laudabitur.
2392 250 2478 291 Ergo
2503 251 2576 282 laus

1505 291 1746 331 praeassignatis
1770 291 1898 322 dotibus
1922 292 2124 322 annumerari
2146 291 2251 323 debet.

1561 344 1592 374 7.
1617 335 1814 372 Pam-snam,
1836 335 1969 366 Boetius
1991 336 2085 376 ponit
2108 336 2254 376 quinque
2277 337 2317 368 ad
2346 338 2576 371 beatitudinem

1505 380 1706 419 pertinentia,
1723 380 1757 410 in
1781 380 1822 410 III
1846 379 1886 410 de
1911 380 2077 411 Consolat.
2099 381 2126 417 *‚
2151 389 2235 421 quae
2258 387 2333 412 sunt
2355 382 2451 413 haec:
2483 384 2576 425 suffi-

1507 423 1634 460 cientia,
1651 433 1750 464 quam
1773 425 1966 464 promittunt
1989 423 2133 461 divitiae;
2158 425 2355 461 iucunditas,
2381 435 2479 467 quam
2501 437 2577 468 pro-

1506 469 1603 498 mittit
1618 469 1783 508 voluptas;
1808 469 1985 505 celebritas,
2003 478 2101 509 quam
2116 469 2274 509 promittit
2288 469 2389 507 fama;
2408 472 2576 508 securim,

1507 521 1605 552 quam
1620 513 1779 553 promittit
1793 513 1955 553 potentia;
1979 514 2170 550 reverentia,
2187 523 2286 554 quam
2301 516 2459 555 promittit
2474 515 2577 556 digni-

1506 562 1563 587 tas.
1587 557 1629 587 Et
1644 558 1690 587 sic
1705 557 1831 588 videtur
1846 557 1936 598 quod
1952 558 2011 587 ista
2025 558 2134 598 potius
2153 557 2305 589 deberent
2320 559 2471 600 assignari
2487 559 2577 591 dotes

1507 610 1606 641 quam
1629 601 1800 641 praedicta.

1561 646 1752 676 Ruspoumzo
1767 655 1928 676 mmmmm
1944 645 2034 687 quod
2049 647 2089 676 ab
2113 647 2265 689 omnibus
2285 649 2501 679 communiter
2514 654 2578 679 tres

1506 695 1674 730 ponuntur
1690 691 1815 721 animae
1831 690 1932 727 dotes,
1945 691 2158 721 diversimode
2173 696 2292 722 tamen.
2309 691 2450 730 Quidam
2461 694 2479 710 *
2491 694 2577 723 enim

1507 733 1620 765 dicunt
1635 734 1725 775 quod
1735 740 1798 766 tres
1814 734 1905 765 dotes
1920 735 2045 766 animae
2060 740 2135 766 sunt
2150 735 2242 772 visio,
2255 735 2383 767 dilectio
2396 741 2429 767 et
2434 736 2576 778 sruitio3

1508 778 1639 818 quidam
1662 789 1739 810 vero
1763 779 1852 820 quod
1875 785 1950 810 sunt
1973 779 2065 816 visio,
2087 779 2328 820 comprehensio
2356 786 2388 811 et
2401 781 2527 823 fruitio
2542 782 2577 819 *;

1508 823 1639 863 quidam
1662 833 1739 854 vero
1764 824 1854 864 quod
1876 829 1951 854 sunt
1974 825 2065 860 visio,
2082 824 2252 855 delectatio
2272 830 2304 855 et
2325 826 2577 866 comprehensio.

1508 867 1631 899 Omnes
1660 873 1768 899 tamen
1791 869 1851 899 hae
1874 869 2103 909 assignationes
2135 868 2332 900 reducuntur
2354 870 2387 900 in
2418 869 2522 907 idem,
2547 876 2579 901 et

1508 911 1624 942 eodem
1647 912 1748 943 modo
1772 922 1882 943 earum
1904 922 2059 944 numerus
2082 913 2267 953 assignatur.

1562 956 1694 986 Dictum
1718 957 1804 987 enim
1821 962 1868 987 est
1883 958 1900 974 ⁹
1924 957 2014 998 quod
2029 957 2089 988 dos
2113 962 2160 988 est
2183 957 2303 998 aliquid
2320 958 2445 989 animae
2467 959 2578 990 inhae-

1507 1008 1579 1030 rens
1602 1009 1660 1040 per
1683 1000 1774 1040 quod
1796 1001 1961 1032 ordinatur
1983 1001 2024 1032 ad
2047 1002 2267 1042 operationem
2292 1002 2326 1033 in
2350 1011 2415 1043 qua
2433 1004 2578 1034 consistit

1507 1043 1683 1074 beatitudo.
1719 1044 1754 1075 In
1779 1054 1844 1085 qua
1874 1045 2006 1085 quidem
2036 1046 2224 1086 operatione
2254 1046 2321 1077 duo
2350 1049 2576 1088 requiruntur:

1507 1087 1628 1118 scilicet
1650 1088 1719 1128 ipsa
1742 1089 1916 1119 substantia
1933 1090 2139 1129 operationis,
2156 1099 2239 1131 quae
2260 1097 2307 1121 est
2328 1092 2427 1128 visio;
2452 1098 2485 1123 et
2506 1100 2578 1133 per-

1507 1130 1605 1162 fectio
1630 1132 1708 1168 eius,
1725 1141 1809 1172 quae
1828 1138 1875 1163 est
1898 1133 2077 1170 delectatio,
2095 1139 2222 1174 oportet
2238 1135 2325 1165 enim
2348 1136 2578 1167 beatitudinem

1508 1184 1576 1206 esse
1593 1176 1813 1216 operationem
1823 1177 2005 1218 perfectam
2023 1178 2050 1207 ⁴.
2074 1178 2164 1208 Visio
2181 1183 2289 1209 autem
2305 1179 2412 1220 aliqua
2430 1186 2477 1211 est
2492 1180 2578 1212 dele-

1508 1220 1630 1250 ctabilis
1647 1220 1830 1261 dupliciter:
1856 1230 1924 1251 uno
1946 1221 2057 1258 modo,
2075 1231 2113 1252 ex
2131 1227 2221 1263 parte
2240 1223 2368 1260 obiecti,
2384 1224 2578 1265 inquantum

1507 1263 1540 1294 id
1564 1264 1654 1304 quod
1669 1264 1795 1295 videtur
1811 1270 1858 1295 est
1880 1265 2084 1302 delectabile;
2109 1266 2172 1297 alio
2188 1266 2300 1303 modo,
2317 1276 2355 1298 ex
2370 1273 2460 1308 parte
2481 1269 2578 1300 visio-

1507 1309 1567 1345 nis,
1582 1309 1776 1349 inquantum
1798 1310 1906 1349 ipsum
1929 1309 2037 1341 videre
2060 1309 2248 1342 delectabile
2271 1317 2327 1348 est,
2344 1312 2427 1343 sicut
2441 1312 2579 1344 delecta-

1507 1362 1581 1383 mur
1602 1354 1636 1384 in
1661 1353 1889 1394 cognoscendo
1913 1355 2013 1390 mala,
2038 1355 2184 1395 quamvis
2211 1356 2295 1386 mala
2321 1365 2390 1387 non
2420 1356 2579 1389 delectent

1507 1406 1578 1428 nos.
1602 1397 1644 1428 Et
1667 1398 1743 1438 quia
1765 1399 1911 1439 operatio
1934 1398 1987 1429 illa
2009 1399 2044 1429 in
2067 1408 2131 1439 qua
2153 1399 2267 1430 ultima
2284 1401 2450 1432 beatitudo
2473 1402 2579 1433 consi-

1508 1442 1578 1478 stit,
1603 1442 1699 1473 debet
1729 1452 1797 1473 esse
1819 1442 2065 1483 perfectissima,
2089 1443 2164 1474 ideo
2187 1445 2359 1484 requiritur
2385 1445 2476 1486 quod
2497 1447 2579 1478 visio

1507 1486 1561 1516 illa
1583 1486 1623 1517 sit
1645 1492 1786 1527 utroque
1816 1487 1917 1518 modo
1948 1487 2153 1519 delectabilis.
2189 1488 2241 1519 Ad
2263 1489 2328 1520 hoc
2350 1495 2459 1521 autem
2489 1491 2580 1531 quod

1507 1531 1576 1571 ipsa
1598 1531 1680 1562 visio
1703 1532 1744 1562 sit
1760 1531 1954 1562 delectabilis
1978 1541 2017 1563 ex
2031 1538 2121 1573 parte
2143 1533 2285 1570 visionis,
2301 1535 2474 1574 requiritur
2489 1535 2580 1576 quod

1508 1575 1548 1605 sit
1570 1574 1653 1606 facta
1673 1576 1889 1607 connaturalis
1903 1576 2024 1607 videnti
2047 1586 2105 1618 per
2119 1577 2260 1617 aliquem
2282 1578 2445 1609 habitum:
2469 1579 2526 1611 sed
2540 1580 2580 1611 ad

1507 1619 1571 1650 hoc
1588 1619 1678 1660 quod
1693 1621 1733 1651 sit
1751 1620 1945 1651 delectabilis
1961 1630 1999 1651 ex
2014 1627 2103 1661 parte
2121 1622 2262 1659 visibilis,
2279 1624 2485 1663 requiruntur
2500 1623 2578 1663 dun,

1507 1664 1628 1695 scilicet
1660 1664 1750 1705 quod
1781 1665 1889 1706 ipsum
1911 1665 2035 1696 visibile
2058 1666 2098 1696 sit
2125 1667 2340 1703 conveniens,
2365 1673 2397 1698 et
2427 1668 2517 1709 quod
2539 1670 2580 1700 sit

1508 1709 1730 1740 coniunctum.

1562 1752 1615 1784 Sic
1638 1763 1714 1793 ergo
1739 1752 1779 1783 ad
1801 1753 2080 1784 delectabilitatem
2109 1754 2242 1785 visionis
2264 1764 2303 1786 ex
2326 1761 2416 1796 parte
2437 1758 2506 1794 sui,
2529 1766 2579 1788 re-

1507 1797 1643 1837 quiritur
1665 1798 1791 1828 habitus
1815 1798 1872 1838 qui
1893 1798 2052 1828 visionem
2076 1798 2190 1829 eliciat.
2216 1798 2258 1829 Et
2280 1800 2325 1830 sic
2349 1805 2396 1831 est
2418 1809 2484 1831 una
2507 1800 2576 1838 dos,

1507 1850 1590 1881 quae
1606 1841 1722 1872 dicitur
1745 1842 1783 1872 ab
1807 1843 1958 1872 omnibus
1974 1842 2066 1873 visio.
2082 1860 2105 1864 —
2128 1842 2191 1874 Sed
2211 1852 2250 1873 ex
2272 1849 2362 1884 parte
2376 1845 2508 1876 visibilis
2529 1855 2578 1877 re·

1507 1886 1678 1925 quiruntur
1690 1885 1766 1916 duo.
1784 1885 1912 1917 Scilicet
1928 1887 2162 1924 convenientia,
2175 1897 2259 1927 quae
2274 1893 2321 1918 est
2335 1897 2394 1929 per
2409 1888 2576 1921 affectum:

1507 1935 1538 1960 et
1562 1935 1720 1970 quantum
1743 1929 1783 1960 ad
1805 1931 1869 1961 hoc
1892 1931 2024 1971 ponitur
2047 1930 2106 1961 dos
2129 1941 2147 1961 a
2171 1932 2364 1972 quibusdam
2386 1933 2526 1971 dilectio,
2546 1939 2578 1965 et

1506 1983 1524 2004 a
1548 1974 1741 2014 quibusdam
1756 1974 1891 2016 fruitio,
1915 1974 2094 2005 secundum
2118 1975 2208 2015 quod
2230 1975 2339 2007 fruitio
2363 1977 2403 2008 ad
2426 1977 2577 2011 affectum

1505 2019 1659 2058 pertinet;
1679 2018 1759 2048 illud
1775 2019 1862 2049 enim
1879 2018 1969 2058 quod
1984 2028 2110 2050 summe
2127 2019 2298 2060 diligimus,
2315 2022 2578 2054 convenientissi—

1505 2071 1597 2092 mum
1613 2062 1826 2093 aestimamus
1842 2081 1866 2085 -
1880 2063 2067 2103 Requiritur
2081 2064 2177 2094 etiam
2196 2073 2234 2095 ex
2250 2070 2338 2105 parte
2353 2066 2484 2098 visibilis
2499 2076 2578 2098 con-

1506 2107 1640 2137 iunctio.
1664 2106 1706 2136 Et
1728 2107 1773 2137 sic
1795 2108 1928 2147 ponitur
1951 2117 1969 2137 a
1993 2107 2185 2147 quibusdam
2209 2110 2467 2150 comprehensim
2493 2120 2578 2152 quae

1505 2151 1586 2181 nihil
1602 2156 1648 2181 est
1664 2150 1750 2181 aliud
1766 2160 1864 2191 quam
1880 2152 1914 2181 in
1929 2153 2107 2191 praesentia
2119 2152 2226 2184 Deum
2242 2154 2358 2185 habere
2374 2160 2406 2185 et
2420 2155 2454 2185 in
2469 2157 2576 2197 seipso

1506 2194 1631 2226 tenere:
1656 2194 1712 2226 sed
1735 2196 1914 2226 secundum
1936 2196 2016 2226 alios
2030 2196 2165 2238 fruitio,
2183 2203 2281 2238 prout
2302 2198 2412 2230 fruiu'o
2437 2205 2492 2236 est,
2508 2209 2578 2232 non

1507 2240 1585 2280 spei,
1602 2240 1684 2270 sicut
1708 2245 1755 2270 est
1777 2240 1811 2270 in
1833 2241 1893 2276 via,
1910 2240 1966 2271 sed
1989 2241 2053 2271 iam
2076 2242 2135 2278 rei,
2159 2243 2242 2273 sicut
2265 2248 2312 2273 est
2334 2243 2367 2273 in
2390 2244 2501 2284 patria.

1561 2284 1603 2314 Et
1618 2284 1663 2314 sic
1675 2283 1767 2314 dotes
1779 2289 1842 2315 tres
1858 2284 2054 2325 respondent
2068 2286 2169 2316 tribus
2183 2287 2353 2318 virtutibus
2368 2288 2575 2330 theologicis:

1507 2328 1627 2359 scilicet
1642 2329 1723 2358 visio
1746 2327 1838 2366 fidei;
1863 2329 1932 2369 spei
1947 2339 2024 2360 vero
2050 2331 2308 2371 comprehensio,
2324 2332 2376 2363 vel
2399 2332 2508 2364 fruitio
2525 2342 2576 2364 se-

1507 2372 1652 2403 cundum
1679 2382 1779 2404 unam
1803 2374 2043 2414 acceptionem;
2068 2375 2187 2405 caritati
2214 2385 2292 2406 vero
2316 2375 2502 2415 delectatio,
2525 2378 2577 2409 vel

1506 2416 1616 2447 fruitio
1640 2417 1820 2448 secundum
1839 2418 1933 2448 aliam
1948 2419 2206 2459 assignationem.
2231 2420 2354 2451 Fruitio
2371 2422 2457 2452 enim
2472 2422 2577 2463 perfe-

1507 2466 1567 2498 cta,
1585 2461 1688 2501 qualis
1702 2462 1736 2491 in
1759 2462 1860 2502 patria
1876 2463 2053 2499 habebitur,
2070 2464 2206 2495 includit
2221 2465 2255 2495 in
2276 2474 2311 2496 se
2329 2465 2577 2498 delectationem

1507 2511 1539 2536 et
1554 2506 1889 2546 comprehensionem.
1922 2507 1963 2537 Et
1985 2507 2059 2538 ideo
2083 2518 2101 2538 a
2125 2508 2318 2549 quibusdam
2337 2511 2493 2551 accipitur
2514 2520 2575 2553 pro

1506 2560 1585 2587 uno,
1602 2560 1620 2580 a
1644 2550 1837 2590 quibusdam
1860 2560 1937 2582 vero
1961 2561 2021 2592 pro
2045 2552 2119 2583 alio.

1561 2594 1703 2633 Quidam
1718 2596 1735 2612 ⁴*
1758 2605 1835 2626 vero
1859 2596 2035 2627 attribuunt
2057 2596 2113 2627 has
2128 2603 2191 2628 tres
2214 2597 2306 2629 dotes
2328 2599 2428 2630 tribus
2451 2600 2576 2631 animae

1505 2640 1691 2670 virtutibus:
1715 2640 1873 2670 visionem
1897 2640 2017 2671 scilicet
2038 2641 2201 2678 rationali3
2226 2641 2432 2674 dilectionem
2455 2653 2576 2676 concu-

1505 2684 1658 2724 piscibili;
1683 2683 1870 2715 fruitionem
1888 2694 1966 2715 vero
1989 2686 2148 2722 irascibili,
2164 2686 2357 2727 inquantum
2373 2688 2443 2719 talis
2466 2688 2576 2720 fruitio

1507 2734 1553 2759 est
1572 2738 1630 2769 per
1646 2728 1808 2768 quandam
1831 2729 1998 2760 victoriam
2014 2729 2138 2770 adepta.
2155 2747 2176 2753 -
2200 2730 2263 2762 Sed
2278 2732 2341 2762 hoc
2361 2742 2430 2763 non
2445 2733 2576 2774 proprie

1506 2772 1630 2803 dicitur.
1655 2772 1740 2810 Quia
1755 2774 1919 2804 irascibilis
1935 2779 1966 2804 et
1982 2775 2242 2815 concupiscibilis
2264 2785 2333 2807 non
2348 2782 2423 2807 sunt
2438 2778 2471 2808 in
2486 2783 2576 2819 parte

1505 2817 1708 2853 intellectiva,
1725 2817 1781 2848 sed
1804 2818 1953 2848 sensitiva
1968 2819 2000 2848 ἐ
2026 2817 2118 2849 dotes
2134 2825 2242 2850 autem
2258 2821 2384 2852 animae
2406 2827 2574 2862 ponuntur

1505 2862 1539 2892 in
1561 2862 1631 2901 ipsa
1652 2867 1771 2892 mente.

1560 2906 1611 2936 An
1634 2915 1752 2936 Panum
1775 2915 1858 2937 aizoo
1874 2915 2035 2937 mmmmm
2054 2907 2145 2947 quod
2162 2909 2319 2939 memoria
2342 2914 2374 2940 et
2395 2909 2573 2950 intelligen-

1504 2951 1547 2980 tia
1562 2959 1629 2980 non
1646 2950 1764 2980 habent
1779 2951 1839 2981 nisi
1854 2960 1954 2981 unam
1970 2952 2208 2991 operationem:
2233 2953 2284 2983 vel
2300 2954 2376 2994 quia
2397 2954 2466 2994 ipsa
2480 2954 2573 2984 intel-

1504 2995 1633 3034 ligentia
1650 3000 1697 3025 est
1720 2996 1865 3035 operatio
1881 2996 2073 3032 memoriae;
2097 2997 2158 3033 vel,
2175 2997 2201 3027 si
2219 2997 2427 3037 intelligentia
2450 2997 2573 3028 dicatur

1505 3048 1573 3069 esse
1596 3039 1741 3079 potentia
1759 3039 1928 3080 quaedam,
1945 3040 2102 3071 memoria
2123 3050 2192 3071 non
2216 3041 2279 3071 exit
2300 3042 2334 3072 in
2350 3042 2572 3081 operationem

1503 3084 1565 3114 nisi
1595 3083 1757 3114 mediante
1788 3084 2012 3124 intelligentia,
2037 3085 2113 3124 quia
2141 3085 2318 3115 memoriae
2348 3090 2394 3116 est
2424 3086 2572 3117 notitiam

1503 3133 1622 3158 tenere.
1647 3127 1742 3159 Unde
1758 3128 1854 3158 etiam
1869 3128 2046 3159 memoriae
2067 3134 2099 3159 et
2113 3129 2340 3168 intelligentiae
2355 3139 2424 3160 non
2438 3139 2572 3171 respon-

1504 3171 1558 3202 det
1579 3172 1640 3202 nisi
1662 3181 1748 3202 unus
1771 3172 1907 3209 habitus,
1924 3172 2045 3203 scilicet
2063 3172 2186 3203 notitia.
2210 3173 2252 3203 Et
2274 3172 2348 3204 ideo
2372 3174 2501 3215 utrique
2522 3184 2571 3206 re—

1503 3216 1642 3257 spondet
1663 3221 1789 3247 tantum
1811 3225 1877 3246 una
1899 3215 1968 3252 dos,
1984 3216 2105 3247 scilicet
2125 3217 2217 3246 visio.

1558 3260 1609 3290 An
1643 3270 1806 3291 saeuitum(
1837 3269 1998 3290 memmi
2031 3259 2121 3300 quod
2150 3259 2260 3291 fruitio
2289 3262 2462 3302 respondet
2485 3264 2569 3304 spei,

439 3298 468 3328 5.
492 3298 688 3334 paam-anm,
704 3299 876 3329 Anseirnus
895 3299 971 3330 dicit
986 3301 1003 3316 ὓ
1027 3300 1116 3340 quod
1132 3301 1211 3331 haec
1234 3302 1394 3342 pertinent
1409 3302 1449 3333 ad
1463 3315 1490 3336 70
1502 3304 1696 3344 inquantum
1718 3304 1854 3335 includit
1869 3304 2202 3344 comprehensionem,
2220 3313 2303 3345 quae
2318 3307 2387 3346 spei
2410 3307 2570 3340 succedet.

382 3341 611 3372 beatitudinem
634 3343 774 3373 animae:
798 3344 966 3383 sapientia,
984 3345 1137 3380 amicitia,
1154 3346 1340 3382 concordia,
1355 3352 1448 3387 pote-

382 3391 457 3422 stas,
474 3386 589 3422 honor,
605 3387 771 3423 securitas,
787 3387 956 3428 gaudium.
980 3388 1022 3418 Et
1040 3389 1084 3419 sic
1107 3388 1255 3420 videntur
1269 3390 1448 3430 praedictae

383 3429 474 3460 dotes
495 3430 758 3461 inconvenienter
781 3432 940 3470 assignari.

439 3473 468 3503 6.
493 3474 688 3510 pizanum,
705 3475 914 3514 Augustinus,
937 3476 970 3506 in
993 3475 1058 3506 fine
1081 3477 1120 3507 de
1145 3477 1214 3508 Ciu.
1236 3477 1300 3508 Dei
1322 3479 1349 3514 ³,
1373 3478 1449 3509 dicit

1503 3347 1603 3386 Quod
1627 3349 1713 3379 enim
1729 3353 1882 3388 speratur,
1897 3347 2046 3378 nondum
2069 3348 2219 3379 habetur:
2244 3355 2276 3381 et
2294 3350 2368 3381 ideo
2392 3360 2465 3391 spes
2488 3361 2571 3392 quo-

1503 3391 1679 3422 dammodo
1703 3391 1812 3432 aflligit
1827 3392 1854 3427 ⁹,
1870 3396 2002 3431 propter
2032 3391 2211 3423 distantiam
2235 3395 2340 3425 amati.
2371 3395 2413 3426 Et
2439 3402 2571 3437 propter

1501 3436 1566 3466 hoc
1588 3436 1622 3466 in
1644 3436 1745 3476 patria
1759 3444 1828 3466 non
1849 3441 2002 3472 remanet,
2018 3436 2074 3467 sed
2089 3437 2239 3468 succedet
2263 3439 2291 3469 ei
2312 3440 2568 3480 comprehensio.

1557 3480 1608 3509 An
1626 3489 1760 3509 marrim
1770 3489 1930 3510 mcmntm
1943 3480 2031 3520 quod
2046 3480 2166 3518 fruitio,
2179 3483 2358 3514 secundum
2374 3483 2463 3524 quod
2479 3494 2569 3515 com-

383 3517 473 3557 quod
496 3517 583 3548 Deus
605 3519 639 3548 in
661 3518 714 3548 illa
738 3519 932 3550 beatitudine
950 3520 1020 3550 sine
1032 3521 1106 3561 fine
1129 3521 1382 3558 videbitur‚'sine
1387 3522 1447 3564 fa·
1462 3533 1486 3554 75
1501 3523 1749 3563 prehensionem
1765 3523 1908 3559 includit,
1926 3523 2128 3564 distinguitur
2152 3536 2169 3556 a
2191 3527 2316 3558 visione
2332 3534 2363 3559 et
2379 3527 2567 3560 dilectione:

2605 390 2614 401 ·
2627 389 2694 411 Pron.
2709 395 2734 411 x.

2605 695 2817 728 'Antip-iossSum.

2604 722 2821 772 afflata&

2607 805 2615 813 ¹
2629 802 2654 824 S.
2678 791 2766 824 Bisa-v.
2785 800 2820 824 lv

2605 828 2680 856 Sene„
2691 829 2745 851 din.
2754 834 2821 856 xux,

2622 855 2704 903 'fini’
2736 861 2820 909 ff'eiit'.

2605 911 2824 937 xxvx,art.=,qu.m.

2606 967 2717 989 'Arum

2604 1187 2616 1198 ·
2626 1182 2725 1210 Anam.
2738 1179 2819 1210 Beue.

2605 1213 2646 1236 lib.
2667 1214 2690 1242 1,
2705 1219 2757 1242 cap.
2777 1219 2819 1240 vn,

2605 1246 2628 1288 :¹
2638 1245 2728 1289 ιιΞ-ςεσ.
2745 1255 2752 1263 ⁰
2766 1245 2823 1289 lxelg'

2603 1299 2691 1320 x‚xrx.

2602 2607 2615 2620 ·
2628 2606 2654 2630 S.
2669 2605 2764 2631 Boncv.
2774 2607 2816 2636 abt

2601 2824 2613 2836 ²
2632 2823 2693 2846 Part.
2716 2823 2741 2851 1,
2760 2829 2802 2853 qn.

2600 2853 2801 2908 ffliffiff·

2597 3400 2607 3411 ‘
2622 3398 2657 3422 cf.
2671 3398 2742 3422 ἤην.
2757 3404 2784 3422 e·
2802 3415 2809 3422 .

2596 3425 2775 3465 :navers-1³31

2596 3451 2811 3508 P...’,‚‘¹¹.¹a}f²'¹’
