2918 4088
289 1052 296 1059 ·
317 1053 324 1062 1
349 1037 478 1069 dim'nae
500 1048 611 1069 Sumus
634 1044 772 1070 naturae
787 1041 986 1071 consortes*

1024 213 1286 261 QUAESTIO
1315 212 1454 259 LXIX,
1483 211 1776 250 ARTICULUS
1804 214 1839 250 X

347 299 415 320 non
432 296 478 321 est
493 291 545 321 ille
562 292 618 331 qui
634 292 692 322 sibi
708 293 899 330 attribuitur;
917 303 1014 333 quern
1029 295 1097 334 ipse
1109 293 1198 329 olim,
1210 293 1244 322 in
1256 293 1299 323 IV
1310 292 1396 322 Sent.
1389 313 1407 327 .,

349 333 418 364 dist.
435 344 476 370 1v,
493 345 548 375 qu.
565 346 608 372 111,
625 342 680 367 art.
700 346 728 372 2,
747 339 804 377 qu·
822 338 851 373 3,
875 338 986 368 tenuit.
1012 337 1058 368 Ibi
1080 337 1237 378 siquidem
1260 337 1408 377 opinatus

349 383 396 408 est
411 378 479 409 fieri
502 380 566 410 hoc
582 381 657 420 quia
677 382 836 411 character
858 383 1007 412 manebat
1023 382 1195 422 disponens
1212 381 1251 411 ad
1266 380 1407 421 gratiam.

349 422 411 452 Hic
434 428 542 454 autem
558 425 707 464 opinatur
722 426 786 455 hoc
802 425 870 456 fieri
885 427 961 466 quia
972 426 1140 462 character,
1157 431 1193 456 ut
1215 425 1319 455 forma
1334 425 1408 455 sub-

350 467 513 504 stantialis,
538 474 662 505 manet;
697 475 728 499 et
750 471 862 509 gratia,
887 470 1011 500 sublato
1038 469 1287 510 impedimento,
1319 469 1409 509 quasi

349 511 498 550 proprius
521 511 652 543 effectus
675 515 896 554 consequitur,
920 519 956 544 ut
978 520 1064 554 patet
1086 515 1119 544 in
1143 514 1253 544 littera.

406 555 469 585 Ubi
493 562 567 586 sunt
590 556 671 587 duae
688 557 902 588 difficultates:
927 567 991 588 una
1007 558 1047 588 ad
1062 558 1243 593 hominem3
1267 562 1299 588 et
1314 557 1409 587 altera

318 598 390 629 ad
404 608 482 630 rem.
507 600 559 630 Ad
574 601 740 632 hominem
756 601 897 641 quidem,
915 602 990 642 quia
1005 602 1128 632 Auctor
1143 602 1288 641 superius
1304 602 1409 637 ’,113-

351 648 439 673 ctans
451 643 490 674 de
506 645 695 680 charactere,
707 647 816 685 posuit
827 646 933 686 ipsum
949 655 1016 676 esse
1029 645 1272 685 dispositionem
1287 650 1410 675 remote

351 686 391 717 ad
413 689 561 727 gratiam,
586 695 618 719 et
639 699 706 719 non
731 689 868 720 formam
892 699 930 720 ex
953 699 1017 729 qua
1039 689 1110 720 fluit
1133 690 1239 729 gratia.
1265 688 1358 720 Unde
1379 694 1410 719 et

317 732 460 810 {posuit
479 732 594 763 1111113
585 743 619 763 111
634 743 750 773 genere
773 734 978 773 potentiae*‚
995 739 1027 763 et
1049 734 1246 764 subiective'
1238 743 1271 764 111
1286 733 1409 763 intelle-

351 780 405 805 ctu
426 776 460 806 *t
493 786 531 806 ex
562 786 629 816 quo
659 787 727 807 non
754 782 801 807 est
826 782 900 807 nata
926 776 1024 807 fluere
1055 777 1162 817 gratia
1182 778 1216 808 in
1243 777 1410 807 essentiam

352 820 487 850 animae.

406 863 458 893 Ad
480 873 548 894 rem
570 874 658 900 vero,
683 865 838 904 quoniam
858 865 1017 895 character
1039 874 1107 895 non
1129 874 1162 895 se
1177 865 1273 895 habet
1288 864 1327 895 ad
1342 875 1410 915 313-

350 907 428 936 tiam
450 913 487 937 ut
510 907 613 941 forma
628 907 668 938 ad
684 917 886 947 consequens
901 909 1084 948 proprium:
1109 908 1165 939 sed
1187 909 1295 948 potius
1313 909 1411 949 gratia

352 955 398 981 est
421 949 533 987 forma,
558 951 597 981 ad
620 961 718 991 quam
742 952 921 988 comitatur,
937 952 1097 983 mediante
1113 958 1320 989 sacramento,
1338 953 1411 983 cha-

349 999 459 1024 racter.
492 995 533 1025 Et
556 996 775 1026 eminentioris
799 995 920 1026 ordinis
944 1002 1068 1026 constat
1091 1006 1158 1027 esse
1181 997 1323 1036 gratiam,
1348 1006 1412 1036 qua

989 1050 1119 1080 ‚quam
1135 1041 1304 1076 character,
1322 1050 1411 1071 com-

349 1082 457 1112 munis
480 1083 574 1113 bonis
598 1089 629 1113 et
651 1083 752 1114 malis.

406 1126 458 1157 IV.
482 1126 534 1157 Ad
549 1127 740 1158 evidentiam
755 1129 883 1162 horum,
907 1128 1073 1159 sciendum
1089 1133 1135 1158 est
1151 1134 1300 1159 coactum
1315 1128 1411 1160 fuisse

348 1169 526 1201 Auctorem
541 1171 582 1202 ad
596 1172 683 1202 hunc
706 1172 876 1202 modurn*
895 1178 931 1203 ut
946 1173 1078 1203 salvaret
1100 1173 1271 1212 Augustini
1294 1173 1411 1203 doctri-

349 1223 444 1251 nam,
472 1224 547 1245 cum
571 1217 738 1247 communi
761 1216 905 1247 doctrina
928 1216 968 1247 de
991 1217 1172 1247 causalitate
1198 1223 1411 1248 sacramento-

349 1267 432 1288 rum.
455 1259 531 1290 Non
554 1259 679 1290 videtur
703 1261 789 1290 enim
811 1270 906 1301 posse
925 1261 1058 1301 intelligi
1073 1270 1141 1291 rem
1157 1260 1307 1312 aliquam,
1322 1267 1411 1301 post-

350 1311 449 1342 quam
472 1303 563 1334 desiit
586 1313 668 1340 esse,
693 1305 809 1335 habere
832 1315 928 1335 suum
951 1304 1117 1340 effectum,
1150 1306 1211 1335 nisi
1235 1305 1411 1345 aliqualiter

349 1355 409 1378 res
420 1347 475 1377 ina
497 1349 691 1379 remanserit.
714 1348 870 1379 Videmus
893 1349 979 1380 enim
1002 1349 1036 1379 in
1059 1349 1107 1379 his
1131 1358 1214 1389 quae
1236 1350 1411 1400 proiiciun-

349 1395 411 1425 tur,
433 1391 546 1422 tandiu
569 1391 681 1423 durare
703 1398 831 1423 motum
854 1393 1082 1432 proiectorum,
1107 1393 1251 1444 quandiu
1273 1394 1320 1423 vis
1335 1403 1410 1434 pro-

349 1435 485 1466 iicientis
508 1436 617 1476 aliquo
640 1436 740 1467 modo
764 1442 872 1467 manet
895 1438 960 1467 sive
983 1438 1017 1467 in
1040 1447 1111 1467 aere
1134 1438 1200 1468 sive
1222 1438 1256 1467 in
1275 1447 1410 1478 corpore

349 1478 495 1519 proiecto
520 1480 612 1520 (nihil
635 1481 722 1511 enim
741 1480 836 1511 refert
851 1480 891 1511 ad
908 1481 1136 1521 propositum).
1160 1481 1309 1512 Similiter
1323 1481 1411 1512 vide-

349 1532 422 1553 mus
444 1524 636 1563 posthumos
659 1524 733 1555 ideo
756 1526 881 1565 genitos
904 1531 1033 1556 mortuo
1062 1530 1166 1565 patre,
1198 1526 1274 1565 quia
1301 1535 1410 1556 semen

349 1567 446 1607 patris
469 1569 619 1598 remansit
641 1569 674 1598 in
697 1574 842 1599 materno
865 1574 968 1599 utero.
1001 1569 1042 1599 Et
1064 1570 1108 1599 sic
1132 1569 1172 1599 de
1195 1569 1272 1599 aliis.
1306 1569 1410 1606 Unde,

350 1620 426 1641 cum
449 1612 624 1651 baptismus
648 1612 769 1643 desinat
791 1623 859 1644 esse
882 1618 1012 1653 peracto
1027 1618 1244 1648 sacramento;
1269 1618 1300 1643 et
1321 1618 1410 1649 tunc,

349 1660 481 1695 propter
503 1655 669 1687 fictionem
691 1657 725 1687 in
748 1657 918 1697 baptizato,
942 1666 1010 1687 non
1032 1657 1134 1687 valeat
1153 1656 1192 1687 ad
1207 1657 1355 1694 salutem
1380 1663 1412 1688 et

307 1724 310 1726 .
349 1697 425 1729 111(Ῑο
448 1699 593 1730 311-011105
616 1710 718 1731 annos
740 1701 908 1732 recedente
930 1700 1071 1737 fictione,
1087 1701 1190 1731 valeat
1207 1701 1294 1731 idern
1309 1702 1411 1741 bapti-

350 1751 438 1773 smus
462 1743 501 1773 ad
524 1744 775 1785 53131013,(130(1
793 1745 872 1775 nihil
887 1744 973 1775 aliud
989 1751 1035 1775 est
1051 1755 1148 1785 quam
1165 1744 1308 1775 conferre
1324 1745 1411 1776 illam

349 1787 571 1818 remissionem
595 1798 692 1828 (133111
715 1788 802 1819 fictio
825 1788 991 1829 impedivit
1016 1794 1094 1819 tunc
1117 1788 1202 1825 fieri,
1233 1789 1297 1819 hoc
1325 1790 1411 1820 enim

350 1830 507 1871 significat
533 1833 726 1872 baptismum
749 1833 854 1863 valere
883 1832 923 1863 ad
953 1833 1102 1863 salutem.
1134 1842 1335 1872 consequens
1366 1839 1413 1864 est

351 1875 441 1915 quod
463 1876 639 1915 baptismus
658 1877 766 1917 aliquo
785 1876 886 1907 modo
902 1883 1073 1913 remaneat,
1090 1887 1147 1907 seu
1163 1877 1284 1917 aliquid
1298 1878 1412 1908 habeat

351 1924 406 1949 aut
427 1919 586 1960 relinquat
608 1930 750 1957 manens,
774 1922 897 1951 ratione
920 1922 1012 1952 cuius
1031 1922 1173 1952 valorem
1189 1931 1246 1951 seu
1262 1921 1412 1952 effectum

351 1969 567 2004 consequatur
588 1970 662 2004 post
685 1965 861 1995 biennium.
895 1965 966 1995 Hac
988 1966 1174 1996 necessitate
1201 1965 1412 1996 satisfaciendi

350 2007 536 2038 hominibus
558 2018 649 2039 more
671 2009 814 2039 humano
839 2010 1026 2049 compulsus
1049 2010 1173 2040 Auctor
1187 2009 1412 2040 accommoda-

349 2051 474 2082 tionem
502 2053 585 2082 hanc
608 2053 895 2084 similitudinariam
925 2062 1023 2093 quam
1046 2054 1080 2084 in
1102 2053 1204 2084 littera
1226 2054 1333 2090 habes,
1358 2053 1412 2084 ad-

349 2095 480 2126 invenit.

406 2139 500 2170 Unde
523 2149 591 2170 non
609 2146 737 2180 oportet
759 2141 901 2171 laborare
925 2141 964 2171 ad
980 2140 1167 2172 salvandum
1181 2141 1269 2171 hunc
1284 2151 1413 2181 proces-

350 2193 423 2214 sum
446 2189 483 2214 ut
504 2185 688 2225 proprium,
713 2194 770 2215 seu
794 2195 832 2215 ex
855 2186 1007 2225 propriis:
1039 2185 1095 2215 sed
1120 2185 1344 2225 intelligendus
1367 2191 1414 2215 est

349 2233 387 2259 ut
420 2227 678 2259 accommodatio
706 2229 864 2269 quaedam
894 2229 1146 2260 similitudinaria
1183 2229 1223 2259 ad
1253 2229 1412 2260 manudu-

351 2271 491 2303 cendum
519 2273 718 2303 intellectum
749 2274 946 2304 novitiorum
976 2279 1013 2303 ut
1034 2273 1212 2313 percipiant
1244 2273 1412 2314 quomodo

349 2316 544 2356 bapn‘smuS,
573 2316 742 2347 recedente
765 2316 910 2353 fictione,
942 2317 1054 2357 incipit
1075 2317 1180 2347 valere
1207 2317 1246 2347 ad
1268 2317 1412 2348 salutem.

350 2360 449 2392 Scivit
472 2361 559 2391 enim
581 2361 705 2391 Auctor
719 2361 861 2401 gratiam,
877 2361 1040 2402 propriam
1055 2361 1158 2397 bonis,
1174 2371 1243 2391 non
1259 2362 1415 2412 consequi

351 2405 574 2441 characterem,
599 2414 808 2435 communem
831 2406 925 2435 bonis
949 2411 980 2435 et
1002 2405 1103 2441 1113115,
1124 2410 1161 2435 111
1175 2406 1323 2445 proprius
1339 2405 1414 2436 effe-

351 2453 422 2480 ctus
444 2449 588 2499 sequitur
610 2448 766 2480 formam:
799 2459 874 2480 cum
900 2450 964 2479 hoc
994 2454 1059 2479 tarn
1085 2449 1290 2479 manifestum
1317 2451 1356 2480 sit
1379 2455 1415 2479 ut

350 2493 478 2524 minimi
499 2493 643 2533 theologi
666 2494 775 2524 sciant.
799 2493 893 2524 Unde
915 2503 984 2523 non
1006 2494 1135 2544 proprie
1150 2493 1253 2523 voluit
1270 2494 1413 2533 intelligi,

351 2535 408 2567 sed
430 2537 609 2567 secundum
632 2537 889 2568 similitudinem:
913 2543 950 2568 ut
973 2538 1054 2568 sicut
1077 2538 1110 2567 in
1126 2537 1330 2573 naturalibus,
1348 2547 1414 2568 ces-

352 2586 440 2611 sante
463 2590 568 2617 03353,
591 2587 776 2612 remanente
791 2587 899 2612 tamen
914 2581 1028 2618 forma,
1045 2582 1150 2611 statim
1165 2581 1321 2612 habentur
1337 2591 1414 2612 con-

351 2626 528 2665 sequentia,
551 2625 612 2655 nisi
635 2625 716 2656 adsit
737 2625 1023 2676 113Ρο(111301113111;
1049 2631 1089 2662 01,
1106 2626 1132 2655 51
1147 2625 1414 2666 impedimentum

352 2668 497 2706 adfuerit,
522 2670 752 2710 consequentia
773 2670 828 2700 1113
849 2670 955 2700 statim
971 2679 1047 2700 cum
1062 2675 1224 2700 remotum
1239 2669 1415 2706 1110113113-

351 2713 477 2749 bentur,
495 2718 633 2764 propter
654 2714 892 2744 remansionem
914 2713 1037 2744 formae
1060 2713 1100 2744 ad
1123 2723 1220 2753 quam
1238 2719 1312 2744 nata
1328 2720 1416 2744 erant

351 2757 460 2797 sequi;
493 2757 537 2787 ita
558 2757 592 2788 in
615 2757 906 2798 supernaturalibus
937 2759 1125 2788 sacramenti
1148 2759 1306 2798 baptismi,
1340 2768 1415 2788 cum

351 2807 519 2842 generatur
542 2801 740 2832 Christianus
764 2801 872 2842 quoad
896 2811 964 2832 esse
987 2801 1027 2832 de
1050 2801 1168 2832 familia
1191 2802 1318 2838 Christi,
1346 2812 1414 2838 seu,

352 2845 443 2897 quod
465 2845 552 2876 idem
575 2851 631 2882 est,
649 2845 757 2886 quoad
781 2855 848 2876 esse
871 2847 1054 2876 membrum
1070 2845 1266 2877 Christianae
1289 2846 1414 2886 religio-

343 2890 412 2926 nis,
436 2890 568 2940 suscipit
594 2899 651 2930 per
673 2890 868 2931 baptismum
891 2890 1104 2920 characterem
1133 2895 1169 2920 ut
1191 2890 1328 2921 formam
1352 2900 1415 2930 qua

343 2934 556 2964 ‚constituitur
577 2934 611 2964 in
633 2934 689 2964 tali
712 2944 794 2970 esse,
817 2944 893 2964 nam
916 2935 1095 2965 charactere
1117 2933 1291 2965 formaliter
1314 2935 1413 2965 homo

352 2983 399 3009 est
415 2977 614 3009 Christianae
632 2978 793 3018 religionis
809 2978 1002 3014 membrum,
1020 2983 1067 3009 est
1090 2977 1129 3008 de
1145 2978 1264 3009 familia
1280 2978 1413 3014 Christi;

353 3027 384 3052 et
408 3021 448 3052 ad
469 3022 656 3053 huiusmodi
680 3021 818 3052 formam
848 3028 960 3053 natum
984 3028 1031 3053 est
1054 3032 1092 3052 ex
1115 3022 1240 3053 divinae
1266 3023 1414 3063 1313113115

353 3065 465 3096 ordine
488 3067 644 3117 consequi
667 3065 863 3097 infusionem
885 3067 1003 3106 gratiae
1026 3067 1206 3097 remissivae
1227 3067 1331 3096 omnis
1348 3066 1414 3097 eul-

351 3119 412 3151 pae
436 3115 467 3141 et
489 3111 594 3141 omnis
613 3120 749 3151 poenae,
765 3111 826 3141 11151
842 3111 925 3141 obex
940 3110 1079 3141 fictionis
1095 3111 1260 3141 obstiterit.
1284 3111 1325 3141 Et
1339 3120 1414 3160 pro-

351 3159 470 3194 pterea,
495 3160 636 3185 cessante
659 3154 800 3191 fictione,
824 3160 976 3195 sequetur
998 3154 1116 3185 infusio
1140 3155 1256 3194 gratiae
1278 3155 1414 3184 remissi-

350 3207 410 3229 vae
434 3198 547 3239 culpae
570 3204 602 3230 et
624 3208 759 3239 poenae,
783 3205 914 3240 propter
937 3204 1136 3240 praesentem
1155 3198 1292 3228 formam
1308 3199 1414 3228 chara-

2447 218 2515 254 115

1463 291 1564 327 cteris,
1589 291 1628 321 ad
1652 301 1750 332 quem
1773 291 1950 322 secundum
1974 292 2119 323 ordinem
2143 293 2266 324 divinae
2285 294 2432 334 largitatis
2447 301 2520 326 nata

1463 340 1510 365 est
1531 336 1623 375 sequi
1645 335 1764 366 infusio
1788 337 1903 376 gratiae
1928 337 2130 376 baptismalis.

1518 379 1622 410 Tenet
1643 381 1751 420 itaque
1773 381 1932 411 character
1953 386 2126 420 utrumque
2142 382 2262 418 locum,
2287 388 2317 412 et
2340 382 2520 422 dispositio-

1461 424 1511 454 nis
1534 429 1566 454 et
1587 423 1724 461 formae,
1749 424 1960 455 diversimode
1983 424 2183 455 considerato
2207 426 2403 465 baptismate.
2438 427 2520 458 Nam

1461 468 1636 508 baptismus
1658 469 1850 509 inquantum
1872 469 2071 508 generativus
2095 475 2141 499 est
2153 469 2305 510 filiorum
2329 470 2519 510 adoptionis,

1462 512 1594 552 gratiam
1617 513 1711 543 habet
1733 522 1792 553 pro
1811 513 1979 553 principali
1995 512 2110 543 effectu
2132 519 2169 543 ut
2191 512 2303 543 forma.
2328 514 2520 554 Inquantum

1461 565 1539 586 vero
1562 558 1761 596 generativus
1785 563 1831 588 est
1855 557 2034 593 Christiani,
2058 557 2121 587 hoc
2141 563 2196 593 est,
2214 558 2348 587 membri
2372 558 2521 588 Christia-

1462 610 1522 630 nae
1545 601 1706 641 religionis
1738 611 1795 632 seu
1818 601 1973 637 familiae,
2003 601 2098 631 habet
2127 611 2186 641 pro
2218 602 2384 641 principali
2407 602 2522 633 effectu

1464 645 1686 676 characterem.
1710 645 1774 683 Qui
1798 655 1858 686 pro
1882 655 1922 676 eo
1946 645 2035 686 quod
2057 645 2213 675 infallibili
2232 645 2343 676 ordine
2366 656 2522 676 annexam

1463 689 1558 719 habet
1580 690 1712 729 gratiam
1735 690 1761 720 si
1783 689 1870 720 fictio
1893 699 1961 720 non
1983 689 2126 729 impedit,
2151 695 2182 720 et
2205 689 2371 720 recedente
2391 689 2522 721 fictione

1464 734 1590 763 annecti
1613 734 1671 764 sibi
1694 733 1833 764 vindicat
1855 734 1996 774 gratiam,
2021 733 2142 764 formae
2161 734 2357 764 substantiali
2373 735 2523 765 assimila-

1464 782 1524 807 tur.
1548 777 1610 808 Pro
1635 787 1674 808 eo
1697 788 1774 808 vero
1798 777 1888 818 quod
1910 779 2046 808 annexio
2062 779 2178 818 gratiae
2193 787 2312 808 novam
2328 779 2422 818 exigit
2437 779 2523 818 prin-

1465 821 1573 861 cipalis
1597 822 1717 862 agentis
1738 821 1935 853 infusionem
1957 821 2125 852 recedente
2148 821 2298 858 fictione,
2323 821 2523 862 dispositioni

1464 866 1564 905 magis
1587 866 1784 902 assimilatur,
1813 875 1905 906 quae,
1932 866 2111 897 secundum
2136 866 2334 897 infallibilem
2357 876 2523 897 causarum

1465 909 1620 946 ordinem,
1638 916 1778 941 cessante
1796 910 2038 951 impedimento,
2058 910 2098 941 ad
2115 911 2288 941 terminum
2310 910 2407 941 ducit.
2430 911 2524 942 Unde

1464 963 1545 983 vana
1568 953 1692 984 videtur
1719 954 1902 985 sollicitudo
1926 955 2149 995 quaerentium
2172 954 2251 995 quid
2276 960 2331 985 aut
2355 955 2523 994 quomodo

1466 1003 1615 1037 operetur
1645 999 1820 1035 character,
1844 998 2011 1029 recedente
2034 998 2182 1034 fictione,
2206 998 2246 1029 ad
2267 1000 2399 1039 gratiam
2421 999 2524 1039 bapti-

1465 1042 1606 1072 smalem.

1520 1086 1560 1116 Et
1584 1096 1620 1116 ex
1644 1087 1692 1116 his
1715 1092 1802 1126 patet
1824 1087 1942 1117 solutio
1966 1086 2187 1117 difficultatum
2210 1092 2381 1123 motarum,
2401 1092 2465 1117 tam
2485 1086 2525 1117 ad

1465 1130 1630 1160 hominem
1654 1140 1752 1170 quam
1775 1130 1814 1161 ad
1829 1141 1907 1161 rem.
1931 1131 1972 1161 Et
1992 1136 2105 1171 quarto
2121 1131 2196 1161 loco
2212 1132 2415 1173 propositum
2431 1132 2447 1148 ⁴*
2471 1141 2524 1162 ex-

1464 1173 1610 1213 peditum
1633 1175 1727 1204 simul
1751 1180 1807 1205 est.

1520 1218 1568 1248 De
1593 1219 1706 1258 quinto
1722 1220 1739 1235 *
1763 1224 1870 1249 autem
1892 1219 2178 1259 pertranseundum
2201 1219 2343 1250 videtur:
2369 1220 2524 1260 quoniam

1464 1262 1497 1292 in
1521 1262 1595 1292 solis
1618 1263 1721 1293 verbis
1745 1262 1897 1293 dissensio
1922 1262 2002 1293 forte
2027 1269 2073 1294 est
2098 1264 2180 1293 inter
2202 1263 2342 1294 diversos
2365 1264 2523 1294 doctores.

1464 1306 1598 1336 Nullum
1622 1307 1707 1337 enim
1730 1312 1811 1347 puto
1835 1316 1928 1337 sanae
1951 1308 2067 1337 mentis
2096 1307 2183 1347 apud
2205 1317 2238 1338 se
2265 1307 2432 1338 credidisse
2455 1317 2524 1348 gra-

1463 1351 1550 1386 tiam,
1576 1357 1716 1381 cessante
1734 1350 1874 1387 fictione,
1892 1352 2036 1381 comitari
2053 1352 2265 1382 characterem
2281 1353 2348 1382 sine
2363 1362 2448 1382 nova
2463 1353 2524 1382 Dei

1464 1395 1590 1425 actione
1613 1396 1729 1434 gratiae
1751 1395 1945 1445 baptismalis
1967 1395 2113 1426 infusiva.

1518 1439 1557 1469 V.
1582 1439 1619 1468 In
1641 1440 1849 1478 responsione
1871 1439 1911 1469 ad
1925 1439 2103 1470 secundum
2119 1446 2150 1471 et
2164 1441 2326 1470 tertium*
2328 1464 2335 1476 ‚
2360 1439 2524 1471 adverten-

1464 1482 1542 1513 dum
1566 1488 1612 1512 est
1634 1483 1668 1512 in
1687 1482 1761 1513 ficte
1783 1483 1942 1523 baptizato
1965 1484 2099 1514 inveniri
2121 1484 2318 1515 diversorum
2340 1489 2524 1524 temporum

1463 1532 1604 1577 peccata,
1629 1526 1748 1556 scilicet
1770 1532 1900 1566 peccata
1915 1528 2092 1567 praesentia
2108 1533 2139 1558 et
2154 1528 2279 1565 futura,
2304 1533 2335 1558 et
2349 1529 2526 1568 praesentia

1464 1571 1598 1600 inveniri
1622 1570 1789 1610 dupliciter
1807 1571 1948 1621 intelligi,
1964 1571 2015 1601 vel
2030 1577 2161 1612 propter
2176 1573 2439 1623 perseverantiam
2457 1582 2525 1602 ma-

1466 1614 1556 1644 culae
1579 1619 1634 1644 aut
1657 1614 1786 1644 actualis
1810 1615 2044 1645 commissionis
2067 1625 2123 1646 seu
2143 1617 2323 1646 omissionis
2339 1616 2434 1646 simul
2450 1626 2525 1647 cum

1465 1658 1634 1697 baptismo,
1650 1658 1702 1688 vel
1724 1663 1856 1698 propter
1870 1659 1977 1698 ipsum
1992 1659 2147 1699 impedire
2162 1661 2349 1690 sacramenti
2365 1660 2524 1691 effectum.

1466 1702 1550 1732 Inter
1573 1711 1655 1742 quae
1677 1702 1757 1732 tanti
1778 1701 1873 1732 refert
1896 1702 1986 1742 quod
2008 1703 2076 1733 sola
2097 1703 2206 1740 fictio,
2230 1714 2313 1744 quae
2335 1705 2415 1734 nihil
2438 1704 2525 1735 aliud

1465 1745 1590 1776 videtur
1613 1755 1711 1786 quam
1733 1746 1900 1796 impeditio
1917 1747 2050 1797 gratiae,
2074 1757 2131 1787 per
2145 1749 2376 1788 poenitentiam
2392 1748 2526 1779 delenda

1466 1795 1522 1826 est,
1547 1799 1622 1820 curn
1644 1790 1783 1830 peccatis
1806 1791 1983 1820 commissis
2006 1797 2080 1831 post
2100 1792 2310 1831 baptismum·
2334 1792 2455 1832 reliqua
2471 1802 2526 1823 au-

1465 1839 1531 1864 tem
1546 1843 1604 1874 per
1618 1834 1766 1874 baptismi
1781 1834 1932 1870 valorem,
1956 1835 2124 1866 recedente
2139 1835 2280 1872 fictione,
2297 1835 2451 1866 delentur.
2475 1836 2526 1866 Ad

1465 1878 1529 1908 hoc
1552 1878 1639 1908 enim
1661 1877 1786 1908 videtur
1808 1877 1963 1909 deservire
1986 1879 2087 1909 littera
2102 1881 2119 1896 ³*
2142 1879 2260 1916 dicens,
2276 1885 2308 1910 et
2321 1880 2416 1911 etiam
2430 1881 2564 1911 simul·

1466 1922 1669 1952 existentium
1692 1931 1764 1952 cum
1787 1922 1952 1962 baptismo.

1522 1966 1689 2016 Excipitur
1708 1971 1816 1996 autem
1836 1967 1904 1997 sola
1919 1966 2018 2003 fictio,
2036 1969 2190 2008 quoniam
2205 1969 2273 2008 ipsa
2289 1974 2335 1998 est
2351 1978 2434 2008 quae
2449 1978 2526 1999 con-

1466 2011 1610 2040 trariatur
1633 2006 1841 2041 sacramento.
1864 2011 1932 2042 Nec
1947 2017 2029 2051 puto
2045 2011 2184 2042 fictionis
2199 2018 2332 2052 peccato
2348 2013 2526 2052 intelligen-

1468 2053 1546 2084 dum
1572 2055 1606 2084 in
1631 2055 1799 2094 proposito
1831 2055 1952 2085 crimen
1981 2055 2060 2086 illud
2090 2056 2180 2096 quod
2210 2055 2322 2086 fundat
2350 2055 2525 2092 fictionem,

1467 2103 1545 2138 puta
1567 2097 1838 2128 incredulitatem:
1871 2099 1926 2129 sed
1949 2100 2051 2150 ipsam
2078 2100 2195 2130 1331313
2218 2101 2455 2140 susceptionem
2479 2110 2526 2130 sa-

1468 2143 1630 2178 cramenti,
1655 2151 1737 2182 quae
1760 2143 1914 2182 sacrilegii
1936 2144 2058 2183 species
2082 2149 2137 2174 est.
2172 2144 2235 2174 Hic
2259 2145 2345 2174 enirn
2368 2149 2456 2174 actus
2480 2150 2526 2174 est

1467 2187 1595 2226 proprie
1618 2185 1722 2216 fictio:
1748 2187 1902 2226 quoniam
1925 2187 1986 2217 isto
2002 2193 2075 2218 actu
2098 2194 2253 2218 monstrat
2275 2189 2332 2228 qui
2351 2189 2527 2228 baptizatur

1467 2239 1500 2260 se
1523 2230 1605 2260 velle
1629 2229 1718 2269 quod
1739 2239 1807 2260 non
1830 2231 1908 2261 vult.
1932 2231 1974 2261 Et
1989 2231 2195 2262 confirmatur
2209 2233 2272 2262 hoc
2289 2242 2326 2262 ex
2341 2233 2444 2262 verbis
2459 2233 2527 2262 Au-

1467 2274 1586 2314 gustini
1600 2275 1617 2290 *
1640 2273 1789 2304 dicentis:
1825 2274 1906 2305 Cum
1930 2275 1987 2305 illa
1999 2275 2096 2316 fictio
2121 2276 2229 2306 veraci
2251 2276 2454 2318 confessione
2476 2286 2527 2307 re-

1467 2318 1604 2353 cesserit,
1625 2327 1716 2358 quae,
1733 2318 1858 2348 corde
1846 2328 1878 2348 m
1895 2319 2019 2349 malitia
2035 2320 2086 2350 vel
2099 2320 2273 2361 sacrilegio
2287 2326 2526 2371 perseverante,

1461 2366 1670 2402 peccatorum
1700 2362 1895 2392 ablutionem
1926 2372 1991 2393 non
2017 2363 2142 2394 sinebat
2152 2364 2243 2405 fieri.
2278 2364 2326 2394 Ex
2349 2365 2412 2394 hoc
2440 2365 2526 2395 enim

1468 2405 1558 2446 quod
1580 2406 1702 2436 nullam
1725 2407 1866 2446 speciem
1888 2408 2011 2446 peccati
2033 2407 2157 2438 fictioni
2179 2408 2289 2438 hibuit
2318 2409 2379 2438 nisi
2402 2409 2527 2439 sacrile-

1469 2451 1569 2490 gium,
1592 2450 1767 2480 insinuasse
1789 2449 1914 2481 videtur
1937 2450 2015 2491 quid
2037 2451 2077 2482 sit
2097 2452 2151 2482 illa
2172 2451 2271 2483 fictio.

1524 2494 1565 2524 Et
1586 2494 1662 2524 hinc
1684 2495 1827 2544 sequitur
1850 2494 1939 2545 quod
1965 2495 2034 2525 talis
2057 2494 2150 2526 fictus
2177 2496 2368 2528 sufficienter
2394 2496 2528 2527 confite-

1469 2543 1554 2568 retur
1577 2537 1713 2568 dicendo
1743 2547 1776 2568 se
1799 2539 1948 2569 iniuriam
1975 2538 2086 2570 fecisse
2116 2540 2275 2580 baptismo
2304 2540 2458 2591 ponendo
2482 2541 2528 2571 illi

1470 2583 1597 2612 obicem
1619 2582 1742 2622 peccati
1759 2583 1911 2619 mortalis,
1937 2588 1968 2613 et
1991 2582 2176 2614 confitendo
2193 2585 2363 2615 commissa
2385 2590 2458 2625 post
2474 2585 2528 2615 ba-

1469 2627 1632 2666 ptismum.

1524 2669 1662 2700 Adverte
1685 2679 1818 2710 quoque
1841 2669 1927 2701 aliud
1949 2680 2017 2701 esse
2041 2671 2206 2702 dimidiam
2229 2683 2249 2703 a
2264 2673 2335 2703 Deo
2359 2678 2529 2713 expectare

1469 2714 1616 2745 veniam:
1646 2719 1677 2744 et
1699 2713 1785 2744 aliud
1808 2723 1876 2744 esse
1898 2715 1990 2745 variis
2012 2715 2124 2746 mediis
2151 2725 2169 2746 a
2191 2717 2262 2747 Deo
2286 2722 2451 2757 expectare
2474 2727 2528 2747 ve-

1469 2759 1565 2788 niam.
1582 2758 1725 2788 Primum
1741 2762 1787 2788 est
1803 2758 1934 2798 impium
1949 2759 1976 2789 ⁴⁶.
2001 2759 2186 2790 Secundum
2200 2761 2253 2791 hic
2269 2760 2432 2798 docemur,
2450 2761 2528 2792 dum

1469 2803 1644 2852 baptizatus
1662 2811 1720 2842 per
1734 2801 1879 2832 medium
1900 2803 2117 2842 poenitentiae
2141 2809 2172 2834 et
2194 2814 2252 2844 per
2266 2805 2411 2836 medium
2426 2806 2528 2846 bapti-

1469 2847 1530 2876 smi
1555 2845 1650 2876 simul
1681 2856 1698 2875 a
1721 2845 1792 2876 Deo
1823 2852 1968 2886 expectat
1990 2848 2126 2878 veniam.
2162 2847 2318 2898 Cogimur
2348 2855 2454 2880 autem
2489 2849 2528 2880 ad

1469 2896 1642 2930 utrumque
1666 2889 1761 2920 simul
1782 2889 1926 2920 medium
1949 2900 2126 2922 recurrere:
2158 2893 2232 2932 quia
2256 2892 2414 2923 credimus
2437 2903 2528 2934 prae-

1469 2934 1614 2964 cedentia
1628 2939 1759 2973 peccata
1771 2935 1889 2964 remitti
1910 2934 2018 2974 quoad
2033 2935 2161 2975 culpam
2178 2941 2209 2966 et
2223 2946 2364 2976 poenam
2379 2938 2526 2973 totaliter,

1468 2979 1532 3008 hoc
1556 2978 1642 3008 enim
1666 2978 1808 3008 continet
1822 2979 1921 3028 gratia
1935 2979 2145 3029 baptismalis;
2168 2977 2333 3011 fictionem
2348 2991 2435 3018 vero,
2452 2991 2528 3012 cum

1468 3022 1696 3062 posterioribus
1708 3022 1856 3062 peccatis,
1869 3023 1985 3053 remitti
1997 3023 2129 3063 quidem
2145 3024 2253 3064 quoad
2268 3025 2406 3065 culpam,
2419 3025 2528 3076 quoad

1468 3075 1608 3116 poenam
1630 3075 1706 3096 vero
1737 3075 1803 3096 non
1826 3067 1887 3096 nisi
1911 3072 2067 3106 quantum
2091 3074 2288 3099 sacramento
2311 3070 2528 3109 poenitentiae

1468 3110 1645 3140 remittitur.

1524 3153 1616 3184 Unde
1632 3159 1763 3194 apparet
1777 3153 1893 3184 falsitas
1909 3155 2059 3195 allegatae
2074 3157 2219 3196 superius
2231 3158 2247 3174 ⁴*
2264 3156 2413 3188 Glossae:
2437 3167 2527 3198 prae-

1468 3203 1514 3228 ter
1537 3197 1569 3228 id
1593 3197 1682 3238 quod
1705 3203 1752 3228 est
1775 3203 1885 3229 contra
1907 3204 2039 3230 textum.

2550 1137 2646 1159 'Num
2661 1143 2678 1159 1.

2550 1226 2634 1249 ‘lbid.

2551 1446 2677 1468 'Art-im

2578 1881 2645 1908 1bid.,
2660 1882 2689 1903 ad
2702 1887 2722 1903 2.

2553 2279 2646 2327 60111113.Ι
2660 2285 2709 2307 arg.
2718 2278 2768 2300 Sed

2555 2765 2632 2788 ‘.Can
2642 2765 2702 2787 Sunt
2710 2765 2767 2792 plu-

2555 2798 2606 2818 res,
2621 2791 2652 2813 de
2663 2771 2766 2819 Ροεηλ,

2555 2807 2609 2840 dist’.
2623 2817 2663 2840 111.

2555 3161 2649 3184 ‘Num.
2665 3168 2691 3184 11.
