2918 4088
963 218 1227 265 QUAESTIO
1255 217 1409 264 LXVII,
1438 216 1730 255 ARTICULUS
1757 219 1839 255 VIII

315 302 456 343 zatum,
485 302 637 332 tenetur
663 307 755 332 eum
784 295 981 342 instruere,
1011 297 1132 345 magis
1160 304 1258 333 esset
1285 307 1375 333 con-

314 348 474 385 veniens
501 348 609 397 quod
636 355 745 397 pater
763 348 922 385 carnalis
949 349 1074 386 filiurn
1097 361 1214 386 suum
1242 348 1290 385 de
1309 348 1375 385 ba-

313 400 456 450 ptismo
475 399 655 450 suscipiat
673 412 795 450 quam
812 399 919 438 alius.
941 402 1061 448 Quod
1079 409 1210 439 tamen
1223 401 1377 438 videtur

314 465 397 490 esse
424 453 683 503 prohibitum:
713 460 756 490 ut
783 452 947 491 habetur
973 454 1012 490 in
1039 453 1226 501 Decretis,
1255 453 1375 500 XXX,

314 518 379 555 qu.
409 518 430 554 1,
459 518 542 555 cap.
570 507 742 543 Pervenit
769 513 806 543 et
833 507 980 543 Dictum
1009 512 1069 543 est.

370 558 404 595 3.
434 559 667 606 Passum,
695 560 826 608 plures
853 558 974 607 magis
1001 566 1164 609 possunt
1191 558 1377 596 instruere

314 623 435 661 quam
462 623 565 649 unus
593 613 709 649 solus.
753 611 794 649 Si
821 623 911 660 ergo
939 610 1000 648 ille
1033 611 1100 661 qui
1128 611 1284 660 suscipit
1312 611 1376 649 ali-

314 676 432 714 quem
461 663 709 714 baptizatum,
733 671 926 701 teneretur
953 676 1046 701 eum
1073 663 1271 711 instruere,
1296 677 1377 701 ma-

313 717 369 765 gis
397 717 580 755 deberent
606 718 736 767 plures
762 716 954 766 suscipere
981 729 1102 766 quam
1127 729 1230 754 unus
1260 718 1375 754 solus.

316 769 438 807 Cuius
472 769 707 808 contrarium
740 769 904 808 habetur
934 769 974 806 in
1011 770 1164 807 decreto
1191 775 1207 798 ‘f
1234 770 1378 807 Leonis

271 862 286 874 υ
314 823 443 872 Papae
456 822 493 860 *ε
522 823 614 860 Νοη
636 823 777 872 plures,
805 821 939 872 inquit,
959 823 1011 860 ad
1034 823 1305 872 suscipiendum
1333 824 1379 860 de

313 877 492 924 baptismo
520 876 700 922 infantem
729 887 841 925 quam
869 888 963 913 unus
995 875 1192 923 accedant,
1218 877 1294 914 sive
1320 878 1379 914 vir

312 929 389 966 sive
415 928 559 966 mulier.

368 980 443 1019 Su>
463 992 608 1019 CONTRA
627 992 693 1018 EsT
711 981 829 1030 quod
847 980 1084 1030 Augustinus
1104 981 1204 1030 dicit,
1224 981 1265 1019 in
1283 994 1378 1032 quo-

314 1032 406 1070 dam
439 1045 619 1071 sermone
651 1033 825 1071 Paschali
843 1033 883 1071 *z
920 1036 992 1072 Vos
1019 1040 1105 1072 ante
1133 1037 1272 1082 omnia,
1300 1041 1377 1073 tam

313 1087 414 1124 viros
441 1099 554 1136 quam
581 1087 766 1134 mulieres,
795 1088 859 1137 qui
872 1087 979 1136 filios
1010 1089 1048 1124 in
1076 1089 1293 1138 baptismate
1318 1101 1378 1125 su-

279 1134 504 1189 scepistils
505 1168 515 1186 ,
544 1151 679 1177 moneo
716 1145 754 1176 ut
786 1152 853 1178 vos
885 1142 1118 1191 cognoscatis
1137 1142 1379 1190 fideiussores

261 1213 269 1220 ·
302 1192 415 1240 apud
439 1193 563 1229 Deum
600 1194 774 1230 exstitisse
799 1206 874 1243 pro
907 1194 976 1231 illis
1005 1206 1095 1244 quos
1127 1196 1197 1232 visi
1221 1196 1302 1232 estis
1334 1195 1380 1234 de

312 1256 422 1283 sacro
439 1245 552 1294 sonte
577 1247 772 1295 suscipere.

367 1298 593 1338 Responnno
621 1310 803 1336 mCENDUM
838 1299 946 1348 quod
981 1300 1249 1349 unusquisque
1283 1300 1377 1337 obli-

288 1358 427 1399 ἶθειίεω·
439 1351 501 1388 ‘ad
521 1352 795 1400 exequendum
814 1351 988 1390 officium
1011 1353 1117 1402 quod
1136 1353 1282 1403 accipit.
1312 1353 1378 1391 Di·

315 1411 422 1441 ctum
449 1411 506 1441 est
532 1411 663 1442 autem
681 1404 702 1426 ’¹‘
729 1405 836 1454 quod
864 1404 924 1442 ille
946 1405 1014 1454 qui
1033 1405 1190 1455 suscipit
1209 1406 1378 1455 aliquem

314 1456 364 1494 de
392 1468 501 1494 sacro
528 1457 644 1505 fonte,
674 1457 834 1495 assumit
852 1457 923 1494 sibi
951 1458 1125 1496 officium
1152 1459 1375 1508 paedagogi.

315 1509 365 1547 Et
391 1508 480 1547 ideo
509 1509 702 1570 obligatur
723 1511 774 1547 ad
801 1511 1023 1548 habendam
1051 1523 1182 1548 curam
1214 1511 1290 1548 de
1281 1524 1377 1562 ipso,

272 1574 274 1576 ·
314 1561 347 1599 si
373 1561 577 1599 necessitas
595 1562 832 1600 immineret:
863 1563 959 1600 sicut
977 1575 1025 1600 eo
1043 1571 1218 1623 ternpore
1237 1571 1274 1601 et
1292 1566 1378 1602 loco

313 1613 355 1652 in
381 1626 462 1664 quo
490 1614 668 1674 baptizati
700 1615 798 1652 inter
823 1615 997 1653 infideles
1025 1616 1256 1653 nutriuntur.
1301 1617 1379 1654 Sed

307 1665 383 1705 ubi
409 1667 631 1705 nutriuntur
656 1667 754 1705 inter
773 1668 992 1705 Catholicos
1013 1668 1261 1717 Christianos,
1291 1669 1379 1707 satis

311 1727 476 1770 possunt
494 1720 543 1757 ab
562 1721 636 1758 hac
649 1732 743 1758 cura
761 1720 945 1767 excusari,
965 1722 1252 1770 praesumendo
1271 1722 1379 1771 quod

313 1784 337 1810 a
354 1772 434 1810 suis
451 1772 676 1822 parentibus
696 1773 893 1822 diligenter
911 1773 1157 1811 instruantur.
1189 1774 1229 1812 Si
1247 1782 1379 1812 tamen

308 1837 567 1876 quocumque
593 1826 716 1864 modo
738 1826 919 1863 sentirent
938 1827 1185 1876 contrarium,
1205 1835 1379 1865 teneren-

365 1968 383 1994 γ
413 1960 440 1986 in
459 1961 575 1987 decreto.
592 1975 613 1980 —
630 1961 737 1986 decreto
755 1961 787 1993 D,
806 1967 844 1986 ex·
861 1961 968 1986 decreto
987 1962 1069 1987 tertia.

364 1959 394 2031 ⁸3
410 1996 571 2029 suscepistis.
588 2010 608 2016 -
625 1996 646 2021 1²·
664 2001 690 2022 et
707 1996 795 2028 tei-tiu
813 1996 955 2029 suscipitis.

2434 232 2479 268 91

1429 303 1492 332 tur
1519 297 1733 334 secundum
1763 310 1878 334 suum
1906 299 2070 336 modum
2099 299 2207 336 saluti
2235 299 2486 349 spiritualium

1428 348 1600 385 filiorum
1628 361 1762 386 curam
1790 349 2025 399 impendere.

1483 402 1541 438 An
1569 413 1704 439 PmMUM
1733 414 1831 439 ERGO
1863 415 2044 440 mCENDUM
2072 404 2189 452 quod,
2217 404 2284 441 ubi
2311 404 2486 442 immine-

1431 461 1487 490 ret
1514 453 1743 503 pericqum,
1773 463 1965 504 oporteret
1993 468 2074 492 esse
2102 457 2261 505 aliquem
2282 457 2427 494 doctum
2449 460 2486 494 in

1432 507 1574 554 divinis,
1595 507 1691 544 sicut
1709 507 1919 557 Dionysius
1939 508 2027 545 dicit
2044 508 2075 555 ²¹⁸,
2096 508 2162 557 qui
2184 508 2457 558 baptizandum
2475 516 2487 531 ⁵

1433 559 1481 596 de
1509 571 1617 597 sacro
1646 560 1749 597 fonte
1777 560 1995 610 susciperet.
2040 561 2115 598 Sed
2143 561 2211 598 ubi
2239 562 2314 598 hoc
2340 562 2487 610 pericu-

1432 613 1515 649 lum
1543 625 1623 650 non
1652 613 1839 659 imminet,
1867 621 2024 663 propter
2051 614 2127 650 hoc
2154 614 2260 662 quod
2288 614 2397 663 pueri
2418 627 2487 652 nu-

1432 665 1597 702 triuntur
1624 665 1722 702 inter
1750 666 1978 713 Catholicos,
2008 666 2259 703 admittuntur
2277 666 2289 690 ζ
2317 666 2488 715 quicum·

1433 730 1509 768 que
1538 719 1587 756 ad
1615 719 1691 756 hoc
1719 719 1909 756 officium:
1939 719 2031 768 quia
2052 731 2097 756 ea
2116 731 2215 768 quae
2233 719 2422 768 pertinent
2440 721 2489 757 ad

1434 771 1690 809 Christianam
1722 771 1841 809 vitam
1878 779 1914 808 et
1944 772 2085 820 fidem,
2122 771 2273 822 publice
2309 772 2489 809 omnibus

1433 833 1525 862 nota
1552 832 1651 862 sunt.

1486 879 1534 915 Et
1570 885 1700 915 tamen
1737 877 1797 915 ille
1839 877 1906 927 qui
1946 889 2027 914 non
2064 885 2119 915 est
2159 876 2369 926 baptizatus
2409 889 2490 914 non

1432 938 1557 990 potest
1589 930 1781 980 suscipere
1813 930 2065 980 baptizatum,
2100 938 2143 967 ut
2170 938 2225 967 est
2257 930 2490 967 declaratum

1432 984 1473 1021 in
1493 983 1666 1021 Concilio
1684 983 1912 1032 Maguntino
1924 983 1955 1031 ²¹⁸,
1974 983 2060 1020 licet
2078 982 2384 1032 non-baptizatus
2402 995 2490 1033 pos-

1433 1036 1479 1074 sit
1505 1036 1714 1086 baptizare:
1744 1036 1835 1086 quia
1853 1048 2019 1086 persona
2037 1035 2259 1086 baptizantis
2287 1043 2342 1073 est
2360 1036 2408 1073 de
2427 1048 2490 1072 ne-

1433 1089 1602 1127 cessitate
1631 1089 1873 1137 sacramenti,
1909 1101 1990 1127 non
2017 1097 2147 1126 autem
2182 1101 2348 1138 persona
2375 1088 2490 1126 susci-

1432 1142 1582 1193 pientis,
1611 1142 1708 1180 sicut
1734 1142 1880 1180 dictum
1907 1149 1963 1180 est
1976 1142 2007 1179 ²¹⁸.

1485 1197 1543 1233 AD
1562 1208 1751 1233 SECUNDUM
1769 1208 1950 1233 DICENDUM
1976 1195 2096 1244 quod,
2125 1194 2221 1231 sicut
2249 1201 2303 1231 est
2330 1193 2402 1232 alia
2428 1206 2490 1243 ge-

1433 1248 1579 1286 neratio
1607 1248 1808 1298 spiritualis
1836 1261 1859 1285 a
1885 1247 2037 1295 carnali,
2066 1247 2116 1286 ita
2135 1246 2249 1284 etiarn
2277 1247 2390 1284 debet
2408 1259 2490 1285 esse

1433 1301 1506 1339 alia
1534 1301 1748 1350 disciplina:
1778 1301 1995 1338 secundum
2013 1300 2106 1338 illud
2124 1301 2223 1338 Heb.
2239 1312 2285 1337 xn
2298 1299 2333 1336 *ε
2362 1302 2491 1337 Patres

1433 1354 1579 1404 quidem
1606 1356 1732 1391 carnis·
1759 1360 1907 1391 nostrae
1933 1355 2129 1391 habuimus
2151 1353 2364 1399 eruditores,
2383 1359 2418 1390 et
2436 1366 2490 1390 re-

1431 1408 1655 1445 verebamur
1675 1419 1747 1444 eos.
1777 1408 1867 1444 Non
1887 1407 2001 1443 multo
2019 1408 2142 1457 magis
2161 1407 2491 1456 obtemperabimus

1397 1490 1399 1493 .
1431 1461 1538 1497 Patri
1561 1461 1768 1509 spirituum,
1798 1466 1831 1496 et
1857 1460 2050 1498 vivemus?
2077 1460 2126 1496 Et
2152 1458 2240 1496 ideo
2264 1459 2360 1496 alius
2379 1459 2492 1495 debet

1433 1524 1515 1549 esse
1543 1520 1650 1561 pater
1677 1511 1879 1561 spiritualis
1907 1525 1929 1550 a
1956 1521 2062 1561 patre
2090 1512 2240 1559 carnali,
2265 1511 2338 1548 nisi
2365 1523 2491 1549 neces-

1434 1564 1521 1602 sitas
1549 1565 1784 1602 contrarium
1812 1564 1944 1612 exigat.

1487 1618 1544 1654 AD
1563 1629 1722 1655 TERTmM
1745 1629 1926 1655 monimum
1952 1618 2059 1666 quod
2081 1617 2254 1654 confusio
2273 1616 2492 1666 disciplinae

1434 1677 1533 1707 esset
1566 1669 1639 1706 nisi
1655 1694 1658 1697 »
1673 1677 1770 1706 esset
1802 1682 1905 1707 unus
1938 1669 2157 1719 principalis
2190 1670 2404 1707 instructor.
2446 1670 2494 1706 Et

1434 1722 1522 1760 ideo
1550 1722 1590 1759 in
1608 1722 1800 1772 baptismo
1827 1734 1931 1759 unus
1952 1722 2065 1759 debet
2084 1734 2166 1759 esse
2193 1721 2411 1772 principalis
2431 1734 2493 1758 su-

1434 1782 1595 1824 sceptor.
1638 1774 1713 1812 Alii
1747 1782 1877 1812 tamen
1911 1783 2074 1824 possunt
2110 1774 2256 1812 admitti
2290 1774 2400 1824 quasi
2431 1786 2494 1811 co·

1434 1827 1638 1865 adiutores.

1431 1961 1510 2022 ΑΒΞ)
1530 1962 1729 1995 baptizandum.
1742 1977 1762 1982 -
1780 1963 1943 1996 baptizatum
1962 1964 2013 1990 PF.
2025 1978 2045 1983 -
2062 1964 2113 1989 Pro
2131 1971 2208 1990 sacro
2219 1965 2307 1998 sonte,
2320 1964 2400 1998 sonte
2417 1971 2496 1990 sacro

1486 2032 1511 2067 ζ)
1530 2033 1721 2060 admittuntur.
1738 2048 1758 2052 -
1775 2034 1930 2060 admittitur
1949 2035 1977 2060 P.

2514 514 2595 537 ‘Bet-l.
2600 514 2667 536 Hier.
2674 520 2724 542 cap.

2514 547 2554 567 vu,
2565 542 2574 567 ς
2591 548 2612 563 ιι
2621 541 2671 562 ·cf.
2682 545 2724 562 m.

2515 573 2591 594 praec.
2606 567 2644 589 fin.

2615 604 2626 620 t

2611 672 2626 701 ζ

2517 993 2527 1002 ·
2551 991 2586 1013 Cf.
2611 997 2660 1013 an.
2688 992 2714 1013 1η

2517 1018 2669 1046 baptimate,
2686 1018 2716 1039 de

2517 1044 2638 1093 almar„
2660 1034 2715 1066 iiiut.

2517 1146 2598 1194 {⁶³:¹⁶
2620 1152 2695 1173 praec.
2702 1162 2710 1174 ,

2518 1306 2527 1315 ·
2541 1304 2607 1326 Vers.
2623 1310 2645 1332 9.
