<?xml version="1.0" encoding="UTF-8"?>
<!DOCTYPE html PUBLIC "-//W3C//DTD XHTML 1.0 Transitional//EN"
    "http://www.w3.org/TR/xhtml1/DTD/xhtml1-transitional.dtd">
<html xmlns="http://www.w3.org/1999/xhtml" xml:lang="en" lang="en">
 <head>
  <title>
</title>
<meta http-equiv="Content-Type" content="text/html;charset=utf-8" />
  <meta name='ocr-system' content='tesseract 3.04.00' />
  <meta name='ocr-capabilities' content='ocr_page ocr_carea ocr_par ocr_line ocrx_word'/>
</head>
<body>
  <div class='ocr_page' id='page_1' title='image "./operaomniaiussui12thom/operaomniaiussui12thom_0153.png"; bbox 0 0 2918 4088; ppageno 0'>
   <div class='ocr_carea' id='block_1_1' title="bbox 0 410 260 446">
    <p class='ocr_par' dir='ltr' id='par_1_1' title="bbox 0 410 260 446">
     <span class='ocr_line' id='line_1_1' title="bbox 0 410 260 446; baseline 0 -1"><span class='ocrx_word' id='word_1_1' title='bbox 0 410 7 416; x_wconf 46' lang='lat'>⁸</span> <span class='ocrx_word' id='word_1_2' title='bbox 46 423 260 446; x_wconf 66' lang='lat' dir='ltr'>&#39;ct-Duranddoc.</span> 
     </span>
    </p>
   </div>
   <div class='ocr_carea' id='block_1_2' title="bbox 0 1517 247 2190">
    <p class='ocr_par' dir='ltr' id='par_1_2' title="bbox 0 1517 247 2190">
     <span class='ocr_line' id='line_1_2' title="bbox 0 1517 247 2190; baseline 0 1898"><span class='ocrx_word' id='word_1_3' title='bbox 0 1517 247 2190; x_wconf 95' lang='lat' dir='ltr'> </span> 
     </span>
    </p>
   </div>
   <div class='ocr_carea' id='block_1_3' title="bbox 0 2700 184 4088">
    <p class='ocr_par' dir='ltr' id='par_1_3' title="bbox 0 2700 184 4088">
     <span class='ocr_line' id='line_1_3' title="bbox 0 2700 184 4088; baseline 0 0"><span class='ocrx_word' id='word_1_4' title='bbox 0 2700 184 4088; x_wconf 95' lang='lat' dir='ltr'> </span> 
     </span>
    </p>
   </div>
   <div class='ocr_carea' id='block_1_4' title="bbox 951 199 1802 247">
    <p class='ocr_par' dir='ltr' id='par_1_4' title="bbox 951 199 1802 247">
     <span class='ocr_line' id='line_1_4' title="bbox 951 199 1802 247; baseline 0.004 -12"><span class='ocrx_word' id='word_1_5' title='bbox 951 199 1214 246; x_wconf 84' lang='lat' dir='ltr'>QUAESTIO</span> <span class='ocrx_word' id='word_1_6' title='bbox 1243 201 1398 247; x_wconf 80' lang='lat' dir='ltr'>Lxxn,</span> <span class='ocrx_word' id='word_1_7' title='bbox 1431 200 1723 238; x_wconf 76' lang='lat' dir='ltr'>ARTmULUs</span> <span class='ocrx_word' id='word_1_8' title='bbox 1752 202 1802 238; x_wconf 74' lang='grc' dir='ltr'>ιν</span> 
     </span>
    </p>
   </div>
   <div class='ocr_carea' id='block_1_5' title="bbox 284 276 1347 493">
    <p class='ocr_par' dir='ltr' id='par_1_5' title="bbox 286 276 1345 406">
     <span class='ocr_line' id='line_1_5' title="bbox 340 276 1345 318; baseline 0.003 -12"><span class='ocrx_word' id='word_1_9' title='bbox 340 276 408 306; x_wconf 87' lang='lat' dir='ltr'>Nec</span> <span class='ocrx_word' id='word_1_10' title='bbox 431 276 505 306; x_wconf 88' lang='lat' dir='ltr'>dicit</span> <span class='ocrx_word' id='word_1_11' title='bbox 528 277 651 307; x_wconf 89' lang='lat' dir='ltr'>Auctor</span> <span class='ocrx_word' id='word_1_12' title='bbox 674 286 913 318; x_wconf 90' lang='lat' dir='ltr'>quemcumque</span> <span class='ocrx_word' id='word_1_13' title='bbox 934 278 1051 308; x_wconf 86' lang='lat' dir='ltr'>Christi</span> <span class='ocrx_word' id='word_1_14' title='bbox 1067 284 1251 309; x_wconf 88' lang='lat' dir='ltr'>contactum</span> <span class='ocrx_word' id='word_1_15' title='bbox 1275 289 1345 309; x_wconf 90' lang='lat' dir='ltr'>san-</span> 
     </span>
     <span class='ocr_line' id='line_1_6' title="bbox 286 319 1345 358; baseline 0.003 -8"><span class='ocrx_word' id='word_1_16' title='bbox 286 319 422 350; x_wconf 86' lang='lat' dir='ltr'>ctificare</span> <span class='ocrx_word' id='word_1_17' title='bbox 445 321 609 351; x_wconf 85' lang='lat' dir='ltr'><strong>materiam</strong></span> <span class='ocrx_word' id='word_1_18' title='bbox 633 322 838 358; x_wconf 88' lang='lat' dir='ltr'>sacramenti,</span> <span class='ocrx_word' id='word_1_19' title='bbox 869 322 924 352; x_wconf 90' lang='lat' dir='ltr'>sed</span> <span class='ocrx_word' id='word_1_20' title='bbox 947 328 1131 353; x_wconf 89' lang='lat' dir='ltr'>contactum</span> <span class='ocrx_word' id='word_1_21' title='bbox 1158 323 1191 353; x_wconf 92' lang='lat' dir='ltr'>in</span> <span class='ocrx_word' id='word_1_22' title='bbox 1214 333 1274 353; x_wconf 88' lang='lat' dir='ltr'>usu</span> <span class='ocrx_word' id='word_1_23' title='bbox 1298 333 1345 353; x_wconf 89' lang='lat' dir='ltr'>sa-</span> 
     </span>
     <span class='ocr_line' id='line_1_7' title="bbox 286 364 1152 406; baseline 0.002 -12"><span class='ocrx_word' id='word_1_24' title='bbox 286 364 454 394; x_wconf 87' lang='lat' dir='ltr'>cramenti:</span> <span class='ocrx_word' id='word_1_25' title='bbox 480 365 566 404; x_wconf 89' lang='lat' dir='ltr'>quali</span> <span class='ocrx_word' id='word_1_26' title='bbox 589 371 739 396; x_wconf 90' lang='lat' dir='ltr'>contactu</span> <span class='ocrx_word' id='word_1_27' title='bbox 762 375 829 396; x_wconf 91' lang='lat' dir='ltr'>non</span> <span class='ocrx_word' id='word_1_28' title='bbox 852 367 952 406; x_wconf 88' lang='lat' dir='ltr'>tetigit</span> <span class='ocrx_word' id='word_1_29' title='bbox 975 367 1152 397; x_wconf 88' lang='lat' dir='ltr'>unctiones.</span> 
     </span>
    </p>

    <p class='ocr_par' dir='ltr' id='par_1_6' title="bbox 284 407 1347 493">
     <span class='ocr_line' id='line_1_8' title="bbox 339 407 1346 449; baseline 0.002 -11"><span class='ocrx_word' id='word_1_30' title='bbox 339 407 407 438; x_wconf 93' lang='lat' dir='ltr'>Nec</span> <span class='ocrx_word' id='word_1_31' title='bbox 431 409 534 439; x_wconf 89' lang='lat' dir='ltr'>obstat</span> <span class='ocrx_word' id='word_1_32' title='bbox 557 409 646 449; x_wconf 94' lang='lat' dir='ltr'>quod</span> <span class='ocrx_word' id='word_1_33' title='bbox 662 419 699 439; x_wconf 87' lang='lat' dir='ltr'>ex</span> <span class='ocrx_word' id='word_1_34' title='bbox 715 419 775 440; x_wconf 89' lang='lat' dir='ltr'>usu</span> <span class='ocrx_word' id='word_1_35' title='bbox 799 411 985 441; x_wconf 88' lang='lat' dir='ltr'>sacramenti</span> <span class='ocrx_word' id='word_1_36' title='bbox 1002 410 1144 441; x_wconf 88' lang='lat' dir='ltr'>Christus</span> <span class='ocrx_word' id='word_1_37' title='bbox 1163 411 1241 441; x_wconf 90' lang='lat' dir='ltr'>nihil</span> <span class='ocrx_word' id='word_1_38' title='bbox 1258 420 1346 441; x_wconf 90' lang='lat' dir='ltr'>acee-</span> 
     </span>
     <span class='ocr_line' id='line_1_9' title="bbox 284 452 1347 493; baseline 0.002 -11"><span class='ocrx_word' id='word_1_39' title='bbox 284 452 332 491; x_wconf 90' lang='lat' dir='ltr'>pit</span> <span class='ocrx_word' id='word_1_40' title='bbox 345 453 378 482; x_wconf 67' lang='lat'>&#39;:</span> <span class='ocrx_word' id='word_1_41' title='bbox 396 461 432 482; x_wconf 90' lang='lat' dir='ltr'>ac</span> <span class='ocrx_word' id='word_1_42' title='bbox 447 462 504 492; x_wconf 91' lang='lat' dir='ltr'>per</span> <span class='ocrx_word' id='word_1_43' title='bbox 519 453 592 488; x_wconf 92' lang='lat' dir='ltr'>hoc,</span> <span class='ocrx_word' id='word_1_44' title='bbox 609 463 665 493; x_wconf 86' lang='lat' dir='ltr'>per</span> <span class='ocrx_word' id='word_1_45' title='bbox 681 453 826 484; x_wconf 89' lang='lat' dir='ltr'>accidens</span> <span class='ocrx_word' id='word_1_46' title='bbox 842 464 917 485; x_wconf 90' lang='lat' dir='ltr'>usus</span> <span class='ocrx_word' id='word_1_47' title='bbox 934 455 1102 490; x_wconf 90' lang='lat' dir='ltr'>concurrit,</span> <span class='ocrx_word' id='word_1_48' title='bbox 1120 460 1151 484; x_wconf 91' lang='lat' dir='ltr'>et</span> <span class='ocrx_word' id='word_1_49' title='bbox 1166 455 1252 485; x_wconf 88' lang='lat' dir='ltr'>solus</span> <span class='ocrx_word' id='word_1_50' title='bbox 1269 464 1347 485; x_wconf 92' lang='lat' dir='ltr'>con-</span> 
     </span>
    </p>
   </div>
   <div class='ocr_carea' id='block_1_6' title="bbox 2391 219 2461 256">
    <p class='ocr_par' dir='ltr' id='par_1_7' title="bbox 2391 219 2461 256">
     <span class='ocr_line' id='line_1_10' title="bbox 2391 219 2461 256; baseline 0 -12"><span class='ocrx_word' id='word_1_51' title='bbox 2391 219 2461 256; x_wconf 83' lang='lat'>129</span> 
     </span>
    </p>
   </div>
   <div class='ocr_carea' id='block_1_7' title="bbox 1399 281 2462 495">
    <p class='ocr_par' dir='ltr' id='par_1_8' title="bbox 1399 281 2462 495">
     <span class='ocr_line' id='line_1_11' title="bbox 1399 281 2460 323; baseline 0.008 -15"><span class='ocrx_word' id='word_1_52' title='bbox 1399 285 1500 309; x_wconf 89' lang='lat' dir='ltr'>tactus</span> <span class='ocrx_word' id='word_1_53' title='bbox 1516 288 1572 318; x_wconf 90' lang='lat' dir='ltr'>per</span> <span class='ocrx_word' id='word_1_54' title='bbox 1588 289 1632 315; x_wconf 91' lang='lat' dir='ltr'>se,</span> <span class='ocrx_word' id='word_1_55' title='bbox 1650 281 1805 319; x_wconf 87' lang='lat' dir='ltr'>quoniam</span> <span class='ocrx_word' id='word_1_56' title='bbox 1828 282 1899 320; x_wconf 90' lang='lat' dir='ltr'>ipso</span> <span class='ocrx_word' id='word_1_57' title='bbox 1924 289 2073 313; x_wconf 86' lang='lat' dir='ltr'>contactu</span> <span class='ocrx_word' id='word_1_58' title='bbox 2097 285 2318 316; x_wconf 83' lang='lat' dir='ltr'>sanctificavit:</span> <span class='ocrx_word' id='word_1_59' title='bbox 2342 305 2364 309; x_wconf 86' lang='lat'><em>-</em></span> <span class='ocrx_word' id='word_1_60' title='bbox 2387 288 2460 323; x_wconf 92' lang='lat' dir='ltr'>hoc,</span> 
     </span>
     <span class='ocr_line' id='line_1_12' title="bbox 1400 324 2462 364; baseline 0.008 -12"><span class='ocrx_word' id='word_1_61' title='bbox 1400 324 1543 363; x_wconf 89' lang='lat' dir='ltr'>inquam,</span> <span class='ocrx_word' id='word_1_62' title='bbox 1567 333 1635 353; x_wconf 90' lang='lat' dir='ltr'>non</span> <span class='ocrx_word' id='word_1_63' title='bbox 1659 324 1778 354; x_wconf 88' lang='lat' dir='ltr'>obstat:</span> <span class='ocrx_word' id='word_1_64' title='bbox 1805 326 1959 364; x_wconf 88' lang='lat' dir='ltr'>quoniam</span> <span class='ocrx_word' id='word_1_65' title='bbox 1984 327 2022 356; x_wconf 88' lang='lat' dir='ltr'>de</span> <span class='ocrx_word' id='word_1_66' title='bbox 2047 337 2107 357; x_wconf 89' lang='lat' dir='ltr'>usu</span> <span class='ocrx_word' id='word_1_67' title='bbox 2132 331 2336 360; x_wconf 86' lang='lat' dir='ltr'>constitutivo</span> <span class='ocrx_word' id='word_1_68' title='bbox 2362 340 2462 361; x_wconf 85' lang='lat' dir='ltr'>sacra-</span> 
     </span>
     <span class='ocr_line' id='line_1_13' title="bbox 1400 367 2460 408; baseline 0.008 -12"><span class='ocrx_word' id='word_1_69' title='bbox 1400 367 1499 397; x_wconf 86' lang='lat' dir='ltr'>menti</span> <span class='ocrx_word' id='word_1_70' title='bbox 1515 372 1561 397; x_wconf 87' lang='lat' dir='ltr'>est</span> <span class='ocrx_word' id='word_1_71' title='bbox 1577 377 1692 403; x_wconf 89' lang='lat' dir='ltr'>sermo,</span> <span class='ocrx_word' id='word_1_72' title='bbox 1709 369 1751 398; x_wconf 91' lang='lat' dir='ltr'>ita</span> <span class='ocrx_word' id='word_1_73' title='bbox 1768 369 1857 408; x_wconf 91' lang='lat' dir='ltr'>quod</span> <span class='ocrx_word' id='word_1_74' title='bbox 1880 379 1990 399; x_wconf 86' lang='lat' dir='ltr'>sensus</span> <span class='ocrx_word' id='word_1_75' title='bbox 2014 377 2075 400; x_wconf 90' lang='lat' dir='ltr'>est:</span> <span class='ocrx_word' id='word_1_76' title='bbox 2102 372 2277 403; x_wconf 87' lang='lat' dir='ltr'>Contactus</span> <span class='ocrx_word' id='word_1_77' title='bbox 2295 374 2410 404; x_wconf 86' lang='lat' dir='ltr'>Christi</span> <span class='ocrx_word' id='word_1_78' title='bbox 2427 376 2460 405; x_wconf 91' lang='lat' dir='ltr'>in</span> 
     </span>
     <span class='ocr_line' id='line_1_14' title="bbox 1401 411 2461 448; baseline 0.008 -8"><span class='ocrx_word' id='word_1_79' title='bbox 1401 411 1625 441; x_wconf 88' lang='lat' dir='ltr'>constituendo</span> <span class='ocrx_word' id='word_1_80' title='bbox 1657 418 1889 442; x_wconf 88' lang='lat' dir='ltr'>sacramentum</span> <span class='ocrx_word' id='word_1_81' title='bbox 1913 420 1959 443; x_wconf 88' lang='lat' dir='ltr'>est</span> <span class='ocrx_word' id='word_1_82' title='bbox 1983 415 2226 446; x_wconf 85' lang='lat' dir='ltr'>sanctificativus</span> <span class='ocrx_word' id='word_1_83' title='bbox 2256 419 2414 448; x_wconf 87' lang='lat' dir='ltr'>materiae.</span> <span class='ocrx_word' id='word_1_84' title='bbox 2438 437 2461 441; x_wconf 65' lang='grc'>»-</span> 
     </span>
     <span class='ocr_line' id='line_1_15' title="bbox 1400 454 2079 495; baseline 0.006 -11"><span class='ocrx_word' id='word_1_85' title='bbox 1400 455 1441 485; x_wconf 91' lang='lat' dir='ltr'>Et</span> <span class='ocrx_word' id='word_1_86' title='bbox 1465 455 1509 485; x_wconf 87' lang='lat' dir='ltr'>sic</span> <span class='ocrx_word' id='word_1_87' title='bbox 1532 454 1682 495; x_wconf 87' lang='lat' dir='ltr'>fugantur</span> <span class='ocrx_word' id='word_1_88' title='bbox 1706 457 1903 487; x_wconf 88' lang='lat' dir='ltr'>obiectiones</span> <span class='ocrx_word' id='word_1_89' title='bbox 1927 458 2079 488; x_wconf 90' lang='lat' dir='ltr'>Durandi.</span> 
     </span>
    </p>
   </div>
   <div class='ocr_carea' id='block_1_8' title="bbox 283 602 2460 737">
    <p class='ocr_par' dir='ltr' id='par_1_9' title="bbox 283 602 2460 737">
     <span class='ocr_line' id='line_1_16' title="bbox 1061 602 1682 652; baseline 0.002 -9"><span class='ocrx_word' id='word_1_90' title='bbox 1061 602 1378 644; x_wconf 87' lang='lat' dir='ltr'>ARTICULUS</span> <span class='ocrx_word' id='word_1_91' title='bbox 1409 603 1682 652; x_wconf 87' lang='lat' dir='ltr'><strong>QUARTUS</strong></span> 
     </span>
     <span class='ocr_line' id='line_1_17' title="bbox 283 694 2460 737; baseline 0.004 -13"><span class='ocrx_word' id='word_1_92' title='bbox 283 694 440 725; x_wconf 86' lang='lat' dir='ltr'><strong>UTRUM</strong></span> <span class='ocrx_word' id='word_1_93' title='bbox 463 694 583 724; x_wconf 82' lang='lat' dir='ltr'>HAEC</span> <span class='ocrx_word' id='word_1_94' title='bbox 608 694 673 725; x_wconf 84' lang='lat' dir='ltr'>SIT</span> <span class='ocrx_word' id='word_1_95' title='bbox 698 694 974 725; x_wconf 86' lang='lat' dir='ltr'>CONVENIENS</span> <span class='ocrx_word' id='word_1_96' title='bbox 998 694 1151 724; x_wconf 88' lang='lat' dir='ltr'>FORMA</span> <span class='ocrx_word' id='word_1_97' title='bbox 1175 694 1306 725; x_wconf 87' lang='lat' dir='ltr'>HUIUS</span> <span class='ocrx_word' id='word_1_98' title='bbox 1331 694 1628 725; x_wconf 83' lang='lat' dir='ltr'>SACRAMENTI:</span> <span class='ocrx_word' id='word_1_99' title='bbox 1661 695 1894 727; x_wconf 85' lang='lat' dir='ltr'><em>CONSIGNO</em></span> <span class='ocrx_word' id='word_1_100' title='bbox 1921 698 1979 727; x_wconf 84' lang='lat' dir='ltr'>TE</span> <span class='ocrx_word' id='word_1_101' title='bbox 1999 699 2137 729; x_wconf 87' lang='lat' dir='ltr'><em>SIGNO</em></span> <span class='ocrx_word' id='word_1_102' title='bbox 2163 700 2339 737; x_wconf 83' lang='lat' dir='ltr'>CRUCIS,</span> <span class='ocrx_word' id='word_1_103' title='bbox 2363 702 2460 733; x_wconf 85' lang='lat' dir='ltr'>ETC.</span> 
     </span>
    </p>
   </div>
   <div class='ocr_carea' id='block_1_9' title="bbox 451 772 2296 810">
    <p class='ocr_par' dir='ltr' id='par_1_10' title="bbox 451 772 2296 810">
     <span class='ocr_line' id='line_1_18' title="bbox 451 772 2296 810; baseline 0.003 -13"><span class='ocrx_word' id='word_1_104' title='bbox 451 772 525 804; x_wconf 84' lang='lat' dir='ltr'>Infra,</span> <span class='ocrx_word' id='word_1_105' title='bbox 544 781 589 805; x_wconf 94' lang='lat' dir='ltr'>qu.</span> <span class='ocrx_word' id='word_1_106' title='bbox 608 780 705 801; x_wconf 71' lang='lat' dir='ltr'>LxxxW,</span> <span class='ocrx_word' id='word_1_107' title='bbox 724 777 771 797; x_wconf 86' lang='lat' dir='ltr'>art.</span> <span class='ocrx_word' id='word_1_108' title='bbox 792 772 820 803; x_wconf 85' lang='lat'>3;</span> <span class='ocrx_word' id='word_1_109' title='bbox 840 772 873 796; x_wconf 94' lang='lat' dir='ltr'>1V</span> <span class='ocrx_word' id='word_1_110' title='bbox 893 773 975 801; x_wconf 71' lang='lat' dir='ltr'>Sent„</span> <span class='ocrx_word' id='word_1_111' title='bbox 996 772 1054 797; x_wconf 88' lang='lat' dir='ltr'>dist.</span> <span class='ocrx_word' id='word_1_112' title='bbox 1072 779 1115 802; x_wconf 90' lang='lat' dir='ltr'>v11,</span> <span class='ocrx_word' id='word_1_113' title='bbox 1136 780 1179 804; x_wconf 88' lang='lat' dir='ltr'>qu.</span> <span class='ocrx_word' id='word_1_114' title='bbox 1198 779 1215 803; x_wconf 82' lang='lat'>1,</span> <span class='ocrx_word' id='word_1_115' title='bbox 1235 777 1283 797; x_wconf 79' lang='lat' dir='ltr'>art.</span> <span class='ocrx_word' id='word_1_116' title='bbox 1303 772 1326 802; x_wconf 84' lang='grc'>3,</span> <span class='ocrx_word' id='word_1_117' title='bbox 1346 773 1395 805; x_wconf 70' lang='lat' dir='ltr'>qu*</span> <span class='ocrx_word' id='word_1_118' title='bbox 1417 780 1439 803; x_wconf 74' lang='grc' dir='ltr'>ι,</span> <span class='ocrx_word' id='word_1_119' title='bbox 1459 774 1490 797; x_wconf 88' lang='lat' dir='ltr'>ad</span> <span class='ocrx_word' id='word_1_120' title='bbox 1512 773 1542 804; x_wconf 88' lang='lat'>3;</span> <span class='ocrx_word' id='word_1_121' title='bbox 1562 773 1611 806; x_wconf 69' lang='lat' dir='ltr'>qu·</span> <span class='ocrx_word' id='word_1_122' title='bbox 1633 781 1661 803; x_wconf 82' lang='lat'>2;</span> <span class='ocrx_word' id='word_1_123' title='bbox 1681 775 1780 807; x_wconf 87' lang='lat' dir='ltr'>Opusc.</span> <span class='ocrx_word' id='word_1_124' title='bbox 1798 775 1876 806; x_wconf 88' lang='lat' dir='ltr'>XXII,</span> <span class='ocrx_word' id='word_1_125' title='bbox 1897 776 1929 800; x_wconf 81' lang='lat' dir='ltr'>de</span> <span class='ocrx_word' id='word_1_126' title='bbox 1949 777 2039 801; x_wconf 87' lang='lat' dir='ltr'>Form.</span> <span class='ocrx_word' id='word_1_127' title='bbox 2057 777 2184 805; x_wconf 73' lang='lat' dir='ltr'>Absolut..</span> <span class='ocrx_word' id='word_1_128' title='bbox 2205 786 2259 810; x_wconf 89' lang='lat' dir='ltr'>cap.</span> <span class='ocrx_word' id='word_1_129' title='bbox 2279 786 2296 804; x_wconf 88' lang='grc' dir='ltr'>ι.</span> 
     </span>
    </p>
   </div>
   <div class='ocr_carea' id='block_1_10' title="bbox 293 881 450 1051">
    <p class='ocr_par' dir='ltr' id='par_1_11' title="bbox 293 881 450 1051">
     <span class='ocr_line' id='line_1_19' title="bbox 293 881 450 1051; baseline 0 -85"><span class='ocrx_word' id='word_1_130' title='bbox 293 881 450 1051; x_wconf 95' lang='lat' dir='ltr'>   </span> 
     </span>
    </p>
   </div>
   <div class='ocr_carea' id='block_1_11' title="bbox 267 850 1344 3228">
    <p class='ocr_par' dir='ltr' id='par_1_12' title="bbox 279 850 1344 1313">
     <span class='ocr_line' id='line_1_20' title="bbox 318 850 1344 916; baseline 0.001 -28"><span class='ocrx_word' id='word_1_131' title='bbox 318 868 375 901; x_wconf 43' lang='lat'>,3³</span> <span class='ocrx_word' id='word_1_132' title='bbox 401 873 468 916; x_wconf 36' lang='lat' dir='ltr'>st«</span> <span class='ocrx_word' id='word_1_133' title='bbox 492 864 514 888; x_wconf 85' lang='lat' dir='ltr'>D</span> <span class='ocrx_word' id='word_1_134' title='bbox 530 862 701 894; x_wconf 85' lang='lat' dir='ltr'>QUARTUM</span> <span class='ocrx_word' id='word_1_135' title='bbox 720 862 772 887; x_wconf 77' lang='lat' dir='ltr'>sm</span> <span class='ocrx_word' id='word_1_136' title='bbox 791 862 1026 887; x_wconf 80' lang='lat' dir='ltr'>PROCEDITUR.</span> <span class='ocrx_word' id='word_1_137' title='bbox 1056 850 1217 887; x_wconf 91' lang='lat' dir='ltr'>Videtur</span> <span class='ocrx_word' id='word_1_138' title='bbox 1237 850 1344 899; x_wconf 91' lang='lat' dir='ltr'>quod</span> 
     </span>
     <span class='ocr_line' id='line_1_21' title="bbox 306 893 1343 951; baseline -0.001 -11"><span class='ocrx_word' id='word_1_139' title='bbox 306 893 361 948; x_wconf 57' lang='grc' dir='ltr'>’,ἴεν</span> <span class='ocrx_word' id='word_1_140' title='bbox 411 894 470 951; x_wconf 53' lang='lat' dir='ltr'>{iit</span> <span class='ocrx_word' id='word_1_141' title='bbox 492 905 588 940; x_wconf 88' lang='lat' dir='ltr'>haec</span> <span class='ocrx_word' id='word_1_142' title='bbox 616 915 696 939; x_wconf 91' lang='lat' dir='ltr'>non</span> <span class='ocrx_word' id='word_1_143' title='bbox 725 902 770 940; x_wconf 92' lang='lat' dir='ltr'>sit</span> <span class='ocrx_word' id='word_1_144' title='bbox 801 902 1038 940; x_wconf 89' lang='lat' dir='ltr'>conveniens</span> <span class='ocrx_word' id='word_1_145' title='bbox 1065 904 1190 940; x_wconf 89' lang='lat' dir='ltr'>forma</span> <span class='ocrx_word' id='word_1_146' title='bbox 1226 902 1343 939; x_wconf 91' lang='lat' dir='ltr'>huius</span> 
     </span>
     <span class='ocr_line' id='line_1_22' title="bbox 298 939 1341 1006; baseline 0 -14"><span class='ocrx_word' id='word_1_147' title='bbox 298 939 379 1004; x_wconf 40' lang='lat' dir='ltr'>&#39;sss</span> <span class='ocrx_word' id='word_1_148' title='bbox 430 942 735 996; x_wconf 63' lang='lat' dir='ltr'>&#39;fsacramenth</span> <span class='ocrx_word' id='word_1_149' title='bbox 776 957 966 1006; x_wconf 78' lang='lat' dir='ltr'>Consigno</span> <span class='ocrx_word' id='word_1_150' title='bbox 1001 962 1036 992; x_wconf 89' lang='lat' dir='ltr'>te</span> <span class='ocrx_word' id='word_1_151' title='bbox 1068 959 1177 1006; x_wconf 81' lang='lat' dir='ltr'>signo</span> <span class='ocrx_word' id='word_1_152' title='bbox 1210 958 1341 1002; x_wconf 90' lang='lat' dir='ltr'>crucis,</span> 
     </span>
     <span class='ocr_line' id='line_1_23' title="bbox 337 984 1342 1058; baseline 0.001 -13"><span class='ocrx_word' id='word_1_153' title='bbox 337 984 435 1045; x_wconf 44' lang='grc' dir='ltr'>ἔθ’)</span> <span class='ocrx_word' id='word_1_154' title='bbox 450 1001 674 1058; x_wconf 43' lang='lat' dir='ltr'>&amp;confirmo</span> <span class='ocrx_word' id='word_1_155' title='bbox 699 1014 715 1029; x_wconf 63' lang='grc' dir='ltr'><strong>α</strong></span> <span class='ocrx_word' id='word_1_156' title='bbox 748 1015 782 1046; x_wconf 89' lang='lat' dir='ltr'>te</span> <span class='ocrx_word' id='word_1_157' title='bbox 809 1010 1006 1046; x_wconf 84' lang='lat' dir='ltr'>chrismate</span> <span class='ocrx_word' id='word_1_158' title='bbox 1032 1010 1177 1055; x_wconf 87' lang='lat' dir='ltr'>salutis,</span> <span class='ocrx_word' id='word_1_159' title='bbox 1210 1012 1247 1046; x_wconf 89' lang='lat' dir='ltr'>in</span> <span class='ocrx_word' id='word_1_160' title='bbox 1278 1021 1342 1045; x_wconf 93' lang='lat' dir='ltr'>no-</span> 
     </span>
     <span class='ocr_line' id='line_1_24' title="bbox 279 1063 1343 1112; baseline -0.002 -11"><span class='ocrx_word' id='word_1_161' title='bbox 279 1066 381 1102; x_wconf 86' lang='lat' dir='ltr'>mine</span> <span class='ocrx_word' id='word_1_162' title='bbox 398 1065 520 1100; x_wconf 86' lang='lat' dir='ltr'>Patris</span> <span class='ocrx_word' id='word_1_163' title='bbox 539 1068 572 1099; x_wconf 90' lang='lat' dir='ltr'>et</span> <span class='ocrx_word' id='word_1_164' title='bbox 592 1063 677 1099; x_wconf 86' lang='lat' dir='ltr'>Filii</span> <span class='ocrx_word' id='word_1_165' title='bbox 694 1068 727 1098; x_wconf 88' lang='lat' dir='ltr'>et</span> <span class='ocrx_word' id='word_1_166' title='bbox 746 1064 901 1112; x_wconf 86' lang='lat' dir='ltr'>Spiritus</span> <span class='ocrx_word' id='word_1_167' title='bbox 920 1064 1057 1108; x_wconf 85' lang='lat' dir='ltr'>Sancti,</span> <span class='ocrx_word' id='word_1_168' title='bbox 1077 1064 1210 1099; x_wconf 84' lang='lat' dir='ltr'>Amen.</span> <span class='ocrx_word' id='word_1_169' title='bbox 1241 1063 1343 1100; x_wconf 89' lang='lat' dir='ltr'>Usus</span> 
     </span>
     <span class='ocr_line' id='line_1_25' title="bbox 281 1115 1342 1164; baseline -0.003 -9"><span class='ocrx_word' id='word_1_170' title='bbox 281 1116 386 1155; x_wconf 86' lang='lat' dir='ltr'>enim</span> <span class='ocrx_word' id='word_1_171' title='bbox 413 1123 743 1153; x_wconf 89' lang='lat' dir='ltr'>sacramentorum</span> <span class='ocrx_word' id='word_1_172' title='bbox 771 1128 794 1152; x_wconf 91' lang='lat' dir='ltr'>a</span> <span class='ocrx_word' id='word_1_173' title='bbox 823 1115 974 1152; x_wconf 87' lang='lat' dir='ltr'>Christo</span> <span class='ocrx_word' id='word_1_174' title='bbox 1008 1123 1045 1152; x_wconf 91' lang='lat' dir='ltr'>et</span> <span class='ocrx_word' id='word_1_175' title='bbox 1072 1116 1120 1152; x_wconf 92' lang='lat' dir='ltr'>ab</span> <span class='ocrx_word' id='word_1_176' title='bbox 1149 1115 1342 1164; x_wconf 89' lang='lat' dir='ltr'>Apostolis</span> 
     </span>
     <span class='ocr_line' id='line_1_26' title="bbox 281 1168 1341 1217; baseline -0.002 -10"><span class='ocrx_word' id='word_1_177' title='bbox 281 1170 485 1207; x_wconf 89' lang='lat' dir='ltr'>derivatur.</span> <span class='ocrx_word' id='word_1_178' title='bbox 516 1168 592 1206; x_wconf 91' lang='lat' dir='ltr'>Sed</span> <span class='ocrx_word' id='word_1_179' title='bbox 620 1180 747 1217; x_wconf 90' lang='lat' dir='ltr'>neque</span> <span class='ocrx_word' id='word_1_180' title='bbox 777 1168 951 1205; x_wconf 89' lang='lat' dir='ltr'>Christus</span> <span class='ocrx_word' id='word_1_181' title='bbox 973 1169 1073 1206; x_wconf 90' lang='lat' dir='ltr'>hanc</span> <span class='ocrx_word' id='word_1_182' title='bbox 1091 1169 1257 1205; x_wconf 87' lang='lat' dir='ltr'>formam</span> <span class='ocrx_word' id='word_1_183' title='bbox 1286 1169 1341 1205; x_wconf 92' lang='lat' dir='ltr'>in-</span> 
     </span>
     <span class='ocr_line' id='line_1_27' title="bbox 280 1220 1342 1270; baseline -0.001 -10"><span class='ocrx_word' id='word_1_184' title='bbox 280 1222 407 1270; x_wconf 84' lang='lat' dir='ltr'>stituit,</span> <span class='ocrx_word' id='word_1_185' title='bbox 437 1234 508 1259; x_wconf 89' lang='lat' dir='ltr'>nec</span> <span class='ocrx_word' id='word_1_186' title='bbox 535 1220 710 1270; x_wconf 88' lang='lat' dir='ltr'>Apostoli</span> <span class='ocrx_word' id='word_1_187' title='bbox 737 1233 783 1258; x_wconf 88' lang='lat' dir='ltr'>ea</span> <span class='ocrx_word' id='word_1_188' title='bbox 810 1221 870 1258; x_wconf 89' lang='lat' dir='ltr'>usi</span> <span class='ocrx_word' id='word_1_189' title='bbox 898 1223 1085 1269; x_wconf 91' lang='lat' dir='ltr'>leguntur.</span> <span class='ocrx_word' id='word_1_190' title='bbox 1115 1222 1217 1270; x_wconf 88' lang='lat' dir='ltr'>Ergo</span> <span class='ocrx_word' id='word_1_191' title='bbox 1246 1222 1342 1259; x_wconf 89' lang='lat' dir='ltr'>haec</span> 
     </span>
     <span class='ocr_line' id='line_1_28' title="bbox 280 1274 1268 1313; baseline -0.002 0"><span class='ocrx_word' id='word_1_192' title='bbox 280 1287 362 1313; x_wconf 93' lang='lat' dir='ltr'>non</span> <span class='ocrx_word' id='word_1_193' title='bbox 389 1283 445 1313; x_wconf 89' lang='lat' dir='ltr'>est</span> <span class='ocrx_word' id='word_1_194' title='bbox 472 1274 706 1312; x_wconf 89' lang='lat' dir='ltr'>conveniens</span> <span class='ocrx_word' id='word_1_195' title='bbox 734 1274 858 1311; x_wconf 90' lang='lat' dir='ltr'>forma</span> <span class='ocrx_word' id='word_1_196' title='bbox 885 1275 1001 1311; x_wconf 89' lang='lat' dir='ltr'>huius</span> <span class='ocrx_word' id='word_1_197' title='bbox 1030 1275 1268 1312; x_wconf 86' lang='lat' dir='ltr'>sacramenti.</span> 
     </span>
    </p>

    <p class='ocr_par' dir='ltr' id='par_1_13' title="bbox 267 1327 1341 1683">
     <span class='ocr_line' id='line_1_29' title="bbox 335 1327 1341 1374; baseline -0.001 -9"><span class='ocrx_word' id='word_1_198' title='bbox 335 1341 371 1366; x_wconf 92' lang='lat'>2.</span> <span class='ocrx_word' id='word_1_199' title='bbox 405 1329 644 1374; x_wconf 65' lang='lat' dir='ltr'>PRAETEREA,</span> <span class='ocrx_word' id='word_1_200' title='bbox 687 1327 783 1364; x_wconf 90' lang='lat' dir='ltr'>sicut</span> <span class='ocrx_word' id='word_1_201' title='bbox 820 1335 1103 1365; x_wconf 89' lang='lat' dir='ltr'>sacramentum</span> <span class='ocrx_word' id='word_1_202' title='bbox 1145 1335 1200 1364; x_wconf 90' lang='lat' dir='ltr'>est</span> <span class='ocrx_word' id='word_1_203' title='bbox 1238 1328 1341 1364; x_wconf 91' lang='lat' dir='ltr'>idem</span> 
     </span>
     <span class='ocr_line' id='line_1_30' title="bbox 281 1378 1341 1432; baseline -0.001 -14"><span class='ocrx_word' id='word_1_204' title='bbox 281 1382 386 1432; x_wconf 83' lang='lat' dir='ltr'>apud</span> <span class='ocrx_word' id='word_1_205' title='bbox 400 1378 553 1427; x_wconf 78' lang='lat' dir='ltr'>oinnes,</span> <span class='ocrx_word' id='word_1_206' title='bbox 574 1380 624 1418; x_wconf 86' lang='lat' dir='ltr'>ita</span> <span class='ocrx_word' id='word_1_207' title='bbox 643 1388 678 1416; x_wconf 89' lang='lat' dir='ltr'>et</span> <span class='ocrx_word' id='word_1_208' title='bbox 696 1381 820 1417; x_wconf 87' lang='lat' dir='ltr'>forma</span> <span class='ocrx_word' id='word_1_209' title='bbox 839 1381 952 1417; x_wconf 90' lang='lat' dir='ltr'>debet</span> <span class='ocrx_word' id='word_1_210' title='bbox 971 1393 1052 1418; x_wconf 92' lang='lat' dir='ltr'>esse</span> <span class='ocrx_word' id='word_1_211' title='bbox 1073 1381 1226 1417; x_wconf 90' lang='lat' dir='ltr'>eadem:</span> <span class='ocrx_word' id='word_1_212' title='bbox 1251 1380 1341 1430; x_wconf 91' lang='lat' dir='ltr'>quia</span> 
     </span>
     <span class='ocr_line' id='line_1_31' title="bbox 275 1433 1341 1484; baseline -0.001 -12"><span class='ocrx_word' id='word_1_213' title='bbox 275 1434 472 1484; x_wconf 86' lang='lat' dir='ltr'>quaelibet</span> <span class='ocrx_word' id='word_1_214' title='bbox 499 1445 559 1470; x_wconf 92' lang='lat' dir='ltr'>res</span> <span class='ocrx_word' id='word_1_215' title='bbox 586 1433 702 1470; x_wconf 87' lang='lat' dir='ltr'>habet</span> <span class='ocrx_word' id='word_1_216' title='bbox 730 1433 925 1480; x_wconf 90' lang='lat' dir='ltr'>unitatem,</span> <span class='ocrx_word' id='word_1_217' title='bbox 947 1434 1042 1471; x_wconf 89' lang='lat' dir='ltr'>sicut</span> <span class='ocrx_word' id='word_1_218' title='bbox 1061 1441 1097 1470; x_wconf 91' lang='lat' dir='ltr'>et</span> <span class='ocrx_word' id='word_1_219' title='bbox 1116 1446 1209 1481; x_wconf 76' lang='lat' dir='ltr'>esse,</span> <span class='ocrx_word' id='word_1_220' title='bbox 1230 1446 1252 1471; x_wconf 90' lang='lat' dir='ltr'>a</span> <span class='ocrx_word' id='word_1_221' title='bbox 1272 1447 1341 1471; x_wconf 91' lang='lat' dir='ltr'>sua</span> 
     </span>
     <span class='ocr_line' id='line_1_32' title="bbox 278 1486 1340 1536; baseline -0.002 -11"><span class='ocrx_word' id='word_1_222' title='bbox 278 1487 414 1525; x_wconf 85' lang='lat' dir='ltr'>forma.</span> <span class='ocrx_word' id='word_1_223' title='bbox 445 1487 522 1524; x_wconf 92' lang='lat' dir='ltr'>Sed</span> <span class='ocrx_word' id='word_1_224' title='bbox 550 1487 624 1523; x_wconf 91' lang='lat' dir='ltr'>hac</span> <span class='ocrx_word' id='word_1_225' title='bbox 641 1486 766 1523; x_wconf 87' lang='lat' dir='ltr'>forma</span> <span class='ocrx_word' id='word_1_226' title='bbox 794 1498 874 1523; x_wconf 91' lang='lat' dir='ltr'>non</span> <span class='ocrx_word' id='word_1_227' title='bbox 894 1499 1029 1524; x_wconf 89' lang='lat' dir='ltr'>omnes</span> <span class='ocrx_word' id='word_1_228' title='bbox 1049 1494 1227 1523; x_wconf 86' lang='lat' dir='ltr'>utuntur:</span> <span class='ocrx_word' id='word_1_229' title='bbox 1258 1486 1340 1536; x_wconf 90' lang='lat' dir='ltr'>qui-</span> 
     </span>
     <span class='ocr_line' id='line_1_33' title="bbox 268 1539 1340 1587; baseline -0.002 -9"><span class='ocrx_word' id='word_1_230' title='bbox 268 1540 372 1586; x_wconf 72' lang='lat' dir='ltr'>vdam</span> <span class='ocrx_word' id='word_1_231' title='bbox 399 1539 503 1576; x_wconf 90' lang='lat' dir='ltr'>enim</span> <span class='ocrx_word' id='word_1_232' title='bbox 531 1539 681 1576; x_wconf 88' lang='lat' dir='ltr'>dicunt:</span> <span class='ocrx_word' id='word_1_233' title='bbox 716 1541 908 1587; x_wconf 89' lang='lat' dir='ltr'>Confirmo</span> <span class='ocrx_word' id='word_1_234' title='bbox 927 1546 962 1576; x_wconf 90' lang='lat' dir='ltr'>te</span> <span class='ocrx_word' id='word_1_235' title='bbox 988 1541 1184 1576; x_wconf 84' lang='lat' dir='ltr'>chrismate</span> <span class='ocrx_word' id='word_1_236' title='bbox 1210 1542 1340 1576; x_wconf 85' lang='lat' dir='ltr'>sancti-</span> 
     </span>
     <span class='ocr_line' id='line_1_34' title="bbox 267 1592 1341 1643; baseline -0.001 -13"><span class='ocrx_word' id='word_1_237' title='bbox 267 1592 470 1643; x_wconf 88' lang='lat' dir='ltr'>ficationis.</span> <span class='ocrx_word' id='word_1_238' title='bbox 511 1593 612 1639; x_wconf 88' lang='lat' dir='ltr'>Ergo</span> <span class='ocrx_word' id='word_1_239' title='bbox 641 1592 736 1628; x_wconf 93' lang='lat' dir='ltr'>haec</span> <span class='ocrx_word' id='word_1_240' title='bbox 764 1603 844 1628; x_wconf 91' lang='lat' dir='ltr'>non</span> <span class='ocrx_word' id='word_1_241' title='bbox 873 1600 928 1628; x_wconf 90' lang='lat' dir='ltr'>est</span> <span class='ocrx_word' id='word_1_242' title='bbox 955 1592 1189 1629; x_wconf 90' lang='lat' dir='ltr'>conveniens</span> <span class='ocrx_word' id='word_1_243' title='bbox 1217 1593 1341 1629; x_wconf 81' lang='lat' dir='ltr'>forma</span> 
     </span>
     <span class='ocr_line' id='line_1_35' title="bbox 278 1644 660 1683; baseline -0.008 0"><span class='ocrx_word' id='word_1_244' title='bbox 278 1645 396 1683; x_wconf 89' lang='lat' dir='ltr'>huius</span> <span class='ocrx_word' id='word_1_245' title='bbox 423 1644 660 1681; x_wconf 89' lang='lat' dir='ltr'>sacramenti.</span> 
     </span>
    </p>

    <p class='ocr_par' dir='ltr' id='par_1_14' title="bbox 276 1697 1341 1851">
     <span class='ocr_line' id='line_1_36' title="bbox 334 1697 1340 1744; baseline 0.001 -10"><span class='ocrx_word' id='word_1_246' title='bbox 334 1697 367 1734; x_wconf 89' lang='lat'>3.</span> <span class='ocrx_word' id='word_1_247' title='bbox 397 1699 628 1744; x_wconf 72' lang='lat' dir='ltr'>PRAETEREA,</span> <span class='ocrx_word' id='word_1_248' title='bbox 649 1703 933 1734; x_wconf 88' lang='lat' dir='ltr'>sacramentum</span> <span class='ocrx_word' id='word_1_249' title='bbox 952 1697 1028 1733; x_wconf 89' lang='lat' dir='ltr'>hoc</span> <span class='ocrx_word' id='word_1_250' title='bbox 1055 1697 1169 1734; x_wconf 89' lang='lat' dir='ltr'>debet</span> <span class='ocrx_word' id='word_1_251' title='bbox 1191 1698 1340 1735; x_wconf 89' lang='lat' dir='ltr'>confor-</span> 
     </span>
     <span class='ocr_line' id='line_1_37' title="bbox 278 1749 1341 1799; baseline 0 -11"><span class='ocrx_word' id='word_1_252' title='bbox 278 1749 376 1788; x_wconf 86' lang='lat' dir='ltr'>mari</span> <span class='ocrx_word' id='word_1_253' title='bbox 403 1749 594 1799; x_wconf 89' lang='lat' dir='ltr'>baptismo</span> <span class='ocrx_word' id='word_1_254' title='bbox 623 1749 720 1788; x_wconf 90' lang='lat' dir='ltr'>sicut</span> <span class='ocrx_word' id='word_1_255' title='bbox 746 1749 926 1799; x_wconf 82' lang='lat' dir='ltr'>perfectio</span> <span class='ocrx_word' id='word_1_256' title='bbox 947 1749 1179 1798; x_wconf 88' lang='lat' dir='ltr'>perfectibili,</span> <span class='ocrx_word' id='word_1_257' title='bbox 1209 1758 1251 1787; x_wconf 92' lang='lat' dir='ltr'>ut</span> <span class='ocrx_word' id='word_1_258' title='bbox 1279 1763 1341 1788; x_wconf 90' lang='lat' dir='ltr'>su-</span> 
     </span>
     <span class='ocr_line' id='line_1_38' title="bbox 276 1802 1340 1851; baseline 0 -11"><span class='ocrx_word' id='word_1_259' title='bbox 276 1838 279 1843; x_wconf 76' lang='grc'>,</span> <span class='ocrx_word' id='word_1_260' title='bbox 305 1814 348 1840; x_wconf 86' lang='lat' dir='ltr'>ra</span> <span class='ocrx_word' id='word_1_261' title='bbox 364 1802 387 1824; x_wconf 72' lang='lat'>&#39;⁸&#39;</span> <span class='ocrx_word' id='word_1_262' title='bbox 412 1802 558 1840; x_wconf 90' lang='lat' dir='ltr'>dictum</span> <span class='ocrx_word' id='word_1_263' title='bbox 587 1809 652 1839; x_wconf 91' lang='lat' dir='ltr'>est.</span> <span class='ocrx_word' id='word_1_264' title='bbox 697 1803 772 1840; x_wconf 90' lang='lat' dir='ltr'>Sed</span> <span class='ocrx_word' id='word_1_265' title='bbox 801 1802 840 1839; x_wconf 91' lang='lat' dir='ltr'>in</span> <span class='ocrx_word' id='word_1_266' title='bbox 868 1803 992 1839; x_wconf 83' lang='lat' dir='ltr'>forma</span> <span class='ocrx_word' id='word_1_267' title='bbox 1019 1802 1198 1851; x_wconf 85' lang='lat' dir='ltr'>baptismi</span> <span class='ocrx_word' id='word_1_268' title='bbox 1217 1802 1232 1832; x_wconf 69' lang='grc' dir='ltr'>β</span> <span class='ocrx_word' id='word_1_269' title='bbox 1260 1816 1340 1840; x_wconf 90' lang='lat' dir='ltr'>non</span> 
     </span>
    </p>

    <p class='ocr_par' dir='ltr' id='par_1_15' title="bbox 275 1855 1341 2372">
     <span class='ocr_line' id='line_1_39' title="bbox 306 1855 1340 1904; baseline 0.001 -11"><span class='ocrx_word' id='word_1_270' title='bbox 306 1855 480 1894; x_wconf 87' lang='lat' dir='ltr'>tmentio</span> <span class='ocrx_word' id='word_1_271' title='bbox 495 1856 543 1892; x_wconf 91' lang='lat' dir='ltr'>de</span> <span class='ocrx_word' id='word_1_272' title='bbox 562 1855 847 1904; x_wconf 88' lang='lat' dir='ltr'>consignatione</span> <span class='ocrx_word' id='word_1_273' title='bbox 867 1855 1114 1902; x_wconf 89' lang='lat' dir='ltr'>characteris;</span> <span class='ocrx_word' id='word_1_274' title='bbox 1135 1869 1207 1893; x_wconf 89' lang='lat' dir='ltr'>nec</span> <span class='ocrx_word' id='word_1_275' title='bbox 1226 1856 1340 1894; x_wconf 90' lang='lat' dir='ltr'>etiam</span> 
     </span>
     <span class='ocr_line' id='line_1_40' title="bbox 277 1908 1340 1959; baseline 0 -12"><span class='ocrx_word' id='word_1_276' title='bbox 277 1909 326 1947; x_wconf 90' lang='lat' dir='ltr'>de</span> <span class='ocrx_word' id='word_1_277' title='bbox 361 1921 474 1946; x_wconf 88' lang='lat' dir='ltr'>cruce</span> <span class='ocrx_word' id='word_1_278' title='bbox 511 1908 670 1955; x_wconf 82' lang='lat' dir='ltr'>Christi,</span> <span class='ocrx_word' id='word_1_279' title='bbox 707 1921 798 1946; x_wconf 93' lang='lat' dir='ltr'>cum</span> <span class='ocrx_word' id='word_1_280' title='bbox 833 1917 963 1946; x_wconf 90' lang='lat' dir='ltr'>tamen</span> <span class='ocrx_word' id='word_1_281' title='bbox 999 1921 1070 1958; x_wconf 90' lang='lat' dir='ltr'>per</span> <span class='ocrx_word' id='word_1_282' title='bbox 1103 1909 1340 1959; x_wconf 87' lang='lat' dir='ltr'>baptismum</span> 
     </span>
     <span class='ocr_line' id='line_1_41' title="bbox 277 1961 1339 2011; baseline 0 -11"><span class='ocrx_word' id='word_1_283' title='bbox 277 1961 399 2000; x_wconf 86' lang='lat' dir='ltr'>homo</span> <span class='ocrx_word' id='word_1_284' title='bbox 429 1961 581 1999; x_wconf 90' lang='lat' dir='ltr'>Christo</span> <span class='ocrx_word' id='word_1_285' title='bbox 610 1961 904 2009; x_wconf 88' lang='lat' dir='ltr'>commoriatur,</span> <span class='ocrx_word' id='word_1_286' title='bbox 934 1970 977 1998; x_wconf 91' lang='lat' dir='ltr'>ut</span> <span class='ocrx_word' id='word_1_287' title='bbox 1003 1963 1212 2011; x_wconf 90' lang='lat' dir='ltr'>Apostolus</span> <span class='ocrx_word' id='word_1_288' title='bbox 1240 1963 1339 2011; x_wconf 86' lang='lat' dir='ltr'>dicit,</span> 
     </span>
     <span class='ocr_line' id='line_1_42' title="bbox 276 2014 1339 2064; baseline 0 -11"><span class='ocrx_word' id='word_1_289' title='bbox 276 2014 388 2054; x_wconf 81' lang='lat' dir='ltr'>Rom.</span> <span class='ocrx_word' id='word_1_290' title='bbox 403 2028 438 2052; x_wconf 81' lang='lat' dir='ltr'>VI</span> <span class='ocrx_word' id='word_1_291' title='bbox 455 2015 491 2062; x_wconf 75' lang='lat'>*3</span> <span class='ocrx_word' id='word_1_292' title='bbox 522 2027 594 2051; x_wconf 92' lang='lat' dir='ltr'>nec</span> <span class='ocrx_word' id='word_1_293' title='bbox 613 2014 728 2052; x_wconf 87' lang='lat' dir='ltr'>etiam</span> <span class='ocrx_word' id='word_1_294' title='bbox 746 2015 789 2052; x_wconf 90' lang='lat' dir='ltr'>fit</span> <span class='ocrx_word' id='word_1_295' title='bbox 807 2015 953 2052; x_wconf 87' lang='lat' dir='ltr'>mentio</span> <span class='ocrx_word' id='word_1_296' title='bbox 973 2016 1020 2052; x_wconf 92' lang='lat' dir='ltr'>de</span> <span class='ocrx_word' id='word_1_297' title='bbox 1041 2015 1179 2053; x_wconf 85' lang='lat' dir='ltr'>effectu</span> <span class='ocrx_word' id='word_1_298' title='bbox 1199 2016 1339 2064; x_wconf 91' lang='lat' dir='ltr'>salutis,</span> 
     </span>
     <span class='ocr_line' id='line_1_43' title="bbox 277 2068 1338 2117; baseline 0 -11"><span class='ocrx_word' id='word_1_299' title='bbox 277 2080 368 2106; x_wconf 86' lang='lat' dir='ltr'>curn</span> <span class='ocrx_word' id='word_1_300' title='bbox 396 2075 526 2106; x_wconf 90' lang='lat' dir='ltr'>tamen</span> <span class='ocrx_word' id='word_1_301' title='bbox 554 2068 768 2117; x_wconf 87' lang='lat' dir='ltr'>baptismus</span> <span class='ocrx_word' id='word_1_302' title='bbox 796 2068 841 2105; x_wconf 90' lang='lat' dir='ltr'>sit</span> <span class='ocrx_word' id='word_1_303' title='bbox 873 2069 921 2105; x_wconf 91' lang='lat' dir='ltr'>de</span> <span class='ocrx_word' id='word_1_304' title='bbox 950 2068 1170 2112; x_wconf 77' lang='lat' dir='ltr'>necessitate</span> <span class='ocrx_word' id='word_1_305' title='bbox 1199 2069 1338 2107; x_wconf 87' lang='lat' dir='ltr'>salutis.</span> 
     </span>
     <span class='ocr_line' id='line_1_44' title="bbox 276 2121 1340 2171; baseline 0.001 -13"><span class='ocrx_word' id='word_1_306' title='bbox 276 2121 320 2171; x_wconf 79' lang='lat' dir='ltr'>In</span> <span class='ocrx_word' id='word_1_307' title='bbox 346 2121 471 2158; x_wconf 85' lang='lat' dir='ltr'>forma</span> <span class='ocrx_word' id='word_1_308' title='bbox 490 2121 604 2158; x_wconf 91' lang='lat' dir='ltr'>etiam</span> <span class='ocrx_word' id='word_1_309' title='bbox 623 2121 801 2171; x_wconf 90' lang='lat' dir='ltr'>baptismi</span> <span class='ocrx_word' id='word_1_310' title='bbox 829 2121 986 2170; x_wconf 87' lang='lat' dir='ltr'>ponitur</span> <span class='ocrx_word' id='word_1_311' title='bbox 1004 2134 1106 2158; x_wconf 91' lang='lat' dir='ltr'>unus</span> <span class='ocrx_word' id='word_1_312' title='bbox 1126 2129 1232 2159; x_wconf 87' lang='lat' dir='ltr'>actus</span> <span class='ocrx_word' id='word_1_313' title='bbox 1260 2131 1340 2160; x_wconf 91' lang='lat' dir='ltr'>tan-</span> 
     </span>
     <span class='ocr_line' id='line_1_45' title="bbox 275 2173 1339 2224; baseline 0.001 -12"><span class='ocrx_word' id='word_1_314' title='bbox 275 2180 379 2221; x_wconf 87' lang='lat' dir='ltr'>tum;</span> <span class='ocrx_word' id='word_1_315' title='bbox 409 2182 446 2211; x_wconf 89' lang='lat' dir='ltr'>et</span> <span class='ocrx_word' id='word_1_316' title='bbox 473 2173 699 2224; x_wconf 89' lang='lat' dir='ltr'>exprimitur</span> <span class='ocrx_word' id='word_1_317' title='bbox 725 2186 892 2224; x_wconf 89' lang='lat' dir='ltr'>persona</span> <span class='ocrx_word' id='word_1_318' title='bbox 920 2174 1155 2224; x_wconf 85' lang='lat' dir='ltr'>baptizantis,</span> <span class='ocrx_word' id='word_1_319' title='bbox 1176 2187 1267 2212; x_wconf 90' lang='lat' dir='ltr'>curn</span> <span class='ocrx_word' id='word_1_320' title='bbox 1287 2176 1339 2213; x_wconf 93' lang='lat' dir='ltr'>di-</span> 
     </span>
     <span class='ocr_line' id='line_1_46' title="bbox 277 2226 1341 2278; baseline 0 -12"><span class='ocrx_word' id='word_1_321' title='bbox 277 2226 386 2275; x_wconf 79' lang='lat' dir='ltr'>citur,</span> <span class='ocrx_word' id='word_1_322' title='bbox 414 2229 501 2278; x_wconf 79' lang='lat' dir='ltr'>Ego</span> <span class='ocrx_word' id='word_1_323' title='bbox 527 2233 562 2264; x_wconf 88' lang='lat' dir='ltr'>te</span> <span class='ocrx_word' id='word_1_324' title='bbox 588 2229 750 2278; x_wconf 73' lang='lat' dir='ltr'>bapli{0;</span> <span class='ocrx_word' id='word_1_325' title='bbox 782 2227 892 2265; x_wconf 92' lang='lat' dir='ltr'>cuius</span> <span class='ocrx_word' id='word_1_326' title='bbox 920 2228 1155 2264; x_wconf 90' lang='lat' dir='ltr'>contrarium</span> <span class='ocrx_word' id='word_1_327' title='bbox 1183 2237 1341 2277; x_wconf 91' lang='lat' dir='ltr'>apparet</span> 
     </span>
     <span class='ocr_line' id='line_1_47' title="bbox 277 2279 1340 2330; baseline 0 -12"><span class='ocrx_word' id='word_1_328' title='bbox 277 2279 317 2318; x_wconf 88' lang='lat' dir='ltr'>in</span> <span class='ocrx_word' id='word_1_329' title='bbox 352 2281 477 2318; x_wconf 86' lang='lat' dir='ltr'>forma</span> <span class='ocrx_word' id='word_1_330' title='bbox 512 2280 716 2330; x_wconf 92' lang='lat' dir='ltr'>praedicta.</span> <span class='ocrx_word' id='word_1_331' title='bbox 760 2281 852 2318; x_wconf 92' lang='lat' dir='ltr'>Non</span> <span class='ocrx_word' id='word_1_332' title='bbox 885 2293 974 2329; x_wconf 86' lang='lat' dir='ltr'>ergo</span> <span class='ocrx_word' id='word_1_333' title='bbox 1013 2289 1068 2317; x_wconf 93' lang='lat' dir='ltr'>est</span> <span class='ocrx_word' id='word_1_334' title='bbox 1105 2281 1340 2319; x_wconf 88' lang='lat' dir='ltr'>conveniens</span> 
     </span>
     <span class='ocr_line' id='line_1_48' title="bbox 275 2332 810 2372; baseline -0.004 0"><span class='ocrx_word' id='word_1_335' title='bbox 275 2332 401 2372; x_wconf 84' lang='lat' dir='ltr'>forma</span> <span class='ocrx_word' id='word_1_336' title='bbox 428 2333 544 2370; x_wconf 91' lang='lat' dir='ltr'>huius</span> <span class='ocrx_word' id='word_1_337' title='bbox 573 2333 810 2370; x_wconf 89' lang='lat' dir='ltr'>sacramenti.</span> 
     </span>
    </p>

    <p class='ocr_par' dir='ltr' id='par_1_16' title="bbox 277 2386 1339 2477">
     <span class='ocr_line' id='line_1_49' title="bbox 332 2386 1339 2439; baseline 0.002 -16"><span class='ocrx_word' id='word_1_338' title='bbox 332 2387 406 2424; x_wconf 80' lang='lat' dir='ltr'>SED</span> <span class='ocrx_word' id='word_1_339' title='bbox 427 2399 572 2439; x_wconf 49' lang='lat' dir='ltr'>CONQLRA</span> <span class='ocrx_word' id='word_1_340' title='bbox 592 2399 658 2423; x_wconf 85' lang='lat' dir='ltr'>EST</span> <span class='ocrx_word' id='word_1_341' title='bbox 677 2386 880 2424; x_wconf 88' lang='lat' dir='ltr'>auctoritas</span> <span class='ocrx_word' id='word_1_342' title='bbox 908 2387 1112 2434; x_wconf 87' lang='lat' dir='ltr'>Ecclesiae,</span> <span class='ocrx_word' id='word_1_343' title='bbox 1143 2399 1242 2436; x_wconf 92' lang='lat' dir='ltr'>quae</span> <span class='ocrx_word' id='word_1_344' title='bbox 1266 2389 1339 2425; x_wconf 89' lang='lat' dir='ltr'>hac</span> 
     </span>
     <span class='ocr_line' id='line_1_50' title="bbox 277 2438 843 2477; baseline 0 -1"><span class='ocrx_word' id='word_1_345' title='bbox 277 2438 402 2477; x_wconf 85' lang='lat' dir='ltr'>forma</span> <span class='ocrx_word' id='word_1_346' title='bbox 429 2439 689 2476; x_wconf 89' lang='lat' dir='ltr'>communiter</span> <span class='ocrx_word' id='word_1_347' title='bbox 715 2439 843 2477; x_wconf 90' lang='lat' dir='ltr'>utitur.</span> 
     </span>
    </p>

    <p class='ocr_par' dir='ltr' id='par_1_17' title="bbox 274 2493 1339 3228">
     <span class='ocr_line' id='line_1_51' title="bbox 329 2493 1339 2542; baseline 0.002 -13"><span class='ocrx_word' id='word_1_348' title='bbox 329 2493 554 2530; x_wconf 74' lang='lat' dir='ltr'>RESPONDEO</span> <span class='ocrx_word' id='word_1_349' title='bbox 578 2504 758 2530; x_wconf 80' lang='lat' dir='ltr'>mCENDUM</span> <span class='ocrx_word' id='word_1_350' title='bbox 787 2493 894 2542; x_wconf 90' lang='lat' dir='ltr'>quod</span> <span class='ocrx_word' id='word_1_351' title='bbox 920 2493 1114 2542; x_wconf 89' lang='lat' dir='ltr'>praedicta</span> <span class='ocrx_word' id='word_1_352' title='bbox 1132 2493 1256 2531; x_wconf 91' lang='lat' dir='ltr'>sorma</span> <span class='ocrx_word' id='word_1_353' title='bbox 1285 2502 1339 2531; x_wconf 90' lang='lat' dir='ltr'>est</span> 
     </span>
     <span class='ocr_line' id='line_1_52' title="bbox 277 2545 1339 2584; baseline 0.003 -3"><span class='ocrx_word' id='word_1_354' title='bbox 277 2545 513 2582; x_wconf 89' lang='lat' dir='ltr'>conveniens</span> <span class='ocrx_word' id='word_1_355' title='bbox 541 2545 632 2582; x_wconf 92' lang='lat' dir='ltr'>huic</span> <span class='ocrx_word' id='word_1_356' title='bbox 659 2554 909 2583; x_wconf 88' lang='lat' dir='ltr'>sacramento.</span> <span class='ocrx_word' id='word_1_357' title='bbox 950 2546 1055 2584; x_wconf 91' lang='lat' dir='ltr'>Sicut</span> <span class='ocrx_word' id='word_1_358' title='bbox 1083 2546 1187 2583; x_wconf 90' lang='lat' dir='ltr'>enim</span> <span class='ocrx_word' id='word_1_359' title='bbox 1214 2547 1339 2584; x_wconf 85' lang='lat' dir='ltr'>forma</span> 
     </span>
     <span class='ocr_line' id='line_1_53' title="bbox 277 2597 1338 2648; baseline 0.003 -14"><span class='ocrx_word' id='word_1_360' title='bbox 277 2597 332 2635; x_wconf 91' lang='lat' dir='ltr'>rei</span> <span class='ocrx_word' id='word_1_361' title='bbox 360 2597 540 2635; x_wconf 89' lang='lat' dir='ltr'>naturalis</span> <span class='ocrx_word' id='word_1_362' title='bbox 559 2598 623 2634; x_wconf 87' lang='lat' dir='ltr'>dat</span> <span class='ocrx_word' id='word_1_363' title='bbox 641 2598 676 2635; x_wconf 89' lang='lat' dir='ltr'>ei</span> <span class='ocrx_word' id='word_1_364' title='bbox 695 2598 874 2648; x_wconf 89' lang='lat' dir='ltr'>speciem,</span> <span class='ocrx_word' id='word_1_365' title='bbox 895 2599 946 2636; x_wconf 88' lang='lat' dir='ltr'>ita</span> <span class='ocrx_word' id='word_1_366' title='bbox 963 2600 1088 2636; x_wconf 87' lang='lat' dir='ltr'>forma</span> <span class='ocrx_word' id='word_1_367' title='bbox 1111 2600 1338 2637; x_wconf 87' lang='lat' dir='ltr'>sacramenti</span> 
     </span>
     <span class='ocr_line' id='line_1_54' title="bbox 277 2650 1338 2702; baseline 0.003 -15"><span class='ocrx_word' id='word_1_368' title='bbox 277 2650 472 2688; x_wconf 87' lang='lat' dir='ltr'>continere</span> <span class='ocrx_word' id='word_1_369' title='bbox 497 2650 609 2687; x_wconf 89' lang='lat' dir='ltr'>debet</span> <span class='ocrx_word' id='word_1_370' title='bbox 637 2650 825 2701; x_wconf 92' lang='lat' dir='ltr'>quidquid</span> <span class='ocrx_word' id='word_1_371' title='bbox 844 2652 1006 2701; x_wconf 89' lang='lat' dir='ltr'>pertinet</span> <span class='ocrx_word' id='word_1_372' title='bbox 1024 2653 1073 2689; x_wconf 91' lang='lat' dir='ltr'>ad</span> <span class='ocrx_word' id='word_1_373' title='bbox 1093 2653 1261 2702; x_wconf 90' lang='lat' dir='ltr'>speciem</span> <span class='ocrx_word' id='word_1_374' title='bbox 1281 2666 1338 2690; x_wconf 90' lang='lat' dir='ltr'>sa—</span> 
     </span>
     <span class='ocr_line' id='line_1_55' title="bbox 277 2703 1336 2755; baseline 0.003 -15"><span class='ocrx_word' id='word_1_375' title='bbox 277 2703 473 2741; x_wconf 88' lang='lat' dir='ltr'>cramenti.</span> <span class='ocrx_word' id='word_1_376' title='bbox 518 2703 624 2740; x_wconf 90' lang='lat' dir='ltr'>Sicut</span> <span class='ocrx_word' id='word_1_377' title='bbox 655 2711 785 2741; x_wconf 89' lang='lat' dir='ltr'>autem</span> <span class='ocrx_word' id='word_1_378' title='bbox 822 2717 869 2742; x_wconf 86' lang='lat' dir='ltr'>ex</span> <span class='ocrx_word' id='word_1_379' title='bbox 897 2717 1013 2754; x_wconf 89' lang='lat' dir='ltr'>supra</span> <span class='ocrx_word' id='word_1_380' title='bbox 1031 2705 1051 2727; x_wconf 82' lang='grc'><strong>*</strong></span> <span class='ocrx_word' id='word_1_381' title='bbox 1078 2705 1186 2743; x_wconf 90' lang='lat' dir='ltr'>dictis</span> <span class='ocrx_word' id='word_1_382' title='bbox 1222 2714 1336 2755; x_wconf 87' lang='lat' dir='ltr'>patet,</span> 
     </span>
     <span class='ocr_line' id='line_1_56' title="bbox 277 2755 1337 2807; baseline 0.004 -15"><span class='ocrx_word' id='word_1_383' title='bbox 277 2755 317 2793; x_wconf 90' lang='lat' dir='ltr'>in</span> <span class='ocrx_word' id='word_1_384' title='bbox 354 2757 430 2793; x_wconf 92' lang='lat' dir='ltr'>hoc</span> <span class='ocrx_word' id='word_1_385' title='bbox 466 2764 705 2794; x_wconf 89' lang='lat' dir='ltr'>sacramento</span> <span class='ocrx_word' id='word_1_386' title='bbox 743 2757 870 2796; x_wconf 74' lang='lat' dir='ltr'>datur,</span> <span class='ocrx_word' id='word_1_387' title='bbox 891 2758 1053 2807; x_wconf 87' lang='lat' dir='ltr'>Spiritus</span> <span class='ocrx_word' id='word_1_388' title='bbox 1091 2759 1252 2796; x_wconf 90' lang='lat' dir='ltr'>Sanctus</span> <span class='ocrx_word' id='word_1_389' title='bbox 1289 2760 1337 2796; x_wconf 92' lang='lat' dir='ltr'>ad</span> 
     </span>
     <span class='ocr_line' id='line_1_57' title="bbox 276 2809 1337 2859; baseline 0.003 -13"><span class='ocrx_word' id='word_1_390' title='bbox 276 2809 398 2846; x_wconf 89' lang='lat' dir='ltr'>robur</span> <span class='ocrx_word' id='word_1_391' title='bbox 424 2809 626 2858; x_wconf 90' lang='lat' dir='ltr'>spiritualis</span> <span class='ocrx_word' id='word_1_392' title='bbox 653 2821 817 2859; x_wconf 85' lang='lat' dir='ltr'>pugnae.</span> <span class='ocrx_word' id='word_1_393' title='bbox 852 2811 900 2847; x_wconf 87' lang='lat' dir='ltr'>Et</span> <span class='ocrx_word' id='word_1_394' title='bbox 927 2810 1015 2847; x_wconf 89' lang='lat' dir='ltr'>ideo</span> <span class='ocrx_word' id='word_1_395' title='bbox 1044 2810 1083 2847; x_wconf 92' lang='lat' dir='ltr'>in</span> <span class='ocrx_word' id='word_1_396' title='bbox 1111 2812 1188 2848; x_wconf 90' lang='lat' dir='ltr'>hoc</span> <span class='ocrx_word' id='word_1_397' title='bbox 1215 2824 1337 2849; x_wconf 89' lang='lat' dir='ltr'>sacra-</span> 
     </span>
     <span class='ocr_line' id='line_1_58' title="bbox 276 2862 1337 2912; baseline 0.003 -14"><span class='ocrx_word' id='word_1_398' title='bbox 276 2869 409 2899; x_wconf 90' lang='lat' dir='ltr'>mento</span> <span class='ocrx_word' id='word_1_399' title='bbox 437 2862 507 2899; x_wconf 90' lang='lat' dir='ltr'>tria</span> <span class='ocrx_word' id='word_1_400' title='bbox 535 2870 623 2899; x_wconf 92' lang='lat' dir='ltr'>sunt</span> <span class='ocrx_word' id='word_1_401' title='bbox 651 2863 875 2910; x_wconf 88' lang='lat' dir='ltr'>necessaria,</span> <span class='ocrx_word' id='word_1_402' title='bbox 904 2875 1004 2912; x_wconf 90' lang='lat' dir='ltr'>quae</span> <span class='ocrx_word' id='word_1_403' title='bbox 1028 2863 1272 2901; x_wconf 90' lang='lat' dir='ltr'>continentur</span> <span class='ocrx_word' id='word_1_404' title='bbox 1298 2864 1337 2901; x_wconf 93' lang='lat' dir='ltr'>in</span> 
     </span>
     <span class='ocr_line' id='line_1_59' title="bbox 275 2915 1336 2965; baseline 0.002 -13"><span class='ocrx_word' id='word_1_405' title='bbox 275 2915 400 2952; x_wconf 88' lang='lat' dir='ltr'>forma</span> <span class='ocrx_word' id='word_1_406' title='bbox 418 2915 623 2965; x_wconf 90' lang='lat' dir='ltr'>praedicta.</span> <span class='ocrx_word' id='word_1_407' title='bbox 645 2915 827 2963; x_wconf 91' lang='lat' dir='ltr'>Quorum</span> <span class='ocrx_word' id='word_1_408' title='bbox 846 2915 1018 2965; x_wconf 91' lang='lat' dir='ltr'>primum</span> <span class='ocrx_word' id='word_1_409' title='bbox 1038 2924 1093 2953; x_wconf 90' lang='lat' dir='ltr'>est</span> <span class='ocrx_word' id='word_1_410' title='bbox 1111 2929 1227 2954; x_wconf 90' lang='lat' dir='ltr'>causa</span> <span class='ocrx_word' id='word_1_411' title='bbox 1246 2929 1336 2954; x_wconf 92' lang='lat' dir='ltr'>con-</span> 
     </span>
     <span class='ocr_line' id='line_1_60' title="bbox 274 2966 1338 3019; baseline 0.001 -14"><span class='ocrx_word' id='word_1_412' title='bbox 274 2966 399 3005; x_wconf 88' lang='lat' dir='ltr'>ferens</span> <span class='ocrx_word' id='word_1_413' title='bbox 426 2968 706 3017; x_wconf 89' lang='lat' dir='ltr'>plenitudinem</span> <span class='ocrx_word' id='word_1_414' title='bbox 734 2969 883 3006; x_wconf 89' lang='lat' dir='ltr'>roboris</span> <span class='ocrx_word' id='word_1_415' title='bbox 912 2969 1125 3018; x_wconf 88' lang='lat' dir='ltr'>spiritualis,</span> <span class='ocrx_word' id='word_1_416' title='bbox 1155 2982 1254 3019; x_wconf 89' lang='lat' dir='ltr'>quae</span> <span class='ocrx_word' id='word_1_417' title='bbox 1283 2977 1338 3007; x_wconf 89' lang='lat' dir='ltr'>est</span> 
     </span>
     <span class='ocr_line' id='line_1_61' title="bbox 275 3021 1335 3071; baseline 0.001 -13"><span class='ocrx_word' id='word_1_418' title='bbox 275 3029 405 3059; x_wconf 88' lang='lat' dir='ltr'>sancta</span> <span class='ocrx_word' id='word_1_419' title='bbox 437 3021 614 3058; x_wconf 90' lang='lat' dir='ltr'>Trinitas.</span> <span class='ocrx_word' id='word_1_420' title='bbox 651 3022 762 3068; x_wconf 91' lang='lat' dir='ltr'>Quae</span> <span class='ocrx_word' id='word_1_421' title='bbox 796 3021 1021 3071; x_wconf 86' lang='lat' dir='ltr'>exprimitur</span> <span class='ocrx_word' id='word_1_422' title='bbox 1051 3035 1142 3059; x_wconf 90' lang='lat' dir='ltr'>cum</span> <span class='ocrx_word' id='word_1_423' title='bbox 1179 3022 1335 3070; x_wconf 88' lang='lat' dir='ltr'>dicitur,</span> 
     </span>
     <span class='ocr_line' id='line_1_62' title="bbox 275 3075 1336 3124; baseline 0.001 -13"><span class='ocrx_word' id='word_1_424' title='bbox 275 3075 313 3112; x_wconf 85' lang='lat' dir='ltr'>in</span> <span class='ocrx_word' id='word_1_425' title='bbox 352 3077 503 3112; x_wconf 87' lang='lat' dir='ltr'>nomine</span> <span class='ocrx_word' id='word_1_426' title='bbox 538 3076 659 3112; x_wconf 87' lang='lat' dir='ltr'>Patris</span> <span class='ocrx_word' id='word_1_427' title='bbox 686 3082 755 3112; x_wconf 92' lang='lat' dir='ltr'>etc.</span> <span class='ocrx_word' id='word_1_428' title='bbox 795 3096 818 3102; x_wconf 95' lang='lat'><em>—</em></span> <span class='ocrx_word' id='word_1_429' title='bbox 857 3076 1083 3112; x_wconf 89' lang='lat' dir='ltr'>Secundum</span> <span class='ocrx_word' id='word_1_430' title='bbox 1118 3083 1173 3112; x_wconf 90' lang='lat' dir='ltr'>est</span> <span class='ocrx_word' id='word_1_431' title='bbox 1207 3075 1336 3124; x_wconf 93' lang='lat' dir='ltr'>ipsum</span> 
     </span>
     <span class='ocr_line' id='line_1_63' title="bbox 275 3126 1336 3178; baseline 0.001 -14"><span class='ocrx_word' id='word_1_432' title='bbox 275 3126 626 3177; x_wconf 78' lang='lat' dir='ltr'>robur-spirituale,</span> <span class='ocrx_word' id='word_1_433' title='bbox 656 3128 763 3177; x_wconf 93' lang='lat' dir='ltr'>quod</span> <span class='ocrx_word' id='word_1_434' title='bbox 792 3128 941 3165; x_wconf 91' lang='lat' dir='ltr'>homini</span> <span class='ocrx_word' id='word_1_435' title='bbox 970 3128 1162 3165; x_wconf 90' lang='lat' dir='ltr'>confertur</span> <span class='ocrx_word' id='word_1_436' title='bbox 1188 3140 1259 3178; x_wconf 91' lang='lat' dir='ltr'>per</span> <span class='ocrx_word' id='word_1_437' title='bbox 1279 3141 1336 3166; x_wconf 89' lang='lat' dir='ltr'>sa-</span> 
     </span>
     <span class='ocr_line' id='line_1_64' title="bbox 275 3180 1336 3228; baseline 0.002 -11"><span class='ocrx_word' id='word_1_438' title='bbox 275 3187 516 3218; x_wconf 90' lang='lat' dir='ltr'>cramentum</span> <span class='ocrx_word' id='word_1_439' title='bbox 543 3181 724 3218; x_wconf 89' lang='lat' dir='ltr'>materiae</span> <span class='ocrx_word' id='word_1_440' title='bbox 752 3180 908 3219; x_wconf 87' lang='lat' dir='ltr'>visibilis</span> <span class='ocrx_word' id='word_1_441' title='bbox 937 3182 985 3218; x_wconf 93' lang='lat' dir='ltr'>ad</span> <span class='ocrx_word' id='word_1_442' title='bbox 1013 3182 1185 3218; x_wconf 90' lang='lat' dir='ltr'>salutem.</span> <span class='ocrx_word' id='word_1_443' title='bbox 1217 3181 1336 3228; x_wconf 91' lang='lat' dir='ltr'>Quod</span> 
     </span>
    </p>
   </div>
   <div class='ocr_carea' id='block_1_12' title="bbox 273 3293 1338 3539">
    <p class='ocr_par' dir='ltr' id='par_1_18' title="bbox 273 3293 1338 3539">
     <span class='ocr_line' id='line_1_65' title="bbox 328 3293 1338 3328; baseline 0.002 -10"><span class='ocrx_word' id='word_1_444' title='bbox 328 3295 356 3325; x_wconf 83' lang='grc' dir='ltr'>α)</span> <span class='ocrx_word' id='word_1_445' title='bbox 374 3293 511 3326; x_wconf 80' lang='lat' dir='ltr'>confirmo.</span> <span class='ocrx_word' id='word_1_446' title='bbox 534 3308 554 3312; x_wconf 98' lang='lat'>—</span> <span class='ocrx_word' id='word_1_447' title='bbox 576 3297 603 3319; x_wconf 90' lang='lat' dir='ltr'>et</span> <span class='ocrx_word' id='word_1_448' title='bbox 626 3294 754 3327; x_wconf 76' lang='lat' dir='ltr'>confirmo</span> <span class='ocrx_word' id='word_1_449' title='bbox 774 3294 794 3319; x_wconf 73' lang='lat' dir='ltr'>F</span> <span class='ocrx_word' id='word_1_450' title='bbox 813 3299 838 3319; x_wconf 90' lang='lat' dir='ltr'>et</span> <span class='ocrx_word' id='word_1_451' title='bbox 861 3294 934 3319; x_wconf 84' lang='lat' dir='ltr'>tertia</span> <span class='ocrx_word' id='word_1_452' title='bbox 961 3300 1063 3328; x_wconf 82' lang='lat' dir='ltr'>praeter</span> <span class='ocrx_word' id='word_1_453' title='bbox 1081 3295 1105 3326; x_wconf 84' lang='lat' dir='ltr'>l;</span> <span class='ocrx_word' id='word_1_454' title='bbox 1131 3295 1163 3320; x_wconf 85' lang='lat' dir='ltr'>cf.</span> <span class='ocrx_word' id='word_1_455' title='bbox 1186 3303 1230 3328; x_wconf 91' lang='lat' dir='ltr'>qu.</span> <span class='ocrx_word' id='word_1_456' title='bbox 1248 3302 1338 3320; x_wconf 67' lang='lat' dir='ltr'>1.me</span> 
     </span>
     <span class='ocr_line' id='line_1_66' title="bbox 274 3328 535 3362; baseline -0.004 -7"><span class='ocrx_word' id='word_1_457' title='bbox 274 3333 323 3355; x_wconf 73' lang='lat' dir='ltr'>nrt.</span> <span class='ocrx_word' id='word_1_458' title='bbox 342 3328 356 3354; x_wconf 80' lang='lat'>3</span> <span class='ocrx_word' id='word_1_459' title='bbox 375 3336 446 3362; x_wconf 77' lang='grc' dir='ltr'>σοι-ρ.</span> <span class='ocrx_word' id='word_1_460' title='bbox 465 3329 535 3354; x_wconf 82' lang='lat' dir='ltr'>med.</span> 
     </span>
     <span class='ocr_line' id='line_1_67' title="bbox 329 3363 1338 3399; baseline 0.004 -11"><span class='ocrx_word' id='word_1_461' title='bbox 329 3363 354 3398; x_wconf 88' lang='grc' dir='ltr'>β)</span> <span class='ocrx_word' id='word_1_462' title='bbox 374 3364 507 3397; x_wconf 77' lang='lat' dir='ltr'>baptismi.</span> <span class='ocrx_word' id='word_1_463' title='bbox 523 3378 543 3383; x_wconf 91' lang='lat'><em>-</em></span> <span class='ocrx_word' id='word_1_464' title='bbox 560 3364 621 3389; x_wconf 80' lang='lat' dir='ltr'>EFa</span> <span class='ocrx_word' id='word_1_465' title='bbox 640 3369 666 3389; x_wconf 89' lang='lat' dir='ltr'>et</span> <span class='ocrx_word' id='word_1_466' title='bbox 683 3365 771 3396; x_wconf 81' lang='lat' dir='ltr'>tertia;</span> <span class='ocrx_word' id='word_1_467' title='bbox 796 3373 849 3390; x_wconf 90' lang='lat' dir='ltr'>om.</span> <span class='ocrx_word' id='word_1_468' title='bbox 869 3366 950 3397; x_wconf 84' lang='lat' dir='ltr'>ABC;</span> <span class='ocrx_word' id='word_1_469' title='bbox 975 3367 1022 3392; x_wconf 82' lang='lat' dir='ltr'>sed</span> <span class='ocrx_word' id='word_1_470' title='bbox 1047 3366 1073 3390; x_wconf 81' lang='lat' dir='ltr'>in</span> <span class='ocrx_word' id='word_1_471' title='bbox 1091 3367 1187 3399; x_wconf 85' lang='lat' dir='ltr'>forma</span> <span class='ocrx_word' id='word_1_472' title='bbox 1212 3366 1338 3399; x_wconf 73' lang='lat' dir='ltr'>baptismi</span> 
     </span>
     <span class='ocr_line' id='line_1_68' title="bbox 321 3399 1023 3435; baseline 0.001 -9"><span class='ocrx_word' id='word_1_473' title='bbox 321 3417 328 3426; x_wconf 89' lang='lat'>.</span> <span class='ocrx_word' id='word_1_474' title='bbox 345 3399 378 3425; x_wconf 91' lang='lat' dir='ltr'>D.</span> <span class='ocrx_word' id='word_1_475' title='bbox 395 3413 414 3418; x_wconf 90' lang='lat'>-</span> <span class='ocrx_word' id='word_1_476' title='bbox 433 3399 483 3424; x_wconf 81' lang='lat' dir='ltr'>Pro</span> <span class='ocrx_word' id='word_1_477' title='bbox 500 3400 709 3433; x_wconf 74' lang='lat' dir='ltr'>consignatione,</span> <span class='ocrx_word' id='word_1_478' title='bbox 728 3401 976 3435; x_wconf 70' lang='lat' dir='ltr'>consignificatione</span> <span class='ocrx_word' id='word_1_479' title='bbox 994 3403 1023 3427; x_wconf 88' lang='grc' dir='ltr'>Β.</span> 
     </span>
     <span class='ocr_line' id='line_1_69' title="bbox 326 3434 1336 3471; baseline 0.002 -11"><span class='ocrx_word' id='word_1_480' title='bbox 326 3434 354 3469; x_wconf 85' lang='grc' dir='ltr'>γ)</span> <span class='ocrx_word' id='word_1_481' title='bbox 372 3435 448 3460; x_wconf 83' lang='lat' dir='ltr'>sicut.</span> <span class='ocrx_word' id='word_1_482' title='bbox 460 3449 479 3453; x_wconf 98' lang='lat'>-</span> <span class='ocrx_word' id='word_1_483' title='bbox 491 3435 552 3460; x_wconf 90' lang='lat' dir='ltr'>Om.</span> <span class='ocrx_word' id='word_1_484' title='bbox 571 3435 645 3461; x_wconf 83' lang='lat' dir='ltr'>PFsI.</span> <span class='ocrx_word' id='word_1_485' title='bbox 657 3450 676 3454; x_wconf 97' lang='lat'>—</span> <span class='ocrx_word' id='word_1_486' title='bbox 689 3436 739 3461; x_wconf 82' lang='lat' dir='ltr'>Pro</span> <span class='ocrx_word' id='word_1_487' title='bbox 756 3437 848 3470; x_wconf 70' lang='lat' dir='ltr'>sfgnis,</span> <span class='ocrx_word' id='word_1_488' title='bbox 863 3437 976 3471; x_wconf 76' lang='lat' dir='ltr'>insignis</span> <span class='ocrx_word' id='word_1_489' title='bbox 989 3438 1076 3470; x_wconf 75' lang='lat' dir='ltr'>Gl-lpl,</span> <span class='ocrx_word' id='word_1_490' title='bbox 1090 3437 1116 3462; x_wconf 85' lang='lat' dir='ltr'>in</span> <span class='ocrx_word' id='word_1_491' title='bbox 1131 3437 1216 3470; x_wconf 83' lang='lat' dir='ltr'>signis</span> <span class='ocrx_word' id='word_1_492' title='bbox 1234 3438 1257 3466; x_wconf 78' lang='lat' dir='ltr'>b,</span> <span class='ocrx_word' id='word_1_493' title='bbox 1273 3437 1336 3462; x_wconf 80' lang='lat' dir='ltr'>insi-</span> 
     </span>
     <span class='ocr_line' id='line_1_70' title="bbox 312 3470 406 3496; baseline 0.011 -1"><span class='ocrx_word' id='word_1_494' title='bbox 312 3470 345 3495; x_wconf 79' lang='lat' dir='ltr'>iis</span> <span class='ocrx_word' id='word_1_495' title='bbox 364 3470 406 3496; x_wconf 81' lang='lat' dir='ltr'>Pe.</span> 
     </span>
     <span class='ocr_line' id='line_1_71' title="bbox 273 3477 840 3539; baseline 0.005 -10"><span class='ocrx_word' id='word_1_496' title='bbox 273 3477 310 3503; x_wconf 64' lang='lat' dir='ltr'>gn</span> <span class='ocrx_word' id='word_1_497' title='bbox 327 3504 354 3539; x_wconf 80' lang='grc' dir='ltr'>ὃ)</span> <span class='ocrx_word' id='word_1_498' title='bbox 371 3505 505 3539; x_wconf 77' lang='lat' dir='ltr'>consectis.</span> <span class='ocrx_word' id='word_1_499' title='bbox 522 3520 543 3524; x_wconf 98' lang='lat'>-</span> <span class='ocrx_word' id='word_1_500' title='bbox 559 3505 658 3539; x_wconf 80' lang='lat' dir='ltr'>effectis</span> <span class='ocrx_word' id='word_1_501' title='bbox 677 3507 696 3531; x_wconf 83' lang='lat' dir='ltr'>F</span> <span class='ocrx_word' id='word_1_502' title='bbox 715 3512 740 3532; x_wconf 87' lang='lat' dir='ltr'>et</span> <span class='ocrx_word' id='word_1_503' title='bbox 757 3507 840 3532; x_wconf 82' lang='lat' dir='ltr'>tertia.</span> 
     </span>
    </p>
   </div>
   <div class='ocr_carea' id='block_1_13' title="bbox 416 3557 932 3586">
    <p class='ocr_par' dir='ltr' id='par_1_19' title="bbox 416 3557 932 3586">
     <span class='ocr_line' id='line_1_72' title="bbox 416 3557 932 3586; baseline 0.008 -4"><span class='ocrx_word' id='word_1_504' title='bbox 416 3557 526 3583; x_wconf 72' lang='lat' dir='ltr'>Smuun</span> <span class='ocrx_word' id='word_1_505' title='bbox 544 3558 646 3584; x_wconf 71' lang='lat' dir='ltr'>Tuam..</span> <span class='ocrx_word' id='word_1_506' title='bbox 661 3559 692 3584; x_wconf 91' lang='lat' dir='ltr'>D.</span> <span class='ocrx_word' id='word_1_507' title='bbox 705 3558 820 3584; x_wconf 70' lang='lat' dir='ltr'>&#39;rnomn</span> <span class='ocrx_word' id='word_1_508' title='bbox 839 3560 871 3586; x_wconf 89' lang='grc' dir='ltr'>Τ.</span> <span class='ocrx_word' id='word_1_509' title='bbox 890 3561 932 3586; x_wconf 85' lang='grc' dir='ltr'>ΙΧ.</span> 
     </span>
    </p>
   </div>
   <div class='ocr_carea' id='block_1_14' title="bbox 274 3407 319 3425">
    <p class='ocr_par' dir='ltr' id='par_1_20' title="bbox 274 3407 319 3425">
     <span class='ocr_line' id='line_1_73' title="bbox 274 3407 319 3425; baseline -0.022 0"><span class='ocrx_word' id='word_1_510' title='bbox 274 3407 319 3425; x_wconf 77' lang='lat' dir='ltr'>om</span> 
     </span>
    </p>
   </div>
   <div class='ocr_carea' id='block_1_15' title="bbox 1391 851 2460 1579">
    <p class='ocr_par' dir='ltr' id='par_1_21' title="bbox 1396 851 2460 1168">
     <span class='ocr_line' id='line_1_74' title="bbox 1399 851 2460 905; baseline 0.008 -18"><span class='ocrx_word' id='word_1_511' title='bbox 1399 851 1559 900; x_wconf 90' lang='lat' dir='ltr'>quidem</span> <span class='ocrx_word' id='word_1_512' title='bbox 1591 852 1756 901; x_wconf 86' lang='lat' dir='ltr'>tangitur</span> <span class='ocrx_word' id='word_1_513' title='bbox 1783 865 1874 890; x_wconf 92' lang='lat' dir='ltr'>cum</span> <span class='ocrx_word' id='word_1_514' title='bbox 1902 854 2056 901; x_wconf 90' lang='lat' dir='ltr'>dicitur,</span> <span class='ocrx_word' id='word_1_515' title='bbox 2092 859 2276 905; x_wconf 90' lang='lat' dir='ltr'>confirmo</span> <span class='ocrx_word' id='word_1_516' title='bbox 2304 865 2338 895; x_wconf 89' lang='lat' dir='ltr'>te</span> <span class='ocrx_word' id='word_1_517' title='bbox 2364 861 2460 896; x_wconf 77' lang='lat' dir='ltr'>clu-i-</span> 
     </span>
     <span class='ocr_line' id='line_1_75' title="bbox 1397 906 2460 960; baseline 0.008 -19"><span class='ocrx_word' id='word_1_518' title='bbox 1397 910 1514 941; x_wconf 86' lang='lat' dir='ltr'>smate</span> <span class='ocrx_word' id='word_1_519' title='bbox 1530 906 1666 942; x_wconf 90' lang='lat' dir='ltr'>salutis.</span> <span class='ocrx_word' id='word_1_520' title='bbox 1693 928 1718 932; x_wconf 92' lang='lat'>—</span> <span class='ocrx_word' id='word_1_521' title='bbox 1746 906 1923 943; x_wconf 89' lang='lat' dir='ltr'>Tertium</span> <span class='ocrx_word' id='word_1_522' title='bbox 1943 915 1998 944; x_wconf 90' lang='lat' dir='ltr'>est</span> <span class='ocrx_word' id='word_1_523' title='bbox 2017 908 2167 956; x_wconf 88' lang='lat' dir='ltr'>signum</span> <span class='ocrx_word' id='word_1_524' title='bbox 2189 911 2296 959; x_wconf 93' lang='lat' dir='ltr'>quod</span> <span class='ocrx_word' id='word_1_525' title='bbox 2315 924 2460 960; x_wconf 87' lang='lat' dir='ltr'>pugna-</span> 
     </span>
     <span class='ocr_line' id='line_1_76' title="bbox 1397 957 2460 1011; baseline 0.008 -18"><span class='ocrx_word' id='word_1_526' title='bbox 1397 957 1470 994; x_wconf 91' lang='lat' dir='ltr'>tori</span> <span class='ocrx_word' id='word_1_527' title='bbox 1489 958 1611 1005; x_wconf 91' lang='lat' dir='ltr'>datur,</span> <span class='ocrx_word' id='word_1_528' title='bbox 1632 959 1729 996; x_wconf 92' lang='lat' dir='ltr'>sicut</span> <span class='ocrx_word' id='word_1_529' title='bbox 1748 967 1784 996; x_wconf 93' lang='lat' dir='ltr'>et</span> <span class='ocrx_word' id='word_1_530' title='bbox 1803 959 1842 996; x_wconf 94' lang='lat' dir='ltr'>in</span> <span class='ocrx_word' id='word_1_531' title='bbox 1861 972 1991 1009; x_wconf 87' lang='lat' dir='ltr'>pugna</span> <span class='ocrx_word' id='word_1_532' title='bbox 2010 963 2219 1011; x_wconf 89' lang='lat' dir='ltr'>corporali:</span> <span class='ocrx_word' id='word_1_533' title='bbox 2241 963 2336 1001; x_wconf 89' lang='lat' dir='ltr'>sicut</span> <span class='ocrx_word' id='word_1_534' title='bbox 2355 970 2370 993; x_wconf 78' lang='grc' dir='ltr'><strong>Υ</strong></span> <span class='ocrx_word' id='word_1_535' title='bbox 2390 965 2460 1002; x_wconf 89' lang='lat' dir='ltr'>rni-</span> 
     </span>
     <span class='ocr_line' id='line_1_77' title="bbox 1397 1010 2459 1065; baseline 0.009 -19"><span class='ocrx_word' id='word_1_536' title='bbox 1397 1010 1479 1047; x_wconf 89' lang='lat' dir='ltr'>lites</span> <span class='ocrx_word' id='word_1_537' title='bbox 1499 1011 1613 1059; x_wconf 89' lang='lat' dir='ltr'>signis</span> <span class='ocrx_word' id='word_1_538' title='bbox 1642 1012 1788 1049; x_wconf 91' lang='lat' dir='ltr'>ducum</span> <span class='ocrx_word' id='word_1_539' title='bbox 1821 1012 2087 1061; x_wconf 86' lang='lat' dir='ltr'>insigniuntur.</span> <span class='ocrx_word' id='word_1_540' title='bbox 2125 1017 2173 1052; x_wconf 91' lang='lat' dir='ltr'>Et</span> <span class='ocrx_word' id='word_1_541' title='bbox 2201 1025 2390 1065; x_wconf 90' lang='lat' dir='ltr'>quantum</span> <span class='ocrx_word' id='word_1_542' title='bbox 2411 1019 2459 1056; x_wconf 91' lang='lat' dir='ltr'>ad</span> 
     </span>
     <span class='ocr_line' id='line_1_78' title="bbox 1398 1064 2459 1119; baseline 0.008 -19"><span class='ocrx_word' id='word_1_543' title='bbox 1398 1064 1473 1100; x_wconf 91' lang='lat' dir='ltr'>hoc</span> <span class='ocrx_word' id='word_1_544' title='bbox 1493 1064 1640 1111; x_wconf 89' lang='lat' dir='ltr'>dicitur,</span> <span class='ocrx_word' id='word_1_545' title='bbox 1665 1067 1855 1116; x_wconf 79' lang='lat' dir='ltr'>Consigno</span> <span class='ocrx_word' id='word_1_546' title='bbox 1879 1073 1913 1103; x_wconf 91' lang='lat' dir='ltr'>te</span> <span class='ocrx_word' id='word_1_547' title='bbox 1930 1069 2040 1117; x_wconf 83' lang='lat' dir='ltr'>signo</span> <span class='ocrx_word' id='word_1_548' title='bbox 2063 1071 2204 1106; x_wconf 88' lang='lat' dir='ltr'>crucis:</span> <span class='ocrx_word' id='word_1_549' title='bbox 2231 1069 2270 1106; x_wconf 91' lang='lat' dir='ltr'>in</span> <span class='ocrx_word' id='word_1_550' title='bbox 2290 1083 2369 1119; x_wconf 93' lang='lat' dir='ltr'>quo</span> <span class='ocrx_word' id='word_1_551' title='bbox 2390 1072 2459 1109; x_wconf 91' lang='lat' dir='ltr'>sci-</span> 
     </span>
     <span class='ocr_line' id='line_1_79' title="bbox 1396 1116 2456 1168; baseline 0.008 -15"><span class='ocrx_word' id='word_1_552' title='bbox 1396 1116 1482 1153; x_wconf 91' lang='lat' dir='ltr'>licet</span> <span class='ocrx_word' id='word_1_553' title='bbox 1499 1119 1587 1154; x_wconf 86' lang='lat' dir='ltr'>Rex</span> <span class='ocrx_word' id='word_1_554' title='bbox 1605 1125 1728 1155; x_wconf 85' lang='lat' dir='ltr'>noster</span> <span class='ocrx_word' id='word_1_555' title='bbox 1745 1122 1994 1168; x_wconf 84' lang='lat' dir='ltr'>triumphavit,</span> <span class='ocrx_word' id='word_1_556' title='bbox 2016 1129 2058 1157; x_wconf 87' lang='lat' dir='ltr'>ut</span> <span class='ocrx_word' id='word_1_557' title='bbox 2077 1122 2214 1159; x_wconf 88' lang='lat' dir='ltr'>dicitur</span> <span class='ocrx_word' id='word_1_558' title='bbox 2236 1125 2373 1161; x_wconf 87' lang='lat' dir='ltr'>Coloss.</span> <span class='ocrx_word' id='word_1_559' title='bbox 2390 1137 2411 1162; x_wconf 82' lang='grc' dir='ltr'>ιι</span> <span class='ocrx_word' id='word_1_560' title='bbox 2425 1125 2456 1162; x_wconf 79' lang='grc'>*.</span> 
     </span>
    </p>

    <p class='ocr_par' dir='ltr' id='par_1_22' title="bbox 1391 1171 2459 1579">
     <span class='ocr_line' id='line_1_80' title="bbox 1450 1171 2459 1226; baseline 0.009 -20"><span class='ocrx_word' id='word_1_561' title='bbox 1450 1171 1507 1206; x_wconf 82' lang='lat' dir='ltr'>AD</span> <span class='ocrx_word' id='word_1_562' title='bbox 1536 1183 1672 1208; x_wconf 79' lang='lat' dir='ltr'>PRIMUM</span> <span class='ocrx_word' id='word_1_563' title='bbox 1701 1184 1798 1209; x_wconf 79' lang='lat' dir='ltr'>ERGO</span> <span class='ocrx_word' id='word_1_564' title='bbox 1828 1185 2009 1224; x_wconf 70' lang='lat' dir='ltr'>DlCENDuM</span> <span class='ocrx_word' id='word_1_565' title='bbox 2038 1175 2155 1223; x_wconf 83' lang='lat' dir='ltr'>quod,</span> <span class='ocrx_word' id='word_1_566' title='bbox 2186 1176 2281 1213; x_wconf 89' lang='lat' dir='ltr'>sicut</span> <span class='ocrx_word' id='word_1_567' title='bbox 2309 1178 2459 1226; x_wconf 81' lang='lat' dir='ltr'>supra*</span> 
     </span>
     <span class='ocr_line' id='line_1_81' title="bbox 1396 1222 2457 1279; baseline 0.008 -20"><span class='ocrx_word' id='word_1_568' title='bbox 1396 1222 1542 1260; x_wconf 92' lang='lat' dir='ltr'>dictum</span> <span class='ocrx_word' id='word_1_569' title='bbox 1571 1232 1636 1271; x_wconf 89' lang='lat' dir='ltr'>est,</span> <span class='ocrx_word' id='word_1_570' title='bbox 1666 1237 1736 1274; x_wconf 90' lang='lat' dir='ltr'>per</span> <span class='ocrx_word' id='word_1_571' title='bbox 1758 1225 2012 1263; x_wconf 90' lang='lat' dir='ltr'>ministerium</span> <span class='ocrx_word' id='word_1_572' title='bbox 2031 1229 2308 1276; x_wconf 90' lang='lat' dir='ltr'>Apostolorum</span> <span class='ocrx_word' id='word_1_573' title='bbox 2337 1243 2457 1279; x_wconf 92' lang='lat' dir='ltr'>quan-</span> 
     </span>
     <span class='ocr_line' id='line_1_82' title="bbox 1396 1275 2458 1329; baseline 0.008 -17"><span class='ocrx_word' id='word_1_574' title='bbox 1396 1275 1526 1325; x_wconf 86' lang='lat' dir='ltr'>doque</span> <span class='ocrx_word' id='word_1_575' title='bbox 1554 1277 1718 1314; x_wconf 89' lang='lat' dir='ltr'>dabatur</span> <span class='ocrx_word' id='word_1_576' title='bbox 1745 1279 1902 1315; x_wconf 88' lang='lat' dir='ltr'>effectus</span> <span class='ocrx_word' id='word_1_577' title='bbox 1921 1279 2037 1316; x_wconf 91' lang='lat' dir='ltr'>huius</span> <span class='ocrx_word' id='word_1_578' title='bbox 2057 1283 2294 1329; x_wconf 84' lang='lat' dir='ltr'>sacramenti,</span> <span class='ocrx_word' id='word_1_579' title='bbox 2320 1283 2458 1321; x_wconf 89' lang='lat' dir='ltr'>scilicet</span> 
     </span>
     <span class='ocr_line' id='line_1_83' title="bbox 1395 1329 2458 1382; baseline 0.008 -17"><span class='ocrx_word' id='word_1_580' title='bbox 1395 1329 1594 1377; x_wconf 92' lang='lat' dir='ltr'>plenitudo</span> <span class='ocrx_word' id='word_1_581' title='bbox 1625 1330 1786 1379; x_wconf 89' lang='lat' dir='ltr'>Spiritus</span> <span class='ocrx_word' id='word_1_582' title='bbox 1815 1332 1954 1378; x_wconf 88' lang='lat' dir='ltr'>Sancti,</span> <span class='ocrx_word' id='word_1_583' title='bbox 1985 1333 2217 1382; x_wconf 90' lang='lat' dir='ltr'>quibusdam</span> <span class='ocrx_word' id='word_1_584' title='bbox 2246 1336 2458 1374; x_wconf 91' lang='lat' dir='ltr'>visibilibus</span> 
     </span>
     <span class='ocr_line' id='line_1_84' title="bbox 1396 1381 2457 1438; baseline 0.008 -20"><span class='ocrx_word' id='word_1_585' title='bbox 1396 1381 1509 1429; x_wconf 89' lang='lat' dir='ltr'>signis</span> <span class='ocrx_word' id='word_1_586' title='bbox 1529 1382 1758 1421; x_wconf 87' lang='lat' dir='ltr'>miraculose</span> <span class='ocrx_word' id='word_1_587' title='bbox 1778 1397 1800 1421; x_wconf 93' lang='lat' dir='ltr'>a</span> <span class='ocrx_word' id='word_1_588' title='bbox 1819 1385 1904 1422; x_wconf 91' lang='lat' dir='ltr'>Deo</span> <span class='ocrx_word' id='word_1_589' title='bbox 1923 1386 2102 1423; x_wconf 85' lang='lat' dir='ltr'>confectis</span> <span class='ocrx_word' id='word_1_590' title='bbox 2125 1386 2148 1434; x_wconf 63' lang='grc' dir='ltr'>ὅ,</span> <span class='ocrx_word' id='word_1_591' title='bbox 2171 1388 2237 1437; x_wconf 93' lang='lat' dir='ltr'>qui</span> <span class='ocrx_word' id='word_1_592' title='bbox 2264 1397 2388 1438; x_wconf 91' lang='lat' dir='ltr'>potest</span> <span class='ocrx_word' id='word_1_593' title='bbox 2407 1390 2457 1427; x_wconf 90' lang='lat' dir='ltr'>ef-</span> 
     </span>
     <span class='ocr_line' id='line_1_85' title="bbox 1394 1434 2458 1480; baseline 0.009 -10"><span class='ocrx_word' id='word_1_594' title='bbox 1394 1434 1536 1471; x_wconf 89' lang='lat' dir='ltr'>fectum</span> <span class='ocrx_word' id='word_1_595' title='bbox 1565 1437 1791 1473; x_wconf 89' lang='lat' dir='ltr'>sacramenti</span> <span class='ocrx_word' id='word_1_596' title='bbox 1819 1437 1900 1475; x_wconf 90' lang='lat' dir='ltr'>sine</span> <span class='ocrx_word' id='word_1_597' title='bbox 1929 1448 2168 1477; x_wconf 87' lang='lat' dir='ltr'>sacramento</span> <span class='ocrx_word' id='word_1_598' title='bbox 2197 1442 2380 1479; x_wconf 90' lang='lat' dir='ltr'>conferre.</span> <span class='ocrx_word' id='word_1_599' title='bbox 2410 1444 2458 1480; x_wconf 92' lang='lat' dir='ltr'>Et</span> 
     </span>
     <span class='ocr_line' id='line_1_86' title="bbox 1391 1490 2458 1533; baseline 0.009 -10"><span class='ocrx_word' id='word_1_600' title='bbox 1391 1495 1486 1524; x_wconf 85' lang='lat' dir='ltr'>tunc</span> <span class='ocrx_word' id='word_1_601' title='bbox 1513 1500 1594 1525; x_wconf 91' lang='lat' dir='ltr'>non</span> <span class='ocrx_word' id='word_1_602' title='bbox 1622 1497 1701 1526; x_wconf 91' lang='lat' dir='ltr'>erat</span> <span class='ocrx_word' id='word_1_603' title='bbox 1725 1490 1937 1528; x_wconf 89' lang='lat' dir='ltr'>necessaria</span> <span class='ocrx_word' id='word_1_604' title='bbox 1964 1504 2035 1528; x_wconf 92' lang='lat' dir='ltr'>nec</span> <span class='ocrx_word' id='word_1_605' title='bbox 2062 1493 2220 1530; x_wconf 90' lang='lat' dir='ltr'>materia</span> <span class='ocrx_word' id='word_1_606' title='bbox 2242 1507 2313 1531; x_wconf 89' lang='lat' dir='ltr'>nec</span> <span class='ocrx_word' id='word_1_607' title='bbox 2334 1495 2458 1533; x_wconf 88' lang='lat' dir='ltr'>forma</span> 
     </span>
     <span class='ocr_line' id='line_1_87' title="bbox 1395 1540 1778 1579; baseline 0.008 -3"><span class='ocrx_word' id='word_1_608' title='bbox 1395 1540 1511 1577; x_wconf 89' lang='lat' dir='ltr'>huius</span> <span class='ocrx_word' id='word_1_609' title='bbox 1540 1543 1778 1579; x_wconf 89' lang='lat' dir='ltr'>sacramenti.</span> 
     </span>
    </p>
   </div>
   <div class='ocr_carea' id='block_1_16' title="bbox 1448 1594 2457 1646">
    <p class='ocr_par' dir='ltr' id='par_1_23' title="bbox 1448 1594 2457 1646">
     <span class='ocr_line' id='line_1_88' title="bbox 1448 1594 2457 1646; baseline 0.009 -17"><span class='ocrx_word' id='word_1_610' title='bbox 1448 1594 1696 1643; x_wconf 87' lang='lat' dir='ltr'>Quandoque</span> <span class='ocrx_word' id='word_1_611' title='bbox 1732 1603 1863 1632; x_wconf 87' lang='lat' dir='ltr'>autern</span> <span class='ocrx_word' id='word_1_612' title='bbox 1895 1604 2080 1646; x_wconf 90' lang='lat' dir='ltr'>tanquam</span> <span class='ocrx_word' id='word_1_613' title='bbox 2115 1598 2276 1636; x_wconf 89' lang='lat' dir='ltr'>ministri</span> <span class='ocrx_word' id='word_1_614' title='bbox 2295 1605 2307 1620; x_wconf 64' lang='lat'>‘-</span> <span class='ocrx_word' id='word_1_615' title='bbox 2336 1613 2457 1638; x_wconf 88' lang='lat' dir='ltr'>sacra-</span> 
     </span>
    </p>
   </div>
   <div class='ocr_carea' id='block_1_17' title="bbox 1394 1648 2698 1699">
    <p class='ocr_par' dir='ltr' id='par_1_24' title="bbox 1394 1648 2698 1699">
     <span class='ocr_line' id='line_1_89' title="bbox 1394 1648 2698 1699; baseline 0.005 -18"><span class='ocrx_word' id='word_1_616' title='bbox 1394 1653 1617 1683; x_wconf 87' lang='lat' dir='ltr'>mentorum</span> <span class='ocrx_word' id='word_1_617' title='bbox 1654 1648 1729 1684; x_wconf 91' lang='lat' dir='ltr'>hoc</span> <span class='ocrx_word' id='word_1_618' title='bbox 1766 1657 2049 1694; x_wconf 86' lang='lat' dir='ltr'>sacramentum</span> <span class='ocrx_word' id='word_1_619' title='bbox 2089 1651 2323 1699; x_wconf 86' lang='lat' dir='ltr'>praebebant</span> <span class='ocrx_word' id='word_1_620' title='bbox 2341 1653 2372 1689; x_wconf 71' lang='lat'>²¹².</span> <span class='ocrx_word' id='word_1_621' title='bbox 2411 1655 2459 1690; x_wconf 92' lang='lat' dir='ltr'>Et</span> <span class='ocrx_word' id='word_1_622' title='bbox 2485 1659 2698 1687; x_wconf 55' lang='lat' dir='ltr'>‘Cf-Actcap-vm</span> 
     </span>
    </p>
   </div>
   <div class='ocr_carea' id='block_1_18' title="bbox 2485 1692 2653 1714">
    <p class='ocr_par' dir='ltr' id='par_1_25' title="bbox 2485 1692 2653 1714">
     <span class='ocr_line' id='line_1_90' title="bbox 2485 1692 2653 1714; baseline 0.012 -8"><span class='ocrx_word' id='word_1_623' title='bbox 2485 1692 2544 1707; x_wconf 74' lang='lat' dir='ltr'>vers.</span> <span class='ocrx_word' id='word_1_624' title='bbox 2562 1693 2588 1712; x_wconf 75' lang='lat'>¹4</span> <span class='ocrx_word' id='word_1_625' title='bbox 2602 1692 2653 1714; x_wconf 83' lang='lat' dir='ltr'>sqq.</span> 
     </span>
    </p>
   </div>
   <div class='ocr_carea' id='block_1_19' title="bbox 1389 1699 2458 3232">
    <p class='ocr_par' dir='ltr' id='par_1_26' title="bbox 1393 1699 2458 2387">
     <span class='ocr_line' id='line_1_91' title="bbox 1394 1699 2458 1747; baseline 0.008 -13"><span class='ocrx_word' id='word_1_626' title='bbox 1394 1706 1496 1744; x_wconf 82' lang='lat' dir='ltr'>tunc,</span> <span class='ocrx_word' id='word_1_627' title='bbox 1513 1699 1609 1736; x_wconf 91' lang='lat' dir='ltr'>sicut</span> <span class='ocrx_word' id='word_1_628' title='bbox 1628 1700 1797 1747; x_wconf 89' lang='lat' dir='ltr'>materia,</span> <span class='ocrx_word' id='word_1_629' title='bbox 1814 1701 1863 1739; x_wconf 90' lang='lat' dir='ltr'>ita</span> <span class='ocrx_word' id='word_1_630' title='bbox 1883 1710 1919 1738; x_wconf 91' lang='lat' dir='ltr'>et</span> <span class='ocrx_word' id='word_1_631' title='bbox 1937 1703 2061 1740; x_wconf 87' lang='lat' dir='ltr'>forma</span> <span class='ocrx_word' id='word_1_632' title='bbox 2082 1716 2127 1740; x_wconf 87' lang='lat' dir='ltr'>ex</span> <span class='ocrx_word' id='word_1_633' title='bbox 2146 1705 2328 1742; x_wconf 91' lang='lat' dir='ltr'>mandato</span> <span class='ocrx_word' id='word_1_634' title='bbox 2350 1706 2458 1743; x_wconf 85' lang='lat' dir='ltr'>Chri-</span> 
     </span>
     <span class='ocr_line' id='line_1_92' title="bbox 1394 1751 2458 1807; baseline 0.008 -20"><span class='ocrx_word' id='word_1_635' title='bbox 1394 1751 1439 1787; x_wconf 91' lang='lat' dir='ltr'>sti</span> <span class='ocrx_word' id='word_1_636' title='bbox 1462 1752 1677 1789; x_wconf 88' lang='lat' dir='ltr'>utebantur.</span> <span class='ocrx_word' id='word_1_637' title='bbox 1707 1754 1830 1790; x_wconf 91' lang='lat' dir='ltr'>Multa</span> <span class='ocrx_word' id='word_1_638' title='bbox 1858 1755 1961 1791; x_wconf 91' lang='lat' dir='ltr'>enim</span> <span class='ocrx_word' id='word_1_639' title='bbox 1990 1757 2193 1793; x_wconf 85' lang='lat' dir='ltr'>servabant</span> <span class='ocrx_word' id='word_1_640' title='bbox 2218 1758 2391 1807; x_wconf 90' lang='lat' dir='ltr'>Apostoli</span> <span class='ocrx_word' id='word_1_641' title='bbox 2419 1759 2458 1796; x_wconf 92' lang='lat' dir='ltr'>in</span> 
     </span>
     <span class='ocr_line' id='line_1_93' title="bbox 1394 1807 2458 1859; baseline 0.008 -19"><span class='ocrx_word' id='word_1_642' title='bbox 1394 1813 1723 1842; x_wconf 88' lang='lat' dir='ltr'>sacramentorum</span> <span class='ocrx_word' id='word_1_643' title='bbox 1743 1807 1942 1844; x_wconf 90' lang='lat' dir='ltr'>collatione</span> <span class='ocrx_word' id='word_1_644' title='bbox 1958 1821 2057 1857; x_wconf 91' lang='lat' dir='ltr'>quae</span> <span class='ocrx_word' id='word_1_645' title='bbox 2072 1809 2111 1846; x_wconf 93' lang='lat' dir='ltr'>in</span> <span class='ocrx_word' id='word_1_646' title='bbox 2132 1810 2334 1859; x_wconf 91' lang='lat' dir='ltr'>Scripturis</span> <span class='ocrx_word' id='word_1_647' title='bbox 2353 1823 2458 1849; x_wconf 89' lang='lat' dir='ltr'>corn-</span> 
     </span>
     <span class='ocr_line' id='line_1_94' title="bbox 1393 1857 2456 1908; baseline 0.008 -15"><span class='ocrx_word' id='word_1_648' title='bbox 1393 1857 1561 1902; x_wconf 86' lang='lat' dir='ltr'>muniter</span> <span class='ocrx_word' id='word_1_649' title='bbox 1587 1859 1793 1908; x_wconf 90' lang='lat' dir='ltr'>propositis</span> <span class='ocrx_word' id='word_1_650' title='bbox 1821 1872 1902 1897; x_wconf 93' lang='lat' dir='ltr'>non</span> <span class='ocrx_word' id='word_1_651' title='bbox 1931 1870 2019 1898; x_wconf 91' lang='lat' dir='ltr'>sunt</span> <span class='ocrx_word' id='word_1_652' title='bbox 2046 1862 2192 1900; x_wconf 90' lang='lat' dir='ltr'>tradita.</span> <span class='ocrx_word' id='word_1_653' title='bbox 2222 1864 2334 1901; x_wconf 89' lang='lat' dir='ltr'>Unde</span> <span class='ocrx_word' id='word_1_654' title='bbox 2363 1865 2456 1902; x_wconf 90' lang='lat' dir='ltr'>Dio-</span> 
     </span>
     <span class='ocr_line' id='line_1_95' title="bbox 1393 1911 2457 1960; baseline 0.008 -14"><span class='ocrx_word' id='word_1_655' title='bbox 1393 1911 1526 1960; x_wconf 89' lang='lat' dir='ltr'>nysius</span> <span class='ocrx_word' id='word_1_656' title='bbox 1545 1911 1644 1958; x_wconf 91' lang='lat' dir='ltr'>dicit,</span> <span class='ocrx_word' id='word_1_657' title='bbox 1670 1912 1710 1948; x_wconf 89' lang='lat' dir='ltr'>in</span> <span class='ocrx_word' id='word_1_658' title='bbox 1729 1912 1807 1949; x_wconf 92' lang='lat' dir='ltr'>fine</span> <span class='ocrx_word' id='word_1_659' title='bbox 1826 1914 1926 1950; x_wconf 89' lang='lat' dir='ltr'>Eccl.</span> <span class='ocrx_word' id='word_1_660' title='bbox 1943 1916 2052 1952; x_wconf 81' lang='lat' dir='ltr'>Hier.</span> <span class='ocrx_word' id='word_1_661' title='bbox 2069 1915 2106 1952; x_wconf 75' lang='lat' dir='ltr'>*z</span> <span class='ocrx_word' id='word_1_662' title='bbox 2136 1917 2457 1955; x_wconf 79' lang='lat' dir='ltr'>Consummativas</span> 
     </span>
     <span class='ocr_line' id='line_1_96' title="bbox 1394 1964 2455 2017; baseline 0.008 -17"><span class='ocrx_word' id='word_1_663' title='bbox 1394 1965 1653 2011; x_wconf 82' lang='lat' dir='ltr'>invocationes,</span> <span class='ocrx_word' id='word_1_664' title='bbox 1683 1964 1779 2002; x_wconf 91' lang='lat' dir='ltr'>idest</span> <span class='ocrx_word' id='word_1_665' title='bbox 1806 1967 1925 2004; x_wconf 84' lang='lat' dir='ltr'>verba</span> <span class='ocrx_word' id='word_1_666' title='bbox 1953 1967 2095 2017; x_wconf 90' lang='lat' dir='ltr'>quibus</span> <span class='ocrx_word' id='word_1_667' title='bbox 2123 1969 2375 2017; x_wconf 89' lang='lat' dir='ltr'>perficiuntur</span> <span class='ocrx_word' id='word_1_668' title='bbox 2399 1983 2455 2008; x_wconf 88' lang='lat' dir='ltr'>sa-</span> 
     </span>
     <span class='ocr_line' id='line_1_97' title="bbox 1394 2021 2455 2073; baseline 0.008 -20"><span class='ocrx_word' id='word_1_669' title='bbox 1394 2025 1604 2064; x_wconf 89' lang='lat' dir='ltr'>cramenta,</span> <span class='ocrx_word' id='word_1_670' title='bbox 1634 2031 1708 2055; x_wconf 88' lang='lat' dir='ltr'>non</span> <span class='ocrx_word' id='word_1_671' title='bbox 1739 2025 1789 2056; x_wconf 88' lang='lat' dir='ltr'>est</span> <span class='ocrx_word' id='word_1_672' title='bbox 1816 2021 1949 2057; x_wconf 88' lang='lat' dir='ltr'>iustum</span> <span class='ocrx_word' id='word_1_673' title='bbox 1977 2022 2187 2070; x_wconf 81' lang='lat' dir='ltr'>Scripturas</span> <span class='ocrx_word' id='word_1_674' title='bbox 2214 2024 2455 2073; x_wconf 86' lang='lat' dir='ltr'>interpretan-</span> 
     </span>
     <span class='ocr_line' id='line_1_98' title="bbox 1393 2071 2456 2125; baseline 0.008 -19"><span class='ocrx_word' id='word_1_675' title='bbox 1393 2071 1496 2116; x_wconf 86' lang='lat' dir='ltr'>tibus,</span> <span class='ocrx_word' id='word_1_676' title='bbox 1518 2083 1635 2120; x_wconf 88' lang='lat' dir='ltr'>neque</span> <span class='ocrx_word' id='word_1_677' title='bbox 1658 2074 1854 2120; x_wconf 82' lang='lat' dir='ltr'>mysticum</span> <span class='ocrx_word' id='word_1_678' title='bbox 1875 2085 2017 2119; x_wconf 84' lang='lat' dir='ltr'>earum,</span> <span class='ocrx_word' id='word_1_679' title='bbox 2037 2081 2101 2111; x_wconf 91' lang='lat' dir='ltr'>aut</span> <span class='ocrx_word' id='word_1_680' title='bbox 2123 2076 2160 2111; x_wconf 91' lang='lat' dir='ltr'>in</span> <span class='ocrx_word' id='word_1_681' title='bbox 2181 2077 2267 2125; x_wconf 87' lang='lat' dir='ltr'>ipsis</span> <span class='ocrx_word' id='word_1_682' title='bbox 2277 2083 2456 2124; x_wconf 75' lang='lat' dir='ltr'>,operatas</span> 
     </span>
     <span class='ocr_line' id='line_1_99' title="bbox 1394 2124 2454 2171; baseline 0.008 -12"><span class='ocrx_word' id='word_1_683' title='bbox 1394 2135 1443 2159; x_wconf 86' lang='lat' dir='ltr'>ex</span> <span class='ocrx_word' id='word_1_684' title='bbox 1473 2124 1550 2160; x_wconf 91' lang='lat' dir='ltr'>Deo</span> <span class='ocrx_word' id='word_1_685' title='bbox 1578 2126 1743 2171; x_wconf 84' lang='lat' dir='ltr'>virtutes,</span> <span class='ocrx_word' id='word_1_686' title='bbox 1781 2138 1830 2162; x_wconf 87' lang='lat' dir='ltr'>ex</span> <span class='ocrx_word' id='word_1_687' title='bbox 1857 2127 1998 2164; x_wconf 91' lang='lat' dir='ltr'>occulto</span> <span class='ocrx_word' id='word_1_688' title='bbox 2033 2127 2085 2164; x_wconf 87' lang='lat' dir='ltr'>ad</span> <span class='ocrx_word' id='word_1_689' title='bbox 2109 2140 2307 2165; x_wconf 89' lang='lat' dir='ltr'>commune</span> <span class='ocrx_word' id='word_1_690' title='bbox 2340 2130 2454 2167; x_wconf 84' lang='lat' dir='ltr'>addu-</span> 
     </span>
     <span class='ocr_line' id='line_1_100' title="bbox 1393 2177 2455 2231; baseline 0.008 -19"><span class='ocrx_word' id='word_1_691' title='bbox 1393 2188 1496 2212; x_wconf 84' lang='lat' dir='ltr'>cere:</span> <span class='ocrx_word' id='word_1_692' title='bbox 1522 2177 1588 2213; x_wconf 80' lang='lat' dir='ltr'>sed</span> <span class='ocrx_word' id='word_1_693' title='bbox 1605 2183 1730 2214; x_wconf 90' lang='lat' dir='ltr'>nostra</span> <span class='ocrx_word' id='word_1_694' title='bbox 1748 2190 1858 2215; x_wconf 88' lang='lat' dir='ltr'>sacra</span> <span class='ocrx_word' id='word_1_695' title='bbox 1876 2179 2023 2216; x_wconf 85' lang='lat' dir='ltr'>traditio</span> <span class='ocrx_word' id='word_1_696' title='bbox 2043 2182 2123 2216; x_wconf 87' lang='lat' dir='ltr'>sine</span> <span class='ocrx_word' id='word_1_697' title='bbox 2141 2179 2153 2205; x_wconf 58' lang='grc' dir='ltr'><strong>ζ</strong></span> <span class='ocrx_word' id='word_1_698' title='bbox 2174 2194 2330 2231; x_wconf 86' lang='lat' dir='ltr'>pompa,</span> <span class='ocrx_word' id='word_1_699' title='bbox 2358 2182 2455 2220; x_wconf 90' lang='lat' dir='ltr'>idest</span> 
     </span>
     <span class='ocr_line' id='line_1_101' title="bbox 1394 2230 2454 2282; baseline 0.008 -17"><span class='ocrx_word' id='word_1_700' title='bbox 1394 2230 1553 2274; x_wconf 86' lang='lat' dir='ltr'>occulte,</span> <span class='ocrx_word' id='word_1_701' title='bbox 1583 2230 1708 2267; x_wconf 86' lang='lat' dir='ltr'>edocet</span> <span class='ocrx_word' id='word_1_702' title='bbox 1735 2243 1807 2268; x_wconf 87' lang='lat' dir='ltr'>eas.</span> <span class='ocrx_word' id='word_1_703' title='bbox 1838 2232 1949 2269; x_wconf 90' lang='lat' dir='ltr'>Unde</span> <span class='ocrx_word' id='word_1_704' title='bbox 1978 2240 2014 2268; x_wconf 91' lang='lat' dir='ltr'>et</span> <span class='ocrx_word' id='word_1_705' title='bbox 2034 2234 2242 2282; x_wconf 90' lang='lat' dir='ltr'>Apostolus</span> <span class='ocrx_word' id='word_1_706' title='bbox 2270 2234 2370 2281; x_wconf 90' lang='lat' dir='ltr'>dicit,</span> <span class='ocrx_word' id='word_1_707' title='bbox 2399 2237 2454 2272; x_wconf 93' lang='lat' dir='ltr'>lo-</span> 
     </span>
     <span class='ocr_line' id='line_1_102' title="bbox 1394 2283 2452 2333; baseline 0.009 -16"><span class='ocrx_word' id='word_1_708' title='bbox 1394 2294 1517 2331; x_wconf 92' lang='lat' dir='ltr'>quens</span> <span class='ocrx_word' id='word_1_709' title='bbox 1554 2283 1602 2319; x_wconf 90' lang='lat' dir='ltr'>de</span> <span class='ocrx_word' id='word_1_710' title='bbox 1635 2283 1888 2321; x_wconf 87' lang='lat' dir='ltr'>celebratione</span> <span class='ocrx_word' id='word_1_711' title='bbox 1916 2285 2188 2333; x_wconf 89' lang='lat' dir='ltr'>Eucharistiae,</span> <span class='ocrx_word' id='word_1_712' title='bbox 2218 2289 2232 2324; x_wconf 96' lang='lat' dir='ltr'>I</span> <span class='ocrx_word' id='word_1_713' title='bbox 2255 2289 2342 2324; x_wconf 93' lang='lat' dir='ltr'>Cor.</span> <span class='ocrx_word' id='word_1_714' title='bbox 2362 2301 2396 2325; x_wconf 84' lang='lat' dir='ltr'>xl</span> <span class='ocrx_word' id='word_1_715' title='bbox 2415 2288 2452 2326; x_wconf 79' lang='lat' dir='ltr'>*z</span> 
     </span>
     <span class='ocr_line' id='line_1_103' title="bbox 1398 2336 2039 2387; baseline 0.006 -16"><span class='ocrx_word' id='word_1_716' title='bbox 1398 2336 1529 2372; x_wconf 84' lang='lat' dir='ltr'>Cetera</span> <span class='ocrx_word' id='word_1_717' title='bbox 1557 2348 1642 2372; x_wconf 91' lang='lat' dir='ltr'>cum</span> <span class='ocrx_word' id='word_1_718' title='bbox 1669 2349 1806 2374; x_wconf 77' lang='lat' dir='ltr'>venero</span> <span class='ocrx_word' id='word_1_719' title='bbox 1834 2338 2039 2387; x_wconf 80' lang='lat' dir='ltr'>disponam.</span> 
     </span>
    </p>

    <p class='ocr_par' dir='ltr' id='par_1_27' title="bbox 1391 2389 2454 2545">
     <span class='ocr_line' id='line_1_104' title="bbox 1447 2389 2454 2440; baseline 0.007 -16"><span class='ocrx_word' id='word_1_720' title='bbox 1447 2389 1504 2425; x_wconf 84' lang='lat' dir='ltr'>AD</span> <span class='ocrx_word' id='word_1_721' title='bbox 1524 2401 1712 2426; x_wconf 79' lang='lat' dir='ltr'>SECUNDUM</span> <span class='ocrx_word' id='word_1_722' title='bbox 1731 2402 1912 2428; x_wconf 82' lang='lat' dir='ltr'>DICENDUM</span> <span class='ocrx_word' id='word_1_723' title='bbox 1931 2392 2037 2440; x_wconf 92' lang='lat' dir='ltr'>quod</span> <span class='ocrx_word' id='word_1_724' title='bbox 2057 2392 2232 2430; x_wconf 91' lang='lat' dir='ltr'>sanctitas</span> <span class='ocrx_word' id='word_1_725' title='bbox 2252 2401 2307 2430; x_wconf 88' lang='lat' dir='ltr'>est</span> <span class='ocrx_word' id='word_1_726' title='bbox 2326 2394 2454 2431; x_wconf 90' lang='lat' dir='ltr'>salutis</span> 
     </span>
     <span class='ocr_line' id='line_1_105' title="bbox 1394 2441 2453 2494; baseline 0.007 -17"><span class='ocrx_word' id='word_1_727' title='bbox 1394 2453 1520 2478; x_wconf 89' lang='lat' dir='ltr'>causa.</span> <span class='ocrx_word' id='word_1_728' title='bbox 1551 2442 1599 2478; x_wconf 92' lang='lat' dir='ltr'>Et</span> <span class='ocrx_word' id='word_1_729' title='bbox 1626 2441 1713 2479; x_wconf 90' lang='lat' dir='ltr'>ideo</span> <span class='ocrx_word' id='word_1_730' title='bbox 1743 2442 1782 2479; x_wconf 94' lang='lat' dir='ltr'>in</span> <span class='ocrx_word' id='word_1_731' title='bbox 1806 2442 1909 2480; x_wconf 90' lang='lat' dir='ltr'>idem</span> <span class='ocrx_word' id='word_1_732' title='bbox 1936 2444 2031 2481; x_wconf 90' lang='lat' dir='ltr'>redit</span> <span class='ocrx_word' id='word_1_733' title='bbox 2059 2446 2166 2494; x_wconf 92' lang='lat' dir='ltr'>quod</span> <span class='ocrx_word' id='word_1_734' title='bbox 2194 2445 2331 2483; x_wconf 91' lang='lat' dir='ltr'>dicitur</span> <span class='ocrx_word' id='word_1_735' title='bbox 2358 2449 2453 2484; x_wconf 88' lang='lat' dir='ltr'>chri-</span> 
     </span>
     <span class='ocr_line' id='line_1_106' title="bbox 1391 2495 2074 2545; baseline 0.006 -15"><span class='ocrx_word' id='word_1_736' title='bbox 1391 2500 1508 2531; x_wconf 85' lang='lat' dir='ltr'>smate</span> <span class='ocrx_word' id='word_1_737' title='bbox 1534 2495 1671 2542; x_wconf 88' lang='lat' dir='ltr'>salutis,</span> <span class='ocrx_word' id='word_1_738' title='bbox 1702 2503 1737 2532; x_wconf 91' lang='lat' dir='ltr'>et</span> <span class='ocrx_word' id='word_1_739' title='bbox 1763 2498 2074 2545; x_wconf 88' lang='lat' dir='ltr'>sanctificationis.</span> 
     </span>
    </p>

    <p class='ocr_par' dir='ltr' id='par_1_28' title="bbox 1389 2549 2453 3232">
     <span class='ocr_line' id='line_1_107' title="bbox 1446 2549 2453 2600; baseline 0.006 -17"><span class='ocrx_word' id='word_1_740' title='bbox 1446 2549 1503 2584; x_wconf 82' lang='lat' dir='ltr'>AD</span> <span class='ocrx_word' id='word_1_741' title='bbox 1531 2560 1689 2586; x_wconf 79' lang='lat' dir='ltr'>TERTIUM</span> <span class='ocrx_word' id='word_1_742' title='bbox 1717 2561 1898 2587; x_wconf 85' lang='lat' dir='ltr'>DICENDUM</span> <span class='ocrx_word' id='word_1_743' title='bbox 1927 2550 2034 2599; x_wconf 91' lang='lat' dir='ltr'>quod</span> <span class='ocrx_word' id='word_1_744' title='bbox 2066 2551 2278 2600; x_wconf 90' lang='lat' dir='ltr'>baptismus</span> <span class='ocrx_word' id='word_1_745' title='bbox 2311 2561 2366 2589; x_wconf 91' lang='lat' dir='ltr'>est</span> <span class='ocrx_word' id='word_1_746' title='bbox 2397 2565 2453 2589; x_wconf 93' lang='lat' dir='ltr'>re-</span> 
     </span>
     <span class='ocr_line' id='line_1_108' title="bbox 1391 2600 2453 2653; baseline 0.007 -17"><span class='ocrx_word' id='word_1_747' title='bbox 1391 2600 1584 2648; x_wconf 87' lang='lat' dir='ltr'>generatio</span> <span class='ocrx_word' id='word_1_748' title='bbox 1613 2600 1652 2638; x_wconf 91' lang='lat' dir='ltr'>in</span> <span class='ocrx_word' id='word_1_749' title='bbox 1681 2601 1916 2651; x_wconf 90' lang='lat' dir='ltr'>spiritualem</span> <span class='ocrx_word' id='word_1_750' title='bbox 1944 2602 2074 2651; x_wconf 89' lang='lat' dir='ltr'>vitam,</span> <span class='ocrx_word' id='word_1_751' title='bbox 2104 2617 2182 2653; x_wconf 91' lang='lat' dir='ltr'>qua</span> <span class='ocrx_word' id='word_1_752' title='bbox 2209 2605 2331 2642; x_wconf 92' lang='lat' dir='ltr'>homo</span> <span class='ocrx_word' id='word_1_753' title='bbox 2359 2605 2453 2643; x_wconf 90' lang='lat' dir='ltr'>vivit</span> 
     </span>
     <span class='ocr_line' id='line_1_109' title="bbox 1392 2653 2453 2708; baseline 0.007 -19"><span class='ocrx_word' id='word_1_754' title='bbox 1392 2653 1431 2689; x_wconf 92' lang='lat' dir='ltr'>in</span> <span class='ocrx_word' id='word_1_755' title='bbox 1460 2653 1597 2702; x_wconf 90' lang='lat' dir='ltr'>seipso.</span> <span class='ocrx_word' id='word_1_756' title='bbox 1634 2655 1682 2691; x_wconf 88' lang='lat' dir='ltr'>Et</span> <span class='ocrx_word' id='word_1_757' title='bbox 1710 2654 1797 2692; x_wconf 92' lang='lat' dir='ltr'>ideo</span> <span class='ocrx_word' id='word_1_758' title='bbox 1825 2668 1906 2692; x_wconf 92' lang='lat' dir='ltr'>non</span> <span class='ocrx_word' id='word_1_759' title='bbox 1933 2656 2089 2705; x_wconf 88' lang='lat' dir='ltr'>ponitur</span> <span class='ocrx_word' id='word_1_760' title='bbox 2115 2657 2155 2694; x_wconf 94' lang='lat' dir='ltr'>in</span> <span class='ocrx_word' id='word_1_761' title='bbox 2182 2657 2306 2695; x_wconf 80' lang='lat' dir='ltr'>forma</span> <span class='ocrx_word' id='word_1_762' title='bbox 2333 2658 2453 2708; x_wconf 91' lang='lat' dir='ltr'>bapti-</span> 
     </span>
     <span class='ocr_line' id='line_1_110' title="bbox 1392 2706 2452 2760; baseline 0.006 -18"><span class='ocrx_word' id='word_1_763' title='bbox 1392 2706 1465 2742; x_wconf 91' lang='lat' dir='ltr'>smi</span> <span class='ocrx_word' id='word_1_764' title='bbox 1494 2706 1565 2743; x_wconf 87' lang='lat' dir='ltr'>nisi</span> <span class='ocrx_word' id='word_1_765' title='bbox 1593 2706 1673 2756; x_wconf 91' lang='lat' dir='ltr'>ipse</span> <span class='ocrx_word' id='word_1_766' title='bbox 1695 2713 1713 2734; x_wconf 73' lang='lat'>⁷¹</span> <span class='ocrx_word' id='word_1_767' title='bbox 1742 2716 1848 2745; x_wconf 89' lang='lat' dir='ltr'>actus</span> <span class='ocrx_word' id='word_1_768' title='bbox 1876 2709 1924 2745; x_wconf 91' lang='lat' dir='ltr'>ad</span> <span class='ocrx_word' id='word_1_769' title='bbox 1953 2708 2082 2758; x_wconf 91' lang='lat' dir='ltr'>ipsum</span> <span class='ocrx_word' id='word_1_770' title='bbox 2110 2710 2312 2747; x_wconf 91' lang='lat' dir='ltr'>hominem</span> <span class='ocrx_word' id='word_1_771' title='bbox 2339 2711 2452 2760; x_wconf 89' lang='lat' dir='ltr'>perti-</span> 
     </span>
     <span class='ocr_line' id='line_1_111' title="bbox 1391 2759 2452 2801; baseline 0.006 -6"><span class='ocrx_word' id='word_1_772' title='bbox 1391 2771 1487 2796; x_wconf 88' lang='lat' dir='ltr'>nens</span> <span class='ocrx_word' id='word_1_773' title='bbox 1515 2759 1845 2798; x_wconf 85' lang='lat' dir='ltr'>sanctificandum.</span> <span class='ocrx_word' id='word_1_774' title='bbox 1877 2762 1953 2799; x_wconf 92' lang='lat' dir='ltr'>Sed</span> <span class='ocrx_word' id='word_1_775' title='bbox 1972 2763 2048 2799; x_wconf 92' lang='lat' dir='ltr'>hoc</span> <span class='ocrx_word' id='word_1_776' title='bbox 2067 2771 2352 2800; x_wconf 89' lang='lat' dir='ltr'>sacramentum</span> <span class='ocrx_word' id='word_1_777' title='bbox 2371 2777 2452 2801; x_wconf 92' lang='lat' dir='ltr'>non</span> 
     </span>
     <span class='ocr_line' id='line_1_112' title="bbox 1392 2812 2453 2863; baseline 0.006 -15"><span class='ocrx_word' id='word_1_778' title='bbox 1392 2813 1519 2848; x_wconf 90' lang='lat' dir='ltr'>solum</span> <span class='ocrx_word' id='word_1_779' title='bbox 1548 2812 1746 2850; x_wconf 91' lang='lat' dir='ltr'>ordinatur</span> <span class='ocrx_word' id='word_1_780' title='bbox 1769 2814 1817 2851; x_wconf 89' lang='lat' dir='ltr'>ad</span> <span class='ocrx_word' id='word_1_781' title='bbox 1837 2815 1912 2851; x_wconf 94' lang='lat' dir='ltr'>hoc</span> <span class='ocrx_word' id='word_1_782' title='bbox 1931 2815 2038 2863; x_wconf 92' lang='lat' dir='ltr'>quod</span> <span class='ocrx_word' id='word_1_783' title='bbox 2058 2816 2179 2852; x_wconf 92' lang='lat' dir='ltr'>homo</span> <span class='ocrx_word' id='word_1_784' title='bbox 2199 2816 2453 2854; x_wconf 89' lang='lat' dir='ltr'>sanctificetur</span> 
     </span>
     <span class='ocr_line' id='line_1_113' title="bbox 1391 2864 2449 2918; baseline 0.005 -17"><span class='ocrx_word' id='word_1_785' title='bbox 1391 2864 1431 2901; x_wconf 92' lang='lat' dir='ltr'>in</span> <span class='ocrx_word' id='word_1_786' title='bbox 1450 2864 1588 2914; x_wconf 89' lang='lat' dir='ltr'>seipso,</span> <span class='ocrx_word' id='word_1_787' title='bbox 1609 2866 1675 2902; x_wconf 92' lang='lat' dir='ltr'>sed</span> <span class='ocrx_word' id='word_1_788' title='bbox 1696 2867 1900 2915; x_wconf 87' lang='lat' dir='ltr'>exponitur</span> <span class='ocrx_word' id='word_1_789' title='bbox 1918 2867 2073 2905; x_wconf 89' lang='lat' dir='ltr'>cuidam</span> <span class='ocrx_word' id='word_1_790' title='bbox 2091 2880 2243 2918; x_wconf 88' lang='lat' dir='ltr'>pugnae</span> <span class='ocrx_word' id='word_1_791' title='bbox 2263 2869 2449 2907; x_wconf 86' lang='lat' dir='ltr'>exteriori.</span> 
     </span>
     <span class='ocr_line' id='line_1_114' title="bbox 1392 2917 2452 2959; baseline 0.005 -5"><span class='ocrx_word' id='word_1_792' title='bbox 1392 2918 1440 2954; x_wconf 90' lang='lat' dir='ltr'>Et</span> <span class='ocrx_word' id='word_1_793' title='bbox 1467 2917 1555 2954; x_wconf 89' lang='lat' dir='ltr'>ideo</span> <span class='ocrx_word' id='word_1_794' title='bbox 1574 2929 1655 2955; x_wconf 91' lang='lat' dir='ltr'>non</span> <span class='ocrx_word' id='word_1_795' title='bbox 1675 2920 1802 2956; x_wconf 89' lang='lat' dir='ltr'>solum</span> <span class='ocrx_word' id='word_1_796' title='bbox 1820 2919 1864 2956; x_wconf 90' lang='lat' dir='ltr'>fit</span> <span class='ocrx_word' id='word_1_797' title='bbox 1882 2920 2027 2957; x_wconf 91' lang='lat' dir='ltr'>mentio</span> <span class='ocrx_word' id='word_1_798' title='bbox 2047 2921 2095 2957; x_wconf 94' lang='lat' dir='ltr'>de</span> <span class='ocrx_word' id='word_1_799' title='bbox 2123 2920 2291 2958; x_wconf 88' lang='lat' dir='ltr'>interiori</span> <span class='ocrx_word' id='word_1_800' title='bbox 2319 2922 2452 2959; x_wconf 90' lang='lat' dir='ltr'>sancti-</span> 
     </span>
     <span class='ocr_line' id='line_1_115' title="bbox 1391 2968 2450 3022; baseline 0.007 -16"><span class='ocrx_word' id='word_1_801' title='bbox 1391 2969 1570 3006; x_wconf 89' lang='lat' dir='ltr'>ficatione</span> <span class='ocrx_word' id='word_1_802' title='bbox 1588 2968 1613 3016; x_wconf 79' lang='lat'>⁰,</span> <span class='ocrx_word' id='word_1_803' title='bbox 1634 2983 1725 3008; x_wconf 92' lang='lat' dir='ltr'>curn</span> <span class='ocrx_word' id='word_1_804' title='bbox 1753 2971 1900 3018; x_wconf 83' lang='lat' dir='ltr'>dicitur,</span> <span class='ocrx_word' id='word_1_805' title='bbox 1921 2975 2104 3022; x_wconf 88' lang='lat' dir='ltr'>confirmo</span> <span class='ocrx_word' id='word_1_806' title='bbox 2127 2979 2161 3010; x_wconf 91' lang='lat' dir='ltr'>te</span> <span class='ocrx_word' id='word_1_807' title='bbox 2178 2975 2376 3012; x_wconf 87' lang='lat' dir='ltr'>chrismate</span> <span class='ocrx_word' id='word_1_808' title='bbox 2392 2988 2450 3013; x_wconf 89' lang='lat' dir='ltr'>sa-</span> 
     </span>
     <span class='ocr_line' id='line_1_116' title="bbox 1391 3023 2451 3077; baseline 0.006 -18"><span class='ocrx_word' id='word_1_809' title='bbox 1391 3023 1490 3059; x_wconf 88' lang='lat' dir='ltr'>lutis:</span> <span class='ocrx_word' id='word_1_810' title='bbox 1513 3023 1579 3059; x_wconf 90' lang='lat' dir='ltr'>sed</span> <span class='ocrx_word' id='word_1_811' title='bbox 1603 3023 1714 3061; x_wconf 89' lang='lat' dir='ltr'>etiam</span> <span class='ocrx_word' id='word_1_812' title='bbox 1740 3025 1984 3073; x_wconf 87' lang='lat' dir='ltr'>consignatur</span> <span class='ocrx_word' id='word_1_813' title='bbox 2005 3026 2127 3064; x_wconf 90' lang='lat' dir='ltr'>homo</span> <span class='ocrx_word' id='word_1_814' title='bbox 2151 3027 2325 3074; x_wconf 88' lang='lat' dir='ltr'>exterius,</span> <span class='ocrx_word' id='word_1_815' title='bbox 2341 3028 2451 3077; x_wconf 91' lang='lat' dir='ltr'>quasi</span> 
     </span>
     <span class='ocr_line' id='line_1_117' title="bbox 1390 3075 2450 3130; baseline 0.006 -18"><span class='ocrx_word' id='word_1_816' title='bbox 1390 3075 1528 3112; x_wconf 90' lang='lat' dir='ltr'>vexillo</span> <span class='ocrx_word' id='word_1_817' title='bbox 1557 3077 1691 3124; x_wconf 89' lang='lat' dir='ltr'>crucis,</span> <span class='ocrx_word' id='word_1_818' title='bbox 1720 3077 1769 3114; x_wconf 92' lang='lat' dir='ltr'>ad</span> <span class='ocrx_word' id='word_1_819' title='bbox 1796 3090 1968 3127; x_wconf 90' lang='lat' dir='ltr'>pugnam</span> <span class='ocrx_word' id='word_1_820' title='bbox 1996 3079 2249 3116; x_wconf 85' lang='lat' dir='ltr'>exteriorem‘</span> <span class='ocrx_word' id='word_1_821' title='bbox 2278 3080 2450 3130; x_wconf 90' lang='lat' dir='ltr'>spiritua-</span> 
     </span>
     <span class='ocr_line' id='line_1_118' title="bbox 1390 3129 2452 3184; baseline 0.006 -19"><span class='ocrx_word' id='word_1_822' title='bbox 1390 3129 1478 3175; x_wconf 89' lang='lat' dir='ltr'>lem,</span> <span class='ocrx_word' id='word_1_823' title='bbox 1508 3129 1615 3178; x_wconf 93' lang='lat' dir='ltr'>quod</span> <span class='ocrx_word' id='word_1_824' title='bbox 1644 3129 1876 3178; x_wconf 87' lang='lat' dir='ltr'>significatur</span> <span class='ocrx_word' id='word_1_825' title='bbox 1903 3144 1994 3168; x_wconf 91' lang='lat' dir='ltr'>cum</span> <span class='ocrx_word' id='word_1_826' title='bbox 2022 3131 2170 3178; x_wconf 91' lang='lat' dir='ltr'>dicitur,</span> <span class='ocrx_word' id='word_1_827' title='bbox 2203 3133 2394 3184; x_wconf 81' lang='lat' dir='ltr'>Consigno</span> <span class='ocrx_word' id='word_1_828' title='bbox 2417 3140 2452 3171; x_wconf 91' lang='lat' dir='ltr'>te</span> 
     </span>
     <span class='ocr_line' id='line_1_119' title="bbox 1389 3183 1658 3232; baseline 0.004 -14"><span class='ocrx_word' id='word_1_829' title='bbox 1389 3183 1499 3232; x_wconf 77' lang='lat' dir='ltr'>signo</span> <span class='ocrx_word' id='word_1_830' title='bbox 1528 3184 1658 3220; x_wconf 86' lang='lat' dir='ltr'>crucis.</span> 
     </span>
    </p>
   </div>
   <div class='ocr_carea' id='block_1_20' title="bbox 1389 3294 2451 3543">
    <p class='ocr_par' dir='ltr' id='par_1_29' title="bbox 1444 3294 2164 3329">
     <span class='ocr_line' id='line_1_120' title="bbox 1444 3294 2164 3329; baseline 0.003 -9"><span class='ocrx_word' id='word_1_831' title='bbox 1444 3294 1467 3328; x_wconf 82' lang='grc' dir='ltr'>ε)</span> <span class='ocrx_word' id='word_1_832' title='bbox 1487 3295 1611 3321; x_wconf 75' lang='lat' dir='ltr'>ministri.</span> <span class='ocrx_word' id='word_1_833' title='bbox 1629 3310 1649 3315; x_wconf 87' lang='lat'>-</span> <span class='ocrx_word' id='word_1_834' title='bbox 1666 3297 1705 3320; x_wconf 82' lang='lat' dir='ltr'>Fa</span> <span class='ocrx_word' id='word_1_835' title='bbox 1723 3301 1748 3321; x_wconf 89' lang='lat' dir='ltr'>et</span> <span class='ocrx_word' id='word_1_836' title='bbox 1766 3297 1839 3321; x_wconf 86' lang='lat' dir='ltr'>tertia</span> <span class='ocrx_word' id='word_1_837' title='bbox 1857 3302 1957 3329; x_wconf 77' lang='lat' dir='ltr'>praeter</span> <span class='ocrx_word' id='word_1_838' title='bbox 1976 3297 2014 3328; x_wconf 83' lang='lat' dir='ltr'>H3</span> <span class='ocrx_word' id='word_1_839' title='bbox 2034 3297 2164 3323; x_wconf 77' lang='lat' dir='ltr'>minister.</span> 
     </span>
    </p>

    <p class='ocr_par' dir='ltr' id='par_1_30' title="bbox 1389 3331 2451 3392">
     <span class='ocr_line' id='line_1_121' title="bbox 1442 3331 2451 3364; baseline 0.005 -9"><span class='ocrx_word' id='word_1_840' title='bbox 1442 3331 1468 3364; x_wconf 86' lang='grc' dir='ltr'>ζ)</span> <span class='ocrx_word' id='word_1_841' title='bbox 1486 3331 1552 3356; x_wconf 84' lang='lat' dir='ltr'>sine.</span> <span class='ocrx_word' id='word_1_842' title='bbox 1569 3346 1588 3350; x_wconf 86' lang='lat'>—-</span> <span class='ocrx_word' id='word_1_843' title='bbox 1606 3332 1667 3356; x_wconf 76' lang='lat' dir='ltr'>EFa</span> <span class='ocrx_word' id='word_1_844' title='bbox 1686 3337 1711 3356; x_wconf 89' lang='lat' dir='ltr'>et</span> <span class='ocrx_word' id='word_1_845' title='bbox 1728 3333 1816 3362; x_wconf 79' lang='lat' dir='ltr'>tertia3</span> <span class='ocrx_word' id='word_1_846' title='bbox 1841 3332 1904 3357; x_wconf 78' lang='lat' dir='ltr'>suis.</span> <span class='ocrx_word' id='word_1_847' title='bbox 1931 3332 1980 3357; x_wconf 85' lang='lat' dir='ltr'>Pro</span> <span class='ocrx_word' id='word_1_848' title='bbox 2005 3332 2097 3358; x_wconf 81' lang='lat' dir='ltr'>edocet</span> <span class='ocrx_word' id='word_1_849' title='bbox 2120 3340 2173 3363; x_wconf 79' lang='lat' dir='ltr'>eas,</span> <span class='ocrx_word' id='word_1_850' title='bbox 2193 3334 2269 3359; x_wconf 86' lang='lat' dir='ltr'>docet</span> <span class='ocrx_word' id='word_1_851' title='bbox 2293 3341 2338 3359; x_wconf 76' lang='lat' dir='ltr'>ea:</span> <span class='ocrx_word' id='word_1_852' title='bbox 2356 3335 2386 3364; x_wconf 84' lang='grc' dir='ltr'>Ι),</span> <span class='ocrx_word' id='word_1_853' title='bbox 2405 3342 2451 3360; x_wconf 79' lang='lat' dir='ltr'>eas</span> 
     </span>
     <span class='ocr_line' id='line_1_122' title="bbox 1389 3367 1663 3392; baseline 0.004 -1"><span class='ocrx_word' id='word_1_854' title='bbox 1389 3367 1481 3392; x_wconf 81' lang='lat' dir='ltr'>edocet</span> <span class='ocrx_word' id='word_1_855' title='bbox 1499 3367 1519 3391; x_wconf 90' lang='lat' dir='ltr'>F</span> <span class='ocrx_word' id='word_1_856' title='bbox 1538 3372 1564 3392; x_wconf 88' lang='lat' dir='ltr'>et</span> <span class='ocrx_word' id='word_1_857' title='bbox 1581 3367 1663 3392; x_wconf 80' lang='lat' dir='ltr'>tertia.</span> 
     </span>
    </p>

    <p class='ocr_par' dir='ltr' id='par_1_31' title="bbox 1443 3401 1733 3435">
     <span class='ocr_line' id='line_1_123' title="bbox 1443 3401 1733 3435; baseline 0.003 -8"><span class='ocrx_word' id='word_1_858' title='bbox 1443 3401 1470 3435; x_wconf 93' lang='grc' dir='ltr'>η)</span> <span class='ocrx_word' id='word_1_859' title='bbox 1489 3402 1553 3434; x_wconf 79' lang='lat' dir='ltr'>ipse.</span> <span class='ocrx_word' id='word_1_860' title='bbox 1570 3417 1590 3422; x_wconf 82' lang='lat'>—</span> <span class='ocrx_word' id='word_1_861' title='bbox 1608 3410 1675 3428; x_wconf 83' lang='lat' dir='ltr'>unus</span> <span class='ocrx_word' id='word_1_862' title='bbox 1694 3403 1733 3428; x_wconf 82' lang='lat' dir='ltr'>Pl.</span> 
     </span>
    </p>

    <p class='ocr_par' dir='ltr' id='par_1_32' title="bbox 1389 3436 2450 3499">
     <span class='ocr_line' id='line_1_124' title="bbox 1442 3436 2450 3472; baseline 0.002 -10"><span class='ocrx_word' id='word_1_863' title='bbox 1442 3436 1704 3471; x_wconf 70' lang='lat' dir='ltr'>0)sanct1]ficatione.</span> <span class='ocrx_word' id='word_1_864' title='bbox 1731 3453 1750 3458; x_wconf 85' lang='lat'>—</span> <span class='ocrx_word' id='word_1_865' title='bbox 1777 3438 1878 3469; x_wconf 85' lang='lat' dir='ltr'>Tertia;</span> <span class='ocrx_word' id='word_1_866' title='bbox 1904 3439 2049 3464; x_wconf 84' lang='lat' dir='ltr'>intentione</span> <span class='ocrx_word' id='word_1_867' title='bbox 2073 3440 2285 3472; x_wconf 66' lang='lat' dir='ltr'>sanctificatione</span> <span class='ocrx_word' id='word_1_868' title='bbox 2310 3441 2339 3469; x_wconf 87' lang='grc' dir='ltr'>Ε,</span> <span class='ocrx_word' id='word_1_869' title='bbox 2365 3440 2450 3465; x_wconf 85' lang='lat' dir='ltr'>inten-</span> 
     </span>
     <span class='ocr_line' id='line_1_125' title="bbox 1389 3474 1568 3499; baseline -0.006 0"><span class='ocrx_word' id='word_1_870' title='bbox 1389 3474 1461 3499; x_wconf 82' lang='lat' dir='ltr'>titme</span> <span class='ocrx_word' id='word_1_871' title='bbox 1483 3474 1568 3499; x_wconf 84' lang='lat' dir='ltr'>ceteri.</span> 
     </span>
    </p>

    <p class='ocr_par' dir='ltr' id='par_1_33' title="bbox 1443 3509 1869 3543">
     <span class='ocr_line' id='line_1_126' title="bbox 1443 3509 1869 3543; baseline 0.005 -10"><span class='ocrx_word' id='word_1_872' title='bbox 1443 3509 1461 3543; x_wconf 77' lang='grc' dir='ltr'>ι)</span> <span class='ocrx_word' id='word_1_873' title='bbox 1481 3510 1653 3535; x_wconf 84' lang='lat' dir='ltr'>exteriorem.</span> <span class='ocrx_word' id='word_1_874' title='bbox 1671 3524 1691 3529; x_wconf 91' lang='lat'>—</span> <span class='ocrx_word' id='word_1_875' title='bbox 1709 3510 1770 3535; x_wconf 89' lang='lat' dir='ltr'>Om.</span> <span class='ocrx_word' id='word_1_876' title='bbox 1789 3510 1869 3535; x_wconf 82' lang='lat' dir='ltr'>tertia.</span> 
     </span>
    </p>
   </div>
   <div class='ocr_carea' id='block_1_21' title="bbox 2276 3570 2307 3595">
    <p class='ocr_par' dir='ltr' id='par_1_34' title="bbox 2276 3570 2307 3595">
     <span class='ocr_line' id='line_1_127' title="bbox 2276 3570 2307 3595; baseline 0 0"><span class='ocrx_word' id='word_1_877' title='bbox 2276 3570 2307 3595; x_wconf 86' lang='lat'>¹7</span> 
     </span>
    </p>
   </div>
   <div class='ocr_carea' id='block_1_22' title="bbox 2485 1130 2677 1209">
    <p class='ocr_par' dir='ltr' id='par_1_35' title="bbox 2485 1130 2677 1209">
     <span class='ocr_line' id='line_1_128' title="bbox 2485 1130 2625 1159; baseline 0.021 -8"><span class='ocrx_word' id='word_1_878' title='bbox 2485 1131 2496 1141; x_wconf 84' lang='lat'>&#39;¹</span> <span class='ocrx_word' id='word_1_879' title='bbox 2511 1130 2577 1152; x_wconf 73' lang='grc' dir='ltr'>νει-3.</span> <span class='ocrx_word' id='word_1_880' title='bbox 2595 1137 2625 1159; x_wconf 85' lang='grc' dir='ltr'>ι5.</span> 
     </span>
     <span class='ocr_line' id='line_1_129' title="bbox 2485 1183 2677 1209; baseline 0.01 -5"><span class='ocrx_word' id='word_1_881' title='bbox 2485 1184 2495 1193; x_wconf 86' lang='grc'>·</span> <span class='ocrx_word' id='word_1_882' title='bbox 2509 1183 2560 1204; x_wconf 80' lang='lat' dir='ltr'>An.</span> <span class='ocrx_word' id='word_1_883' title='bbox 2576 1189 2597 1209; x_wconf 85' lang='lat'>2,</span> <span class='ocrx_word' id='word_1_884' title='bbox 2612 1183 2641 1204; x_wconf 80' lang='lat' dir='ltr'>ad</span> <span class='ocrx_word' id='word_1_885' title='bbox 2658 1191 2677 1206; x_wconf 80' lang='grc' dir='ltr'>ι.</span> 
     </span>
    </p>
   </div>
   <div class='ocr_carea' id='block_1_23' title="bbox 2482 1925 2696 1979">
    <p class='ocr_par' dir='ltr' id='par_1_36' title="bbox 2482 1925 2696 1979">
     <span class='ocr_line' id='line_1_130' title="bbox 2484 1925 2696 1959; baseline 0.014 -13"><span class='ocrx_word' id='word_1_886' title='bbox 2484 1927 2494 1936; x_wconf 89' lang='grc'>·</span> <span class='ocrx_word' id='word_1_887' title='bbox 2508 1925 2566 1953; x_wconf 82' lang='lat' dir='ltr'>Cap.</span> <span class='ocrx_word' id='word_1_888' title='bbox 2580 1932 2622 1953; x_wconf 88' lang='lat' dir='ltr'>vn,</span> <span class='ocrx_word' id='word_1_889' title='bbox 2638 1931 2696 1959; x_wconf 62' lang='lat' dir='ltr'>part.</span> 
     </span>
     <span class='ocr_line' id='line_1_131' title="bbox 2482 1953 2591 1979; baseline 0.018 -6"><span class='ocrx_word' id='word_1_890' title='bbox 2482 1957 2516 1979; x_wconf 80' lang='grc' dir='ltr'>ιιι,</span> <span class='ocrx_word' id='word_1_891' title='bbox 2531 1953 2541 1979; x_wconf 67' lang='grc'><strong><em>3</em></strong></span> <span class='ocrx_word' id='word_1_892' title='bbox 2556 1958 2591 1975; x_wconf 79' lang='grc' dir='ltr'>ιο,</span> 
     </span>
    </p>
   </div>
   <div class='ocr_carea' id='block_1_24' title="bbox 2481 2292 2625 2322">
    <p class='ocr_par' dir='ltr' id='par_1_37' title="bbox 2481 2292 2625 2322">
     <span class='ocr_line' id='line_1_132' title="bbox 2481 2292 2625 2322; baseline 0.014 -9"><span class='ocrx_word' id='word_1_893' title='bbox 2481 2294 2492 2303; x_wconf 93' lang='grc'><em>·</em></span> <span class='ocrx_word' id='word_1_894' title='bbox 2506 2292 2573 2316; x_wconf 76' lang='lat' dir='ltr'>Vei-s,</span> <span class='ocrx_word' id='word_1_895' title='bbox 2587 2299 2625 2322; x_wconf 82' lang='lat'>34.</span> 
     </span>
    </p>
   </div>
  </div>
 </body>
</html>
