2918 4088
228 924 240 935 ⁴
251 922 285 944 De
294 923 354 944 Fide
362 922 439 949 Orth„

228 949 268 971 lib.
280 949 320 976 IV,
331 955 382 977 cap.
393 955 439 971 xm.

223 1871 264 1893 'In
270 1872 336 1893 loun.
341 1871 434 1899 Evang.

223 1901 289 1919 tract.
307 1897 433 1924 XXV1,n.

225 1932 232 1946 ί
252 1941 257 1946 .

223 2084 233 2094 ·
261 2082 317 2104 Can.
348 2082 432 2103 Omnia

222 2108 435 2157 mittant?

333 2152 342 2162 ι

272 2251 316 2272 upe
305 2249 346 2267 em
365 2245 432 2267 Com-

221 2274 290 2293 meat.
314 2272 340 2293 ln
365 2271 431 2293 Ioan.

220 2298 432 2373 aaziae&

221 2357 253 2378 n,
278 2358 316 2378 1x;
340 2351 386 2373 Gui

221 2368 387 2431 ‘’aiter'‘
388 2378 432 2426 ’ἐὲ

220 2431 388 2479 ΝΑιεὲῑι-έε,
404 2431 434 2452 de

222 2463 298 2512 megisti,
324 2463 388 2484 rror,
394 2463 432 2479 an.

474 177 547 213 160

525 256 642 287 Merito
667 256 798 288 demum
820 257 937 288 modus
960 258 1018 288 iste
1040 259 1188 298 proprius
1204 258 1318 288 dicitur
1335 257 1410 287 huic
1430 265 1530 286 sacra-

471 306 601 331 mento:
634 310 701 331 non
728 302 833 332 solum
863 307 995 352 propter
1018 301 1225 332 differentiam
1256 311 1273 331 a
1296 301 1406 331 ceteris
1429 308 1529 329 sacra-

470 345 603 381 mentis3
628 344 683 375 sed
708 345 802 376 etiam
827 346 901 385 quia
916 346 950 376 in
965 351 1034 376 toto
1050 346 1200 376 universo
1218 354 1285 375 non
1301 349 1430 384 apparet
1446 351 1529 372 unus

1142 177 1404 225 QUAESTIO
1433 176 1593 219 LXXV,
1623 174 1915 212 ARTICULUS
1942 175 1973 211 11

1584 254 1698 294 aliquis
1728 253 1845 284 modus
1867 254 1942 284 huic
1972 254 2091 284 similis.
2121 255 2255 295 Propter
2286 255 2374 295 quod
2405 265 2480 286 cum
2510 254 2645 286 admira-

1583 299 1672 328 tione
1689 302 1719 371 {t
1734 298 1939 327 veneratione
1962 297 2117 329 fateamur
2133 298 2293 329 defectum
2310 300 2502 340 cognitionis
2517 304 2646 330 nostrae

1585 342 1666 371 circa
1713 350 1763 371 oc.

1231 494 1547 538 ARTICULUS
1578 493 1878 536 SECUNDUS

490 594 647 625 UTRUM
671 594 714 624 IN
737 593 830 624 Hoc
854 589 1150 624 SACRAMENTO
1179 587 1422 619 REMANEAT
1452 586 1723 618 SUBSTANTIA
1745 587 1868 618 PANIS
1891 587 1950 618 ET
1972 588 2061 619 V1N1
2083 587 2195 619 POST
2219 588 2622 622 CONSECRATIONEM

657 671 689 696 1v
710 671 792 700 Sem„
813 670 871 695 dist.
890 677 923 700 ιιι,
943 677 987 701 qu.
1006 676 1023 699 1,
1043 672 1088 692 art.
1110 674 1132 696 ι,
1153 666 1202 699 qu⁸
1223 671 1251 696 1;
1272 665 1305 689 IV
1327 665 1403 689 Cont.
1425 665 1512 693 Gent„
1533 671 1589 697 cap.
1608 672 1682 695 ιιιιι;
1703 665 1733 689 In
1752 665 1859 695 Matth„
1880 673 1934 698 cap.
1952 673 2022 698 xxvu
2043 666 2052 691 1
2070 666 2107 692 ad
2128 667 2197 696 Cor„
2217 674 2274 699 cap.
2292 674 2326 698 ιι,
2345 667 2402 692 lect.
2420 675 2455 692 iv.

677 771 700 796 D
719 769 908 795 SECUNDUM
923 768 974 792 sic
994 765 1228 792 paoeamrun.
1244 751 1405 789 Videtur
1419 751 1526 801 quod

515 774 560 789 ..Α
581 774 593 791 ι
602 780 632 797 s

484 771 656 907 ‘2:ny
678 811 718 847 in
743 811 818 847 hoc
844 814 1081 846 sacramento
1103 813 1298 843 remaneat
1317 804 1526 842 substantia

483 863 821 952 wffipssms·
807 870 842 898 “²“
873 857 1543 959 Ἓξἕὲἕὲεξίἓῗθἳῗῐῖῗὲἒοωίνῡὲζ

656 928 710 952 ci
763 915 866 952 enim

473 971 569 1012 Quia
597 968 818 1006 consuetudo
847 972 897 1003 est
923 967 1131 1003 hominibus
1165 965 1358 1002 comedere
1385 976 1526 1014 panem

466 1028 499 1059 et
526 1023 690 1059 νιήιινηοι
692 1049 701 1067 ,
722 1021 936 1069 coniugavit
954 1020 1005 1055 eis
1024 1018 1203 1064 deitatem,
1225 1023 1258 1054 et
1266 1018 1361 1066 fecit
1379 1029 1424 1054 ea
1443 1029 1526 1054 cor-

459 1087 532 1124 pus
560 1080 593 1110 et
618 1075 841 1123 sanguinem
875 1084 994 1109 suum.
1033 1071 1082 1108 Et
1109 1070 1205 1108 infra
1223 1069 1254 1107 βε
1284 1072 1398 1108 Panis
1425 1082 1525 1107 com-

464 1128 724 1164 municatiom's
743 1138 817 1162 non
832 1127 947 1175 panis
973 1124 1132 1173 simplex
1149 1130 1211 1170 est,
1231 1124 1297 1160 sed
1313 1125 1435 1160 unitus
1452 1123 1526 1160 dei-

463 1181 537 1217 tati.
568 1179 644 1216 Sed
673 1178 889 1238 coniugatio
918 1185 972 1214 est
1000 1189 1131 1214 rerum
1159 1185 1246 1214 actu
1270 1176 1523 1213 existentium

464 1233 565 1281 Ergo
593 1231 703 1282 panis
732 1239 768 1268 et
794 1230 932 1268 vinum
968 1229 1083 1267 simul
1116 1238 1205 1267 sunt
1232 1229 1271 1266 in
1300 1230 1376 1266 hoc
1403 1242 1525 1267 sacra-

463 1293 594 1323 mento
623 1297 714 1322 cum
742 1296 904 1334 corpore
933 1291 969 1320 et
997 1283 1181 1331 sanguine
1214 1282 1363 1320 Christi.

518 1350 552 1375 2.
582 1339 823 1384 PRAETEREA,
852 1337 950 1374 inter
976 1336 1168 1374 Ecclesiae
1197 1343 1434 1373 sacramenta
1462 1335 1524 1372 de-

462 1392 526 1428 bet
563 1403 645 1428 esse
680 1390 937 1428 conformitas.
981 1390 1057 1427 Sed
1090 1389 1129 1426 in
1163 1389 1244 1426 aliis
1279 1388 1525 1426 sacramentis

463 1444 672 1481 substantia
708 1444 889 1481 materiae
908 1449 923 1471 Ὺ
952 1450 1098 1480 manet:
1135 1442 1231 1479 sicut
1258 1442 1298 1479 in
1333 1441 1524 1492 baptismo

463 1497 671 1535 substantia
699 1508 835 1547 aquae,
856 1504 892 1533 et
919 1496 958 1533 in
986 1495 1280 1533 confirmatione
1316 1495 1525 1532 substantia

462 1550 686 1588 chrismatis.
719 1551 820 1598 Ergo
848 1557 885 1587 et
912 1549 952 1586 in
980 1549 1055 1587 hoc
1083 1557 1322 1586 sacramento
1351 1549 1524 1586 substan-

461 1604 512 1641 tia
539 1603 649 1653 panis
677 1610 713 1640 et
740 1603 820 1640 vini
848 1610 989 1640 manet.

518 1657 552 1693 3.
582 1658 813 1703 PRAETEREA,
832 1655 942 1705 panis
961 1663 997 1693 et
1014 1655 1151 1693 vinum
1164 1655 1372 1692 assumitur
1390 1654 1430 1691 in
1449 1655 1525 1692 hoc

463 1717 701 1747 sacramento
730 1709 961 1758 inquantum
987 1708 1172 1757 significat
1190 1707 1204 1730 ὃ
1233 1708 1524 1745 ecclesiasticam

462 1762 659 1810 unitatem,
685 1770 800 1812 prout
829 1775 923 1799 unus
944 1764 1056 1812 panis
1071 1764 1123 1811 fit
1150 1774 1199 1799 ex
1223 1763 1344 1798 multis
1369 1763 1523 1811 granis,

463 1822 496 1853 et
519 1829 634 1852 unum
659 1818 786 1854 vinum
813 1828 863 1853 ex
897 1815 1019 1852 multis
1037 1816 1206 1861 racemis,
1227 1821 1269 1851 ut
1287 1815 1523 1863 Augustinus

462 1868 561 1928 dicit,
582 1868 622 1906 in
645 1868 742 1906 libro
762 1869 807 1905 de
834 1869 1013 1917 Symbolo
1032 1868 1063 1905 ³⁸.
1094 1868 1171 1905 Sed
1190 1869 1266 1904 hoc
1293 1867 1455 1917 pertinet
1474 1868 1524 1905 ad

462 1921 586 1971 ipsam
606 1922 856 1958 substantiam
875 1921 984 1971 panis
1004 1929 1040 1958 et
1058 1921 1149 1958 vini.
1193 1922 1295 1969 Ergo
1315 1921 1524 1958 substantia

461 1975 572 2024 panis
600 1982 636 2011 et
662 1974 742 2011 vini
770 1981 942 2011 remanet
978 1974 1018 2011 in
1046 1975 1122 2011 hoc
1156 1981 1406 2011 sacramento.

515 2028 589 2065 SED
610 2039 753 2065 CONTRA
773 2039 837 2064 EST
857 2027 964 2077 quod
990 2027 1218 2064 Ambrosius
1248 2026 1347 2074 dicit,
1367 2026 1407 2063 in
1426 2026 1522 2064 libro

460 2080 506 2117 de
533 2081 782 2118 Sacramentis
807 2080 844 2116 *2
875 2082 976 2117 Licet
999 2082 1137 2130 figura
1168 2081 1280 2129 panis
1308 2085 1341 2116 et
1367 2081 1447 2117 vini
1471 2082 1523 2118 vi-

461 2134 590 2171 deatur
600 2163 610 2180 ‚
637 2134 728 2170 nihil
761 2139 882 2170 tamen
922 2134 1025 2170 aliud
1050 2145 1162 2182 quam
1199 2145 1289 2170 caro
1321 2134 1458 2170 Christi
1491 2139 1524 2170 et

459 2189 613 2236 sanguis
634 2193 720 2236 post
745 2188 1060 2224 consecrationem
1088 2186 1273 2223 credenda
1299 2192 1394 2223 sunt.

512 2241 737 2277 REsponnso
756 2251 938 2276 mcENDUM
962 2239 1069 2288 quod
1088 2239 1248 2288 quidam
1267 2239 1286 2261 '¹‘
1308 2247 1523 2288 posuerunt

459 2301 546 2352 post
583 2292 908 2330 consecrationem
946 2292 1197 2330 substantiam
1233 2292 1344 2342 panis
1379 2299 1415 2329 et
1442 2292 1522 2330 vini

459 2346 499 2382 in
527 2347 604 2383 hoc
630 2354 870 2383 sacramento
890 2357 1101 2383 remanere.
1118 2368 1143 2372 -
1163 2346 1240 2383 Sed
1268 2346 1364 2383 haec
1382 2345 1521 2395 positio

460 2406 556 2436 stare
584 2411 665 2436 non
693 2406 826 2448 potest.
856 2398 987 2436 Primo
1016 2399 1187 2448 quidem,
1208 2398 1300 2448 quia
1325 2411 1395 2448 per
1422 2399 1523 2436 hanc

459 2451 691 2501 positionem
718 2452 861 2488 tollitur
894 2451 1032 2488 veritas
1061 2451 1176 2489 huius
1205 2451 1443 2499 sacramenti,
1473 2452 1522 2489 ad

460 2517 579 2554 quam
605 2505 768 2554 pertinet
795 2513 837 2541 ut
864 2517 1002 2542 verum
1035 2517 1176 2554 corpus
1206 2505 1344 2542 Christi
1373 2505 1412 2542 in
1446 2506 1522 2542 hoc

460 2566 698 2595 sacramento
733 2557 875 2594 existat.
918 2558 1038 2604 Quod
1073 2557 1231 2607 quidem
1266 2558 1318 2594 ibi
1353 2570 1433 2595 non
1466 2566 1522 2595 est

460 2619 546 2648 ante
574 2610 913 2648 consecrationem.
948 2611 1040 2648 Non
1068 2618 1199 2648 autem
1226 2610 1370 2660 aliquid
1397 2618 1522 2661 potest

459 2676 541 2702 esse
561 2663 699 2701 alicubi
726 2663 794 2701 ubi
813 2663 919 2714 prius
947 2676 1027 2702 non
1047 2672 1138 2710 erat,
1159 2663 1231 2701 nisi
1249 2676 1320 2713 per
1341 2664 1415 2701 loci
1435 2677 1520 2702 mu-

458 2717 654 2764 tationem,
669 2718 731 2754 vel
749 2729 819 2766 per
836 2717 989 2754 alterius
1008 2717 1304 2755 conversionem
1317 2717 1357 2754 in
1371 2717 1518 2767 ipsum:

459 2769 555 2807 sicut
582 2770 621 2807 in
650 2770 770 2807 domo
800 2770 927 2820 aliqua
955 2771 1003 2807 de
1031 2782 1137 2807 novo
1166 2770 1296 2819 incipit
1315 2782 1397 2807 esse
1425 2770 1520 2819 ignis

458 2831 524 2860 aut
543 2823 650 2873 quod
669 2829 681 2844 ²
710 2823 797 2860 illuc
826 2823 1002 2871 defertur,
1024 2831 1090 2860 aut
1108 2824 1215 2873 quod
1235 2824 1287 2861 ibi
1305 2832 1518 2872 generatur.

458 2876 706 2914 Manifestum
734 2884 789 2913 est
816 2883 946 2914 autem
974 2877 1082 2926 quod
1101 2889 1242 2926 corpus
1271 2876 1411 2914 Christi
1438 2890 1520 2915 non

458 2929 589 2979 incipit
622 2942 704 2967 esse
733 2929 773 2966 in
800 2930 877 2967 hoc
913 2938 1153 2967 sacramento
1187 2942 1258 2979 per
1284 2938 1437 2968 motum
1465 2932 1520 2969 lo-

458 2984 590 3020 calem.
621 2983 752 3020 Primo
770 2982 943 3032 quidem,
964 2982 1055 3032 quia
1077 2991 1302 3032 sequeretur
1328 2984 1436 3033 quod
1456 2984 1520 3021 de-

510 3113 538 3146 α)
557 3114 656 3139 vinum.
674 3127 694 3133 -
711 3114 797 3139 bibere
821 3114 891 3139 addit
909 3115 936 3139 P.
954 3128 974 3133 —
991 3115 1030 3139 eis
1048 3115 1067 3140 F
1087 3120 1113 3140 et
1131 3115 1218 3146 κει-πίας
1244 3115 1270 3140 in
1291 3116 1328 3140 eis
1346 3116 1375 3146 E,
1394 3116 1463 3141 enim
1483 3116 1521 3141 eis

458 3149 544 3174 ceteri.

512 3183 537 3217 β)
558 3184 638 3217 infra.
655 3198 675 3202 —
693 3184 731 3209 ita
750 3184 833 3209 PDFa
852 3189 877 3210 et
895 3185 960 3209 forte
978 3185 1053 3211 ΑΒΕ.

510 3219 538 3252 γ)
557 3219 705 3244 substantia
718 3220 855 3245 materiae.
864 3234 883 3239 -
895 3220 986 3250 PFsE3
999 3221 1164 3246 substantiae
1177 3222 1306 3246 materiae
1315 3221 1363 3254 pE,
1373 3222 1488 3247 materia
1501 3222 1519 3253 1,

458 3254 623 3279 substantiae
641 3255 755 3279 materia
773 3255 859 3280 ceteri.

511 3289 535 3323 ὃ)
554 3289 727 3315 assumitur...
753 3290 895 3323 significat.
922 3304 942 3310 —-
968 3296 1168 3317 assumuntur...
1193 3292 1330 3325 sig'm‘ji'cat
1356 3292 1416 3323 Hlb,
1444 3299 1520 3317 assu-

458 3329 594 3351 muntur...
595 3325 764 3358 significant
783 3325 842 3350 PsG
861 3331 886 3350 et
904 3333 927 3351 c.

511 3360 533 3394 ε)
552 3363 600 3385 aut
625 3360 703 3392 quod
727 3375 746 3379 -
769 3364 817 3385 aut
839 3361 901 3393 quia
921 3362 942 3385 D
963 3366 988 3386 et
1006 3362 1086 3391 tertia,
1105 3364 1154 3386 aut
1170 3361 1206 3393 F;
1226 3363 1307 3387 altero
1326 3363 1383 3387 loco
1402 3365 1451 3387 aut
1468 3362 1518 3394 PF,

458 3398 506 3421 aut
523 3395 586 3429 quia
605 3396 627 3420 D
646 3401 671 3420 et
689 3393 772 3421 cetera
791 3396 872 3421 tertia.

1581 751 1721 789 sineret
1749 765 1831 790 esse
1859 753 1899 790 in
1927 755 2050 791 caelo:
2088 766 2169 791 non
2197 754 2301 792 enim
2334 756 2441 804 quod
2477 755 2647 794 localiter

1581 813 1771 853 movetur,
1800 806 1975 855 pervenit
2002 807 2050 844 de
2078 819 2183 844 novo
2212 808 2262 845 ad
2289 808 2458 858 aliquem
2490 810 2643 856 locum,

1580 858 1652 895 nisi
1680 859 1829 896 deserat
1855 859 2037 908 priorem.
2068 861 2266 908 Secundo,
2296 861 2388 911 quia
2415 874 2532 899 omne
2560 874 2644 900 cor·

1579 923 1654 961 pus
1691 911 1858 949 localiter
1893 920 2046 950 motum
2082 913 2284 963 pertransit
2320 914 2453 952 omnia
2492 914 2642 952 media:

1581 965 1687 1014 quod
1716 965 1778 1002 hic
1806 965 1881 1002 dici
1908 977 1989 1002 non
2016 973 2152 1016 potest.
2182 966 2327 1014 Tertio,
2348 967 2440 1017 quia
2466 967 2643 1018 impossi-

1580 1018 1655 1055 bile
1682 1026 1739 1056 est
1766 1019 1874 1068 quod
1901 1030 2004 1056 unus
2032 1027 2161 1056 motus
2189 1019 2364 1057 eiusdem
2389 1020 2561 1070 corporis
2589 1021 2642 1058 lo·

1580 1070 1708 1108 caliter
1743 1071 1839 1109 moti
1866 1071 2091 1109 terminetur
2124 1072 2240 1110 simul
2274 1073 2323 1110 ad
2360 1072 2510 1111 diversa
2537 1074 2643 1111 loca:

1580 1137 1671 1162 cum
1698 1132 1828 1161 tamen
1857 1124 1896 1162 in
1923 1125 2099 1174 pluribus
2119 1125 2213 1163 locis
2240 1138 2382 1186 corpus
2411 1126 2551 1164 Christi
2570 1126 2643 1164 sub

1579 1178 1656 1215 hoc
1683 1185 1922 1215 sacramento
1951 1178 2066 1216 simul
2094 1190 2176 1216 esse
2204 1178 2369 1228 incipiat.
2411 1180 2460 1216 Et
2486 1187 2645 1230 propter

1579 1232 1656 1268 hoc
1692 1230 1918 1290 relinquitur
1954 1231 2062 1280 quod
2090 1243 2171 1269 non
2207 1232 2327 1281 possit
2361 1232 2466 1269 aliter
2501 1244 2643 1283 corpus

1581 1283 1748 1321 Christi
1739 1283 1909 1333 incipere
1935 1296 2016 1321 esse
2036 1284 2085 1321 de
2107 1297 2212 1322 novo
2241 1284 2280 1322 in
2308 1286 2384 1322 hoc
2403 1292 2642 1323 sacramento

1579 1336 1651 1374 nisi
1665 1349 1735 1386 per
1753 1336 2049 1374 conversionem
2067 1337 2298 1374 substantiae
2312 1337 2424 1387 panis
2442 1337 2482 1375 in
2499 1337 2641 1387 ipsum.

1580 1390 1700 1437 Quod
1719 1397 1850 1427 autem
1869 1389 2104 1427 convertitur
2121 1390 2161 1427 in
2189 1390 2344 1440 aliquid,
2363 1390 2460 1428 facta
2482 1403 2643 1429 conver-

1579 1443 1698 1503 sione,
1719 1455 1800 1480 non
1827 1450 1968 1480 manet.
1998 1443 2110 1481 Unde
2137 1443 2364 1493 relinquitur
2390 1444 2511 1493 quod,
2537 1445 2644 1482 salva

1578 1496 1735 1533 veritate
1763 1495 1879 1533 huius
1908 1496 2151 1543 sacramenti,
2181 1496 2390 1534 substantia
2417 1497 2527 1547 panis
2553 1504 2645 1547 post

1579 1548 1907 1587 consecrationem
1935 1561 2134 1587 remanere
2162 1562 2243 1587 non
2269 1549 2399 1600 possit.

1633 1602 1826 1649 Secund0‚
1849 1602 1941 1651 quia
1967 1603 2064 1640 haec
2090 1602 2229 1652 positio
2250 1602 2261 1628 ζ
2289 1601 2540 1641 contrariatur
2565 1602 2641 1640 for-

1579 1668 1667 1693 mae
1694 1655 1810 1693 huius
1839 1655 2085 1702 sacramenti,
2113 1655 2153 1693 in
2181 1668 2260 1705 qua
2287 1656 2444 1701 dicitur,
2472 1657 2564 1694 Hoc
2590 1662 2642 1694 est

1579 1721 1714 1759 corpus
1731 1721 1867 1746 meum.
1898 1709 2017 1755 Quod
2036 1721 2117 1746 non
2137 1716 2234 1746 esset
2251 1721 2391 1746 verum
2410 1708 2441 1746 si
2467 1709 2641 1747 substan-

1578 1762 1629 1800 tia
1647 1762 1757 1812 panis
1785 1762 1837 1799 ibi
1857 1769 2090 1799 remaneret:
2120 1772 2324 1812 nunquam
2343 1761 2448 1799 enim
2467 1763 2641 1800 substan-

1577 1815 1629 1853 tia
1655 1815 1765 1865 panis
1785 1821 1803 1842 η
1832 1822 1887 1852 est
1915 1827 2056 1864 corpus
2085 1814 2235 1852 Christi.
2279 1815 2356 1853 Sed
2382 1814 2511 1865 potius
2544 1822 2642 1854 esset

1578 1868 1799 1915 dicendum,
1819 1866 1929 1913 Hica
1958 1874 2008 1905 est
2035 1880 2171 1918 corpus
2196 1880 2333 1905 meum.

1631 1921 1775 1968 Tertio,
1797 1921 1888 1970 quia
1911 1921 2205 1958 contrariaretur
2224 1927 2231 1942 ²
2259 1920 2497 1958 venerationi
2524 1920 2643 1959 huius

1579 1974 1825 2021 sacramenti,
1856 1974 1886 2011 si
1914 1973 2043 2022 aliqua
2077 1974 2285 2011 substantia
2317 1980 2415 2010 esset
2450 1973 2504 2011 ibi
2540 1985 2641 2024 quae

1577 2039 1658 2065 non
1684 2035 1815 2077 posset
1842 2026 1992 2064 adorari
2020 2027 2244 2064 adoratione
2271 2027 2412 2064 latriae.

1632 2081 1793 2128 Quarto,
1812 2079 1905 2129 quia
1932 2079 2226 2117 contrariaretur
2243 2079 2332 2117 ritui
2358 2079 2563 2128 Ecclesiae,
2583 2091 2640 2120 se-

1577 2134 1752 2171 cundum
1771 2145 1890 2183 quem
1918 2140 2005 2182 post
2032 2134 2274 2183 corporalem
2293 2132 2424 2170 cibum
2452 2144 2533 2171 non
2555 2132 2642 2172 lioet

1578 2199 1731 2225 sumere
1759 2198 1900 2236 corpus
1929 2185 2087 2224 Christi:
2123 2198 2215 2224 cum
2243 2193 2374 2224 tamen
2403 2193 2493 2235 post
2518 2198 2640 2225 unam

1577 2240 1744 2278 hostiam
1772 2247 2035 2277 consecratam
2062 2239 2171 2276 liceat
2198 2251 2352 2276 sumere
2379 2239 2504 2276 aliam.

1629 2294 1741 2332 Unde
1761 2294 1857 2330 haec
1883 2292 2022 2342 positio
2042 2298 2058 2314 “
2085 2292 2243 2330 vitanda
2261 2299 2316 2329 est
2340 2299 2528 2342 tanquam
2548 2293 2638 2331 hae-

1576 2346 1700 2384 retica.

1629 2401 1686 2437 Αι)
1714 2411 1848 2437 PRJMUM
1869 2411 1967 2436 ERGO
1986 2410 2168 2436 mcENDUM
2195 2398 2302 2447 quod
2325 2398 2433 2436 Deus
2458 2398 2638 2459 coniuge-3

1574 2452 1629 2490 vit
1647 2453 1872 2491 divinitatem
1891 2464 2010 2498 suam,
2030 2451 2127 2489 idest
2145 2451 2318 2489 divinam
2336 2451 2532 2499 virtutem,
2547 2451 2639 2502 pani

1576 2513 1612 2542 et
1639 2505 1749 2552 vino,
1777 2517 1858 2542 non
1885 2512 1928 2542 ut
1955 2512 2179 2542 remaneant
2205 2504 2245 2541 in
2273 2505 2350 2542 hoc
2370 2513 2637 2564 sacramento,

1575 2559 1643 2596 sed
1671 2566 1713 2595 ut
1739 2535 1850 2596 ’faciat
1882 2558 1971 2595 inde
2006 2569 2147 2608 corpus
2175 2564 2212 2594 et
2246 2557 2474 2606 sanguinem
2508 2568 2637 2597 suum.

1628 2612 1685 2649 An
1706 2623 1895 2649 SECUNDUM
1909 2623 2091 2648 mcaNDUM
2108 2611 2243 2660 quod'
2234 2623 2274 2648 1n
2293 2610 2373 2648 aliis
2393 2610 2638 2651 sacramentis

1574 2677 1655 2702 non
1684 2672 1739 2702 est
1757 2664 1838 2714 ipse
1867 2664 2040 2701 Christus
2058 2663 2218 2711 realiter,
2238 2663 2335 2701 sicut
2361 2663 2402 2701 in
2420 2664 2497 2701 hoc
2515 2676 2638 2705 sacm-

1574 2726 1718 2755 mento.
1749 2719 1798 2755 Et
1824 2717 1912 2755 ideo
1941 2717 1980 2754 in
2009 2716 2254 2754 sacramentis
2281 2716 2363 2755 aliis
2390 2725 2521 2755 manet
2546 2710 2637 2756 sub-

1575 2771 1710 2808 stantia
1737 2770 1930 2817 materiae,
1950 2782 2031 2807 non
2059 2778 2189 2807 autem
2217 2770 2257 2807 in
2284 2770 2368 2808 isto.

1627 2826 1684 2861 AD
1711 2836 1871 2862 TERTmM
1908 2835 2088 2862 DICENDUM
2124 2823 2233 2873 quod
2267 2822 2413 2873 species
2445 2834 2546 2873 quae
2578 2834 2635 2860 re-

1574 2885 1732 2915 manent
1766 2877 1806 2914 in
1840 2878 1917 2914 hoc
1953 2883 2209 2924 sacramento,
2238 2884 2282 2914 ut
2308 2875 2405 2913 infra
2421 2875 2443 2897 ²⁸⁸
2470 2875 2634 2922 dicetur,
2662 2883 2674 2893 ·

1574 2930 1770 2968 sufficiunt
1804 2930 1852 2968 ad
1888 2929 2204 2978 significationem
2242 2928 2359 2966 huius
2387 2928 2633 2966 sacramenti:

1573 2996 1666 3021 nam
1684 2995 1754 3033 per
1781 2982 1990 3021 accidentia
2007 2983 2250 3031 cognoscitur
2276 2981 2371 3019 ratio
2390 2981 2633 3020 substantiae.

1625 3115 1651 3150 ζ)
1670 3116 1735 3141 haec
1748 3116 1858 3149 positio.
1876 3129 1895 3134 -
1911 3115 1932 3140 F
1951 3120 1977 3140 et
1994 3115 2082 3145 tertia;
2101 3114 2150 3139 hoc
2168 3114 2253 3146 ipsum
2273 3113 2314 3138 ed.
2326 3120 2352 3142 a,
2370 3113 2419 3138 hoc
2438 3113 2495 3145 ipso
2514 3113 2599 3139 ceteri.

1625 3151 1652 3185 η)
1669 3151 1758 3183 panis.
1776 3166 1796 3170 -
1814 3151 1849 3175 sE
1868 3158 1885 3175 a
1905 3155 1930 3175 et
1947 3150 2021 3175 tertia
2038 3148 2152 3184 (praeter
2168 3147 2221 3183 l?);
2240 3156 2293 3174 om.
2311 3148 2457 3181 ABCDpE;
2475 3148 2539 3174 ibi...
2553 3148 2635 3181 panis

1572 3187 1613 3212 vel
1630 3187 1711 3218 panis
1730 3186 1791 3212 ibi..
1810 3186 1960 3211 substantia
1978 3193 2031 3210 om.
2050 3185 2074 3214 1;
2097 3191 2258 3217 nunquam...
2277 3190 2374 3216 corpus
2392 3191 2478 3209 meum
2496 3183 2599 3210 om,1²'.

1625 3220 1649 3255 θ)
1670 3222 1730 3248 Hic.
1747 3236 1767 3241 -
1785 3221 1887 3252 PDlac3
1906 3221 1966 3246 Hoc
1982 3221 2117 3253 ABCHpE
2131 3225 2158 3244 et
2170 3220 2193 3251 b,
2206 3220 2266 3245 Hoc
2280 3226 2332 3244 non
2346 3219 2390 3249 sE,
2405 3219 2480 3245 Haec
2493 3219 2532 3248 Gz
2551 3226 2600 3252 pro
2613 3219 2634 3244 F

1571 3257 1887 3326 νίἀῖ)ησοη1νανίανεειιν.
1904 3305 1924 3311 -
1940 3290 2126 3316 contrariatur
2150 3290 2223 3315 tertia
2240 3289 2280 3315 hic
2300 3294 2325 3314 et
2343 3291 2438 3315 statim.
2455 3304 2476 3310 —
2494 3290 2556 3316 Post
2573 3290 2635 3316 sub-

1571 3328 1674 3353 stantia
1693 3328 1723 3352 PI
1743 3328 1840 3352 addunt
1858 3330 1958 3353 creata.

1624 3362 1650 3397 κ)
1666 3363 1774 3395 positio.
1802 3377 1820 3381 -
1843 3361 1994 3394 propositio
2022 3361 2138 3395 ABCpE.
2166 3361 2217 3386 Pro
2244 3361 2364 3390 uitanda,
2388 3361 2495 3387 vitante
2513 3361 2586 3394 pAG.
2606 3362 2634 3386 in

1572 3402 1677 3424 tantum
1696 3399 1725 3430 B,
1745 3398 1771 3423 in
1792 3401 1870 3423 tanta
1888 3397 1918 3422 C.

2766 1874 2784 1950 we
