2918 4088
206 511 215 521 ·
224 509 272 537 Qu.
280 515 342 536 ιιινι,
350 512 391 530 art.
398 515 417 537 5.

203 536 233 557 ad
250 543 268 558 ι.

207 938 217 949 *
225 937 318 958 Decret.
323 942 369 964 pro
374 936 421 957 Ar-

207 970 266 986 men·

210 1816 220 1826 ·
227 1814 264 1836 Ad
270 1814 363 1842 Ephes„
371 1820 422 1841 cap.

210 1847 240 1868 vi,
255 1847 314 1863 vers.
331 1848 352 1863 ιι
369 1846 421 1868 sqq.

209 1921 270 1949 “Qu.
278 1927 342 1948 ιιιιιι,
351 1924 394 1943 art.
401 1927 421 1943 2.

216 2819 227 2829 ·
237 2817 307 2845 Greg.
315 2817 344 2843 11,
354 2816 427 2848 Epist.

216 2844 249 2866 [V
271 2843 304 2865 ad
317 2843 426 2873 Bonffac.

216 2880 228 2887 -
236 2860 270 2892 df.
282 2876 331 2892 can.
340 2870 375 2892 De
385 2870 427 2891 Ιιο-

216 2903 291 2950 ἷέἑέῑῗζ
303 2897 356 2945 αῗέι.
367 2896 428 2945 Εἱῗ”“

219 3034 229 3043 ·
239 3032 428 3060 Qu.¹.xm‚art.2.

221 3192 231 3202 ·
241 3191 291 3212 Art.
301 3197 319 3216 ις
331 3196 369 3218 qu.
380 3196 431 3216 nv,

220 3220 262 3238 art.
280 3224 298 3238 ι.

302 480 316 496 κ

318 3253 335 3269 α

453 180 524 218 130
1131 180 1394 227 QUAESTIO
1423 180 1578 227 LXXII,
1608 177 1900 215 ARTICULUS
1928 178 1963 214 V

499 263 540 298 In
569 261 652 310 ipso
682 269 809 298 autem
840 260 959 298 verbo
980 261 1199 309 baptizandi,
1220 261 1326 310 quod
1347 259 1506 297 ablutio·
1562 258 1669 304 citur,
1698 260 1796 308 Ego,
1826 270 1906 295 non
1935 265 1990 294 est
2017 258 2065 294 de
2087 257 2308 295 necessitate
2329 258 2475 295 formae
2504 258 2623 307 bapti-

446 327 538 351 nem
566 314 771 362 significat,
804 322 929 363 potest
957 313 1109 361 intelligi
1137 321 1173 350 et
1201 313 1376 359 materia,
1406 324 1506 361 quae
1562 311 1709 348 smalis:
1740 310 1831 360 quia
1859 310 2075 358 intelligitur
2102 310 2141 347 in
2168 310 2289 347 verbo
2317 310 2464 360 primae
2492 322 2623 360 perso-

446 375 502 404 est
529 379 631 416 aqua
658 367 836 414 abluens,
866 374 901 403 et
929 367 1087 404 effectus
1115 366 1254 403 salutis.
1286 367 1397 413 Quae
1426 377 1506 402 non
1562 377 1645 401 nae.
1676 363 1894 413 Apponitur
1921 370 2051 400 tamen
2071 363 2120 400 acl
2140 362 2432 412 exprimendam
2451 363 2624 401 intentio-

446 420 704 468 intelliguntur
731 420 770 457 in
793 420 913 456 verbo
941 420 1207 468 confirmandi.-
1226 427 1262 456 et
1281 419 1367 456 ideo
1392 430 1505 467 opor·
1562 429 1664 454 nem.
1695 417 1814 464 Quod
1843 428 1923 453 non
1943 423 1997 452 est
2015 416 2066 453 ita
2084 415 2343 453 necessarium
2361 415 2401 452 in
2420 415 2624 453 confirma-

445 474 515 511 tuit
543 475 639 511 haec
657 480 672 495 ²
701 485 857 522 ponere.
1562 470 1678 518 tione,
1708 482 1807 518 quae
1836 481 1916 506 non
1944 468 2145 505 exhibetur
2173 468 2245 505 nisi
2273 469 2321 506 ab
2341 468 2537 506 excellenti
2555 468 2624 506 mi-

499 527 655 564 Dictum
684 534 738 563 est
766 533 896 563 autem
925 537 1040 575 supra
1058 525 1078 547 '¹‘
1106 525 1213 573 quod
1233 526 1308 561 hoc
1327 524 1434 572 quod
1453 523 1507 560 di—
1563 523 1691 570 nistro,
1722 530 1763 559 ut
1791 522 1886 559 infra
1904 522 1924 544 '¹‘
1952 522 2108 559 dicetur.

500 640 525 674 κ)
545 641 616 665 haec.
634 654 653 659 -
672 640 731 669 PH:
751 640 800 664 hoc
819 640 894 669 Babc,
914 639 956 664 hic
972 639 1007 669 F;
1026 640 1103 664 ceteri
1122 644 1209 664 utrum
1229 639 1278 663 hoc
1296 646 1328 663 an
1348 638 1411 663 haec
1430 638 1561 662 intendant
1581 637 1739 669 ambiguum.

1120 717 1454 750 Commentaria
1475 715 1728 749 cardinalis
1751 716 1952 748 Caietani

477 810 496 830 N
520 800 652 830 articulo
676 804 789 840 quarto
813 798 949 834 adverte,
962 807 1021 838 pro
1038 798 1101 828 hoc
1119 802 1149 827 et
1167 797 1277 827 ceteris
1293 796 1505 831 sacramentis,
1562 801 1833 826 sacramentorum
1857 795 1996 831 formae,
2027 805 2102 826 cum
2132 795 2261 835 reliquis
2293 795 2443 825 omnibus
2469 795 2627 835 requisitis

450 812 577 884 lqu0d‚
602 844 675 874 licet
698 844 732 873 in
755 843 892 882 antiquis
916 843 1037 872 iuribus
1060 851 1128 872 non
1145 841 1346 871 inveniantur
1362 849 1508 880 expresse
1563 839 1603 870 ad
1626 840 1735 870 omnia
1758 845 1789 870 et
1805 840 1928 879 singula
1945 845 2149 870 sacramenta.
2174 840 2237 870 Ubi
2257 845 2288 870 et
2303 840 2436 879 ponitur
2449 839 2509 870 ista
2524 839 2628 870 forma

447 898 559 919 omnes
583 893 852 918 sacramentorum
875 886 1013 922 formae,
1045 885 1274 925 posterioribus
1297 890 1404 914 tamen
1427 890 1507 914 tem·
1563 884 1751 914 sacramenti
1778 883 2046 914 confirmationis:
2079 884 2139 914 nisi
2167 883 2256 924 quod
2282 884 2334 914 hic
2359 883 2483 920 dicitur,
2513 883 2627 914 Consi—

445 933 587 973 poribus,
612 932 731 962 scilicet
753 931 812 961 sub
833 930 980 970 Eugenio
997 930 1039 960 IV
1058 930 1092 959 in
1109 929 1258 959 Concilio
1282 929 1468 958 Florentino
1481 929 1507 963 Ψ,
1563 937 1647 968 gne,
1673 933 1703 958 et
1726 928 1770 958 ibi
1793 928 1923 968 legitur,
1951 928 2054 969 Signo
2080 933 2109 959 te
2130 928 2227 970 signo
2255 928 2381 965 crucis;
2410 933 2442 958 et
2470 927 2557 959 idern
2581 933 2628 958 est

445 978 479 1007 in
492 985 557 1016 quo
575 976 669 1006 etiam
681 975 741 1005 fuit
752 975 894 1005 Ecclesia
907 974 1076 1009 orientalis,
1091 973 1263 1013 explicatae
1276 977 1349 1002 sunt
1362 972 1509 1002 omnium
1564 981 1684 1001 sensus.

1231 1124 1550 1166 ARTICULUS
1581 1124 1837 1175 QUINTUS

782 1218 939 1249 UTRUM
963 1216 1298 1248 SACRAMENTUM
1322 1199 1697 1247 CONFIRMATioNIS
1720 1217 1935 1247 IMPRIMAT
1959 1217 2310 1248 CHARACTEREM'·

870 1297 961 1328 Supra,
981 1303 1024 1328 qu.
1044 1302 1113 1326 mn,
1133 1300 1178 1319 art.
1199 1294 1227 1324 63
1247 1295 1280 1319 IV
1300 1294 1382 1323 Sent„
1402 1294 1460 1319 dist.
1479 1302 1522 1326 vu,
1542 1302 1586 1327 qu.
1605 1301 1632 1326 11,
1651 1299 1698 1319 art.
1718 1301 1741 1326 1,
1761 1295 1810 1327 qu*
1831 1301 1858 1325 ις
1879 1302 1923 1327 qu.
1940 1302 1981 1326 ιιι,
2001 1299 2048 1320 art.
2068 1295 2090 1325 3,
2110 1295 2160 1328 qu*
2181 1295 2205 1320 3.

611 1410 614 1413 ·
656 1398 678 1422 D
707 1396 866 1427 QUINTUM
890 1395 942 1420 stc
962 1395 1198 1420 PROCEDITUR.
1221 1382 1383 1419 Videtur
1403 1382 1510 1431 quod
1564 1383 1784 1432 perfectam.
1814 1383 2063 1420 Manifestum
2082 1391 2138 1420 est
2159 1391 2289 1421 autem
2318 1396 2363 1421 ex
2384 1384 2630 1423 similitudine

513 1437 521 1445 '
571 1431 636 1488 Ἆῤ),
658 1445 943 1475 sacramentum
978 1435 1283 1473 confirmationis
1321 1447 1402 1472 non
1439 1435 1510 1472 im·
1564 1435 1773 1485 corporalis
1800 1436 1900 1473 vitae
1929 1437 2036 1486 quod
2064 1436 2136 1474 alia
2164 1444 2220 1474 est
2247 1437 2345 1474 actio
2369 1438 2539 1476 hominis
2558 1447 2630 1477 sta-

639 1490 798 1540 primat
839 1491 1109 1527 characterem.
1160 1490 1366 1527 Character
1406 1487 1511 1525 enim
1564 1489 1633 1526 tim
1662 1489 1751 1535 nati,
1781 1496 1817 1526 et
1844 1489 1917 1526 alia
1944 1489 2041 1527 actio
2070 1489 2287 1539 competit?
2315 1490 2350 1527 ei
2369 1503 2460 1528 cum
2480 1491 2528 1529 ad
2547 1503 2631 1542 per-

614 1537 839 1593 &importat
853 1543 1051 1592 quoddam
1069 1543 1222 1591 signum
1237 1542 1509 1579 distinctivum.
1564 1542 1702 1579 sectam
1736 1549 1900 1579 aetatem
1927 1543 2156 1592 pervenerit.
2199 1544 2248 1580 Et
2283 1543 2371 1581 ideo
2406 1556 2477 1593 per
2508 1557 2630 1583 sacra-

449 1599 525 1636 Sed
553 1610 623 1647 per
650 1604 933 1634 sacramentum
961 1595 1265 1633 confirmationis
1284 1607 1365 1632 non
1385 1594 1511 1632 distin·
1565 1603 1743 1632 mentum
1783 1595 2087 1632 confirmationis
2124 1596 2237 1633 datur
2272 1597 2423 1634 homini
2463 1605 2630 1647 potestas

448 1651 575 1700 guitur
602 1651 723 1687 homo
752 1649 801 1686 ab
821 1648 1052 1695 infidelibus,
1073 1650 1149 1685 hoc
1169 1648 1274 1685 enim
1292 1648 1335 1685 fit
1358 1660 1428 1697 per
1445 1647 1511 1684 ba·
1566 1647 1769 1697 spiritualis
1789 1649 1837 1685 ad
1858 1649 2047 1697 quasdam
2067 1649 2235 1686 actiones
2255 1649 2345 1687 alias
2365 1662 2502 1698 sacraS,
2522 1663 2631 1700 prae-

448 1704 650 1754 ptismum:
681 1715 752 1739 nec
780 1702 895 1739 etiarn
923 1702 971 1738 ab
994 1702 1075 1739 aliis
1095 1702 1287 1748 fidelibus,
1317 1701 1408 1750 quia
1436 1702 1513 1738 hoc
1565 1709 1622 1737 ter
1650 1701 1729 1738 illas
1758 1702 1807 1738 ad
1836 1714 1932 1750 quas
1960 1702 2072 1739 datur
2099 1702 2134 1739 ei
2161 1710 2328 1752 potestas
2356 1703 2396 1740 in
2423 1703 2628 1754 baptismo.

449 1763 733 1795 sacramentum
761 1755 959 1792 ordinatur
987 1755 1036 1792 ad
1063 1767 1236 1804 pugnam
1265 1754 1510 1804 spiritualem,
1566 1755 1670 1791 Nam
1685 1754 1724 1791 in
1739 1754 1931 1803 baptismo
1951 1755 2086 1804 accipit
2104 1763 2331 1804 potestatem
2351 1757 2400 1793 ad
2419 1768 2465 1794 ea
2483 1757 2631 1806 agenda

449 1823 549 1860 quae
578 1809 759 1846 omnibus
786 1808 966 1845 fidelibus
994 1808 1172 1845 indicitur
1189 1808 1220 1844 ⁹¹².
1250 1809 1343 1844 Non
1363 1819 1452 1855 ergo
1473 1807 1512 1844 in
1567 1819 1666 1856 quae
1695 1808 1744 1844 ad
1771 1807 1971 1856 propriam
1998 1807 2189 1857 pertinent
2217 1810 2400 1855 salutem,
2429 1818 2546 1859 prout
2573 1822 2630 1848 se-

449 1865 525 1901 hoc
553 1869 791 1899 sacramento
821 1861 1054 1911 imprimitur
1081 1861 1217 1910 aliquis
1245 1862 1450 1898 character.
1567 1860 1742 1897 cundum
1770 1860 1942 1911 seipsum
1970 1861 2081 1898 vivit:
2111 1861 2237 1898 sedin
2257 1862 2551 1900 confirmatione
2570 1876 2631 1901 ac-

505 1928 538 1952 2.
569 1917 805 1960 PRAETEREA,
835 1927 951 1964 supra
970 1915 990 1936 ²¹²
1018 1914 1163 1951 dictum
1198 1922 1253 1950 est
1288 1914 1395 1963 quod
1424 1914 1512 1950 cha·
1567 1913 1656 1962 cipit
1682 1921 1911 1962 potestatem
1939 1913 1987 1950 ad
2016 1915 2210 1962 agendum
2239 1927 2284 1952 ea
2312 1927 2412 1964 quae
2440 1916 2632 1964 pertinent

450 1977 571 2006 racter
598 1975 653 2004 est
681 1968 874 2016 quaedam
901 1967 1071 2017 potentia
1095 1966 1309 2016 spiritualis.
1339 1966 1513 2004 Potentia
1567 1967 1615 2003 ad
1643 1978 1816 2015 pugnarn
1835 1966 2069 2016 spiritualem
2098 1975 2230 2004 contra
2249 1968 2378 2005 hostes
2396 1967 2499 2005 fidei.
2526 1968 2633 2007 Sicut

450 2030 580 2059 autem
608 2033 687 2057 non
716 2028 771 2057 est
799 2020 869 2057 nisi
898 2020 1020 2058 activa
1047 2021 1110 2057 vel
1137 2019 1300 2069 passiva.
1340 2019 1514 2057 Potentia
1566 2026 1669 2068 patet
1697 2020 1874 2068 exemplo
1903 2021 2191 2068 Apostolorum,
2213 2020 2290 2069 qui,
2316 2028 2525 2070 antequam
2552 2024 2632 2072 ple-

450 2083 580 2112 autem
608 2073 730 2111 activa
758 2073 797 2110 in
819 2073 1064 2110 sacramentis
1093 2073 1286 2109 confertur
1302 2085 1373 2122 per
1391 2084 1512 2109 sacra·
1567 2071 1782 2109 nitudinem
1816 2071 1977 2121 Spiritus
2016 2073 2144 2110 Sancti
2178 2073 2412 2122 acciperent,
2450 2082 2557 2112 erant
2593 2077 2631 2113 in

450 2135 626 2165 mentum
664 2125 827 2163 ordinis:
866 2126 1034 2176 potentia
1067 2134 1196 2163 autem
1228 2126 1397 2175 passiva,
1432 2125 1512 2162 sive
1566 2125 1744 2162 cenaculo
1764 2131 2044 2175 perseverantes
2069 2127 2106 2162 in
2133 2128 2302 2164 oratione
2322 2126 2358 2173 *3
2377 2128 2632 2177 postmodum

450 2180 652 2229 receptiva,
681 2191 751 2228 per
778 2187 1062 2216 sacramentum
1089 2178 1280 2228 baptismi.
1315 2181 1416 2228 Ergo
1444 2191 1514 2228 per
1567 2186 1698 2215 autem
1726 2178 1864 2226 egressi
1893 2190 1973 2215 non
2005 2179 2239 2216 verebantur
2265 2179 2384 2217 fidem
2406 2180 2560 2230 publice
2578 2182 2631 2220 fa-

451 2240 733 2270 sacramentum
753 2232 1056 2270 confirmationis
1084 2233 1212 2269 nullus
1232 2233 1427 2270 character
1445 2232 1512 2270 im·
1566 2231 1646 2278 teri,
1677 2231 1791 2268 etiam
1820 2243 1952 2268 coram
1971 2231 2134 2269 inimicis
2153 2232 2245 2270 fidei
2266 2233 2504 2271 Christianae
2522 2234 2553 2272 *.
2583 2235 2633 2272 Et

450 2286 638 2336 primitur.
1567 2285 1655 2322 ideo
1684 2284 1930 2322 manifestum
1958 2292 2013 2322 est
2041 2285 2147 2334 quod
2175 2285 2215 2322 in
2234 2294 2473 2324 sacramento
2493 2287 2632 2325 confir-

507 2340 541 2376 3.
571 2340 802 2385 PRAETEREA,
832 2338 871 2375 in
899 2338 1201 2385 circumcisione,
1231 2351 1330 2387 quae
1351 2346 1406 2375 est
1424 2339 1513 2376 cha·
1567 2337 1746 2374 mationis
1774 2337 2008 2387 imprimitur
2035 2339 2240 2375 character.
2334 2370 2337 2373 ,

452 2400 572 2429 racter
599 2391 824 2440 corporalis,
861 2403 941 2428 non
975 2391 1207 2440 imprimitur
1238 2391 1374 2440 aliquis
1407 2391 1513 2441 spiri-
1621 2391 1678 2427 AD
1697 2403 1832 2428 PRIMUM
1851 2402 1950 2428 ERGO
1970 2403 2151 2428 DICENDUM
2174 2392 2282 2441 quod
2309 2404 2440 2442 pugna
2459 2393 2633 2442 spiritua-

452 2445 563 2482 tualis
592 2446 795 2481 character.
841 2445 917 2482 Sed
945 2443 984 2481 in
1013 2445 1089 2481 hoc
1116 2452 1355 2481 sacramento
1384 2444 1514 2493 impri-
1568 2443 1611 2480 lis
1648 2451 1780 2480 contra
1814 2444 1943 2480 hostes
1980 2443 2188 2481 invisibiles
2221 2444 2404 2482 omnibus
2437 2446 2631 2496 competit.

453 2497 570 2535 mitur
598 2497 756 2547 quidam
785 2498 979 2534 character
998 2497 1221 2546 corporalis:
1252 2497 1348 2534 dum
1376 2497 1515 2534 scilicet
1569 2497 1646 2534 Sed
1678 2504 1811 2533 contra
1836 2497 1965 2533 hostes
1983 2496 2161 2544 visibiles,
2182 2497 2278 2534 idest
2297 2506 2428 2536 contra
2455 2511 2633 2548 persecu-

454 2552 575 2588 homo
604 2550 807 2587 chrismate
836 2550 1006 2598 signatur
1034 2550 1141 2599 signo
1162 2550 1283 2587 crucis
1311 2550 1351 2587 in
1379 2551 1513 2587 fronte.
1568 2557 1669 2586 tores
1692 2549 1783 2586 fidei
1811 2561 1994 2599 pugnare,
2019 2562 2165 2587 nomen
2192 2550 2332 2588 Christi
2362 2551 2585 2590 confitendo
2604 2557 2632 2599 Υ,

454 2605 548 2641 Non
575 2615 665 2652 ergo
694 2603 927 2652 imprimitur
954 2603 993 2640 in
1021 2604 1097 2640 hoc
1116 2611 1354 2640 sacramento
1383 2604 1515 2640 chara·
1570 2610 1625 2639 est
1653 2602 1986 2649 confirmatorum,
2015 2603 2082 2652 qui
2111 2603 2189 2640 iam
2208 2611 2297 2641 sunt
2323 2605 2499 2653 perducti
2526 2605 2634 2655 spiri-

455 2664 533 2694 cter
560 2656 772 2705 spiritualis.
1569 2655 1719 2693 tualiter
1746 2655 1795 2692 ad
1822 2655 1973 2692 virilem
2002 2663 2182 2693 aetatem:
2213 2658 2431 2695 secundum
2451 2659 2559 2708 quod
2578 2657 2634 2696 di·

510 2710 582 2747 Sl-:D
616 2721 778 2756 CONTRA,
813 2708 851 2745 in
881 2708 988 2746 omni
1017 2717 1255 2746 sacramento
1291 2709 1398 2758 quod
1435 2722 1516 2746 non
1570 2708 1667 2746 citur
1693 2709 1830 2745 IIoan.
1851 2721 1873 2746 11
1892 2708 1928 2745 *ι
1959 2710 2089 2746 Scribo
2117 2711 2230 2756 vobis,
2261 2712 2427 2758 iuvenes,
2457 2713 2634 2761 quoniam

455 2762 619 2810 iteratur,
636 2761 867 2811 imprimitur
885 2763 1090 2798 character.
1113 2762 1189 2799 Sed
1209 2763 1284 2799 hoc
1303 2774 1516 2799 sacramen·
1560 2763 1683 2811 sortes
1711 2763 1803 2808 estis,
1833 2768 1865 2799 et
1892 2764 2046 2800 verbum
2073 2763 2148 2799 Dei
2173 2764 2210 2800 in
2238 2765 2342 2801 vobis
2369 2770 2504 2810 manet,
2530 2770 2564 2802 et
2580 2766 2633 2803 vi-

454 2823 539 2853 tum
574 2828 654 2853 non
689 2815 862 2852 iteratur:
902 2814 992 2852 dicit
1025 2814 1129 2852 enim
1163 2815 1370 2863 Gregorius
1393 2815 1429 2852 *z
1459 2817 1518 2852 De
1569 2817 1665 2852 cistis
1693 2815 1914 2865 malignum.
1958 2815 2006 2851 Et
2033 2814 2122 2852 ideo
2150 2816 2346 2854 character
2373 2816 2633 2855 confirmatio-

454 2870 603 2906 homine
631 2870 694 2918 qui
719 2881 742 2905 a
769 2869 941 2917 pontifice
976 2870 1218 2916 confirmatus
1235 2869 1355 2916 fuerit
1382 2869 1515 2915 denuo,
1570 2867 1629 2905 nis
1657 2875 1712 2904 est
1740 2867 1894 2916 signum
1928 2867 2209 2916 distinctivum,
2246 2881 2328 2906 non
2363 2868 2579 2907 infidelium
2611 2881 2634 2908 a

454 2922 535 2959 talis
555 2923 695 2959 iteratio
710 2921 943 2971 prohibenda
961 2927 1022 2958 est.
1043 2922 1145 2969 Ergo
1165 2920 1203 2957 in
1223 2921 1516 2959 confirmatione
1571 2920 1762 2967 fidelibus,
1778 2921 1846 2958 sed
1861 2920 2102 2970 spiritualiter
2114 2929 2389 2970 provectorum
2408 2922 2456 2959 ab
2471 2922 2530 2959 his
2549 2922 2634 2972 qui-

455 2974 687 3024 imprimitur
714 2975 918 3012 character.
1571 2974 1644 3011 bus
1672 2973 1810 3011 dicitur
1827 2974 1866 3011 *2
1897 2975 2005 3023 Sicut>
2023 2974 2135 3011 modo
2162 2976 2281 3024 geniti
2306 2975 2476 3023 infantes.

509 3029 732 3065 RESPONDEO
751 3039 933 3064 DICENDUM
953 3027 1072 3076 quod,
1089 3026 1184 3064 sicut
1204 3039 1320 3076 supra
1333 3027 1353 3049 '¹‘
1372 3027 1518 3064 dictum
1625 3028 1682 3064 An
1702 3038 1891 3064 SECUNDUM
1909 3038 2091 3064 DICENDUM
2111 3026 2218 3075 quod
2246 3026 2378 3064 omnia
2397 3036 2635 3066 sacramenta

458 3088 524 3126 est,
553 3081 746 3117 character
774 3087 828 3117 est
847 3080 1040 3129 quaedam
1061 3079 1262 3129 spiritualis
1281 3087 1447 3129 potestas
1469 3080 1518 3117 ad
1573 3087 1661 3116 sunt
1695 3080 1888 3129 quaedam
1919 3078 2012 3116 fidei
2045 3078 2347 3128 protestationes.
2391 3079 2496 3118 Sicut
2523 3080 2636 3130 igitur

458 3132 603 3182 aliquas
632 3145 756 3169 sacras
784 3132 950 3170 actiones
978 3132 1163 3170 ordinata.
1193 3133 1350 3170 Dictum
1378 3141 1433 3170 est
1451 3146 1518 3170 au·
1572 3132 1783 3181 baptizatus
1811 3131 1947 3182 accipit
1973 3138 2197 3181 potestatem
2227 3132 2462 3182 spiritualem
2481 3134 2530 3171 ad
2548 3147 2634 3184 pro-

458 3193 537 3222 tem
565 3197 681 3234 supra
698 3185 717 3206 '¹‘
746 3186 863 3234 quod,
894 3186 989 3222 sicut
1016 3185 1230 3235 baptismus
1251 3193 1307 3222 est
1325 3186 1518 3234 quaedam
1572 3185 1791 3222 testandum
1819 3184 1940 3222 fidem
1975 3195 2045 3233 per
2072 3184 2356 3233 susceptionem
2384 3186 2549 3224 aliorum
2577 3200 2634 3225 sa-

460 3237 661 3286 spiritualis
688 3238 879 3285 generatio
900 3244 917 3259 ‘²
946 3238 985 3274 in
1012 3237 1131 3275 vitam
1165 3238 1439 3283 Christianam,
1469 3238 1520 3275 ita
1574 3245 1882 3283 eramentorum;
1911 3236 1962 3274 ita
1985 3236 2236 3275 confirmatus
2255 3237 2390 3288 accipit
2408 3247 2635 3288 potestatem

461 3290 576 3327 etiam
590 3289 830 3327 confirmatio
844 3298 900 3326 est
914 3291 1113 3338 quoddam
1129 3290 1321 3339 spirituale
1336 3302 1519 3338 augmen·
1573 3289 1726 3339 publice
1753 3289 1874 3328 fidem
1903 3288 2043 3326 Christi
2070 3289 2196 3327 verbis
2219 3290 2438 3340 profitendi,
2459 3293 2569 3342 quasi
2588 3306 2636 3332 ex

460 3350 544 3380 tum
571 3354 807 3391 promovens
826 3342 1027 3379 hominem
1046 3342 1085 3379 in
1105 3342 1338 3391 spiritualem
1357 3350 1520 3380 aetatem
1575 3342 1716 3380 officio.

515 3454 542 3488 α)
561 3454 706 3487 generatio.
724 3469 743 3472 —
761 3454 929 3487 regeneratio
948 3455 967 3479 F
987 3460 1012 3479 et
1030 3455 1103 3480 tertia
1122 3461 1223 3488 praeter
1241 3456 1259 3480 1.
1545 3457 1549 3522 Ι
1627 3455 1654 3490 γ)
1673 3456 1830 3489 confitendo.
1849 3470 1868 3475 -
1882 3456 1987 3488 publice
2005 3456 2155 3490 confitendo
2173 3457 2254 3483 tertia.

516 3489 542 3524 β)
561 3490 693 3522 competit.
710 3505 729 3508 —
747 3497 814 3522 quae
831 3490 956 3522 competit
975 3490 1108 3516 editiones.

2651 524 2661 534 ·
2675 523 2728 545 Art.
2743 529 2776 546 ιι.

2658 2137 2670 2147 ·
2686 2135 2736 2157 Act.
2757 2140 2809 2163 up.
2827 2140 2844 2163 ι,

2658 2167 2718 2184 ven.
2734 2167 2766 2191 ι),
2782 2168 2818 2189 ¹4·

2658 2237 2669 2247 ·
2687 2235 2756 2263 ibid„
2775 2240 2827 2264 up.
2841 2240 2859 2257 ιι

2658 2267 2711 2291 sss·

2660 2715 2753 2738 'Vei-⁸.
2769 2721 2804 2743 ¹4.

2661 2981 2671 2991 ·
2685 2979 2696 3001 1
2709 2979 2770 3001 Petr.
2785 2984 2836 3008 up.
2846 2984 2875 3007 ιι,

2660 3012 2720 3029 ven.
2735 3011 2755 3028 ιι.
