2878 4088
178 900 188 909 ·
204 897 269 920 Vera.
284 898 320 920 26.

179 985 188 995 ·
203 984 238 1006 cf.
255 985 291 1006 l’s.
311 991 388 1011 xxxn,

178 1017 236 1033 vere.
254 1017 284 1039 ¹5.

178 2047 187 2057 ·
201 2047 257 2075 Cep.
272 2053 319 2069 xm.

176 2358 185 2366 ·
192 2355 228 2378 Ps.
236 2361 297 2384 xxvi,
302 2362 385 2384 vere.4.

176 2402 185 2411 ·
201 2400 266 2423 Vere.
280 2406 302 2429 9.

178 2537 187 2546 ‘
202 2537 252 2558 Art.
267 2536 372 2564 praeced.

179 2756 190 2766 ·
204 2755 274 2777 Num.
289 2756 311 2778 6.

430 208 501 243 144
903 216 905 218 -
1104 196 1369 243 QUAEsTlo
1396 196 1532 243 LXIX,
1554 195 1848 234 ARTICULUS
1876 195 1921 232 111

472 274 523 304 An
547 283 663 304 ranam
686 283 769 304 aaoo
793 284 953 305 nrcmnuu
976 274 1066 315 quod
1090 274 1204 306 Glossa
1227 276 1363 315 seipsam
1384 284 1482 315 expo·
1538 274 1580 304 IV
1603 274 1738 315 Dialog.
1755 275 1782 310 *,
1799 274 1854 304 ubi
1870 278 1973 303 narrat
1989 273 2029 304 de
2044 273 2153 304 multis
2176 274 2311 305 mortuis
2334 276 2389 316 qui
2405 276 2483 305 vivis
2507 285 2604 316 appa-

418 318 473 348 nit.
499 317 598 356 Quod
622 318 708 348 enim
732 317 818 355 dicit,
835 318 988 350 Nondum
1005 319 1070 350 eris
1093 319 1146 350 ubi
1169 324 1264 350 erunt
1286 319 1390 350 sancti
1410 324 1481 355 ete„
1537 323 1679 349 ruerunt.

418 363 524 392 statim
548 363 680 402 exponit
698 362 856 394 subdens:
881 363 976 399 Idest‚
997 364 1073 394 Non
1097 364 1224 394 habebis
1239 364 1402 405 geminam
1417 368 1481 394 sto·
1592 363 1782 392 Rusponnno
1798 371 1958 391 DICENDUM
1975 360 2063 401 quod
2080 361 2220 401 aliquem
2237 363 2321 392 exire
2342 362 2381 393 de
2404 362 2530 393 inferno
2554 364 2605 393 vel

418 407 492 441 lam,
510 415 606 447 quam
629 407 787 437 habebunt
808 407 913 439 sancti
936 408 968 438 in
994 408 1239 438 resurrectione.
1538 406 1578 437 de
1593 405 1740 446 paradiso
1763 410 1870 445 potest
1885 405 2018 445 intelligi
2035 404 2213 445 dupliciter.
2237 406 2313 437 Uno
2329 406 2440 443 modo,
2457 408 2500 437 ita
2516 407 2605 447 quod

472 451 522 481 An
547 461 710 482 sactmmm
732 461 892 483 mmmmm
915 451 1005 492 quod
1027 453 1109 483 inter
1130 452 1183 482 illa
1213 451 1318 482 abdita
1341 457 1482 491 recepta·
1505 461 1514 481 ς
1537 450 1723 490 simpliciter
1745 449 1820 481 inde
1845 455 1944 485 exeat,
1961 455 1997 480 ut
2012 450 2076 481 iam
2095 449 2187 481 locus
2209 451 2277 481 eius
2295 460 2363 482 non
2386 451 2425 483 sit
2440 451 2603 491 paradisus

418 495 490 525 cula
513 494 552 525 de
576 496 693 535 quibus
716 496 915 536 Augustinus
943 496 1104 536 loquitur,
1132 497 1226 526 etiam
1250 501 1323 526 sunt
1346 505 1482 535 compu-
1537 495 1588 525 vel
1611 494 1764 525 infernus.
1796 494 1837 525 Et
1860 494 1904 524 sic
1927 493 2035 525 nullus
2065 493 2192 524 inferno
2216 494 2266 525 vel
2294 495 2440 535 paradiso
2470 494 2606 527 finaliter

418 539 504 570 tandi
529 545 560 569 et
583 539 725 570 infernus
749 545 780 570 et
802 540 981 580 paradisus,
1006 541 1038 570 in
1063 541 1179 580 quibus
1210 541 1334 570 animae
1358 540 1482 579 aliquae
1538 538 1708 579 deputatus
1732 537 1806 569 inde
1830 538 1913 568 exire
1936 543 2053 578 potest,
2070 543 2105 568 ut
2128 538 2209 569 infra
2225 540 2240 555 *
2264 538 2396 570 dicetur.

418 589 491 614 ante
523 584 789 614 resurrectionem
822 585 1035 614 continentur.
1075 584 1138 615 Sed
1171 583 1245 614 ideo
1281 583 1483 624 distinguitur
1593 583 1667 613 Alio
1690 581 1790 613 modo
1814 587 1921 622 potest
1944 582 2077 622 intelligi
2100 588 2136 613 ut
2160 588 2250 613 exeat
2273 583 2312 614 ad
2335 589 2473 624 tempus.
2508 584 2550 615 Et
2571 584 2605 615 in

417 633 545 668 tempus
569 633 642 658 ante
656 628 921 659 resurrectionem
938 634 969 659 et
991 634 1075 668 post,
1093 628 1168 669 quia
1184 633 1256 658 ante
1279 629 1482 658 resurrectio·
1537 627 1601 658 hoc
1618 626 1879 666 distinguendum
1895 631 1942 657 est
1958 625 2036 666 quid
2059 627 2104 657 eis
2120 627 2289 658 conveniat
2307 627 2486 659 secundum
2501 628 2606 668 legem

417 681 493 702 nem
517 677 591 702 sunt
606 673 649 702 ibi
665 673 733 703 sine
749 682 895 712 corpore,
912 678 986 713 post
1001 678 1108 703 autem
1125 678 1218 703 erunt
1234 682 1309 702 cum
1326 682 1480 713 corpore:
1500 681 1524 695 ιο
1537 677 1679 707 naturae,
1696 676 1727 702 et
1750 670 1829 711 quid
1852 671 1897 701 eis
1921 671 2090 702 conveniat
2108 671 2287 702 secundum
2311 671 2457 703 ordinem
2481 671 2606 703 divinae

419 721 449 747 et
473 717 547 756 quia
563 717 596 747 in
613 717 772 756 aliquibus
795 717 1002 757 receptaculis
1019 727 1106 747 nunc
1125 722 1199 747 sunt
1215 717 1339 747 animae
1362 718 1395 747 in
1412 718 1482 757 qui·
1537 715 1773 756 providentiae:
1799 716 1883 755 quia,
1900 720 1936 746 ut
1960 715 2036 746 dicit
2058 715 2268 755 Augustinus,
2290 717 2324 746 in
2347 716 2429 746 libro
2452 716 2492 747 de
2517 716 2607 747 Cura

417 761 477 791 bus
500 766 573 801 post
595 762 859 791 resurrectionem
882 771 950 791 non
975 766 1076 791 erunt.
1531 769 1597 801 pro
1613 760 1751 791 mortuis
1765 759 1894 801 agenda
1907 760 1934 795 *,
1950 759 2010 790 alii
2027 765 2103 790 sunt
2121 760 2338 791 humanarum
2355 761 2471 791 limites
2485 770 2605 796 rerum,

472 805 523 835 An
539 814 674 835 raa-mm
697 815 857 835 mmmmm
873 804 962 845 quod
980 806 1128 836 homines
1147 805 1326 836 secundum
1349 814 1484 845 corpora
1538 805 1606 835 alia
1629 804 1814 835 divinarum
1837 804 1933 845 signa
1957 804 2133 841 virtutum,·
2156 805 2223 835 alia
2246 810 2323 836 sunt
2344 814 2427 846 quae
2447 805 2606 836 naturali—

417 849 535 879 habent
558 849 719 889 quandam
748 850 992 880 continuitatem
1023 849 1062 880 ad
1084 850 1239 880 invicem:
1271 850 1347 889 quia
1369 859 1483 880 secun·
1539 854 1596 885 ter,
1613 849 1681 879 alia
1703 858 1786 889 quae
1809 848 2002 880 mirabiliter
2012 849 2114 889 fiunt.

418 892 495 923 dum
519 903 556 923 ea
579 898 625 923 est
640 902 753 923 verum
777 893 866 933 quod
882 892 997 923 dicitur
1016 894 1084 924 Act.
1101 904 1165 924 xvn
1181 895 1208 929 ξ
1224 893 1314 934 quod
1337 894 1426 924 Deus
1442 904 1483 924 ex
1500 902 1522 922 ¹5
1593 892 1779 924 Secundum
1802 902 1878 933 ergo
1909 893 2086 925 naturalem
2115 902 2260 930 cursum,
2285 894 2410 924 animae
2434 899 2606 934 separatae,

418 947 482 967 uno
497 937 584 978 fecit
600 937 742 966 omnium
757 937 921 967 hominum
937 946 1050 978 genus.
1075 937 1138 968 Sed
1154 938 1274 968 animas
1291 938 1482 979 singillatim
1538 938 1676 977 propriis
1699 937 1906 977 receptaculis
1930 937 2110 978 deputatae,
2127 947 2145 968 a
2165 938 2409 969 conversatione
2430 938 2606 969 viventium

406 981 512 1022 finxit
523 982 548 1010 *.
573 980 667 1011 Unde
682 990 749 1010 non
767 986 813 1010 est
828 986 914 1010 tanta
930 982 1139 1020 congruentia
1154 987 1191 1012 ut
1206 991 1319 1012 omnes
1334 982 1482 1012 homines
1536 982 1665 1021 penitus
1681 986 1894 1021 segregantur.
1918 981 1993 1012 Non
2010 982 2096 1012 enim
2120 981 2299 1013 secundum
2323 992 2451 1014 cursum
2475 988 2606 1014 naturae

416 1024 511 1055 simul
536 1023 755 1064 glorificentur
778 1024 811 1054 in
835 1025 950 1060 anima,
967 1025 1050 1054 sicut
1073 1025 1162 1064 quod
1185 1025 1280 1055 simul
1303 1025 1482 1065 glorificen·
1539 1026 1687 1056 homines
1720 1026 1754 1056 in
1785 1025 1911 1056 mortali
1944 1035 2037 1056 carne
2069 1027 2211 1057 viventes
2243 1027 2425 1058 substantiis
2456 1027 2607 1067 separatis

415 1074 466 1098 tur
489 1069 522 1098 in
546 1077 691 1107 corpore.
1536 1069 1720 1099 immediate
1743 1070 1930 1109 iunguntur,
1947 1079 2022 1100 cum
2039 1070 2144 1101 omnis
2168 1079 2281 1102 eorum
2302 1072 2445 1111 cognitio
2468 1081 2487 1102 a
2509 1081 2606 1103 sensu

471 1112 511 1142 Et
526 1116 687 1151 praeterea
702 1111 802 1150 gloria
819 1112 963 1151 corporis
985 1121 1053 1143 non
1078 1117 1125 1142 est
1145 1113 1188 1142 ita
1204 1112 1376 1143 essentialis
1400 1113 1482 1143 sicut
1497 1125 1523 1139 ω
1537 1113 1674 1143 oriatur:
1699 1122 1760 1143 nec
1783 1118 1915 1153 propter
1937 1113 2023 1144 aliud
2047 1123 2066 1143 a
2088 1115 2152 1145 suis
2175 1115 2384 1155 receptaculis
2407 1125 2460 1146 eas
2487 1125 2606 1147 conve-

415 1156 515 1196 gloria
527 1156 661 1186 animae.
682 1155 775 1186 Unde
791 1155 894 1186 maius
907 1155 1134 1187 detrimentum
1147 1161 1228 1187 esset
1244 1157 1359 1186 sanctis
1371 1157 1397 1186 si
1411 1156 1480 1196 glo·
1535 1157 1618 1186 niret
1641 1157 1725 1186 exire
1749 1157 1809 1186 nisi
1832 1162 1868 1187 ut
1891 1157 1986 1187 rebus
2009 1158 2185 1188 viventium
2209 1159 2405 1190 interessent.

415 1200 459 1230 ria
482 1200 607 1231 animae
630 1198 815 1235 differretur,
834 1209 931 1239 quam
956 1199 995 1230 de
1017 1201 1081 1230 hoc
1103 1199 1192 1240 quod
1215 1199 1316 1240 gloria
1337 1201 1480 1240 corporis
1592 1199 1655 1231 Sed
1677 1199 1857 1231 secundum
1880 1199 2125 1240 dispositionem
2149 1201 2274 1232 divinae
2297 1203 2527 1243 providentiae,
2551 1203 2606 1233 ali-

415 1243 584 1275 differatur.
598 1243 666 1274 Nec
678 1248 786 1283 posset
798 1243 861 1274 hoc
874 1243 1101 1275 detrimentum
1113 1244 1232 1284 gloriae
1244 1245 1480 1284 recompensari
1537 1243 1668 1284 quando
1685 1245 1810 1275 animae
1826 1249 1997 1284 separatae,
2014 1255 2032 1275 a
2048 1245 2112 1276 suis
2127 1246 2335 1286 receptaculis
2359 1256 2511 1287 egressae,
2528 1256 2606 1278 con-

414 1297 471 1328 per
494 1287 733 1328 ampliationem
755 1286 862 1327 gaudii
885 1288 1086 1328 singulorum
1102 1288 1142 1319 de
1164 1287 1282 1328 gaudio
1300 1289 1477 1319 communi.
1535 1288 1698 1328 spectibus
1729 1289 1901 1319 hominum
1932 1294 2189 1329 praesentantur:
2224 1290 2307 1322 sicut
2337 1291 2547 1331 Augustinus,
2571 1291 2607 1323 in

469 1333 519 1364 An
546 1342 693 1363 omarum
716 1341 874 1362 mensum«
891 1332 981 1373 quod
1004 1332 1139 1363 eandem
1159 1333 1377 1363 obiectionem
1401 1332 1480 1364 Gre-
1496 1345 1519 1365 ²5
1535 1332 1617 1363 libro
1647 1332 1811 1373 praedicto
1827 1334 1863 1369 *‚
1885 1338 1991 1364 narrat
2018 1332 2058 1364 de
2081 1333 2188 1364 Felice
2217 1339 2374 1375 martyre,
2398 1335 2455 1375 qui
2484 1335 2607 1367 civibus

414 1377 532 1416 gorius,
549 1377 583 1407 in
603 1376 645 1406 IV
660 1376 795 1417 Dialog.
812 1377 838 1412 *,
855 1377 1010 1416 proponit
1027 1382 1058 1407 et
1073 1377 1176 1408 solvit.
1201 1376 1245 1413 Si,
1262 1377 1377 1417 inquit,
1395 1387 1482 1408 nunc
1534 1376 1668 1407 Nolanis
1691 1377 1854 1407 visibiliter
1870 1378 2016 1417 apparuit
2039 1387 2115 1409 cum
2134 1387 2152 1408 a
2171 1379 2309 1410 barbaris
2331 1385 2604 1420 oppugnarentur.

415 1421 447 1451 in
472 1421 561 1452 caelo
577 1425 654 1451 sunt
668 1420 797 1451 animae
810 1425 1008 1457 sanctorum,
1026 1421 1103 1462 quid
1119 1426 1166 1452 est
1179 1421 1266 1462 quod
1281 1422 1314 1452 in
1330 1421 1382 1452 die
1397 1421 1481 1452 iudi·
1535 1420 1576 1453 Et
1598 1421 1662 1452 hoc
1690 1422 1787 1452 etiam
1817 1421 1902 1452 credi
1929 1427 2036 1462 potest
2067 1422 2158 1464 quod
2190 1422 2364 1463 aliquando
2388 1423 2428 1455 de
2450 1423 2606 1455 damnatis

415 1465 456 1496 cii
474 1475 538 1505 pro
558 1464 699 1495 iustitiae
713 1474 792 1495 suae
807 1465 1018 1496 retributione
1033 1465 1219 1506 recipiunt?
1242 1465 1283 1497 Et
1297 1465 1480 1506 respondet.
1535 1466 1715 1506 contingat,
1740 1465 1847 1506 quod,
1873 1465 1913 1497 ad
1937 1466 2151 1498 eruditionem
2183 1467 2354 1499 hominum
2379 1473 2411 1499 et
2432 1473 2605 1505 terrorem,

414 1508 489 1539 Hoc
512 1509 556 1539 eis
580 1509 732 1539 nimirum
764 1509 880 1540 crescit
901 1509 934 1540 in
959 1510 1098 1546 iudicio,
1124 1510 1211 1551 quod
1243 1519 1330 1540 nunc
1352 1510 1482 1542 animae
1535 1510 1763 1550 permittuntur
1785 1510 1964 1542 viventibus
1994 1520 2162 1552 apparere;
2187 1517 2242 1543 aut
2273 1513 2369 1543 etiam
2392 1511 2432 1543 ad
2459 1511 2606 1553 suffragia

413 1554 484 1584 sola
516 1553 681 1594 singulari
713 1553 924 1584 retributione
956 1554 1140 1591 laetantur‚·
1166 1554 1374 1595 postmodum
1402 1564 1479 1585 vero
1497 1567 1522 1587 ιο
1535 1554 1722 1594 expetenda,
1739 1559 1897 1595 quantum
1913 1554 1954 1586 ad
1975 1554 2048 1586 illos
2072 1556 2128 1596 qui
2150 1556 2185 1587 in
2201 1557 2387 1596 purgatorio
2404 1556 2603 1594 detinentur;

413 1597 508 1628 etiam
524 1607 698 1638 corporum
714 1597 909 1628 beatitudine
919 1599 1144 1640 perfruentur,
1163 1604 1198 1629 ut
1212 1599 1245 1629 in
1263 1599 1332 1639 ipsa
1354 1609 1481 1640 quoque
1534 1604 1571 1629 ut
1593 1608 1651 1639 per
1673 1599 1774 1629 multa
1797 1608 1880 1639 quae
1903 1599 1937 1630 in
1961 1599 2003 1630 IV
2026 1600 2162 1641 Dialog.
2179 1601 2196 1617 *
2218 1606 2395 1640 narrantur,
2418 1606 2516 1641 patet.
2540 1600 2605 1633 Sed
2632 1605 2644 1616 ·

413 1651 512 1673 earne
533 1642 710 1683 gaudeant,
727 1642 759 1672 in
775 1652 840 1682 qua
863 1642 994 1673 dolores
1011 1653 1076 1683 pro
1092 1643 1235 1674 Domino
1256 1643 1481 1684 cruciatusque
1534 1643 1598 1674 hoc
1621 1644 1751 1675 interest
1773 1644 1856 1674 inter
1878 1649 2006 1675 sanctos
2030 1650 2061 1675 et
2083 1643 2261 1681 damnatos,
2281 1645 2372 1685 quod
2393 1646 2504 1681 sancti,
2529 1655 2605 1677 cum

408 1686 622 1726 pertulerunt.
647 1686 688 1716 Et
704 1686 820 1717 eodem
836 1686 937 1718 modo
953 1686 1128 1718 dicendum
1144 1693 1191 1719 est
1206 1687 1246 1718 de
1270 1687 1435 1719 damnatis.
1534 1687 1706 1724 voluerint,
1719 1697 1871 1729 apparere
1886 1694 2023 1728 possunt
2037 1689 2233 1720 viventibus:
2250 1699 2318 1720 non
2331 1694 2439 1721 autem
2453 1689 2604 1721 damnati.

1535 1731 1624 1764 Sicut
1647 1733 1734 1764 enim
1765 1733 1865 1764 sancti
1887 1733 2030 1764 viventes
2061 1733 2095 1764 in
2122 1742 2217 1764 carne
2246 1743 2304 1774 per
2333 1734 2458 1765 donum
2488 1735 2606 1775 gratiae

462 1774 561 1805 ART.
580 1774 630 1805 111.
655 1785 759 1806 uranu
782 1785 900 1806 aarum:
923 1786 956 1806 m
978 1786 1130 1807 PARADlso
1153 1786 1213 1807 vai„
1236 1787 1268 1808 m
1291 1787 1426 1808 mraauo
1497 1777 1630 1816 „gratis
1653 1776 1745 1808 datae
1760 1778 1923 1817 accipiunt
1945 1782 1982 1808 ut
1996 1778 2144 1809 sanitates
2163 1783 2195 1808 et
2217 1778 2306 1818 signa
2329 1777 2505 1818 perficiant,
2522 1787 2606 1819 quae

700 1829 882 1851 EXISTBNTRS
910 1830 1026 1851 aonam
1048 1831 1191 1852 varum-
1535 1830 1604 1852 non
1619 1822 1681 1852 nisi
1703 1821 1810 1852 divina
1824 1822 1942 1852 virtute
1956 1821 2141 1853 mirabiliter
2155 1820 2248 1859 fiunt,
2265 1831 2349 1863 quae
2367 1822 2500 1863 quidem
2515 1823 2606 1863 signa

521 1879 581 1901 pm.
597 1879 615 1906 1,
630 1885 669 1906 qu.
685 1886 780 1906 imm,
796 1883 838 1901 an.
854 1879 876 1907 s,
891 1880 920 1902 ..ι
935 1880 1295 1910 2;11sm.,dm.v.‚m.3,
1311 1881 1339 1902 nd
1354 1887 1372 1910 ⁵-
1536 1865 1574 1897 ab
1590 1865 1658 1896 aliis
1673 1866 1737 1896 hoe
1761 1865 1849 1896 dono
1867 1866 2046 1898 carentibus
2060 1865 2172 1906 perfici
2187 1875 2256 1898 non
2274 1872 2427 1907 possunt3
2450 1868 2494 1898 ita
2510 1867 2606 1899 eam

1535 1919 1603 1940 non
1620 1915 1667 1940 est
1689 1911 1920 1941 inconveniens
1936 1915 1972 1941 ut
1995 1919 2033 1941 ex
2056 1911 2171 1942 virtute
2190 1911 2310 1951 gloriae
2333 1911 2440 1951 aliqua
2461 1912 2607 1951 potentia

477 1962 496 1982 o
513 1962 646 1983 ramim
671 1962 716 1982 s1c
739 1961 944 1983 PROCEDITUR.
969 1952 1103 1984 Videtur
1127 1953 1216 1993 quod
1235 1954 1360 1985 animae
1375 1954 1409 1985 in
1425 1963 1480 1994 pa·
1536 1955 1702 1985 animabus
1733 1960 1917 1985 sanctorum
1948 1954 2040 1986 detur
2062 1964 2119 1994 per
2142 1964 2240 1995 quam
2270 1956 2395 1996 possint
2421 1955 2606 1987 mirabiliter

415 1965 580 2027 Aradiso
599 1996 650 2027 vel
665 1997 699 2027 in
715 1996 840 2027 inferno
858 1997 1026 2028 existentes
1048 1997 1154 2037 egredi
1169 2007 1238 2028 non
1262 1998 1396 2029 valeant.
1413 1999 1481 2029 Au·
1495 2011 1522 2031 4ο
1536 2007 1688 2039 apparere
1711 1998 1891 2029 viventibus
1915 2008 1991 2029 cum
2014 1999 2144 2036 volunt;
2169 1999 2259 2039 quod
2288 2000 2339 2030 alii
2361 2009 2430 2030 non
2452 2005 2605 2040 possunt,

412 2041 556 2081 gustinus
570 2041 656 2072 enim
668 2040 754 2077 dicit,
767 2042 801 2072 in
812 2041 894 2072 libro
913 2041 952 2072 de
966 2041 1056 2072 Cura
1068 2051 1134 2082 pro
1151 2042 1288 2073 mortuis
1307 2043 1436 2084 agenda
1448 2044 1479 2073 *ε
1535 2043 1595 2074 nisi
1618 2042 1780 2074 interdum
1803 2043 1959 2083 permissi.

412 2085 447 2115 Si
471 2085 563 2115 rebus
587 2085 760 2116 viventium
784 2090 952 2118 uterentur
983 2086 1113 2117 animae
1135 2092 1359 2123 mortuorum,
1384 2092 1420 2118 ut
1442 2087 1481 2118 de
1593 2088 1644 2119 An
1667 2097 1785 2118 ranam
1816 2096 1899 2118 aaoo
1932 2097 2092 2118 memnon
2125 2087 2215 2128 quod
2247 2088 2466 2128 Augustinus,
2489 2093 2526 2119 ut
2548 2097 2606 2128 per

412 2130 487 2161 aliis
509 2135 648 2165 taceam,
675 2130 830 2170 meipsum
847 2130 906 2170 pia
930 2135 1034 2161 mater
1064 2131 1155 2162 nulla
1180 2136 1273 2162 nocte
1301 2131 1479 2168 desereret,
1535 2132 1702 2172 sequentia
1724 2137 1829 2172 patet,
1854 2131 1998 2172 loquitur
2021 2131 2200 2163 secundum
2234 2141 2444 2164 communem
2475 2141 2606 2165 cursum

411 2184 493 2215 quae
522 2179 610 2205 terra
640 2174 787 2215 marique
815 2179 924 2205 secuta
953 2180 1000 2206 est
1022 2180 1059 2206 ut
1080 2185 1203 2206 mecum
1226 2176 1365 2212 viverem
1388 2182 1419 2207 et
1442 2186 1480 2208 ex
1534 2182 1711 2209 naturae-
1726 2176 1794 2207 Nec
1810 2181 1918 2207 tamen
1940 2176 2084 2216 sequitur
2108 2176 2207 2216 quod,
2226 2177 2321 2208 etiam
2340 2177 2366 2207 si
2388 2178 2508 2209 mortui
2529 2186 2605 2217 poe-

412 2219 475 2251 hoc
497 2218 662 2250 concludit
685 2218 775 2259 quod
790 2219 915 2251 animae
940 2218 1167 2251 defunctorum
1186 2220 1281 2251 rebus
1303 2221 1480 2253 viventium
1495 2237 1519 2258 ⁴5
1535 2226 1610 2253 sunt
1632 2226 1668 2251 ut
1691 2221 1805 2252 volunt
1827 2221 2007 2252 viventibus
2030 2229 2192 2261 apparere,
2208 2221 2304 2252 toties
2325 2226 2500 2262 appareant
2522 2230 2605 2263 quo-

412 2273 479 2293 non
502 2263 667 2295 intersunt.
693 2262 757 2295 Sed
772 2264 923 2295 interesse
938 2269 1071 2303 possent
1086 2265 1112 2295 si
1128 2264 1168 2295 de
1191 2265 1256 2295 suis
1272 2265 1480 2305 receptaculis
1534 2267 1593 2297 ties
1616 2270 1770 2305 apparent
1791 2266 1825 2296 in
1849 2274 1943 2296 carne
1958 2266 2110 2296 viventes.
2134 2264 2220 2303 Quia
2239 2266 2374 2306 separati
2396 2275 2415 2297 a
2436 2275 2532 2297 carne
2553 2265 2605 2296 vel

413 2308 544 2338 exirent.
567 2307 653 2348 Ergo
678 2307 717 2339 de
741 2307 806 2339 suis
829 2308 1037 2348 receptaculis
1061 2318 1128 2339 non
1152 2314 1279 2340 exeunt.
1534 2311 1670 2341 omnino
1687 2309 1930 2340 conformantur
1942 2309 2067 2340 divinae
2083 2309 2251 2346 voluntati,
2264 2311 2308 2340 ita
2323 2310 2413 2350 quod
2427 2319 2496 2341 non
2511 2310 2605 2341 liceat

469 2361 497 2382 2.
521 2352 725 2388 Pium-tana,
749 2353 784 2383 in
815 2352 942 2383 Psalmo
959 2353 975 2369 ⁴*
999 2352 1129 2384 dicitur:
1167 2354 1211 2384 Ut
1241 2354 1413 2385 inhabitem
1447 2354 1479 2385 in
1535 2355 1579 2386 eis
1602 2355 1663 2385 nisi
1686 2353 1776 2394 quod
1799 2353 1978 2385 secundum
2002 2353 2143 2385 divinam
2159 2353 2404 2394 dispositionem
2427 2363 2604 2394 congruere

413 2396 508 2427 domo
531 2396 666 2427 Domini
695 2397 842 2428 omnibus
869 2396 980 2427 diebus
1002 2397 1088 2428 vitae
1110 2407 1209 2428 meae.
1241 2397 1282 2429 Et
1305 2398 1364 2429 Iob
1386 2408 1429 2429 vn
1444 2400 1478 2428 't
1535 2400 1716 2434 intuentur;
1741 2398 1792 2429 vel
1815 2399 1858 2429 ita
1880 2403 1955 2429 sunt
1978 2398 2092 2438 poenis
2116 2399 2259 2438 oppressi
2283 2404 2320 2429 ut
2342 2399 2381 2430 de
2397 2408 2455 2429 sua
2476 2398 2604 2430 miseria

415 2440 479 2476 Qui
500 2440 663 2472 descendit
684 2441 728 2472 ad
750 2441 886 2482 inferos,
913 2451 978 2472 non
1002 2442 1160 2473 ascendet.
1196 2442 1282 2482 Ergo
1314 2447 1379 2474 tam
1402 2443 1480 2474 boni
1495 2458 1521 2478 ςο
1534 2444 1635 2484 magis
1657 2442 1787 2474 doleant
1810 2452 1908 2483 quam
1932 2447 2044 2474 curent
2067 2442 2135 2473 aliis
2158 2451 2320 2483 apparere.

413 2493 510 2524 quam
533 2485 609 2517 mali
632 2495 651 2515 a
672 2485 738 2517 suis
760 2485 970 2526 receptaculis
992 2495 1060 2518 non
1085 2491 1212 2518 exeunt.
1589 2488 1640 2519 An
1665 2497 1827 2518 sactmnmn
1850 2496 2010 2518 memma
2033 2486 2123 2527 quod
2146 2487 2349 2518 auctoritates
2367 2487 2440 2518 illae
2462 2487 2604 2527 loquun-

467 2529 497 2560 3.
521 2529 717 2566 Pmmn,
738 2530 958 2570 receptacula,
982 2535 1019 2562 ut
1042 2530 1165 2562 dictum
1189 2536 1236 2562 est
1251 2531 1267 2547 ⁴·
1280 2554 1287 2567 ,
1313 2531 1479 2563 animabus
1534 2537 1586 2564 tur
1608 2537 1766 2572 quantum
1789 2530 1829 2562 ad
1851 2531 1915 2562 hoc
1938 2530 2028 2572 quod
2047 2530 2156 2562 nullus
2180 2531 2220 2562 de
2235 2531 2382 2572 paradiso
2405 2531 2457 2562 vel
2475 2530 2603 2564 insano

413 2578 486 2614 post
500 2579 638 2605 mortem
653 2573 769 2606 dantur
783 2575 818 2606 in
833 2575 1013 2615 praemium
1028 2575 1079 2606 vel
1102 2575 1136 2607 in
1151 2584 1302 2616 poenam.
1327 2575 1391 2606 Sed
1405 2580 1480 2616 post
1534 2576 1694 2617 egreditur
1725 2576 1926 2616 simpliciter:
1964 2581 1994 2606 et
2027 2584 2096 2607 non
2129 2575 2219 2616 quod
2250 2585 2319 2607 non
2354 2575 2532 2616 egrediatur
2563 2575 2604 2607 ad

413 2623 550 2649 mortem
564 2627 671 2658 neque
693 2619 836 2658 praemia
851 2624 1036 2652 sanctorum
1058 2619 1249 2651 minuuntur
1270 2629 1378 2660 neque
1400 2629 1479 2660 poe·
1533 2626 1671 2661 tempus.

413 2671 472 2692 nae
496 2661 728 2693 damnatorum.
753 2662 839 2703 Ergo
861 2672 931 2694 non
955 2669 1073 2694 exeunt
1102 2663 1142 2694 de
1164 2665 1230 2695 suis
1259 2664 1478 2704 receptaculis.
1495 2678 1518 2698 ςς
1589 2665 1640 2696 An
1664 2674 1799 2696 raarnm
1822 2674 1982 2695 victumne
2005 2663 2106 2704 quod,
2123 2664 2205 2695 sicut
2228 2673 2266 2695 ex
2289 2663 2381 2695 dictis
2396 2666 2413 2682 ¹*
2433 2669 2531 2705 patet,
2554 2673 2603 2696 ee-

467 2705 530 2738 San
547 2716 670 2738 com-aa
685 2717 740 2739 ner
755 2706 845 2747 quod
861 2706 937 2739 dicit
952 2707 1182 2749 Hieronymus,
1199 2713 1314 2740 contra
1335 2709 1479 2750 Vigilan-
1534 2709 1678 2741 cundum
1694 2709 1757 2740 hoc
1772 2709 1865 2740 locus
1888 2709 2013 2740 animae
2027 2707 2113 2740 cedit
2127 2709 2161 2739 in
2176 2717 2317 2749 poenam
2339 2709 2390 2740 vel
2411 2709 2602 2749 praemim,

414 2749 492 2781 tium
505 2751 533 2786 ³,
549 2751 594 2782 sic
617 2760 694 2783 eum
716 2751 899 2791 alloquens:
923 2751 981 2783 Ais
1004 2752 1089 2784 enim
1112 2753 1163 2784 vel
1182 2752 1214 2784 in
1230 2753 1303 2784 sinu
1319 2753 1478 2789 Abrahae,
1534 2753 1625 2794 quod
1648 2754 1754 2785 anima
1777 2752 1912 2784 afficitur
1935 2762 1973 2784 ex
1996 2753 2059 2784 hoc
2083 2752 2173 2792 quod
2195 2753 2251 2783 tali
2266 2753 2342 2784 loco
2366 2753 2538 2794 deputatur
2551 2753 2604 2786 vel

412 2794 463 2825 vel
485 2794 518 2825 in
541 2795 613 2826 loco
637 2795 816 2837 refrigerii,
831 2796 882 2827 vel
904 2796 1013 2828 subter
1035 2806 1129 2828 aram
1151 2797 1224 2833 Dei,
1249 2797 1376 2828 animas
1393 2798 1479 2838 Apo·
1533 2797 1704 2838 gaudendo
1716 2797 1767 2828 vel
1783 2796 1936 2828 dolendo.
1957 2797 2030 2828 Hoc
2046 2802 2155 2829 autem
2170 2796 2334 2837 gaudium,
2347 2798 2414 2829 sive
2431 2797 2485 2829 hic
2497 2797 2602 2833 dolor,

412 2839 569 2870 stolorum
593 2844 624 2870 et
636 2845 821 2880 marytrum
845 2840 1034 2877 consedisse,
1052 2850 1110 2872 nec
1126 2851 1224 2882 posse
1246 2842 1314 2873 suis
1337 2842 1478 2877 tumulis,
1534 2842 1575 2874 de
1589 2843 1654 2873 hoc
1670 2841 1760 2882 quod
1782 2841 1897 2873 talibus
1911 2841 1992 2873 locis
2007 2841 2189 2882 deputatur,
2204 2846 2314 2873 manet
2328 2842 2363 2872 in
2385 2842 2491 2873 anima
2506 2841 2602 2873 etiam

413 2892 484 2914 eum
500 2883 671 2919 voluerint,
687 2884 797 2916 adesse
806 2890 1004 2925 praesentes.
1020 2885 1066 2917 Et
1076 2885 1122 2917 ita
1138 2890 1172 2917 tu
1184 2886 1255 2917 Deo
1272 2886 1360 2927 leges
1369 2887 1478 2927 ponis,
1493 2894 1520 2914 6ο
1533 2886 1664 2927 quando
1682 2891 1767 2918 extra
1782 2886 1854 2917 loca
1869 2885 2029 2926 praedicta
2044 2885 2155 2917 fuerit:
2172 2886 2255 2917 sicut
2267 2885 2426 2927 pontifici,
2442 2886 2495 2917 cui
2509 2885 2602 2917 datm

414 2931 447 2958 tu
470 2928 632 2967 Apostolis
655 2928 785 2960 vincula
817 2929 958 2965 inficies,
983 2934 1018 2961 ut
1046 2939 1146 2971 usque
1176 2930 1220 2961 ad
1251 2930 1335 2961 diem
1368 2930 1479 2963 iudicii
1533 2940 1593 2972 pro
1616 2931 1742 2962 honore
1765 2935 1801 2962 ut
1823 2930 1857 2962 in
1881 2929 2028 2962 cathedra
2046 2929 2154 2961 sedeat
2176 2930 2210 2962 in
2234 2929 2377 2966 ecclesie,
2392 2939 2462 2962 non
2482 2929 2601 2962 mui-

414 2975 583 3002 tueantur
605 2973 760 3008 custodia,
777 2983 835 3004 nec
857 2974 923 3005 sint
944 2983 1016 3005 eum
1039 2974 1182 3006 Domino
1205 2984 1280 3012 suo,
1304 2974 1344 3006 de
1366 2975 1479 3016 quibus
1533 2980 1585 3007 tur
1607 2975 1708 3015 gloria
1739 2973 1869 3015 quando
1893 2984 1911 3005 a
1934 2973 2081 3011 cathedra
2103 2973 2238 3010 recedit,
2263 2974 2354 3014 quia,
2379 2974 2438 3005 etsi
2460 2978 2535 3005 actu
2556 2973 2602 3005 ibi

413 3015 565 3056 seriptum
580 3021 636 3052 est,
663 3029 677 3043 ‹
692 3017 878 3058 Sequuntur
891 3019 1022 3060 Agnum
1038 3028 1240 3060 quocumque
1253 3019 1326 3051 ierit
1342 3032 1370 3050 ›.
1393 3019 1438 3051 Et
1450 3019 1479 3051 si
1532 3029 1601 3050 non
1624 3019 1742 3055 sedeat,
1758 3019 1850 3050 locus
1871 3023 1980 3051 tamen
2003 3018 2056 3051 ille
2079 3018 2139 3051 sibi
2162 3018 2333 3059 deputam·
2356 3023 2412 3049 est.

413 3060 526 3100 Agnus
549 3060 664 3100 ubique
683 3066 738 3097 est,
754 3071 835 3103 ergo
852 3067 883 3093 et
903 3062 937 3093 ki
955 3062 1011 3103 qui
1025 3072 1098 3094 cum
1121 3072 1159 3095 eo
1179 3068 1264 3099 sunt,
1282 3064 1397 3104 ubique
1412 3073 1479 3096 esse
1588 3064 1639 3095 An
1654 3074 1693 3095 n
1718 3064 1813 3094 etiam
1829 3072 1913 3103 quae
1935 3068 2047 3094 contra
2065 3062 2270 3098 obiiciunt-ur,
2285 3061 2480 3102 respondere
2502 3070 2599 3102 opor-

414 3103 563 3134 credendi
594 3110 678 3136 sunt.
717 3105 900 3138 Ridiculum
933 3116 1010 3147 ergo
1034 3112 1081 3139 est
1102 3107 1208 3139 dicere
1232 3107 1322 3148 quod
1354 3109 1479 3140 animae
1492 3115 1516 3140 65
1532 3114 1587 3140 tet.
1611 3107 1664 3139 Ad
1686 3117 1827 3148 quorum
1854 3107 1998 3149 primum
2014 3108 2031 3124 ¹*
2055 3106 2228 3139 dicendum
2255 3105 2346 3146 quod
2377 3106 2598 3147 Hieronymus

414 3152 616 3180 mortuorum
640 3159 658 3180 a
679 3150 745 3181 suis
766 3151 975 3190 receptaculis
996 3161 1065 3183 non
1087 3151 1246 3183 recedant.
1532 3153 1676 3193 loquitur
1699 3151 1739 3183 de
1761 3151 1926 3192 apostolis
1950 3156 1981 3183 et
2003 3151 2194 3192 manyn'bus
2221 3149 2399 3182 secundum
2422 3150 2486 3181 hoc
2509 3149 2600 3190 quod

469 3200 500 3222 2.
528 3192 729 3229 Paumaa,
763 3194 982 3235 Hieronymus
1014 3195 1135 3227 ibidem
1167 3197 1269 3236 arguit
1301 3197 1362 3228 sic:
1396 3196 1478 3228 Cum
1533 3197 1577 3228 eis
1600 3197 1751 3228 accrescit
1773 3205 1811 3227 ex
1834 3201 1991 3238 potestate
2005 3195 2144 3235 gloriae,
2167 3199 2200 3226 et
2221 3203 2289 3226 non
2307 3193 2487 3226 secundum
2510 3193 2601 3234 quod

414 3235 561 3267 diabolus
583 3241 615 3267 et
635 3236 806 3269 daemones
821 3244 983 3279 vagentur
1005 3240 1082 3271 orbe
1097 3245 1175 3276 toto,
1191 3246 1223 3272 et
1244 3240 1408 3273 celeritate
1429 3241 1478 3272 ni-
1533 3242 1578 3273 eis
1601 3241 1749 3281 congruit
1771 3250 1811 3272 ex
1825 3239 1935 3272 debito
1949 3245 2091 3271 naturae.
2115 3237 2216 3277 Quod
2230 3243 2339 3270 autem
2362 3238 2438 3270 dicit
2458 3248 2515 3270 eoe
2530 3238 2599 3271 ubi-

415 3279 480 3310 m'a
502 3279 616 3320 ubique
631 3287 819 3322 praesentes
832 3283 906 3318 sint,
922 3289 1086 3324 marty-res
1102 3289 1181 3325 post
1194 3285 1387 3326 effusionem
1402 3294 1477 3317 san·
1533 3295 1594 3326 que
1617 3294 1693 3321 esse,
1717 3294 1784 3316 non
1808 3289 1855 3316 eet
1876 3282 2121 3324 intelligendum
2143 3283 2234 3323 quasi
2266 3282 2362 3314 simul
2384 3283 2447 3314 sint
2470 3283 2504 3314 ln
2526 3282 2600 3323 plu-

2634 282 2642 292 ·
2654 280 2727 308 Capp.
2744 287 2784 308 ιιι,
2800 287 2846 308 xvi,

2633 314 2687 334 xxx,
2702 313 2741 334 u,
2755 314 2791 329 ιν.

2635 541 2643 551 ’
2652 541 2700 569 Qu.
2709 546 2771 567 mi.
2778 545 2848 570 arms,

2633 567 2662 590 ad
2676 573 2696 596 5.

2634 763 2644 772 ·
2658 761 2715 790 Cap.
2732 767 2779 783 xvi.

2634 1335 2646 1347 ²
2659 1334 2719 1357 thid.

2630 1637 2668 1655 LV.

2630 2667 2820 2697 ‘Ambe-⁴13.

2626 3107 2709 3157 ἧκε..
2722 3106 2772 3130 Sea
2787 3113 2843 3130 cou-

415 3323 526 3364 guinis
540 3333 601 3355 ara
617 3325 803 3366 aperiantur
816 3326 941 3362 inclusi,
958 3332 990 3358 et
1011 3328 1086 3359 inde
1101 3329 1193 3360 exire
1215 3339 1280 3360 non
1295 3329 1479 3370 poterunt?
1493 3341 1519 3362 70
1533 3330 1619 3361 ribus
1642 3329 1723 3360 locis
1741 3334 1797 3360 aut
1818 3328 1957 3368 ubique:
1982 3327 2038 3359 sed
2054 3327 2130 3367 quia
2153 3336 2222 3358 esse
2244 3332 2381 3367 possunt
2395 3327 2452 3358 ubi
2473 3326 2599 3359 volunt.
2630 3349 2632 3352 ψ

415 3366 463 3396 Ex
487 3376 553 3407 quo
577 3373 682 3407 potest
704 3370 855 3401 concludi
883 3380 951 3401 non
975 3372 1082 3404 solum
1105 3372 1145 3404 de
1167 3373 1275 3410 bonis,
1301 3373 1358 3405 sed
1381 3375 1478 3406 etiam
1588 3374 1640 3405 An
1663 3373 1852 3405 sscuunuu*
1868 3381 2028 3404 nicnnnuu
2044 3370 2134 3411 quod
2148 3380 2217 3403 non
2233 3375 2279 3402 est
2294 3371 2397 3404 simile
2412 3370 2453 3402 de
2468 3370 2600 3403 daemo-

417 3409 457 3442 de
478 3411 579 3447 malis,
602 3412 692 3451 quod
715 3422 771 3443 sua
800 3415 999 3454 receptacula
1029 3416 1226 3457 quandoque
1250 3423 1377 3450 exeant:
1403 3427 1479 3450 cum
1533 3417 1628 3450 nibus
1651 3422 1683 3449 et
1706 3417 1835 3457 angelis,
1851 3421 1883 3448 et
1906 3416 2072 3448 mimabus
2101 3420 2286 3447 anctorum
2309 3421 2341 3446 et
2363 3414 2599 3447 &mmmmm

416 3463 484 3485 non
506 3455 642 3486 habeant
656 3457 812 3487 maiorem
835 3457 1074 3491 damnationem
1099 3470 1196 3500 quam
1220 3461 1405 3498 daemones,
1421 3463 1478 3503 qui
1533 3462 1649 3502 Angeli
1672 3462 1759 3492 enim
1781 3461 1859 3493 boni
1882 3465 1914 3492 et
1935 3459 2012 3492 mali
2034 3460 2098 3491 hoc
2121 3459 2266 3491 officium
2287 3460 2464 3491 sortiuntur
2481 3465 2519 3491 ut
2541 3460 2600 3491 ho-

417 3497 538 3539 ubique
560 3498 748 3531 discurrunt.
1533 3506 1673 3538 minibus
1685 3505 1833 3546 praesint,
1845 3503 1898 3537 vel
1912 3503 1952 3535 ad
1968 3503 2147 3536 custodiam
2158 3504 2210 3535 vel
2225 3503 2266 3535 ad
2281 3504 2478 3536 exercitum.
2500 3503 2600 3541 Quod

474 3541 502 3571 3.
526 3541 721 3579 Pramum,
736 3542 823 3575 idem
846 3545 972 3584 probari
995 3552 1102 3586 potest
1124 3557 1181 3588 per
1212 3548 1422 3589 Gregorium,
1445 3551 1479 3582 in
1494 3563 1518 3583 η
1534 3549 1574 3580 de
1590 3549 1756 3580 animabus
1771 3549 1941 3579 hominum
1965 3557 2033 3581 non
2049 3553 2155 3589 potest
2171 3547 2250 3580 dici:
2274 3547 2331 3580 sed
2345 3553 2471 3580 niumm
2485 3556 2600 3580 secun-

2627 3373 2839 3424 mum
