2918 4088
41 4075 53 4088 ,ἦ
34 4002 56 4066 *pff*
34 3952 50 3998 2⁴-va
43 3889 51 3919 ,v

96 388 106 398 ²
134 386 214 408 Manli.
243 392 293 434 eng.

96 419 151 452 ΠΥ]
176 419 270 461 ven-e}
286 429 294 461 ¹.

95 445 150 520 {¹4
162 445 294 520 css-3}

94 508 153 545 xxii,
172 508 234 541 ver'n.
257 507 293 546 19.¹

94 550 137 569 eo:
154 544 166 566 1
181 544 216 567 ad
228 544 292 571 Cor„

95 576 146 599 up.
155 576 186 598 xx,
201 577 260 593 vere.
268 577 294 600 ²³

95 603 151 645 ff&
158 623 216 646 Heb.
224 629 275 652 σιμ.
283 630 306 650 v,

94 655 154 672 vern.
170 657 190 672 ι.

987 202 1250 249 QUAESTIO
1279 203 1471 250 LXXXII,
1500 202 1792 241 ARTICULUS
1821 204 1870 240 IV

337 285 457 315 secrat
484 277 524 314 in
551 289 718 327 persona
746 278 896 316 Christi.
933 281 1016 328 Ipse
1049 287 1180 317 autem
1208 279 1397 326 Christus,

336 330 432 368 sieut
468 331 703 368 consecravit
735 343 876 381 corpus
915 344 1031 369 suum
1066 332 1106 369 in
1135 333 1256 379 Cena,
1285 332 1336 369 ita
1363 339 1399 369 et

335 382 416 420 aliis
443 384 680 420 sumendum
708 384 812 421 dedit
830 384 860 421 *.
891 385 1013 431 Unde,
1043 385 1140 422 sicut
1158 386 1207 422 ad
1226 385 1398 422 sacerdo-

334 443 414 473 tem
440 436 603 485 pertinet
629 436 865 475 consecratio
893 437 1064 486 corporis
1093 437 1243 485 Christi,
1271 437 1321 474 ita
1349 437 1398 474 ad

335 500 428 526 eum
454 489 616 538 pertinet
643 489 887 539 dispensatio.
1128 501 1134 511 ⁸

388 541 589 588 Secundo,
623 542 714 591 quia
754 543 932 580 sacerdos
969 541 1208 579 constituitur
1246 542 1398 579 medius

334 593 432 632 inter
455 595 588 632 Deum
615 602 652 632 et
678 597 870 644 populum
888 594 919 631 ²⁸.
953 594 1077 641 Unde,
1105 595 1202 632 sicut
1229 595 1278 632 ad
1306 607 1397 632 eum

333 646 495 696 pertinet
514 648 618 685 dona
636 648 771 697 populi
789 648 874 685 Deo
894 647 1045 693 offerre,
1064 647 1115 684 ita
1133 647 1182 684 ad
1201 659 1294 684 eum
1312 659 1397 696 per-

333 700 426 737 tinet
456 700 560 738 dona
589 700 821 737 sanctificata
851 699 1034 737 divinitus
1057 701 1204 749 populo
1235 701 1394 738 tradere.

386 753 518 790 Tertio
547 753 649 802 quia,
669 752 710 790 in
737 752 990 790 reverentiam
1017 751 1134 789 huius
1157 753 1395 800 sacramenti,

334 818 357 842 a
390 807 495 842 nulla
522 818 562 843 re
591 805 821 854 contingitur
854 804 926 842 nisi
954 812 1191 842 consecrata:
1228 806 1332 842 unde
1361 813 1397 842 et

333 860 532 907 corporale
559 866 596 895 et
623 857 719 895 calix
745 865 1028 904 consecrantur,
1058 857 1228 895 similiter
1255 866 1291 895 et
1315 871 1396 896 ma-

332 923 406 948 nus
426 910 642 956 sacerdotis,
663 910 713 947 ad
739 911 976 958 tangendum
994 911 1071 947 hoc
1098 919 1394 948 sacramentum.

332 963 445 1001 Unde
473 963 566 1000 nulli
594 962 656 1000 alii
683 971 836 1011 tangere
864 963 965 1000 licet:
995 963 1067 1000 nisi
1095 963 1134 1000 in
1162 964 1394 1012 necessitate,

331 1023 426 1066 puta
453 1015 484 1052 si
512 1016 663 1053 caderet
690 1015 730 1052 in
757 1023 910 1064 terram,
930 1017 992 1053 vel
1019 1015 1059 1053 in
1078 1016 1207 1066 aliquo
1237 1017 1310 1055 alio
1330 1030 1395 1055 ne-

331 1068 512 1106 cessitatis
539 1081 642 1106 casu.

385 1123 442 1159 An
471 1134 606 1159 PRIMUM
626 1134 724 1159 ERGO
744 1134 926 1160 DICENDUM
945 1123 1053 1172 quod
1067 1122 1265 1170 diaconus,
1286 1123 1396 1173 quasi

331 1174 576 1224 propinquus
603 1174 730 1212 ordini
757 1175 998 1219 sacerdotali,
1027 1175 1171 1224 aliquid
1199 1176 1396 1226 participat

333 1227 382 1265 de
409 1228 492 1266 eius
519 1227 661 1275 officio,
689 1236 732 1266 ut
759 1227 898 1266 scilicet
925 1228 1118 1278 dispenset
1152 1229 1394 1278 sanguinem:

332 1292 414 1318 non
449 1288 579 1319 autem
611 1293 768 1331 corpus,
797 1281 870 1318 nisi
905 1281 945 1318 in
973 1282 1212 1330 necessitate,
1242 1282 1396 1320 iubente

301 1388 304 1389 γ
332 1333 529 1384 episcop&
549 1336 614 1371 vel
647 1335 882 1385 presbytero.
925 1334 1058 1372 Primo
1095 1335 1271 1384 quidem,
1305 1336 1397 1385 quia

14 2930 18 2956 Σ
46 2971 47 2974 ¹
85 2935 301 2966 ‘Qu-mnus.

386 1466 414 1500 α)
432 1467 656 1492 coniunctionem.
674 1482 694 1486 -
711 1467 939 1500 comparationem
960 1468 1089 1493 PACHIa.

2440 206 2513 244 263

1453 279 1606 327 sanguis
1642 280 1780 317 Christi
1821 281 2036 319 continetur
2071 283 2110 320 in
2144 297 2244 321 vase.
2287 286 2398 323 Unde
2435 298 2516 323 non

1453 340 1604 381 oportet
1631 333 1741 381 quod
1772 341 1946 380 tangatur
1974 347 1996 371 a
2023 335 2282 384 dispensante,
2312 339 2407 375 sicut
2434 346 2515 389 tan-

1452 385 1551 433 gitur
1582 397 1724 434 corpus
1762 386 1911 423 Christi.
1945 409 1970 413 —
2004 388 2200 436 Secundo,
2235 390 2326 438 quia
2363 391 2515 439 sanguis

1453 437 1623 485 designat
1665 438 1972 488 redemptionem
2005 452 2027 476 a
2063 440 2214 478 Christo
2250 443 2289 478 in
2323 446 2515 492 populum

1450 490 1682 527 derivatam:
1719 491 1823 528 unde
1859 499 1895 528 et
1926 492 2101 540 sanguini
2135 494 2367 532 admiscetur
2399 508 2514 545 aqua,

1453 555 1553 592 quae
1582 543 1767 591 significat
1798 546 2001 593 populum.
2041 546 2089 582 Et
2117 546 2208 595 quia
2242 547 2394 584 diaconi
2428 557 2516 585 sunt

1452 595 1550 632 inter
1590 596 1828 634 sacerdotem
1865 604 1901 634 et
1931 599 2143 647 populum,
2181 599 2301 647 magis
2337 601 2532 637 convenit-

1451 648 1678 685 diaconibus
1711 648 1943 698 dispensatio
1981 651 2175 699 sanguinis
2209 664 2329 701 quam
2364 652 2515 702 dispen-

1452 708 1547 738 satlo
1576 701 1759 750 corporis.

1504 755 1562 790 An
1590 766 1779 792 SECUNDUM
1807 767 1990 793 mcsNDUM
2018 757 2123 805 quod
2154 756 2328 794 eiusdem
2357 766 2412 795 est
2440 759 2516 795 hoc

1451 814 1735 844 sacramentum
1770 807 1990 857 dispensare
2026 817 2062 845 et
2095 822 2335 858 consecrare,
2370 811 2515 848 ratione

1451 859 1529 896 iam
1547 859 1567 880 '¹‘
1595 859 1705 896 dicta.

1503 913 1561 949 AD
1588 924 1748 950 TERTIUM
1776 925 1957 952 montinum
1981 915 2107 964 quod,
2137 915 2234 953 sicut
2260 916 2446 954 diaconus
2474 917 2514 954 in

1450 964 1580 1014 aliquo
1608 965 1807 1015 participat
1834 967 2117 1006 illuminativam
2144 971 2313 1006 virtutem
2339 970 2514 1007 sacerdo-

1449 1017 1495 1054 tis
1508 1017 1539 1064 *,
1561 1017 1792 1067 inquantum
1820 1019 2014 1070 dispensat
2042 1021 2288 1069 sanguinem
2318 1022 2368 1060 ita
2392 1035 2513 1060 sacer—

1449 1071 1520 1108 dos
1548 1071 1747 1121 participat
1767 1074 2013 1122 perfectivam
2041 1074 2347 1124 dispensationem
2368 1075 2513 1125 episco-

1450 1123 1490 1173 pi
1504 1124 1534 1168 *,
1555 1124 1786 1173 inquantum
1807 1125 2000 1175 dispensat
2018 1128 2094 1164 hoc
2113 1136 2407 1176 sacramentum,
2433 1141 2512 1178 quo

1449 1176 1645 1226 perficitur
1680 1178 1802 1215 homo
1843 1180 2059 1217 secundum
2096 1192 2135 1217 se
2172 1193 2241 1230 per
2277 1181 2513 1219 coniunctio-

1451 1242 1543 1267 nem
1567 1235 1585 1251 α
1612 1230 1661 1267 ad
1697 1230 1904 1269 Christum.
1939 1232 2046 1270 Aliae
2081 1241 2211 1271 autem
2245 1234 2511 1283 perfectiones,

1450 1282 1592 1332 quibus
1620 1284 1742 1320 homo
1775 1284 1972 1333 perficitur
2006 1298 2076 1335 per
2103 1287 2429 1336 comparationem
2463 1288 2513 1325 ad

1450 1335 1556 1382 alios,
1586 1336 1768 1385 episcopo
1797 1346 2049 1375 reservantur.

671 1696 674 1698 .
1110 1639 1431 1681 ARTICULUS
1461 1639 1736 1691 QUARTUS

596 1740 754 1771 UTRUM
778 1740 1004 1772 SACERDOS
1028 1740 1315 1772 CONSECRANS
1338 1741 1578 1772 TENEATUR
1602 1742 1776 1773 SUMERE
1797 1743 1890 1774 HOC
1911 1743 2245 1775 SACRAMENTUM

885 1827 919 1852 1v
938 1828 1021 1857 sent„
1042 1828 1100 1854 dist.
1119 1836 1143 1859 x,
1163 1833 1209 1854 art.
1228 1836 1253 1860 4,
1274 1828 1323 1861 qu*
1345 1828 1368 1860 3,
1389 1829 1421 1854 ad
1441 1836 1471 1860 23
1491 1829 1550 1855 dist.
1569 1837 1613 1861 ¹11,
1633 1837 1677 1862 qu.
1695 1837 1733 1860 ιιι,
1753 1835 1799 1855 art.
1820 1837 1844 1861 2,
1863 1831 1914 1864 qu·
1935 1838 1958 1857 2.

387 2082 469 2122 ss'l'l‘r
497 2079 893 2122 Kconsecrationibus
921 2084 981 2122 ille
1001 2084 1068 2134 qui
1087 2093 1285 2123 consecrat
1311 2098 1393 2123 ma-

328 2137 476 2186 teriam,
495 2150 577 2175 non
594 2137 713 2175 utitur
731 2149 795 2174 ea:
826 2137 922 2175 sicut
940 2137 1145 2188 episcopus
1165 2150 1394 2176 consecrans

328 2189 496 2229 chrisma
523 2202 604 2228 non
631 2189 763 2227 linitur
786 2190 938 2228 eodem.
969 2191 1047 2229 Sed
1074 2192 1150 2228 hoc
1178 2203 1393 2229 sacramen-

327 2251 413 2282 tum
431 2243 602 2281 consistit
619 2243 659 2280 in
678 2243 964 2281 consecratione
993 2244 1185 2281 materiae.
1216 2245 1318 2292 Ergo
1338 2257 1393 2282 sa-

328 2297 464 2335 cerdos
490 2296 694 2347 perficiens
722 2297 798 2334 hoc
823 2304 1105 2334 sacramentum
1133 2309 1215 2334 non
1238 2309 1392 2335 necesse

328 2350 445 2389 habet
470 2349 526 2387 uti
553 2350 711 2398 eodem,
741 2350 809 2387 sed
835 2357 961 2400 potest
992 2350 1090 2387 licite
1122 2363 1145 2387 a
1172 2350 1393 2401 sumptione

329 2402 412 2441 eius
440 2403 641 2440 abstinere.
818 2401 821 2402 ⁷

384 2467 420 2493 2.
449 2457 681 2502 Pium-snm,
701 2455 741 2492 in
759 2455 840 2493 aliis
859 2455 1104 2493 sacramentis
1123 2456 1295 2494 minister
1313 2469 1394 2494 non

328 2508 487 2559 praebet
514 2516 798 2546 sacramentum
826 2508 897 2546 sibi
924 2508 1016 2558 ipsi:
1046 2510 1174 2547 nullus
1195 2510 1300 2547 enim
1327 2509 1393 2547 ba-

329 2561 471 2612 ptizare
499 2561 670 2611 seipsum
697 2569 834 2611 potest,
866 2569 909 2599 ut
936 2574 1053 2612 supra
1070 2562 1091 2584 *
1117 2562 1294 2600 habitum
1325 2571 1391 2600 est.

331 2615 420 2663 Sed,
449 2614 546 2652 sicut
573 2614 786 2664 baptismus
814 2608 987 2652 ordinate
1014 2615 1268 2665 dispensatur,
1288 2615 1339 2653 ita
1358 2624 1395 2653 et

330 2669 407 2705 hoc
434 2675 730 2705 sacramentum.
760 2668 862 2716 Ergo
882 2668 1060 2706 sacerdos
1086 2668 1290 2718 perficiens
1317 2670 1394 2706 hoc

329 2728 615 2759 sacramentum
642 2733 723 2758 non
743 2721 856 2758 debet
883 2720 1012 2770 ipsum
1039 2733 1193 2759 sumere
1212 2734 1235 2759 a
1253 2721 1391 2772 seipso.

385 2774 419 2811 3.
450 2775 691 2822 PRAETEREA,
720 2773 903 2822 contingit
929 2775 1166 2824 quandoque
1194 2775 1302 2824 quod
1322 2775 1394 2812 mi-

329 2829 504 2865 raculose
531 2839 673 2877 corpus
693 2826 834 2864 Christi
853 2826 892 2864 in
911 2827 1017 2865 altari
1035 2835 1193 2877 apparet
1218 2828 1290 2865 sub
1309 2840 1394 2878 spe-

329 2880 386 2920 cie
405 2880 541 2927 carnis,
562 2888 599 2918 et
626 2880 780 2929 sanguis
799 2879 871 2917 sub
891 2880 1018 2930 specie
1046 2879 1251 2929 sanguinis.
1281 2881 1394 2928 Quae

328 2945 411 2972 non
429 2941 518 2971 sunt
539 2941 627 2983 apta
646 2933 732 2971 cibo
750 2934 814 2970 vel
831 2933 955 2983 potui:
986 2933 1102 2981 unde,
1123 2933 1219 2970 sicut
1240 2945 1356 2983 supra
1374 2933 1394 2956 *

329 2986 475 3024 dictum
494 2994 561 3032 est,
581 2995 739 3037 propter
757 2987 833 3024 hoc
852 2987 925 3024 sub
944 2986 1017 3024 alia
1035 2986 1160 3036 specie
1179 2986 1392 3034 traduntur,

291 3078 297 3083 ,
328 3051 379 3078 ne
406 3039 480 3078 sint
506 3040 658 3078 horrori
685 3039 938 3078 sumentibus.
968 3040 1070 3088 Ergo
1097 3040 1275 3078 sacerdos
1302 3051 1393 3077 con-

50 3184 266 3239 ss‘flLan-v.

329 3104 482 3131 sectans
509 3105 590 3131 non
617 3105 771 3144 semper
797 3100 948 3131 tenetur
981 3105 1134 3130 sumere
1167 3093 1244 3131 hoc
1271 3105 1393 3130 sacra-

329 3154 518 3184 mentum.

383 3199 458 3237 San
486 3211 632 3237 CONTRA
663 3211 729 3237 EST
757 3200 865 3249 quod
892 3199 931 3236 in
961 3198 1134 3236 Concilio
1163 3199 1354 3236 Toletano
1373 3199 1393 3221 ²¹²

328 3251 475 3300 legitur,
495 3259 532 3289 et
550 3252 714 3290 habetur
731 3253 777 3290 de
799 3253 986 3299 Consecr.,
1006 3251 1090 3289 dist.
1110 3253 1153 3298 II,
1178 3264 1260 3302 cap.
1280 3253 1393 3290 Rela-

383 3409 399 3425 α
429 3400 564 3426 Relatum.
582 3414 602 3420 -
618 3400 654 3431 1>;
671 3401 825 3426 staelatum
844 3401 874 3432 F,
892 3401 1030 3426 Per-latum
1050 3401 1138 3426 ceteri.

383 3399 412 3470 βζ
425 3436 596 3469 perceptione
618 3437 740 3469 corporis
762 3441 790 3463 et
811 3437 961 3471 sanguinis.
984 3451 1004 3456 -
1023 3437 1205 3470 perceptionis
1228 3437 1351 3469 corporis
1369 3441 1396 3462 et

328 3472 470 3505 sanguinis
485 3471 585 3497 our-im·
596 3471 624 3502 P,
634 3473 831 3505 perceptionem
849 3474 971 3506 corporis
984 3476 1011 3499 et
1027 3473 1169 3507 sanguinis
1184 3473 1285 3498 Christi
1296 3473 1395 3505 (parti-

328 3507 422 3540 cipare
438 3514 467 3533 se
480 3507 593 3540 probat)
611 3507 652 3539 11;
672 3508 774 3534 Otr-im·
790 3509 869 3534 etiam
886 3509 937 3535 Ibc.

1445 1932 1522 1964 tum
1539 1932 1573 1964 ²:
1589 1928 1718 1965 Modis
1737 1930 1907 1966 omnibus
1925 1930 2122 1967 tenendum
2142 1937 2193 1968 est
2207 1937 2255 1978 ut,
2272 1934 2511 1981 quotiescum-

1446 1992 1516 2029 que
1532 1982 1750 2029 sacrificans
1777 1993 1912 2031 corpus
1930 1988 1964 2019 et
1981 1985 2204 2033 sanguinem
2223 1985 2380 2022 Domini
2397 1989 2513 2024 nostri

1445 2035 1530 2070 Iesu
1554 2034 1690 2071 Christi
1715 2036 1752 2071 in
1781 2035 1915 2072 altario
1943 2037 2120 2083 immolat,
2149 2039 2252 2074 toties
2277 2041 2512 2088 perceptione

1446 2088 1614 2135 corporis
1641 2093 1675 2123 et
1699 2087 1932 2138 sanguinis}
1952 2090 2175 2139 participem
2202 2103 2243 2127 se
2263 2093 2455 2140 praebeat.

1499 2140 1724 2177 REsponnEo
1751 2152 1933 2178 monimum
1961 2143 2087 2191 quod,
2123 2142 2219 2180 sicut
2256 2156 2373 2194 supra
2398 2145 2419 2166 *
2455 2145 2511 2182 di-

1446 2199 1553 2229 ctum
1581 2199 1653 2240 est,
1683 2193 1923 2231 Eucharistia
1950 2205 2031 2231 non
2059 2196 2187 2232 solum
2215 2204 2271 2233 est
2298 2209 2510 2235 sacramen-

1446 2252 1542 2292 tum,
1571 2246 1639 2282 sed
1667 2245 1782 2283 etiam
1814 2246 2056 2285 sacrificium.
2093 2248 2343 2299 Quicumque
2380 2258 2511 2288 autern

1447 2297 1678 2335 sacrificium
1707 2299 1830 2347 offert,
1857 2299 1971 2337 debet
1997 2300 2081 2338 fieri
2109 2301 2281 2339 sacrificii
2308 2303 2509 2354 particeps.

1448 2350 1552 2398 Quia
1570 2351 1734 2388 exterius
1761 2352 1993 2390 sacrificium
2011 2355 2119 2403 quod
2143 2355 2264 2403 offert,
2285 2355 2438 2403 signum
2457 2364 2513 2395 est

1447 2403 1635 2441 interioris
1663 2404 1837 2442 sacrificii
1865 2418 1944 2456 quo
1973 2407 2060 2456 quis
2087 2407 2258 2457 seipsum
2277 2409 2389 2446 offert
2406 2410 2509 2447 Deo:

1447 2465 1490 2494 ut
1517 2457 1753 2506 Augustinus
1781 2458 1883 2506 dicit,
1911 2460 1947 2496 X
1975 2460 2020 2496 de
2050 2461 2128 2498 Civ.
2152 2462 2227 2498 Dei
2242 2461 2273 2498 ²⁸.
2303 2462 2415 2499 Unde
2442 2475 2513 2512 per

1447 2511 1524 2547 hoc
1551 2511 1660 2560 quod
1686 2511 1886 2561 participat
1913 2512 2111 2560 sacrificio,
2139 2514 2304 2551 ostendit
2326 2515 2375 2552 ad
2394 2528 2435 2552 se
2454 2528 2511 2553 sa-

1447 2563 1636 2600 crificium
1664 2564 1821 2601 interius
1848 2565 2049 2614 pertinere.

1502 2616 1682 2654 Similiter
1708 2623 1724 2646 Υ
1766 2617 1880 2655 etiam
1916 2630 1987 2668 per
2022 2620 2099 2656 hoc
2135 2620 2243 2669 quod
2280 2620 2511 2658 sacrificium

1446 2671 1594 2719 populo
1623 2670 1828 2720 dispensat,
1849 2671 2014 2708 ostendit
2038 2684 2078 2709 se
2097 2684 2179 2709 esse
2207 2672 2512 2722 dispensatorem

1447 2722 1673 2760 divinorum
1699 2725 1848 2773 populo
1867 2722 1892 2760 δ.
1923 2725 2105 2771 Quorum
2133 2725 2214 2775 ipse
2242 2725 2369 2774 primo
2398 2727 2512 2764 debet

1447 2788 1530 2812 esse
1566 2775 1774 2826 particeps:
1814 2776 1911 2814 sicut
1946 2777 2157 2828 Dionysius
2194 2778 2298 2826 dicit,
2336 2779 2376 2815 in
2412 2779 2509 2817 libro

1446 2826 1586 2865 Eccles.
1615 2830 1726 2865 Hier.
1746 2828 1766 2850 ³¹⁶
1800 2829 1848 2866 Et
1875 2829 1963 2867 ideo
1991 2829 2072 2879 ipse
2100 2838 2187 2867 ante
2215 2843 2368 2869 sumere
2396 2832 2511 2869 debet

1447 2893 1567 2930 quarn
1593 2883 1742 2930 populo
1769 2881 1974 2931 dispenset.
2004 2883 2116 2920 Unde
2142 2882 2182 2920 in
2200 2884 2395 2932 praedicto
2409 2884 2430 2906 '³‘
2448 2896 2509 2922 ca-

1446 2933 1523 2983 pite
1555 2933 1709 2982 legitur:
1754 2935 1874 2977 Quale
1905 2941 1956 2972 est
1985 2937 2211 2984 sacrificium
2242 2939 2304 2973 cui
2334 2950 2402 2974 nec
2433 2939 2510 2986 ipse

1445 2988 1665 3034 sacrificans
1685 2988 1874 3037 particeps
1901 3000 1979 3025 esse
2004 2988 2264 3038 dignoscitur?

1499 3041 1574 3077 Per
1591 3040 1668 3076 hoc
1686 3047 1817 3076 autem
1835 3040 1879 3076 fit
1896 3040 2084 3091 particeps
2110 3042 2218 3091 quod
2245 3042 2293 3079 de
2321 3042 2507 3080 sacrificio

1447 3092 1580 3129 sumit:
1601 3093 1818 3130 secundum
1837 3092 1930 3130 illud
1944 3094 2130 3143 Apostoli,
2146 3095 2160 3131 Ι
2178 3095 2265 3132 Cor.
2277 3094 2348 3132 x*:
2368 3097 2509 3133 Nonne

1447 3147 1510 3195 qui
1533 3145 1644 3182 edunt
1670 3147 1816 3192 hostias,
1832 3147 2032 3196 participes
2057 3153 2141 3184 sunt
2167 3147 2327 3184 altaris?
2354 3149 2402 3185 Et
2419 3148 2507 3186 ideo

1446 3210 1602 3235 necesse
1630 3206 1686 3235 est
1713 3199 1820 3248 quod
1853 3199 2042 3247 sacerdos,
2071 3199 2392 3250 quotiescumque
2420 3213 2508 3239 con-

1447 3259 1578 3300 secrat,
1607 3259 1735 3289 sumat
1762 3252 1838 3289 hoc
1864 3260 2146 3290 sacramentum
2176 3253 2329 3302 integre.

1499 3401 1527 3436 γ)
1547 3403 1686 3428 Similiter.
1702 3417 1722 3422 —
1739 3403 1793 3432 Pas
1812 3403 1908 3429 Simul.

1500 3437 1526 3473 ὃ)
1540 3439 1650 3471 populo.
1668 3453 1687 3457 -
1705 3439 1768 3464 Om.
1786 3439 1860 3464 PDF.

2542 872 2554 882 ²
2567 871 2592 892 ln
2607 877 2714 899 corpore.

2541 1029 2552 1039 ²
2572 1028 2660 1051 Eccles.
2684 1029 2752 1051 Hier.

2539 1061 2592 1082 cap.
2606 1061 2628 1081 ν,
2645 1057 2654 1081 5
2669 1061 2688 1083 5,
2703 1058 2725 1077 0.

2541 1136 2552 1146 ²
2566 1135 2602 1157 Cf.
2618 1135 2674 1158 ibid.

2537 2150 2549 2203 ἑ
2564 2149 2611 2202 (ξπ.
2619 2154 2697 2175 uxrx,
2707 2152 2750 2171 nrt.

2551 2191 2556 2202 ‚
2586 2190 2594 2198 .

2539 2470 2550 2480 ²
2562 2469 2619 2497 Cap.
2634 2476 2657 2496 v,
2671 2476 2703 2492 v1.

2636 2630 2652 2655 Υ

2635 2728 2650 2753 ’ὁ

2537 2836 2548 2846 ·
2561 2834 2618 2862 Cap.
2634 2840 2672 2861 ιιι,
2687 2835 2697 2861 5
2713 2842 2748 2862 ¹4-

2535 2888 2546 2898 ²
2559 2887 2615 2914 Arg.
2625 2886 2675 2908 Sea
2687 2888 2749 2908 cont.

2535 3102 2546 3112 ²
2558 3101 2627 3124 Ven.
2643 3101 2676 3124 18.
