2918 4088
62 447 104 470 ιν,

62 734 169 761 viaeque
191 738 262 754 sexus

61 786 126 808 niu.

167 1794 207 1821 1⁸-

3 2531 4 2534 ’
56 2537 72 2550 ·
82 2535 153 2560 Vm.
166 2536 188 2560 8.

47 2641 191 2666 “Van-8.

19 291 25 301 ³
60 291 74 302 ·
92 288 276 312 Pseudo-Beda.

15 334 17 338 .
60 316 195 339 Commeat.
217 315 242 336 in
266 314 276 335 1

12 371 13 374 ,
60 341 173 391 ξὲηθονυ
189 346 274 389 ogr-c}-
300 336 495 385 sanguinis
523 336 679 372 Domini
699 336 887 384 particeps
902 336 972 383 fit,
1002 334 1140 371 scilicet
1168 334 1366 383 spirituali-

13 387 15 390 ’
63 383 123 418 ean..
137 373 204 416 Min!
224 382 275 424 est,

63 421 93 444 de
98 420 218 447 Conoeer„
222 419 276 442 dm.

62 710 73 720 ·
83 707 140 735 Cap.
151 705 234 728 Omnis
248 711 276 728 u-

974 204 1237 250 QUAESTIO
1266 207 1425 253 mcxx,
1455 208 1746 247 ARTICULUS
1774 212 1809 248 x

302 281 440 319 nifacio
464 281 505 328 ²¹⁸,
534 288 622 319 tunc
654 283 901 331 unusquisque
922 282 1096 330 fidelium
1131 284 1298 331 corporis
1335 289 1367 319 et

2401 229 2470 265 24¹

1475 285 1552 322 Sed
1593 288 1750 345 quando
1792 288 1869 325 iam
1906 292 2015 338 pueri
2051 294 2234 343 incipiunt
2274 296 2477 345 aliqualem

1421 348 1538 373 usum
1579 345 1734 374 rat1on1s
1776 341 1940 388 habere,
1978 352 2019 380 ut
2053 347 2197 394 possint
2231 349 2477 386 devotionem

301 395 369 435 ter,
385 388 533 437 quando
552 389 589 424 in
610 389 826 437 baptismate
843 389 1052 424 membrum
1070 389 1238 436 corporis
1260 388 1366 424 Chri·
1421 389 1623 438 concipere
1651 390 1766 428 huius
1796 396 2032 440 sacramenti,
2057 405 2147 434 tunc
2174 408 2296 447 potest
2323 401 2376 438 eis
2403 403 2479 439 hoc

301 444 344 477 sti
378 441 549 489 efficitur.

1422 450 1705 480 sacramentum
1733 445 1908 482 conferri.

975 536 1312 569 commentaria
1333 536 1587 571 cardinalis
1608 539 1811 574 Caietam

333 625 354 646 u
377 615 511 647 articulo
533 625 641 652 nono,
665 617 699 646 in
731 616 943 656 responsione
973 615 1012 645 ad
1038 615 1205 651 ultimum,
1237 614 1364 646 adverte

305 627 416 691 Icirca
444 660 711 691 communionem
739 669 916 701 puerorum
946 664 977 689 et
998 659 1196 699 puellarum,
1227 668 1299 689 cum
1322 660 1365 690 ad

301 713 407 735 annos
421 704 624 735 discretionis
632 704 850 744 pervenerint,
866 705 953 734 iuxta
968 713 1037 743 cap.
1047 703 1220 744 Utriusque
1230 713 1328 734 sexus
1338 705 1364 740 *‚

62 749 276 783 damiatae:
302 748 392 788 quod
413 748 570 779 iudicium
593 748 632 779 de
655 748 746 779 initio
770 747 969 778 discretionis
992 747 1087 778 debet
1102 757 1120 777 a
1135 748 1319 787 parentibus
1335 754 1366 779 et

302 791 487 823 confessore
509 791 587 823 fieri.
611 792 642 822 A
663 792 848 832 parentibus
872 790 1014 832 quidem,
1039 791 1195 832 quoniam
1212 792 1366 822 continua

301 837 543 867 conversatione
559 836 765 876 experiuntur
780 845 821 866 an
835 834 921 866 filius
936 845 994 866 seu
1009 834 1075 866 filia
1093 835 1272 866 discernere
1289 837 1366 867 sciat

300 889 419 921 panem
441 880 638 920 spiritualem
661 889 680 910 a
701 879 866 915 materiali,
891 885 922 910 et
945 889 1020 910 cum
1043 879 1217 910 devotione
1233 890 1365 921 praepa-

300 933 368 954 rare
391 933 425 954 se
448 923 488 954 ad
511 929 756 954 sacramentum.
783 924 814 953 A
836 923 1021 954 confessore
1040 933 1128 959 vero,
1153 925 1309 963 quoniam
1332 926 1365 955 in

299 968 368 1008 ipsa
391 967 595 998 confessione
614 973 722 1008 potest
742 966 904 998 advertere
923 973 1081 1007 quantum
1097 967 1296 999 discretionis
1312 975 1366 1000 aut

300 1011 483 1042 devotionis
504 1012 607 1052 possit
629 1012 743 1042 inesse.

1475 618 1516 648 Et
1547 618 1672 650 videtur
1703 620 1802 650 nimia
1833 622 1956 652 cautela
1986 622 2127 653 adhiberi
2158 634 2175 654 a
2204 627 2385 664 parentibus
2414 638 2480 658 non

1421 664 1654 701 exponentibus
1677 664 1800 704 puellas
1824 665 1936 696 decem
1960 674 2118 697 annorum
2146 668 2184 698 ad
2209 671 2480 702 communionem.

1420 705 1539 736 Dicunt
1563 708 1649 738 enim
1681 708 1770 748 quod
1794 715 1869 740 sunt
1890 710 1986 741 nimis
2008 720 2138 750 parvae:
2164 721 2238 742 cum
2267 719 2373 744 tamen
2397 715 2482 745 suffi-

1421 750 1558 781 cientem
1588 752 1725 782 habeant
1755 758 1786 783 et
1816 753 2042 785 discretionem
2073 761 2104 785 et
2134 755 2350 787 devotionem.
2383 758 2423 788 Et
2446 759 2482 789 li-

1421 800 1471 824 cet
1499 795 1560 834 ipsi
1591 797 1683 835 pueri
1713 806 1749 827 ac
1782 797 1910 837 puellae
1941 798 2108 829 videantur
2140 801 2296 837 excusari,
2324 803 2482 832 retrahen-

1419 838 1503 868 tibus
1519 841 1702 878 parentibus
1726 846 1757 871 et
1781 841 1965 873 confessore
1987 852 2055 873 non
2077 845 2304 884 praecipiente,
2329 846 2482 885 quoniam

1421 881 1585 922 disciplina
1609 885 1717 915 aetatis
1740 885 1823 916 illius
1848 887 1943 927 exigit
1965 893 2001 917 ut
2023 888 2197 919 maioribus
2216 889 2279 919 suis
2298 889 2370 929 plus
2386 898 2482 929 quarn

1421 926 1479 956 sibi
1498 927 1573 966 ipsis
1597 934 1628 959 et
1657 928 1786 959 credant
1810 935 1840 960 et
1863 937 2010 971 pareant;
2034 938 2180 971 parentes
2207 938 2314 963 tamen
2340 943 2406 964 non
2431 943 2482 964 ex-

1421 977 1580 1002 cusantur.

1097 1166 1417 1210 ARTICULUS
1447 1169 1691 1212 DECIMUS

737 1258 896 1290 UTRUM
919 1257 1083 1289 LICEAT
1106 1258 1321 1297 QUOT1n1E
1343 1261 1437 1292 Hoc
1461 1261 1795 1296 SACRAMENTUM
1820 1265 2052 1297 SUSCIPERE

386 1450 394 1460 ,
420 1448 448 1462 *s
482 1441 487 1451 «
511 1429 534 1454 ι)
552 1428 714 1454 nselmum
735 1427 787 1453 SIC
809 1427 1045 1453 paocnnrrua.
1070 1415 1232 1453 Videtur
1257 1418 1364 1466 quod

406 1505 416 1518 ⁷,
433 1471 490 1513 1'2
511 1481 592 1507 non
627 1469 736 1506 liceat
768 1468 940 1518 quotidie
974 1470 1052 1507 hoc
1079 1478 1364 1507 sacramentum

320 1514 356 1565 ,¹
408 1521 420 1523 ’”
495 1522 716 1572 suscipere.
760 1521 866 1560 Sicut
907 1521 1012 1559 enim
1052 1522 1266 1572 baptismus
1308 1535 1364 1560 re-

441 1573 451 1604 )
482 1596 498 1611 κ
510 1582 726 1625 praesentat
762 1574 1010 1613 Dominicam
1045 1575 1286 1625 passionem,
1315 1576 1365 1613 ita

510 1635 764 1666 eramentum.
804 1628 881 1666 Sed
909 1640 991 1666 non
1017 1628 1103 1666 licet
1129 1629 1271 1679 pluries
1301 1629 1365 1666 ba-

298 1680 452 1732 ptizari,
480 1681 548 1719 sed
576 1682 695 1718 semel
722 1688 894 1728 tantum,
931 1681 1023 1731 quia
1060 1683 1225 1720 Christus
1255 1683 1367 1720 semel

298 1741 450 1772 tantum
471 1747 546 1784 pro
567 1735 731 1784 peccatis
759 1735 892 1772 nostris
918 1740 1086 1772 mortuus
1113 1741 1175 1782 est,
1204 1743 1246 1772 ut
1276 1735 1366 1772 dici-

299 1794 362 1825 tur
378 1788 395 1825 Ι
412 1788 493 1825 Pet.
514 1799 546 1824 111
564 1787 596 1825 *.
625 1788 727 1836 Ergo
746 1787 899 1825 videtur
926 1787 1034 1837 quod
1060 1800 1142 1825 non
1166 1788 1273 1826 liceat
1292 1789 1367 1825 hoc

300 1847 585 1878 sacramentum
613 1840 784 1890 quotidie
813 1840 1016 1890 suscipere.

354 1905 391 1933 2.
411 1894 644 1941 PRAETEREA,
663 1893 803 1931 veritas
823 1894 937 1931 debet
955 1895 1189 1944 respondere
1209 1894 1365 1943 figurae.

301 1946 379 1985 Sed
406 1958 527 1995 agnus
561 1947 771 1996 paschalis,
801 1947 868 1997 qui
895 1947 965 1984 fuit
1000 1947 1124 1996 figura
1159 1947 1366 1997 praecipua

267 2021 275 2029 ·
300 1999 417 2038 huius
454 1999 700 2048 sacramenti,
729 2008 772 2038 ut
806 2012 924 2051 supra
945 2000 966 2022 '¹‘
993 2000 1141 2038 dictum
1176 2009 1249 2049 est,
1288 2012 1367 2038 non

299 2052 608 2091 manducabatur
634 2053 707 2091 nisi
732 2055 851 2091 semel
878 2053 918 2090 in
946 2065 1063 2091 anno.
1093 2054 1170 2091 Sed
1198 2053 1367 2091 Ecclesia

300 2107 420 2144 semel
447 2106 488 2144 in
515 2118 618 2144 anno
638 2112 656 2129 ‘²
684 2107 848 2144 celebrat
877 2106 1017 2144 Christi
1044 2106 1276 2156 passionem,
1302 2119 1366 2144 cu-

299 2157 360 2197 ius
387 2159 465 2197 hoc
496 2167 779 2197 sacramentum
818 2167 874 2197 est
906 2159 1142 2198 memoriale.
1176 2161 1277 2208 Ergo
1312 2160 1367 2197 vi-

299 2212 412 2250 detur
437 2213 546 2262 quod
577 2225 658 2250 non
692 2212 777 2251 licet
811 2212 982 2263 quotidie
1019 2225 1172 2250 sumere
1206 2214 1282 2250 hoc
1310 2226 1366 2251 sa-

300 2264 555 2312 cramentum,
584 2266 652 2303 sed
680 2267 800 2303 semel
818 2264 834 2296 β
861 2266 901 2303 in
929 2278 1045 2303 anno.

303 2318 307 2319 ⁷
355 2317 390 2356 3.
419 2319 654 2364 PRAETEREA,
688 2319 779 2357 huic
807 2327 1059 2366 sacramento,
1089 2319 1129 2356 in
1158 2331 1237 2368 quo
1265 2327 1366 2356 totus

301 2369 475 2410 Christus
498 2372 729 2424 fontinetur,
758 2372 928 2410 maxima
956 2372 1168 2410 reverentia
1194 2373 1364 2409 debetur.

300 2423 362 2462 Ad
389 2425 643 2462 revere‘ntiam
671 2433 802 2463 autem
828 2426 992 2476 pertinet
1019 2426 1127 2475 quod
1155 2425 1289 2475 aliquis
1318 2426 1365 2462 ab

299 2476 377 2514 hoc
395 2486 634 2516 sacramento
654 2478 857 2516 abstineat:
887 2480 992 2517 unde
1013 2487 1049 2516 et
1068 2479 1244 2516 laudatur
1268 2479 1365 2516 Cen-

299 2529 421 2578 turio,
450 2531 517 2580 qui
545 2530 652 2578 dixit,
681 2532 816 2569 Matth.
837 2532 944 2579 vl11*,
973 2534 1156 2577 Domine,
1184 2545 1257 2569 non
1283 2545 1364 2569 sum

300 2583 436 2633 dignus
463 2590 502 2620 ut
523 2584 640 2621 'intres
658 2586 725 2622 sub
743 2591 876 2622 tectum
895 2598 1040 2631 meum;
1068 2593 1104 2622 et
1132 2586 1278 2632 Petrus,
1299 2585 1364 2634 qui

300 2635 412 2684 dixit,
439 2637 536 2674 Luc.
556 2649 580 2674 v
597 2637 630 2685 ²¹⁸,
658 2639 737 2675 Exi
766 2650 790 2675 a
817 2651 894 2685 me,
923 2640 1104 2684 Domine,
1134 2641 1220 2687 quia
1254 2640 1364 2676 homo

293 2696 474 2738 peccator
500 2702 572 2740 ego
598 2702 693 2728 sum.
722 2691 824 2739 Ergo
852 2703 933 2729 non
961 2699 1017 2729 est
1041 2690 1231 2729 laudabile
1258 2692 1363 2740 quod

300 2743 422 2780 homo
451 2743 622 2792 quotidie
650 2744 727 2781 hoc
753 2752 1039 2782 sacramentum
1067 2743 1256 2793 suscipiat.

352 2807 389 2843 4.
417 2796 649 2843 PRAETEREA,
670 2796 701 2834 si
720 2797 910 2835 laudabile
930 2806 1028 2835 esset
1046 2798 1263 2846 frequenter
1290 2798 1365 2834 hoc

299 2857 585 2886 sacramentum
618 2849 828 2899 suscipere,
858 2859 1003 2900 quanto
1040 2849 1274 2899 frequentius
1303 2862 1363 2886 su-

298 2909 479 2949 meretur,
499 2909 604 2939 tanto
633 2911 731 2940 esset
750 2904 990 2941 laudabilius.
1021 2904 1097 2941 Sed
1126 2903 1249 2940 maior
1267 2910 1364 2939 esset

298 2953 513 3004 frequentia
540 2955 571 2992 si
599 2956 721 2993 homo
756 2957 899 3006 pluries
926 2957 966 2994 in
994 2956 1055 2994 die
1084 2963 1251 2993 sumeret
1288 2956 1363 2992 hoc

300 3016 596 3046 sacramentum.
633 3009 735 3058 Ergo
763 3018 861 3047 esset
889 3009 1078 3047 laudabile
1107 3008 1214 3058 quod
1243 3009 1362 3045 homo

299 3060 442 3110 pluries
469 3061 509 3098 in
537 3061 599 3099 die
627 3063 942 3100 communicaret.
981 3062 1099 3109 Quod
1126 3070 1255 3098 tamen
1284 3073 1363 3097 non

299 3113 416 3150 habet
442 3114 635 3152 Ecclesiae
672 3116 926 3153 consuetudo.
965 3116 1058 3152 Non
1096 3125 1185 3162 ergo
1213 3113 1364 3150 videtur

300 3178 383 3204 esse
411 3166 601 3205 laudabile
629 3169 738 3218 quod
770 3168 906 3218 aliquis
939 3167 1109 3217 quotidie
1137 3168 1213 3204 hoc
1241 3179 1363 3204 sacra—

300 3227 478 3257 mentum
505 3220 675 3270 accipiat.

357 3273 390 3309 5.
429 3273 673 3321 PRAETEREA,
708 3274 877 3312 Ecclesia
909 3272 1067 3310 intendit
1104 3272 1181 3309 suis
1219 3271 1363 3309 statutis

354 3402 381 3436 α)
401 3403 483 3428 Sed...
501 3410 582 3429 anno.
599 3418 620 3423 -
639 3404 757 3430 Ecclesia
775 3405 793 3436 1,
813 3405 901 3430 Semel
918 3404 998 3429 etiam
1018 3404 1044 3428 in
1063 3410 1135 3428 anno
1155 3403 1273 3429 Ecclesia
1291 3403 1320 3429 P.

355 3436 380 3472 β)
400 3439 490 3463 semel.
506 3453 526 3457 —
543 3439 629 3465 solum
648 3440 728 3465 semel
747 3440 785 3464 Pl.

352 3475 380 3506 γ)
395 3473 513 3505 proprii.
530 3487 550 3492 -
567 3481 585 3498 a
603 3479 630 3499 et
647 3474 720 3499 tertia
739 3480 840 3508 praeter
858 3475 882 3505 1;
897 3474 1021 3506 proprio-

353 3507 379 3542 ὅ)
397 3508 496 3540 accipe.
514 3522 533 3527 -
550 3509 613 3533 AsG
631 3516 649 3534 a
667 3514 694 3534 et
711 3510 850 3540 editiones;
869 3510 996 3541 accipere.
1016 3509 1067 3533 Pro
1084 3508 1163 3541 quod,
1179 3511 1209 3533 ut
1227 3509 1360 3534 editiones.

441 3563 553 3587 Sunius
571 3562 674 3587 Tutor..
695 3563 726 3588 D.
738 3563 852 3587 Tamus
871 3563 904 3587 T.
919 3563 960 3587 IX.

912 1336 947 1361 1v
965 1336 1050 1366 Sent„
1070 1337 1130 1362 dist.
1149 1344 1194 1368 xu,
1213 1345 1256 1370 qu.
1275 1345 1313 1368 11¹,
1333 1344 1379 1363 art.
1400 1346 1429 1370 15
1448 1340 1457 1364 1
1476 1341 1513 1365 ad
1532 1342 1604 1370 Cor„
1624 1350 1679 1374 cap.
1698 1350 1732 1373 xi,
1751 1343 1808 1369 lect.
1827 1351 1872 1370 vn.

1419 1419 1589 1458 fidelium
1624 1422 1771 1460 utilitati
1805 1423 2020 1472 providere.
2060 1425 2137 1463 Sed
2165 1438 2211 1462 ex
2240 1434 2378 1464 statuto
2410 1428 2482 1465 Ec-

1419 1473 1553 1511 clesiae
1591 1474 1724 1512 fideles
1751 1483 1930 1514 tenentur
1957 1479 2085 1514 solum
2113 1480 2231 1516 semel
2265 1481 2482 1518 communi-

1419 1538 1504 1563 care
1532 1526 1571 1564 in
1599 1540 1718 1565 anno:
1755 1529 1860 1566 unde
1889 1529 2027 1567 dicitur
2054 1531 2180 1578 Extra,
2210 1532 2255 1568 de
2280 1534 2420 1570 Poenit.
2450 1540 2483 1570 et

1418 1581 1573 1617 Remiss.
1589 1580 1625 1617 *ε
1647 1581 1774 1618 Omnis
1789 1584 1975 1632 utriusque
1988 1595 2099 1620 sexus
2100 1585 2228 1632 fidelis
2241 1587 2412 1635 suscipiat
2426 1599 2482 1623 re·
2510 1596 2519 1605 ·

1418 1639 1587 1670 verenter
1613 1635 1663 1670 ad
1689 1636 1811 1671 minus
1839 1637 1876 1671 in
1907 1637 2052 1673 Pascha
2076 1638 2332 1674 Eucharistiae
2357 1651 2482 1676 sacra-

1419 1692 1601 1722 mentum:
1620 1688 1689 1723 nisi
1696 1688 1813 1735 forte,
1834 1688 1879 1724 de
1891 1690 2042 1737 proprii
2058 1694 2074 1716 Υ
2100 1690 2298 1727 sacerdotis
2317 1692 2480 1738 consilio,

1419 1740 1466 1775 ob
1485 1739 1647 1788 aliquam
1667 1741 1924 1778 rationabilem
1939 1753 2104 1788 causam,
2120 1743 2171 1779 ad
2186 1748 2327 1792 tempus
2345 1746 2393 1781 ab
2407 1746 2483 1781 eius

1415 1794 1650 1841 perceptione
1668 1793 1815 1830 duxerit
1834 1795 2101 1832 abstinendum.
2122 1796 2215 1832 Non
2230 1807 2319 1844 ergo
2335 1804 2389 1834 est
2403 1798 2482 1834 lau-

1420 1844 1543 1881 dabile
1572 1846 1678 1894 quod
1707 1845 1878 1895 quotidie
1898 1847 1974 1884 hoc
1993 1856 2276 1885 sacramentum
2296 1858 2480 1886 sumatur.

1473 1898 1546 1934 SED
1575 1910 1718 1935 CONTRA
1746 1910 1812 1936 ns‘r
1845 1900 1952 1948 quod
1980 1900 2217 1948 Augustinus
2245 1901 2344 1948 dicit,
2374 1902 2413 1939 in
2441 1902 2482 1939 li-

1419 1950 1489 1987 bro
1524 1951 1569 1987 de
1599 1952 1725 1988 Verbis
1758 1952 1915 1989 Domini
1930 1952 1967 1989 *2
2005 1955 2078 1989 Iste
2105 1956 2218 2003 panis
2253 1955 2483 2003 quotidianus

1420 2009 1490 2040 est:
1518 2006 1644 2053 accipe
1662 2002 1675 2026 ⁶
1704 2005 1863 2053 quotidie
1890 2006 1990 2055 quod
2016 2007 2174 2055 quotidie
2200 2008 2266 2044 tibi
2284 2010 2414 2057 prosit.

1472 2057 1696 2094 RESPONDEO
1730 2069 1912 2095 DICENDUM
1947 2059 2054 2107 quod
2087 2059 2186 2096 circa
2213 2072 2330 2097 usum
2365 2061 2481 2098 huius

1420 2109 1645 2146 sacramenti
1673 2109 1752 2146 duo
1780 2118 1943 2159 possunt
1964 2111 2208 2149 considerari.
2238 2113 2371 2150 Unum
2398 2114 2481 2162 qui-

1419 2163 1510 2199 dem
1538 2175 1584 2199 ex
1611 2170 1717 2211 parte
1750 2161 1869 2212 ipsius
1897 2165 2136 2210 sacramenti,
2156 2164 2265 2202 cuius
2288 2165 2407 2203 virtus
2426 2174 2481 2203 est

1420 2215 1643 2252 hominibus
1678 2215 1860 2253 salutaris.
1899 2217 1947 2254 Et
1981 2216 2069 2254 ideo
2101 2217 2191 2254 utile
2228 2225 2283 2255 est
2310 2218 2480 2268 quotidie

1419 2267 1548 2317 ipsum
1576 2267 1779 2317 suscipere,
1800 2277 1842 2305 ut
1869 2269 1991 2306 homo
2011 2270 2182 2319 quotidie
2206 2270 2288 2307 eius
2315 2272 2481 2309 fructum

1418 2321 1611 2370 percipiat.
1641 2321 1752 2358 Unde
1772 2322 2001 2359 Ambrosius
2029 2322 2128 2370 dicit,
2158 2323 2196 2360 in
2224 2323 2320 2361 libro
2349 2325 2394 2361 de
2414 2326 2480 2362 Sa-

1418 2376 1615 2411 cramentis
1634 2373 1672 2410 *2
1703 2375 1744 2411 Si
1761 2376 1898 2423 quoties
1917 2374 2119 2424 effunditur
2132 2381 2144 2396 Ε
2163 2378 2318 2426 sanguis
2335 2378 2479 2423 Christi,

1418 2428 1454 2463 in
1476 2428 1727 2463 remissionem
1741 2433 1983 2476 peccatorum
2003 2428 2204 2477 effunditur
2219 2428 2242 2476 ²,
2263 2429 2375 2467 debeo
2388 2442 2480 2467 sem-

1413 2492 1485 2529 per
1520 2481 1705 2529 accipere,
1742 2481 1806 2529 qui
1838 2491 1984 2530 semper
2012 2493 2152 2530 pecco,
2188 2482 2300 2519 debeo
2336 2495 2481 2532 semper

1417 2534 1554 2569 habere
1581 2532 1815 2569 medicinam.

1497 2585 1581 2622 Alio
1602 2585 1722 2622 modo
1741 2593 1865 2634 potest
1884 2585 2115 2623 considerari
2135 2599 2181 2623 ex
2199 2594 2305 2636 parte
2325 2600 2479 2624 sumen-

1417 2638 1473 2685 tis,
1494 2637 1534 2674 in
1553 2649 1634 2686 quo
1652 2637 1857 2687 requiritur
1876 2639 1983 2687 quod
2002 2650 2093 2676 cum
2111 2651 2251 2688 magna
2274 2640 2478 2678 devotione

1418 2699 1454 2728 et
1482 2690 1693 2739 reverentia
1727 2691 1775 2728 ad
1804 2691 1880 2728 hoc
1912 2700 2196 2729 sacramentum
2230 2693 2395 2730 accedat.
2432 2695 2480 2731 Et

1417 2744 1516 2790 ideo,
1547 2743 1577 2779 si
1605 2743 1741 2792 aliquis
1769 2755 1810 2780 se
1838 2743 2009 2793 quotidie
2038 2745 2087 2782 ad
2115 2746 2191 2782 hoc
2217 2753 2395 2794 paratum
2423 2745 2479 2783 in-

1416 2796 1555 2842 veniat,
1576 2795 1766 2833 laudabile
1792 2797 1973 2845 estquod
2001 2797 2172 2846 quotidie
2201 2806 2338 2835 sumat.
2367 2799 2478 2836 Unde

1417 2848 1662 2897 Augustinus,
1693 2860 1783 2886 cum
1812 2849 1965 2886 dixisset
1983 2849 2014 2897 ³¹⁸,
2042 2851 2180 2900 Accipe
2207 2851 2306 2900 quod
2323 2852 2480 2900 quotidie

1416 2904 1481 2939 tibi
1501 2903 1631 2952 prosit,
1660 2901 1869 2950 subiungit:
1900 2904 1960 2939 Sic
1986 2904 2068 2940 vive
2095 2909 2133 2939 ut
2161 2903 2318 2952 quotidie
2335 2916 2478 2942 merea-

1417 2956 1468 2992 ris
1495 2956 1674 3004 accipere.
1705 2954 1782 2992 Sed
1810 2954 1901 3003 quia
1928 2955 2121 2992 multoties
2149 2955 2188 2992 in
2215 2956 2389 3005 pluribus
2408 2957 2478 2994 ho-

1417 3007 1568 3044 minum
1596 3008 1718 3044 multa
1735 3007 2012 3056 impedimenta
2038 3008 2154 3045 huius
2172 3008 2387 3046 devotionis
2415 3022 2478 3047 oc-

1416 3067 1586 3105 currunt,
1602 3067 1759 3109 propter
1777 3060 1948 3109 corporis
1968 3060 2299 3110 indispositionem
2317 3063 2379 3099 vel
2398 3062 2477 3099 ani-

1416 3125 1515 3160 mae,
1536 3125 1615 3150 non
1644 3120 1699 3149 est
1725 3112 1816 3150 utile
1845 3113 2026 3150 omnibus
2054 3113 2279 3151 hominibus
2307 3115 2478 3164 quotidie

1417 3166 1466 3203 ad
1494 3166 1570 3203 hoc
1597 3174 1880 3203 sacramentum
1909 3166 2101 3214 accedere,
2126 3167 2193 3204 sed
2221 3167 2478 3216 quotiescum-

1417 3231 1494 3268 que
1522 3231 1562 3256 se
1590 3219 1711 3256 homo
1740 3219 1788 3256 ad
1817 3218 1909 3256 illud
1933 3227 2110 3268 paratum
2137 3219 2335 3257 invenerit.
2366 3221 2477 3258 Unde

1417 3272 1455 3309 in
1484 3271 1580 3309 libro
1599 3272 1645 3308 de
1662 3273 1925 3309 Ecclesiasticis
1950 3273 2128 3322 Dogmat.
2147 3272 2167 3294 ’¹‘
2194 3272 2345 3311 dicitur:
2381 3275 2477 3316 Quo-

1471 3403 1494 3471 εξ
1513 3403 1667 3437 effunditur.
1679 3418 1698 3422 -
1716 3404 1736 3429 F
1755 3409 1780 3429 et
1793 3405 1867 3429 tertia
1884 3409 1985 3436 praeter
1998 3405 2036 3434 H;
2055 3404 2168 3438 effimdis
2182 3405 2215 3436 H,
2227 3405 2378 3439 effundetur
2392 3407 2477 3432 ceteri.

1468 3438 1483 3468 ζ
1513 3439 1669 3473 effunditur.
1686 3454 1705 3459 —
1724 3439 1804 3464 PFsG
1823 3444 1847 3464 et
1865 3447 1879 3465 c
1886 3448 1893 3470 ;
1912 3447 1965 3464 om.
1979 3454 1998 3459 -
2011 3447 2093 3472 pecco
2111 3448 2166 3466 om.
2183 3440 2218 3468 F:
2237 3441 2382 3473 accipere...
2397 3441 2477 3467 debeo

1415 3481 1519 3507 semper
1536 3482 1588 3500 om.
1605 3475 1626 3507 ῖς
1645 3482 1748 3507 semper
1766 3475 1842 3500 tertio
1861 3475 1918 3500 loco
1936 3483 1989 3501 om.
2007 3483 2099 3500 omnes
2119 3481 2219 3508 praeter
2237 3477 2265 3502 P.

2303 3565 2330 3590 31

2547 1594 2596 1622 Cap
2602 1611 2608 1616 .
2638 1595 2720 1617 Omnu

2508 1622 2629 1649 utriusque
2641 1627 2720 1643 sexus.

2606 1710 2623 1735 Υ

2509 1962 2519 1971 ·
2524 1960 2597 1982 Serm.
2603 1961 2720 1983 LXXXIV

2576 1987 2639 2035 <rz-
2648 1988 2719 2035 ...-

2508 2013 2583 2061 3233.
2597 2019 2720 2063 2²&va

2509 2066 2543 2088 Cf.
2551 2072 2601 2088 can.
2606 2066 2659 2088 Non
2666 2067 2719 2097 iste,

2508 2092 2660 2142 azazena
2666 2093 2721 2141 2:22.-

2508 2151 2560 2172 cap.
2575 2151 2591 2172 ι,
2605 2151 2629 2198 g.

2508 2385 2518 2395 ·
2525 2384 2576 2406 Lib.
2583 2384 2624 2410 lv,
2632 2390 2719 2432 caps?

2507 2411 2718 2465 gfff'siq'qudnfsss

2587 2469 2608 2490 e,
2618 2463 2648 2485 de
2657 2464 2718 2485 Con-

2507 2495 2575 2517 secr„
2593 2490 2647 2511 dist.
2662 2490 2690 2512 11.

2601 2553 2616 2582 ζ

2506 2862 2515 2872 ·
2530 2861 2584 2883 Loc.
2601 2862 2638 2883 cit.

2504 3235 2716 3290 ..finierat

2504 3289 2565 3315 Aug.
