2878 4088
430 186 465 212 Vl

433 255 632 295 Ceteroquin
655 254 793 286 formam
815 255 978 286 relativam
996 256 1166 296 aliquoties
1181 257 1214 287 in
1230 257 1410 288 absolutam
1424 266 1498 287 mu-

431 300 519 336 tavit,
536 299 635 339 idque
651 309 688 330 ea
705 308 838 330 casuum
854 299 1076 331 distributione
1092 306 1128 331 ut
1149 300 1276 331 duobus
1299 301 1498 341 temporibus

434 344 605 376 consilium
628 344 774 375 absolute
797 344 914 375 citandi
935 345 1042 375 iniisse
1060 345 1159 375 videri
1183 346 1294 386 possit.
1315 347 1345 376 A
1369 355 1422 385 qu.
1447 355 1497 375 xx.

432 398 536 428 usque
553 388 592 419 ad
616 397 670 428 qu.
695 398 777 418 xxix.
794 389 901 428 portio
918 388 1115 429 respondens
1132 389 1363 420 Commentarii
1387 394 1498 430 quater

432 433 527 463 habet
546 446 560 459 «
575 433 608 463 in
626 432 730 463 littera
749 445 777 469 ›‚
795 432 1065 473 Supplementum
1081 443 1157 464 vero
1174 434 1214 472 43
1229 444 1247 464 a
1259 434 1299 464 56
1319 447 1333 461 ‹
1349 434 1499 474 Magister

434 477 671 508 Sententiarum
685 489 712 513 ›,
729 485 773 516 44
783 477 803 506 b
814 486 832 507 2
841 485 853 507 1
876 490 890 504 ε
904 478 937 508 in
948 477 1071 515 Quarto
1083 478 1316 509 Sententiarum
1330 491 1357 514 ›‚
1373 479 1414 516 54
1424 477 1444 507 b
1456 477 1496 507 68

436 534 450 548 ‹
463 522 495 552 in
512 520 635 559 Quarto
651 531 736 552 xxm.
747 521 818 551 dist.
832 534 860 558 ›,
886 521 942 552 sed
954 522 995 562 57
1008 532 1025 552 a
1035 531 1077 562 49
1094 523 1253 552 reviviscit
1271 535 1285 549 α
1297 523 1332 552 in
1346 522 1448 552 littera
1467 534 1495 551 ».

433 565 621 597 Notandum
639 565 692 596 hic
716 565 806 605 quod
827 566 860 596 in
884 566 996 597 eadem
1014 567 1165 606 portione
1189 566 1422 597 Commentarii
1445 575 1498 596 sex

435 610 600 641 citationes
624 610 770 640 absoluta
792 609 896 640 forma
919 616 1101 646 occurrunt,
1129 610 1184 641 sed
1207 611 1241 641 in
1264 610 1498 651 Supplemento

433 663 620 694 suppressae
636 656 725 684 sunt!
746 654 830 684 Dein
846 664 900 695 qu.
914 665 986 685 xmx
1006 654 1075 695 (ubi
1091 660 1127 685 ut
1142 655 1206 685 iam
1222 654 1359 685 diximus
1375 655 1498 685 formu-

433 699 497 729 lam
512 698 546 729 in
565 698 686 739 analysi
707 698 814 729 omisit
830 704 861 729 et
876 699 909 729 in
925 699 1017 729 initio
1041 704 1096 729 art.
1114 709 1132 729 2
1157 698 1353 739 reformavit)
1377 699 1499 730 inveni-

432 753 525 773 mus:
551 742 667 774 eodem
690 748 745 773 art.
763 752 826 782 arg.
845 742 874 774 3.
903 756 916 769 «
936 748 972 774 ut
993 743 1141 783 Magister
1157 743 1233 774 dicit
1251 754 1288 780 »3
1313 743 1352 774 ad
1369 743 1405 774 3:
1432 756 1446 770 «
1465 743 1498 773 in

433 787 515 818 libro
540 787 776 818 Sententiarum
794 797 828 823 ›;
859 786 899 817 ad
919 797 954 827 7:
993 800 1007 814 «ι
1027 788 1176 828 Magister
1207 787 1285 818 dicit
1314 798 1396 818 xxxx.
1428 787 1499 818 dist.

434 831 546 869 Quarti
564 831 800 862 Sententiarum
818 841 853 867 »;
878 837 933 862 art.
952 831 981 862 3.
1002 831 1042 862 ad
1059 832 1092 862 5:
1120 845 1134 859 ‹
1153 837 1189 863 ut
1205 833 1354 872 Magister
1370 831 1446 862 dicit
1464 842 1498 868 »;

433 875 490 906 sed
516 888 530 902 «
550 876 583 906 in
606 875 709 906 littera
727 889 741 902 »
772 880 938 915 reapparet
968 881 1024 907 art.
1049 876 1079 906 6.
1104 886 1188 916 argg.
1217 884 1244 906 1.
1269 881 1301 906 et
1322 886 1354 915 4.
1379 881 1410 906 et
1437 875 1500 907 Sed

434 919 572 955 Contra;
601 919 716 949 deinde
740 919 875 959 legimus
906 929 960 959 qu.
987 930 1027 949 Lx.
1053 926 1109 950 art.
1133 931 1154 951 1.
1179 920 1218 951 ad
1241 930 1272 959 4.
1309 933 1324 947 «
1351 921 1500 960 Magister

433 974 502 994 xxx.
529 963 599 994 dist.
625 963 738 1001 Quarti
768 963 1004 994 Sententiarum
1024 977 1057 1000 ›,
1091 969 1122 994 et
1155 977 1169 991 «
1188 965 1222 994 in
1246 964 1358 995 eadem
1390 964 1500 994 distin-

433 1009 539 1038 ctione
555 1021 568 1034 ›
593 1007 665 1047 (pro
688 1020 702 1034 ‹
716 1007 835 1037 ibidem
852 1007 893 1047 »).
913 1008 999 1038 Hinc
1015 1007 1129 1038 desinit
1143 1013 1267 1039 mutare
1280 1008 1499 1048 Compilator3

432 1057 480 1082 ter
501 1051 552 1081 vel
575 1057 687 1091 quater
711 1052 838 1081 omittit.

490 1095 538 1125 16.
554 1113 577 1116 —
594 1094 780 1125 Ceterarum
800 1095 895 1125 etiam
919 1095 1107 1125 citationum
1124 1095 1199 1126 alias
1220 1096 1338 1131 omisit,
1355 1096 1429 1125 alias
1446 1095 1500 1125 ad-

431 1140 527 1175 misit,
538 1148 656 1178 paucas
671 1140 705 1169 in
721 1138 873 1169 Summae
890 1139 1055 1169 citationes
1068 1138 1187 1169 refecit.
1207 1140 1377 1170 Rationem
1391 1139 1499 1169 discri-

431 1184 526 1213 minis
549 1184 675 1223 assequi
705 1192 773 1212 non
795 1183 981 1222 potuimus,
1008 1183 1083 1223 quia
1113 1189 1270 1223 perpetuo
1300 1183 1434 1214 vacillat.
1469 1183 1500 1213 A

432 1227 591 1267 principio
613 1227 891 1258 conservationem
905 1228 1054 1258 omnium
1075 1227 1251 1259 decrevisse
1274 1227 1408 1263 videtur,
1423 1237 1500 1258 nam

431 1272 464 1302 in
500 1271 624 1302 duabus
653 1272 764 1312 primis
795 1272 1035 1311 quaestionibus
1066 1281 1083 1302 e
1113 1272 1265 1303 tredecim
1296 1272 1500 1303 citationibus

432 1315 604 1347 duodecim
620 1315 750 1352 adsunt;
772 1317 804 1346 in
826 1325 994 1356 suppressa
1017 1316 1048 1347 S.
1066 1316 1209 1347 Thomas
1225 1317 1392 1357 proprium
1409 1325 1499 1346 com-

431 1361 624 1390 mentarium
648 1359 771 1400 allegat,
788 1365 824 1390 ut
847 1369 923 1390 mox
946 1360 1136 1391 videbimus.
1165 1361 1289 1392 Exinde
1312 1360 1398 1391 aliud
1422 1370 1500 1391 con—

431 1405 538 1435 silium
555 1410 706 1444 sequetur
730 1404 791 1444 (cf.
809 1407 847 1434 n⁰
870 1414 899 1434 2.
916 1403 1005 1444 fin.):
1026 1414 1129 1445 usque
1146 1405 1185 1436 ad
1201 1405 1345 1436 medium
1362 1405 1499 1445 Supple-

430 1455 577 1479 mentum
600 1449 708 1489 plures
728 1449 894 1480 citationes
917 1450 1146 1489 praetermittet
1174 1459 1271 1490 quam
1295 1450 1498 1486 transcribet;

430 1494 462 1523 in
492 1494 586 1524 altera
618 1493 747 1523 dimidia
771 1499 858 1533 parte
881 1503 1035 1524 numerus
1055 1500 1249 1525 servatarum
1271 1495 1410 1525 multum
1432 1504 1499 1524 cre-

431 1538 499 1574 scit,
517 1538 584 1568 sine
599 1537 709 1578 regula
723 1538 818 1568 nobis
834 1538 1020 1578 vestigabili.
1045 1538 1080 1570 In
1096 1539 1314 1570 mutabilitatis
1335 1539 1499 1579 specimen

431 1581 542 1613 confer
558 1583 725 1613 citationes
748 1587 826 1612 tres:
852 1584 1004 1613 resecavit
1028 1592 1082 1623 qu.
1105 1593 1150 1614 111.
1167 1589 1223 1614 art.
1241 1593 1271 1614 2.
1289 1584 1377 1624 (post
1392 1583 1411 1614 8
1426 1594 1443 1614 a
1460 1584 1498 1614 16

434 1640 448 1654 «
467 1627 565 1657 nimia
584 1626 614 1666 »)
647 1639 660 1653 ‹
679 1632 716 1657 ut
739 1636 834 1667 supra
857 1626 927 1657 dist.
951 1638 981 1658 v.
997 1628 1030 1658 in
1047 1628 1236 1668 quaestione
1259 1628 1299 1659 de
1322 1629 1444 1659 ieiunio
1461 1637 1499 1658 ex

430 1672 534 1702 verbis
555 1671 747 1712 Hieronymi
762 1671 865 1711 patuit
884 1684 912 1708 »,
939 1677 970 1702 et
993 1681 1047 1712 qu.
1063 1682 1106 1704 V1.
1123 1678 1179 1704 art.
1202 1682 1231 1704 2.
1257 1673 1343 1714 (post
1374 1680 1410 1703 12
1425 1683 1442 1703 a
1459 1680 1499 1712 14

434 1729 448 1742 ‹
467 1716 711 1756 protestationes
731 1715 761 1755 »)
790 1728 804 1742 ι
823 1716 905 1746 sicut
920 1716 953 1746 in
977 1726 998 1746 1.
1015 1716 1085 1747 dist.
1109 1716 1232 1748 dictum
1248 1723 1295 1748 est
1313 1730 1341 1754 »‚
1365 1716 1421 1748 sed
1444 1717 1499 1747 ad-

431 1761 517 1790 misit
532 1759 721 1790 intermedio
743 1760 818 1790 loco
843 1770 898 1800 qu.
911 1770 941 1791 V.
958 1766 1015 1791 art.
1031 1769 1059 1792 1.
1074 1761 1131 1802 (ιο
1143 1771 1161 1792 a
1175 1761 1229 1802 54)
1256 1775 1270 1789 ‹
1286 1762 1368 1793 sicut
1389 1761 1429 1792 de
1451 1772 1499 1792 sa-

432 1805 600 1836 cramentis
624 1805 657 1834 in
681 1815 703 1835 1.
717 1804 787 1835 dist.
801 1803 923 1835 dictum
947 1810 994 1835 est
1009 1818 1036 1835 ».

492 1858 540 1889 17.
557 1866 578 1872 -
602 1848 662 1879 Sex
688 1848 767 1879 locis
792 1849 958 1879 citationes
982 1855 1014 1880 et
1036 1859 1146 1880 earum
1169 1855 1338 1881 contextus
1369 1850 1501 1880 ulterio-

432 1903 501 1924 rem
534 1893 824 1924 considerationem
856 1900 1044 1934 provocant.

486 2027 556 2054 Dist.
577 2034 646 2054 xvn.
662 2035 711 2062 qu.
733 2033 763 2052 11.
786 2030 838 2052 art.
867 2034 889 2052 1.
912 2024 974 2062 qu¹⁸
993 2035 1017 2053 1.
1033 2035 1128 2062 corp.:
1152 2037 1166 2052 ε
1183 2027 1220 2054 Et
1241 2026 1276 2053 de
1290 2025 1393 2054 virtute
1414 2026 1500 2054 huius

431 2068 503 2103 (pro
527 2078 540 2092 «
558 2067 611 2094 hac
627 2077 642 2091 »
674 2071 706 2093 ut
726 2063 855 2100 videtur)
881 2074 970 2101 supra
996 2065 1060 2093 dist.
1082 2073 1130 2093 XV.
1153 2065 1262 2094 dictum
1284 2072 1341 2094 est:
1364 2065 1433 2103 quia
1460 2066 1500 2094 ibi

431 2106 550 2143 ponitur
567 2105 649 2143 quasi
671 2103 770 2133 similis
786 2103 916 2132 definitio
931 2106 968 2133 de
982 2105 1168 2142 poenitentia,
1184 2105 1229 2134 cui
1244 2105 1397 2143 praecipue
1419 2116 1499 2134 com-

431 2146 501 2183 petit
518 2146 629 2174 ratione
644 2143 825 2173 contritionis
842 2155 868 2172 ».
891 2146 970 2173 Haec
985 2145 1167 2182 Compilator
1181 2145 1278 2174 omisit
1293 2148 1352 2183 (qu.
1368 2155 1387 2174 1.
1403 2152 1455 2174 art.
1475 2156 1499 2174 1.

431 2193 498 2223 post
521 2186 534 2214 3
547 2187 565 2213 b
578 2193 615 2221 24
639 2197 653 2212 ‹
671 2183 850 2214 contrahitur
864 2187 904 2220 »).

484 2226 554 2254 Ibid.
566 2233 617 2254 art.
633 2227 646 2253 5
658 2237 664 2253 :
683 2237 697 2251 ι
711 2226 813 2253 Utrum
828 2231 924 2252 autem
939 2231 1018 2253 totus
1033 2232 1127 2253 reatus
1141 2234 1193 2262 per
1204 2225 1408 2254 contritionem
1423 2235 1499 2254 sem-

431 2276 483 2303 per
503 2266 632 2301 tollatur,
654 2274 742 2302 supra
762 2263 828 2291 dist.
850 2273 909 2292 xiv.
933 2265 1094 2302 quaesitum
1120 2272 1177 2301 est,
1198 2265 1248 2293 ubi
1270 2266 1326 2294 hoc
1346 2265 1441 2303 ipsum
1463 2266 1499 2294 de

431 2306 609 2343 poenitentia
623 2306 815 2342 quaerebatur
831 2314 857 2333 a»,
879 2306 974 2334 Habet
989 2307 1049 2342 (qu.
1063 2314 1093 2334 v.
1106 2312 1160 2334 art.
1175 2312 1204 2333 2.
1225 2314 1259 2333 10
1273 2306 1291 2333 b
1305 2306 1364 2343 28).
1386 2307 1498 2334 Eodem

432 2348 522 2374 modo
544 2346 609 2374 dist.
625 2353 690 2373 x1.v.
706 2355 754 2382 qu.
769 2353 789 2372 1.
804 2350 856 2373 art.
872 2352 906 2373 2:
930 2357 945 2372 ‹
961 2346 1063 2374 Utrum
1084 2352 1181 2374 autem
1196 2345 1324 2374 infernus
1345 2353 1373 2374 et
1394 2355 1498 2383 purga-

431 2386 497 2414 torii
519 2387 599 2414 locus
621 2386 677 2414 sint
692 2385 778 2419 idern,
794 2384 956 2420 quaesitum
978 2393 1020 2414 est
1042 2385 1106 2414 dist.
1121 2393 1172 2413 xxi
1189 2396 1214 2413 2.
1236 2387 1331 2414 Habet
1344 2387 1405 2423 (qu.
1420 2394 1498 2414 Lxrx.

431 2433 484 2455 art.
507 2428 535 2454 6.
561 2427 615 2461 146
626 2435 644 2454 a
655 2426 692 2454 28
707 2427 727 2462 ).
754 2426 825 2453 Fere
856 2426 961 2454 eodem
994 2427 1085 2454 modo
1113 2425 1178 2453 dist.
1206 2434 1233 2453 L.
1261 2435 1310 2463 qu.
1331 2434 1362 2453 n.
1391 2433 1443 2454 art.
1467 2426 1498 2454 3:

433 2479 446 2493 c
465 2467 616 2501 Quaedam
637 2475 706 2493 vero
727 2465 784 2493 alia
805 2473 880 2500 quae
901 2465 938 2494 ad
960 2475 1085 2502 poenam
1111 2465 1315 2493 damnatorum
1339 2465 1497 2502 pertinent,

432 2506 621 2534 determinata
642 2512 709 2533 sunt
734 2511 821 2541 supra
841 2513 919 2533 xuv.
935 2505 999 2533 dist.
1013 2517 1028 2531 >v
1059 2506 1155 2533 Habet
1174 2514 1267 2542 usque
1295 2506 1332 2534 ad
1365 2517 1379 2531 ι
1397 2511 1464 2533 sunt
1481 2516 1495 2531 »

432 2548 492 2583 (qu.
515 2554 603 2574 xcvn.
619 2553 672 2573 art.
687 2555 715 2580 4.
732 2553 785 2580 24¹
803 2553 821 2573 a
833 2546 892 2582 71).

486 2585 557 2614 Dist.
572 2593 673 2613 xxvm.
690 2592 742 2613 art.
757 2595 786 2620 4.
802 2587 839 2614 ad
854 2592 888 2612 2:
913 2596 927 2610 ι
944 2586 988 2613 De
1003 2593 1146 2613 consensu
1165 2591 1262 2613 autem
1283 2585 1389 2613 Beatae
1405 2583 1498 2622 Virgi-

432 2626 476 2654 nis
498 2625 571 2653 insta
592 2625 701 2653 dicetur
717 2636 742 2653 ».
765 2626 860 2654 Habet
873 2627 934 2661 (qu.
948 2632 1046 2652 vam.
1067 2630 1119 2653 art.
1139 2633 1163 2652 1.
1180 2632 1217 2661 92
1230 2634 1247 2652 a
1259 2626 1317 2661 29).

485 2666 556 2693 Dist.
569 2673 634 2693 ην.
645 2675 694 2702 qu.
706 2673 747 2693 111.
763 2667 838 2694 anal.
848 2677 855 2693 ι
873 2675 887 2690 ι
901 2666 1004 2693 Utrum
1015 2671 1111 2693 autem
1123 2673 1278 2701 possumus
1289 2670 1404 2692 sanctos
1415 2673 1498 2693 orare

433 2713 460 2734 et
481 2712 578 2734 utrum
600 2705 690 2734 sancti
705 2705 756 2742 qui
777 2712 843 2734 sunt
857 2705 887 2732 in
907 2705 1000 2742 patria
1019 2711 1103 2733 orent
1123 2714 1176 2741 pro
1198 2704 1292 2739 nobis,
1307 2704 1437 2732 habitum
1456 2711 1499 2733 est

432 2755 519 2782 supra
533 2745 598 2774 dist.
613 2754 652 2773 xv
667 2756 694 2773 ›.
717 2746 911 2782 Compilator:
936 2757 951 2771 α
968 2746 1042 2773 Nam
1060 2751 1157 2773 utrum
1173 2744 1263 2773 sancti
1278 2750 1361 2772 orent
1374 2754 1428 2781 pro
1443 2754 1497 2773 no-

432 2786 485 2822 bis,
501 2785 609 2814 dictum
624 2792 667 2814 est
682 2795 730 2822 qu.
744 2794 864 2814 Lxxxm.
887 2786 1038 2814 Secundae
1054 2784 1169 2813 Partis»
1186 2786 1247 2822 (qu.
1261 2792 1349 2819 Lm,
1370 2785 1496 2820 ¹60a2).

488 2920 684 2951 Citationem
706 2921 828 2961 primae
851 2920 989 2952 similem
1012 2921 1076 2951 iam
1091 2930 1159 2951 non
1182 2921 1309 2951 omittet
1332 2920 1499 2961 Compila-

432 2970 492 2996 tor.
516 2983 539 2988 —
562 2965 658 2996 Locis
687 2965 787 2995 tribus
814 2965 957 2996 secundo
987 2965 1066 2995 datis
1089 2966 1148 2995 iste
1170 2975 1238 2996 non
1266 2970 1429 2996 assecutus
1453 2970 1500 2996 est

432 3015 574 3040 mentem
598 3009 629 3041 S.
646 3010 804 3040 Thomae.
840 3010 876 3040 In
899 3010 1033 3040 articulo
1058 3010 1205 3050 originali
1227 3010 1323 3040 verba
1348 3023 1362 3036 ‹
1382 3010 1499 3041 Utrum

432 3060 539 3084 autem
551 3059 638 3084 totus
650 3059 755 3084 reatus
768 3067 782 3080 ι
802 3059 861 3084 etc.
885 3055 967 3084 inter
991 3054 1086 3084 series
1103 3059 1366 3094 argumentorum
1384 3063 1499 3085 secun-

433 3098 491 3129 dae
515 3104 546 3129 et
568 3099 678 3129 tertiae
703 3099 966 3138 quaestiunculae
981 3098 1086 3129 media
1109 3104 1293 3139 ponuntur:
1319 3104 1431 3129 auctor
1447 3108 1500 3130 ex-

431 3143 528 3182 plicat
559 3152 656 3183 quare
684 3143 810 3173 omittat
838 3148 970 3174 tractare
999 3144 1165 3174 materiam
1197 3144 1289 3174 cuius
1318 3143 1499 3174 tractandae

431 3187 483 3218 hic
507 3187 598 3218 locus
622 3192 713 3227 esset,
736 3192 768 3217 et
790 3186 867 3218 dicit
890 3197 961 3218 eam
984 3188 1058 3218 alibi
1081 3188 1114 3218 in
1137 3188 1269 3218 materia
1285 3187 1499 3229 aequivalenti

431 3237 547 3262 tactam
565 3241 642 3262 esse.
666 3231 771 3262 Verba
787 3241 863 3272 ergo
880 3231 919 3262 ad
942 3237 1088 3262 neutram
1109 3232 1387 3272 quaestiunculam
1402 3233 1499 3273 perti·

430 3281 518 3312 nent,
535 3275 591 3306 sed
613 3281 688 3306 sunt
711 3276 802 3316 quasi
823 3276 1030 3316 parenthesis,
1051 3276 1155 3307 vicem
1177 3285 1290 3316 gerens
1313 3277 1498 3316 quaestiun-

433 3320 523 3350 culae
547 3330 630 3360 quae
645 3319 713 3350 fieri
735 3326 845 3360 posset
860 3325 892 3351 et
914 3320 986 3351 data
1008 3321 1132 3352 ratione
1152 3330 1220 3351 non
1243 3319 1290 3352 fit.
1314 3321 1497 3361 Propterea,

430 3364 463 3394 in
487 3364 757 3404 Supplementum
779 3365 980 3404 transposita,
996 3365 1107 3395 locum
1130 3365 1298 3406 proprium
1320 3366 1354 3396 in
1377 3365 1498 3406 analysi

430 3409 581 3438 materiae
601 3408 807 3446 Quaestionis
832 3409 963 3448 quintae
989 3409 1189 3446 habuissem
1214 3410 1269 3440 ubi
1292 3418 1381 3440 nunc
1403 3414 1496 3445 stant,

430 3452 512 3482 idest
534 3451 639 3483 media
666 3453 747 3483 inter
770 3458 955 3492 argumenta
971 3458 1002 3483 et
1017 3454 1261 3493 responsionem
1277 3452 1410 3484 secundi
1425 3454 1498 3484 arti-

431 3496 506 3533 culi,
530 3497 641 3527 locum
663 3506 793 3537 prorsus
817 3497 957 3527 alienum
981 3503 1159 3537 occupant:
1184 3507 1252 3528 non
1275 3497 1388 3528 dubito
1417 3498 1497 3537 quin

432 3540 634 3582 Compilator
650 3550 687 3571 ea
709 3541 842 3572 secundi
865 3542 1043 3581 argumenti
1059 3540 1122 3572 Sed
1145 3540 1267 3572 Contra
1281 3547 1405 3582 partem
1428 3550 1498 3572 esse

1552 256 1718 296 putaverit.
1742 256 1792 287 De
1808 255 1935 287 duobus
1957 256 2037 287 locis
2053 257 2210 297 parallelis
2233 258 2365 290 eaedam
2380 260 2486 291 valent
2509 261 2619 292 obser-

1552 301 1706 330 vationes.
1718 317 1741 322 -
1755 300 1849 330 Ratio
1866 301 1915 331 vel
1932 302 2060 331 occasio
2077 303 2191 332 erroris
2205 312 2274 333 non
2289 312 2308 333 a
2322 303 2503 344 longinquo
2520 315 2617 345 quae-

1552 344 1650 374 renda
1674 343 1808 374 videtur.
1832 344 1918 382 Quia
1940 345 2004 375 hoc
2027 345 2101 375 loco
2130 345 2269 377 formula
2301 360 2316 374 ι
2335 347 2474 380 Ulterius
2489 362 2503 376 2
2530 349 2619 381 deest

1554 387 1614 430 (cf.
1631 398 1664 418 n.
1688 388 1750 428 3.)‚
1775 388 1867 419 latuit
1891 388 2146 428 Compilatorem
2170 391 2220 430 agi
2243 390 2283 421 de
2300 392 2404 422 verbis
2425 393 2459 423 in
2481 393 2619 434 Supple-

1552 438 1663 463 mento
1684 438 1739 463 aut
1761 442 1829 463 non
1851 433 2032 472 repetendis
2062 439 2117 464 aut
2139 435 2172 464 in
2201 435 2322 475 analysi
2343 436 2512 476 ponendis.
2541 438 2618 469 Non

1552 483 1683 507 errasset
1705 477 1732 507 si
1755 476 1786 507 S.
1804 477 1946 508 Thomas
1973 478 2148 517 scripsisset
2180 491 2194 505 ‹
2214 479 2354 509 Ulterius
2375 481 2486 520 quaeri
2508 488 2620 522 posset

1553 526 1661 551 utrum
1684 526 1789 551 reatus
1809 534 1823 548 »
1850 527 1921 558 etc.‚
1940 522 2015 562 quia
2038 522 2108 552 talis
2127 522 2225 553 dictio
2246 523 2409 554 evidenter
2423 525 2619 558 elementum

1553 565 1718 606 analyseos
1734 566 1882 596 insinuat.
1906 565 2146 597 Advertendum
2171 568 2266 597 etiam
2290 573 2346 603 est,
2370 568 2480 600 locum
2503 570 2620 602 ultimo

1554 610 1746 649 exscriptum
1773 622 1787 636 «
1808 610 1922 641 Utrum
1942 616 2048 640 autem
2065 620 2238 650 possumus
2253 618 2380 643 sanctos
2396 622 2487 644 orare
2505 627 2520 641 ι
2546 619 2619 651 etc.‚

1554 655 1592 684 ab
1616 654 1664 684 his
1687 664 1754 684 non
1772 653 1895 685 differre
1912 654 2019 694 quoad
2043 655 2256 686 intentionem
2279 655 2311 686 S.
2335 656 2494 693 Thomae,
2514 658 2571 689 sed
2585 659 2619 690 hi

1554 698 1809 738 Compilatorem
1832 699 1910 729 nihil
1927 699 1989 729 tale
2005 700 2221 739 suspicantem
2242 700 2332 740 quasi
2352 700 2491 732 latebant
2513 702 2548 732 in
2564 702 2621 734 de-

1555 752 1650 773 cursu
1674 742 1907 783 disputationis,
1927 743 1980 774 ille
2004 744 2033 774 ei
2056 745 2184 784 patebat
2206 745 2240 774 in
2264 745 2383 785 analysi
2406 747 2584 785 praeeunti.

1608 787 1748 817 Incisum
1778 788 1872 818 tertio
1902 788 1977 818 loco
2006 788 2116 818 datum
2145 788 2359 829 Compilatori
2387 790 2622 821 inadvertenter

1553 832 1702 862 scribenti
1727 831 1851 862 excidit.
1875 832 2030 873 Analyses
2046 834 2132 863 enim
2156 833 2380 873 Supplementi
2398 835 2620 866 tractationem

1555 875 1594 909 de
1611 885 1770 906 consensu
1785 877 2011 907 matrimoniali
2027 877 2063 907 B.
2081 878 2125 908 M.
2142 878 2181 908 V.
2197 887 2265 908 non
2277 879 2518 918 praenuntiant:
2544 889 2620 920 ergo

1555 919 1766 960 Compilator‚
1780 920 1858 951 dum
1874 921 1913 951 de
1925 922 2064 952 materiis
2079 922 2254 952 inserendis
2267 928 2298 953 et
2309 923 2494 954 omittendis
2510 933 2621 954 secum

1555 965 1677 1003 agebat,
1697 966 1919 1004 quaestionem
1936 966 2109 997 secundam
2133 967 2344 998 distinctionis
2362 978 2434 1004 xxx,
2451 968 2490 999 de
2512 969 2621 999 matri-

1555 1009 1668 1038 monio
1684 1009 1720 1039 B.
1737 1009 1787 1045 V.‚
1802 1010 1905 1040 voluit
1925 1020 1992 1040 non
2015 1012 2245 1051 transcriptam,
2261 1012 2374 1052 utique
2403 1013 2478 1052 quia
2502 1013 2623 1044 sciebat

1555 1053 1719 1082 materiam
1742 1054 1776 1083 in
1804 1053 1936 1084 Summa
1959 1060 2180 1094 pertractatam
2210 1055 2317 1087 fuisse.
2345 1057 2421 1087 Non
2445 1067 2521 1098 ergo
2553 1058 2621 1088 eius

1556 1097 1727 1127 consilium
1743 1097 1799 1127 sed
1814 1107 1966 1138 praeceps
1983 1099 2123 1129 calamus
2139 1100 2317 1139 culpandus
2333 1106 2394 1138 est;
2418 1102 2468 1132 sui
2484 1111 2622 1142 compos

1555 1140 1665 1170 locum
1689 1141 1846 1171 omisisset
1869 1147 1924 1172 aut
1947 1142 2113 1173 Summam
2138 1144 2273 1175 citasset.

1610 1184 1659 1214 De
1676 1185 1808 1215 Summa
1829 1185 1955 1216 citanda
1970 1196 2041 1217 sero
2057 1192 2181 1218 tanturn
2207 1189 2367 1228 cogitavit,
2384 1194 2415 1219 et
2430 1189 2530 1220 tribus
2551 1195 2622 1221 tan-

1555 1233 1625 1258 tum
1641 1229 1674 1258 ni
1693 1228 1786 1259 fallor
1801 1229 1881 1260 locis
1897 1240 1968 1260 eam
1991 1231 2104 1271 allegat
2121 1241 2277 1271 expresse.
2301 1232 2385 1263 Ante
2400 1233 2511 1264 locum
2527 1243 2623 1274 supra

1556 1272 1665 1303 datum
1685 1273 1821 1313 legimus
1838 1284 1892 1314 qu.
1906 1284 1976 1305 va.
1989 1280 2045 1305 art.
2058 1284 2089 1314 4.
2106 1276 2166 1307 135
2180 1276 2200 1306 b
2212 1285 2234 1315 4
2253 1289 2267 1303 ι
2280 1277 2314 1306 in
2330 1276 2477 1307 Secunda
2492 1277 2584 1308 Parte
2602 1291 2617 1305 ι

1555 1326 1615 1357 pro
1634 1330 1648 1344 ‹
1661 1318 1694 1347 in
1707 1317 1858 1349 Secundo
1870 1319 1968 1349 Libro
1981 1319 2051 1349 dist.
2064 1330 2127 1350 xm
2140 1330 2172 1357 »;
2189 1326 2264 1360 post
2276 1321 2415 1351 eundem
2428 1330 2483 1361 qu.
2495 1331 2622 1353 Lxxxm.

1555 1367 1611 1392 art.
1626 1371 1655 1392 2.
1673 1369 1733 1402 192
1746 1363 1767 1392 b
1780 1362 1821 1402 67
1842 1376 1856 1390 ‹
1871 1364 1905 1393 in
1921 1363 2024 1394 Prima
2041 1364 2132 1395 Parte
2151 1378 2165 1391 ›
2191 1374 2251 1405 pro
2278 1378 2293 1392 ε
2307 1366 2340 1395 in
2357 1365 2507 1396 Secundo
2523 1366 2623 1397 Libro

1555 1405 1625 1436 dist.
1643 1416 1697 1436 xm
1716 1420 1743 1437 ».
1767 1407 1968 1438 Familiarem
1992 1408 2144 1439 Summae
2165 1409 2434 1441 consuetudinem
2455 1410 2623 1451 Compila-

1554 1456 1606 1481 tor
1627 1460 1695 1481 non
1719 1451 1909 1482 manifestat.
1945 1452 2007 1483 Sed
2035 1454 2095 1483 alia
2117 1463 2231 1494 parcae
2255 1454 2413 1485 citationis
2437 1464 2532 1486 causa
2556 1456 2622 1486 exi-

1555 1501 1636 1526 stere
1659 1497 1781 1536 potuit:
1807 1497 1926 1527 sciebat
1948 1496 2030 1527 forte
2054 1503 2211 1538 quantum
2234 1500 2388 1539 temporis
2412 1505 2461 1530 tot
2483 1500 2555 1531 loca
2578 1500 2622 1531 ci-

1554 1539 1649 1570 tanda
1672 1541 1705 1570 in
1722 1540 1874 1572 Summae
1896 1541 2115 1573 voluminibus
2132 1542 2281 1574 venando
2297 1544 2441 1574 trivisset.
2466 1543 2552 1575 Cum
2568 1543 2623 1575 ad·

1554 1585 1617 1614 sint
1639 1580 1850 1616 festinationis
1867 1586 1955 1626 signa
1970 1587 2003 1616 in
2022 1592 2111 1617 textu
2127 1587 2360 1628 Supplementi,
2377 1593 2414 1619 ut
2427 1589 2549 1629 patebit
2561 1598 2624 1620 suo

1554 1629 1640 1665 loco,
1657 1639 1834 1670 congruere
1849 1630 1974 1661 videtur
1997 1632 2134 1662 auctoris
2150 1632 2261 1669 indoli,
2281 1638 2318 1663 ut
2339 1634 2478 1673 tempori
2493 1643 2625 1674 parcere

1554 1674 1702 1704 maluerit
1725 1684 1822 1714 quam
1846 1675 1918 1705 loca
1941 1675 2095 1707 Summae
2117 1677 2322 1708 citationibus
2337 1678 2526 1718 exemplaris
2547 1679 2624 1709 sub-

1553 1718 1693 1749 stituere.
2621 1745 2623 1747 >

1613 1763 1663 1793 18.
1678 1781 1701 1787 -
1717 1762 1920 1803 Compilator
1942 1763 2126 1804 aliquando,
2142 1765 2242 1795 tribus
2264 1765 2299 1795 ni
2321 1764 2414 1796 fallor
2433 1766 2523 1802 locis,
2541 1766 2624 1797 obli-

1553 1807 1684 1838 viscitur
1715 1817 1749 1838 se
1779 1807 1926 1839 ordinem
1956 1809 2164 1839 articulorum
2195 1809 2429 1840 Commentarii
2461 1816 2620 1842 mutasse:

1553 1853 1748 1892 transcripsit
1767 1862 1885 1893 nempe
1900 1858 1936 1883 ut
1956 1853 1989 1883 in
2012 1853 2185 1894 exemplari
2204 1854 2350 1884 iacebant
2365 1859 2427 1884 tres
2443 1854 2622 1892 citationes,

1554 1897 1700 1936 quamvis
1732 1897 1976 1928 continuitatem
2007 1897 2239 1929 Commentarii
2269 1899 2470 1929 immutatam
2499 1908 2624 1940 suppo—

1552 1946 1651 1971 nunt:
1671 1941 1753 1972 bene
1769 1946 1853 1972 stant
1867 1943 1900 1972 in
1917 1942 2061 1982 originali
2077 1948 2166 1973 textu
2180 1943 2220 1982 57
2233 1952 2252 1972 a
2263 1952 2305 1982 72
2327 1956 2340 1970 α
2355 1948 2393 1973 ut
2408 1952 2446 1974 ex
2462 1943 2553 1974 dictis
2564 1953 2623 1984 pa-

1553 1990 1598 2016 tet
1611 1999 1624 2012 »
1645 1991 1676 2016 et
1689 1985 1730 2016 58
1741 1985 1761 2016 b
1776 1986 1815 2016 16
1835 1999 1849 2013 α
1862 1992 1899 2016 ut
1910 1985 2033 2016 dicetur
2045 1999 2073 2022 ιι,
2086 1987 2142 2017 sed
2157 1987 2190 2017 in
2206 1987 2441 2027 Supplemento
2461 2000 2475 2015 ε
2490 1993 2528 2018 ut
2539 1987 2623 2019 infra

1554 2029 1676 2060 dicetur
1695 2043 1708 2056 »
1737 2035 1768 2060 et
1794 2043 1808 2057 ‹
1827 2035 1864 2060 ut
1879 2030 2000 2061 dictum
2018 2036 2064 2061 est
2083 2044 2097 2058 »
2124 2031 2233 2062 audire
2253 2031 2455 2069 debuissent;
2479 2033 2625 2063 similiter

1557 2082 1617 2104 112
1631 2075 1708 2112 b44
1734 2087 1748 2101 ‹
1767 2075 1855 2114 prius
1874 2089 1888 2103 »
1915 2074 1954 2105 ad
1983 2074 2212 2115 Compilatoris
2235 2082 2423 2107 contextum
2449 2086 2518 2107 non
2542 2086 2621 2117 qua-

1554 2118 1638 2154 drat;
1662 2119 1820 2159 intellige:
1848 2132 1862 2146 «
1881 2118 1962 2150 infra
1981 2132 2008 2150 ι.
2021 2138 2044 2142 -
2059 2120 2124 2158 Qu.
2147 2130 2240 2151 xcvn.
2265 2125 2322 2151 art.
2341 2121 2371 2151 5.
2401 2129 2463 2159 242
2476 2122 2547 2160 a45
2561 2130 2624 2162 pro

1552 2163 1656 2194 verbis
1673 2162 1906 2194 Commentarii
1933 2177 1947 2191 α
1965 2163 2111 2202 Qualiter
2126 2170 2233 2195 autem
2249 2166 2375 2196 animae
2397 2165 2622 2197 damnatorum

1554 2208 1592 2238 ab
1608 2208 1682 2248 igne
1697 2208 1759 2238 isto
1783 2218 1942 2248 corporeo
1958 2209 2134 2248 puniantur
2149 2209 2240 2251 infra
2263 2210 2389 2240 dicetur
2405 2223 2435 2246 »,
2457 2209 2624 2251 Compila-

1552 2258 1604 2283 tor
1625 2252 1722 2283 habet
1747 2265 1762 2279 ‹
1781 2252 1844 2283 Sed
1860 2253 1922 2284 hoc
1943 2262 2043 2293 supra
2064 2253 2185 2284 dictum
2201 2259 2248 2283 est
2263 2254 2399 2294 qualiter
2414 2254 2540 2285 animae
2563 2254 2619 2285 da-

1552 2302 1738 2327 mnatorum
1753 2297 1792 2327 ab
1808 2298 1883 2337 igne
1898 2298 1960 2328 isto
1977 2307 2135 2337 corporeo
2153 2298 2329 2337 puniantur
2346 2311 2374 2335 »‚
2398 2304 2484 2329 recte
2509 2298 2620 2339 quoad

1551 2341 1673 2378 locum,
1702 2341 1777 2381 quia
1804 2341 1844 2372 de
1867 2352 1901 2372 re
1923 2342 1987 2371 iam
2011 2351 2066 2381 qu.
2082 2351 2152 2372 Lxx.
2175 2347 2283 2372 actum
2307 2348 2388 2380 erat;
2413 2342 2469 2373 sed
2490 2343 2620 2374 adverte

1554 2395 1652 2426 quam
1675 2385 1837 2426 superflue
1861 2392 1892 2416 et
1915 2386 1998 2416 male
2022 2386 2201 2416 orationem
2225 2386 2257 2417 S.
2270 2386 2418 2418 Thomae
2440 2389 2622 2425 mutaverit,

1553 2436 1808 2471 praeoccupatus
1831 2430 1912 2461 forte
1935 2430 1975 2460 de
1999 2430 2151 2460 citatione
2173 2431 2320 2470 aptanda.

1613 2482 1662 2514 19.
1677 2492 1701 2496 -
1724 2474 1924 2505 Citationum
1952 2473 2096 2504 defectus
2128 2475 2276 2515 assignati
2308 2475 2427 2515 cuique
2449 2474 2623 2515 persuade-

1551 2518 1648 2555 bunt,
1674 2519 1898 2559 Supplementi
1931 2524 2095 2549 auctorem
2120 2519 2199 2559 quid
2230 2519 2313 2550 circa
2343 2529 2395 2550 eas
2419 2525 2525 2559 ageret
2551 2529 2622 2550 non

1552 2563 1678 2594 consilii
1700 2563 1904 2603 praestabiliti
1928 2563 2128 2599 certitudine,
2151 2563 2207 2594 sed
2229 2564 2331 2604 magis
2354 2563 2394 2594 ad
2410 2564 2553 2604 singulos
2569 2573 2623 2595 ca-

1552 2617 1605 2638 sus
1629 2617 1667 2638 ex
1690 2608 1818 2638 arbitrio
1841 2613 1973 2647 repente
2001 2607 2237 2638 determinasse.

1608 2651 1728 2682 Caveat
1750 2657 1858 2682 tamen
1881 2652 1992 2687 lector,
2016 2662 2058 2682 ne
2087 2653 2130 2682 ob
2154 2652 2293 2683 formam
2322 2657 2354 2684 et
2383 2652 2494 2683 locum
2522 2661 2623 2693 quae·-

1552 2697 1784 2727 stiuncularum
1807 2702 1938 2732 mutata,
1956 2697 1998 2726 ob
2014 2697 2158 2737 analyses
2173 2696 2384 2728 infortunatas
2407 2702 2440 2727 et
2454 2697 2623 2728 citationes

1551 2747 1688 2778 vexatas,
1711 2741 1839 2772 nullum
1855 2740 2079 2782 Supplementi
2094 2751 2190 2772 usum
2207 2751 2275 2772 esse
2290 2746 2391 2782 putet.
2411 2741 2516 2772 Prima
2532 2741 2620 2772 enim

1551 2786 1683 2816 variatio
1715 2787 1766 2816 vix
1797 2786 1921 2816 excedit
1949 2785 2089 2816 localem
2120 2796 2227 2817 rerum
2257 2786 2531 2822 distributionem,
2555 2794 2622 2826 qua

1553 2829 1584 2861 S.
1602 2830 1750 2861 Thomae
1773 2835 1877 2861 textus
1899 2831 2049 2861 iniuriam
2078 2840 2147 2861 non
2170 2831 2297 2871 patitur.
2328 2830 2489 2871 Equidem
2518 2829 2622 2861 credi-

1552 2884 1625 2905 mus
1659 2885 1715 2906 eos
1748 2875 1804 2915 qui
1836 2885 1923 2905 nunc
1954 2875 2109 2915 temporis
2142 2875 2422 2906 Commentariun:
2458 2873 2621 2906 studendo

1551 2919 1696 2956 volvunt,
1713 2919 1943 2959 Compilatoris
1958 2919 2149 2950 methodum
2171 2920 2297 2950 imitari.
2314 2919 2426 2951 Solent
2449 2919 2535 2950 enim
2550 2919 2621 2949 the-

1551 2969 1637 2995 mata
1660 2964 1976 3004 quaestiuncularum
1999 2973 2037 2994 ex
2061 2974 2172 2995 earum
2192 2965 2290 2995 initiis
2313 2973 2475 3005 quaerere,
2492 2968 2524 2994 et
2545 2968 2622 3003 post

1553 3010 1710 3049 cuiusque
1740 3014 1927 3049 argumenta
1948 3008 2144 3039 intermediis
2167 3009 2293 3040 omissis
2318 3008 2564 3048 responsionem
2587 3012 2622 3038 et

1551 3054 1748 3084 solutionem
1776 3054 1844 3084 eius
1868 3053 1989 3093 legere:
2014 3053 2059 3084 sic
2082 3062 2159 3084 vero
2186 3058 2295 3084 mente
2317 3051 2354 3083 fit
2377 3052 2466 3092 quod
2494 3051 2619 3082 calamo

1551 3097 1670 3129 factum
1696 3104 1743 3129 est
1765 3098 1798 3128 in
1814 3098 2060 3138 Supplemento.
2083 3097 2238 3138 Analyses
2253 3101 2361 3128 autern
2378 3095 2620 3136 Compilatoris,

1552 3152 1627 3174 cum
1643 3143 1751 3183 potius
1768 3143 1995 3183 quaestionum
2018 3141 2192 3182 compedes
2216 3142 2279 3172 sint
2302 3149 2400 3181 quam
2422 3150 2516 3172 verae
2538 3141 2620 3172 nati·

1551 3197 1667 3218 vorum
1690 3187 1878 3228 ligaminum
1901 3186 2032 3223 indices,
2047 3186 2138 3216 nullo
2155 3185 2274 3216 damno
2295 3185 2348 3216 vel
2370 3186 2485 3216 iniuria
2499 3185 2620 3225 negligi

1550 3237 1696 3272 possunt.
1721 3231 1921 3263 Citationum
1944 3230 2120 3262 defectibus
2143 3229 2292 3260 editionis
2310 3235 2438 3261 nostrae
2460 3230 2621 3270 margines

1550 3277 1711 3317 supplent.
1736 3275 1771 3306 Id
1785 3285 1862 3306 vero
1879 3274 1968 3316 quod
1990 3275 2023 3306 in
2039 3274 2274 3315 Supplemento
2292 3284 2369 3314 prae
2392 3275 2504 3305 ceteris
2519 3283 2619 3315 quae-

1550 3326 1655 3357 retur,
1680 3320 1762 3351 idest
1788 3321 1856 3360 ipsa
1889 3319 1920 3351 S.
1944 3319 2091 3350 Thomae
2115 3319 2228 3355 oratio,
2255 3319 2295 3349 ab
2318 3318 2540 3350 additamentis
2562 3328 2621 3359 ap·

1550 3366 1653 3405 prime
1676 3364 1827 3405 distingui
1842 3369 1959 3404 potest.
1975 3363 2051 3404 quia
2072 3364 2264 3394 examussim
2286 3364 2400 3404 incipit
2415 3363 2502 3404 apud
2527 3375 2542 3390 α
2561 3362 2620 3393 vi-

1551 3409 1643 3440 detur
1666 3408 1756 3450 quod
1774 3422 1788 3436 a»
1815 3408 1973 3448 cuiusque
1996 3407 2119 3438 articuli
2138 3406 2291 3448 (formula
2313 3408 2400 3439 enim
2423 3406 2621 3449 praecedens

1550 3458 1657 3494 potest
1679 3452 1859 3484 secundum
1882 3461 1993 3483 casum
2016 3461 2085 3482 esse
2107 3457 2163 3482 aut
2184 3461 2253 3483 non
2276 3461 2344 3483 esse
2366 3451 2563 3492 authentica)
2585 3455 2620 3482 et

1549 3497 1659 3528 finitur
1682 3506 1757 3527 cum
1780 3497 1895 3527 ultimo
1927 3496 2050 3526 articuli
2072 3497 2188 3528 verbo.
2213 3496 2297 3527 Inter
2319 3497 2380 3528 hos
2406 3497 2561 3528 terminos
2583 3495 2619 3526 in

1549 3541 1782 3582 Supplemento
1805 3546 1910 3571 textus
1933 3540 2166 3572 Commentarii
2190 3542 2382 3572 continetur.
