2918 4088
228 376 238 386 '¹
253 374 297 396 cit.
314 374 337 395 in
353 379 399 401 arg.

228 428 238 438 ·
249 426 295 454 Qu.
306 432 358 452 axv,
369 428 410 448 art.
419 431 438 454 3.

227 867 295 888 ·Vid.
304 867 436 889 Comment.

226 893 298 915 Caiet.
308 898 361 921 post
370 898 411 916 art.
417 901 436 922 5.

222 1446 231 1456 ·
246 1445 273 1466 D.
287 1450 339 1473 320,
354 1450 401 1471 59¹·

223 1767 233 1776 '¹
246 1765 344 1787 Primus.
359 1777 370 1782 -
383 1764 418 1786 cf.

222 1797 272 1813 can.
300 1791 420 1813 Diaconos

219 1818 360 1865 ffopriam„
366 1818 419 1839 dist.

222 1872 232 1882 ·
246 1845 432 1892 genistaei-inst.

223 1897 289 1924 Offic.
300 1897 432 1945 lium-ciffi.

222 1930 275 1981 ἒέζτ
286 1929 383 1972 ἕᾱηὲιαι
392 1939 433 1971 im:

220 1976 358 2024 ξὲἒὶὟαεῑὲἔῖ
372 1976 432 2024 1⁶67·

222 2031 232 2041 ·
242 2029 252 2050 1
262 2019 295 2050 afi
304 2029 371 2056 Tim„
382 2035 432 2056 cap.

223 2062 248 2083 11,
263 2062 321 2077 vers.
336 2062 359 2083 4.

320 2129 336 2146 α

321 2237 335 2271 β

474 188 522 224 82

468 321 598 356 locum
626 320 861 368 septuaginta
885 321 1055 357 duorum
1074 319 1351 368 discipulorum
1377 315 1526 362 Christi,

468 379 509 408 ut
536 372 624 409 dicit
653 373 789 410 Glossa
816 374 910 409 Luc.
932 386 955 410 x
973 373 1003 409 ²¹⁶.

520 426 576 462 An
604 437 762 463 TER’rlUM
794 431 974 463 mcENDUM
1003 425 1126 474 quod,
1157 423 1251 461 sicut
1286 433 1401 470 supra
1424 421 1444 442 ‘¹‘
1471 419 1526 456 di-

1137 188 1399 236 QUAESTIO
1428 187 1582 232 LXVII,
1612 184 1904 222 ARTICULUS
1932 186 1977 222 111

467 266 657 316 principes
686 266 886 315 Ecclesiae,
908 267 1003 304 idest
1028 267 1280 316 presbyteros,
1306 265 1373 314 qui
1401 271 1529 300 tenent

1583 270 1687 299 ctum
1717 270 1782 309 est,
1804 270 2087 299 sacramentum
2115 263 2294 313 baptismi
2318 272 2373 302 est
2399 265 2643 314 potissimum

1582 314 1822 351 necessitate:
1853 315 1919 351 sed
1948 323 2138 364 quantum
2166 317 2215 353 ad
2242 317 2526 366 perfectionem,
2556 327 2644 356 sunt

1582 367 1774 415 quaedam
1807 367 1879 404 alia
1906 367 2067 417 potiora,
2089 381 2197 418 ⁴quae
2226 369 2414 420 episcopis
2448 383 2643 409 reservan-

1581 427 1653 456 tur.

1266 565 1583 608 ARTICULUS
1611 565 1841 608 TERTIUS

1058 659 1245 691 UTRUM
1278 657 1479 688 LAlcus
1509 657 1823 689 BAPTIZARE
1855 658 2046 690 possm

734 743 767 766 IIa
787 741 842 772 11⁸³,
862 749 907 774 qu.
926 748 949 769 c,
970 745 1015 764 art.
1037 747 1059 768 2,
1079 739 1110 763 ad
1131 745 1160 767 ις
1180 738 1214 762 IV
1233 737 1315 766 Sent„
1336 737 1395 762 dist.
1413 744 1438 768 ν,
1458 744 1504 769 qu.
1522 744 1549 768 u,
1569 742 1615 762 art.
1636 743 1659 766 ι,
1679 737 1728 769 qu²
1749 744 1776 768 ις
1796 737 1855 763 dist.
1873 746 1932 768 xvu,
1951 746 1995 771 qu.
2014 746 2051 768 ur,
2071 744 2117 765 art.
2138 739 2160 770 3,
2180 739 2230 772 qu*
2250 747 2274 771 2,
2294 741 2325 765 ad
2346 740 2373 771 3;

1082 774 1139 798 dist.
1158 781 1197 803 xx,
1217 779 1262 798 art.
1283 779 1306 803 ι,
1327 773 1376 805 qu’
1397 779 1420 802 2,
1440 772 1472 796 ad
1493 771 1521 803 3;
1542 772 1600 797 dist.
1618 780 1687 803 xxm,
1707 780 1751 805 qu.
1770 780 1798 802 n,
1817 778 1864 799 art.
1885 780 1908 805 1,
1928 774 1978 807 qu*
1998 781 2022 800 1.

501 890 511 900 ,
527 884 540 891 s
580 891 595 905 N.
617 878 621 880 >
675 869 697 893 D
711 867 869 892 TERTIUM
888 866 939 891 SIC
955 863 1180 890 PROCEDITUR
1189 850 1219 887 ³¹⁶.
1237 850 1398 888 Videtur
1417 851 1527 904 quod·

524 908 538 929 ·'
675 908 793 946 laicus
826 906 1015 956 baptizare
1044 917 1125 941 non
1153 903 1283 953 possit.
1327 903 1525 953 Baptizare

525 978 593 1008 ,w
656 959 663 965 ’

519 1006 766 1050 Qtinet
793 1013 842 1049 ad
869 1011 1045 1048 ordinem
1065 1010 1352 1047 sacerdotalem.
1384 1010 1460 1047 Sed
1481 1022 1525 1046 ea

464 1079 563 1115 quae
599 1074 686 1102 sunt
720 1065 883 1110 ordinis,
922 1077 1001 1101 non
1029 1071 1191 1112 possunt
1219 1062 1406 1100 committi
1443 1075 1524 1100 non

464 1119 618 1155 habenti
647 1118 834 1155 ordinem.
865 1119 966 1165 Ergo
986 1116 1138 1153 videtur
1166 1116 1274 1165 quod
1298 1115 1426 1163 laicus,
1457 1116 1524 1165 qui

463 1183 543 1208 non
571 1171 686 1207 habet
714 1171 901 1216 ordinem,
932 1169 1124 1218 baptizare
1153 1181 1234 1206 non
1262 1168 1392 1218 possit.

516 1235 550 1260 2.
580 1224 818 1270 PRAETEREA,
848 1222 972 1260 maius
1002 1230 1056 1259 est
1084 1222 1275 1271 baptizare
1304 1234 1424 1271 quam
1453 1222 1525 1259 alia

462 1276 746 1313 sacramentalia
760 1275 938 1324 baptismi
952 1275 1154 1325 perficere:
1177 1275 1273 1312 sicut
1292 1274 1524 1312 catechizare

461 1337 497 1367 et
525 1329 737 1366 exorcizare
767 1337 802 1365 et
830 1341 973 1378 aquam
993 1329 1261 1378 baptismalem
1283 1327 1521 1365 benedicere.

462 1382 537 1420 Sed
566 1383 661 1419 haec
689 1394 768 1419 non
797 1389 958 1431 possunt
984 1381 1069 1418 fieri
1097 1394 1119 1418 a
1147 1381 1269 1428 laicis,
1300 1381 1367 1417 sed
1396 1382 1524 1418 solum

460 1448 482 1472 a
503 1435 762 1472 sacerdotibus
776 1434 806 1471 ²¹⁵.
833 1436 934 1483 Ergo
954 1435 1106 1472 videtur
1125 1435 1231 1483 quod
1251 1435 1374 1471 multo
1394 1434 1523 1471 minus

460 1488 543 1525 laici
571 1488 717 1537 possint
745 1487 946 1537 baptizare.

516 1541 548 1577 3.
570 1542 801 1588 PRAETEREA,
819 1541 915 1578 sicut
929 1540 1143 1590 baptismus
1163 1549 1218 1577 est
1238 1547 1523 1577 sacramentum

460 1594 706 1641 necessitatis,
744 1594 794 1631 ita
830 1602 866 1630 et
902 1594 1147 1643 poenitentia.
1193 1594 1269 1631 Sed
1298 1593 1415 1631 laicus
1443 1605 1523 1630 non

460 1655 584 1697 potest
603 1648 800 1684 absolvere
820 1647 859 1684 in
879 1647 962 1684 foro
981 1647 1253 1697 poenitentiali.
1275 1648 1376 1696 Ergo
1396 1659 1524 1696 neque

461 1708 585 1749 potest
612 1701 814 1750 baptizare.
1342 1701 1344 1703 ’

516 1754 588 1791 SED
614 1766 758 1791 CONTRA
786 1765 851 1790 Es‘r
883 1754 991 1803 quod
1020 1753 1196 1791 Gelasius
1225 1754 1331 1802 Papa
1348 1753 1369 1774 ²¹⁸
1397 1760 1433 1790 et
1461 1752 1523 1790 Isi-

461 1807 579 1843 dorus
607 1806 627 1828 *
655 1807 804 1854 dicunt,
835 1807 942 1855 quod
976 1809 1183 1856 baptizare,
1214 1807 1423 1844 necessitate
1457 1807 1523 1843 im-

461 1861 640 1906 minente,
675 1861 777 1897 laicis
809 1861 1026 1897 Christianis
1048 1861 1271 1910 plerumque
1298 1859 1522 1896 conceditur.

515 1914 738 1950 RESPONDEO
773 1925 954 1950 DICENDUM
991 1913 1099 1962 quod
1136 1914 1185 1950 ad
1223 1912 1525 1950 misericordiam

461 1966 542 2003 eius
570 1966 636 2015 qui
664 1967 738 2004 vult
766 1979 892 2003 omnes
920 1967 1087 2003 homines
1113 1967 1235 2004 salvos
1256 1967 1352 2015 fieri
1372 1965 1410 2012 ³¹²,
1440 1977 1525 2015 per-

461 2020 554 2056 tinet
581 2027 623 2056 ut
650 2019 689 2056 in
718 2019 776 2056 his
805 2031 904 2068 quae
934 2027 1022 2056 sunt
1057 2020 1104 2056 de
1133 2019 1355 2056 necessitate
1384 2018 1524 2066 salutis,

461 2073 582 2109 homo
612 2073 659 2109 de
687 2072 783 2109 facili
811 2072 1028 2109 remedium
1057 2072 1236 2110 inveniat.
1266 2073 1366 2110 Inter
1393 2071 1524 2109 omnia

462 2133 591 2162 autem
613 2125 685 2162 alia
705 2131 721 2147 α
750 2133 987 2163 sacramenta
1006 2126 1200 2163 maximae
1219 2124 1451 2163 necessitatis
1471 2132 1526 2162 est

461 2178 686 2227 baptismus,
716 2178 783 2228 qui
811 2186 866 2215 est
893 2179 1128 2227 regeneratio
1150 2178 1320 2216 hominis
1348 2178 1387 2215 in
1406 2178 1526 2215 vitam

462 2231 715 2280 spiritualem:
752 2231 843 2281 quia
878 2232 1007 2281 pueris
1043 2231 1184 2269 aliterss
1212 2231 1409 2269 subveniri
1446 2243 1526 2268 non

461 2292 605 2334 potest;
641 2292 677 2321 et
712 2285 831 2322 adulti
868 2297 948 2322 non
984 2293 1148 2335 possunt
1176 2285 1282 2323 aliter
1310 2297 1430 2334 quam
1457 2297 1527 2334 per

516 2414 543 2448 α)
563 2416 627 2441 alia.
645 2430 664 2435 —
683 2416 743 2441 Om.
763 2416 817 2441 PsI.

517 2450 542 2485 β)
562 2452 651 2476 aliter.
667 2465 687 2470 -
705 2452 812 2476 omnino
832 2452 929 2476 addunt
947 2452 966 2476 l>
985 2452 1026 2476 hic
1045 2457 1070 2477 et
1088 2452 1126 2477 sG
1146 2457 1207 2484 post
1220 2455 1320 2484 potest.

516 2487 543 2520 γ)
563 2487 718 2512 communis.
735 2501 755 2506 -
772 2487 854 2517 Alias,
873 2487 1089 2513 communissima
1108 2495 1199 2520 margo
1217 2489 1246 2514 P.
1259 2503 1278 2507 -
1289 2489 1356 2512 Ante
1375 2487 1468 2513 haberi
1481 2487 1490 2511 1
1503 2492 1529 2512 et

464 2522 590 2547 editiones
609 2523 705 2547 addunt
724 2523 757 2547 de
770 2522 857 2556 facili.

1579 851 1816 900 baptismum
1861 853 2018 901 plenam
2063 853 2332 892 remissionem
2377 857 2564 906 consequi
2610 865 2645 894 et

1580 912 1770 953 quantum
1806 904 1854 941 ad
1889 906 2045 955 culpam
2082 914 2118 943 et
2152 915 2343 956 quantum
2378 909 2427 946 ad
2459 922 2642 959 poenam.

1580 958 1629 994 Et
1655 957 1756 1004 ideo,
1786 965 1829 994 ut
1856 958 1978 995 homo
1997 958 2097 996 circa
2115 960 2334 998 remedium
2361 968 2441 999 tam
2469 975 2642 1001 neeessa—

1579 1010 1681 1048 rium
1709 1010 1902 1048 desectum
1928 1011 2007 1060 pati
2025 1023 2105 1049 non
2124 1013 2253 1062 possit,
2283 1013 2497 1053 institutum
2525 1024 2581 1054 est
2601 1025 2644 1054 ut

1579 1071 1615 1100 et
1634 1063 1793 1101 materia
1812 1064 1991 1113 baptismi
2011 1064 2062 1101 sit
2076 1066 2296 1104 communis
2315 1073 2343 1115 Υ,
2368 1067 2508 1106 scilicet
2526 1082 2639 1120 aqua,

1579 1129 1679 1166 quae
1698 1129 1721 1154 a
1740 1116 1912 1166 quolibet
1939 1117 2071 1154 haberi
2098 1126 2243 1167 potest;
2273 1127 2309 1157 et
2327 1120 2501 1159 minister
2523 1122 2643 1173 bapti-

1578 1169 1652 1206 smi
1671 1169 1787 1206 etiam
1806 1169 1851 1206 sit
1869 1170 2120 1220 quicumque,
2141 1172 2256 1209 etiam
2275 1171 2289 1194 ⁸
2317 1185 2398 1210 non
2426 1174 2641 1222 ordinatus;

1578 1234 1628 1259 ne
1655 1230 1814 1272 propter
1832 1223 2025 1260 defectum
2043 1223 2222 1273 baptismi
2250 1226 2372 1264 homo
2401 1227 2531 1264 salutis
2550 1240 2642 1266 suae

1578 1275 1825 1324 dispendium
1851 1275 2026 1324 patiatur.

1631 1330 1689 1365 An
1709 1340 1844 1366 ptumum
1863 1341 1962 1366 ERGO
1990 1341 2173 1367 monimum
2201 1328 2310 1379 quod
2338 1331 2530 1381 baptizare
2557 1345 2644 1382 per-

1578 1380 1670 1418 tinet
1698 1381 1747 1418 ad
1777 1381 1955 1418 ordinem
1982 1383 2258 1420 sacerdotalem
2287 1385 2504 1422 secundum
2524 1398 2644 1436 quan·

1578 1434 1670 1471 dam
1698 1434 2009 1472 convenientiam
2028 1443 2064 1472 et
2082 1436 2383 1474 solemnitatem:
2414 1450 2495 1475 non
2513 1446 2644 1478 autem

1578 1488 1654 1524 hoc
1682 1495 1738 1524 est
1756 1487 1804 1524 de
1832 1487 2053 1526 necessitate
2073 1489 2311 1527 sacramenti.
2341 1491 2454 1528 Unde
2479 1491 2595 1530 etiam
2612 1491 2645 1531 si

1578 1548 1683 1577 extra
1701 1540 1932 1578 necessitatis
1956 1541 2159 1579 articulum
2178 1542 2296 1580 laicus
2317 1543 2492 1593 baptizet,
2512 1552 2646 1595 peccat

1578 1593 1757 1643 quidem,
1786 1601 1917 1631 tamen
1945 1603 2230 1633 sacramentum
2264 1596 2444 1646 baptismi
2479 1597 2642 1646 confert,

1578 1659 1650 1683 nec
1678 1654 1734 1684 est
1762 1647 2056 1697 rebaptizandus
2075 1647 2135 1685 ille
2164 1648 2231 1698 qui
2259 1649 2313 1686 sic
2337 1657 2392 1686 est
2419 1650 2643 1700 baptizatus.

1631 1700 1689 1737 AD
1712 1712 1902 1738 SECUNDUM
1922 1713 2104 1739 mcx-:imum
2132 1702 2240 1751 quod
2268 1702 2330 1740 illa
2358 1699 2645 1742 sacramentalia

1577 1752 1757 1803 baptismi
1791 1753 1982 1802 pertinent
2009 1754 2058 1791 ad
2086 1754 2379 1802 solemnitatem,
2404 1767 2486 1793 non
2513 1763 2644 1795 autem

1578 1806 1627 1843 ad
1655 1805 1919 1844 necessitatem
1947 1807 2137 1857 baptismi.
2167 1808 2216 1845 Et
2243 1807 2331 1845 ideo
2359 1808 2443 1846 fieri
2470 1821 2551 1847 non
2579 1809 2644 1847 de-

1578 1859 1670 1896 bent
1698 1871 1770 1896 nec
1797 1867 1959 1909 possunt
1986 1873 2009 1897 a
2027 1860 2135 1908 laico,
2157 1861 2224 1898 sed
2244 1862 2371 1898 solum
2391 1874 2414 1899 a
2433 1862 2652 1913 sacerdote,¹

1579 1912 1689 1949 cuius
1717 1920 1773 1949 est
1800 1912 2021 1950 solemniter
2048 1913 2250 1963 baptizare.

1632 1967 1690 2002 An
1703 1977 1863 2003 TERTmM
1877 1978 2059 2004 montinum
2078 1967 2197 2016 quod,
2213 1966 2310 2004 sicut
2329 1979 2446 2017 supra
2458 1967 2480 1990 ²*
2498 1967 2645 2007 dictum

1579 2025 1652 2066 est,
1685 2018 1919 2068 poenitentia
1946 2031 2026 2056 non
2054 2027 2110 2057 est
2136 2027 2261 2057 tantae
2290 2020 2521 2058 necessitatis
2548 2021 2646 2060 sicut

1579 2071 1813 2120 baptismus:
1851 2079 1976 2121 potest
2010 2072 2115 2110 enirn
2149 2085 2220 2122 per
2251 2073 2521 2112 contritionem
2554 2080 2644 2126 sup-

1579 2124 1675 2174 pleri
1703 2125 1871 2162 defectus
1899 2125 2142 2163 sacerdotalis
2161 2125 2423 2175 absolutionis,
2444 2139 2544 2178 quae
2564 2138 2645 2166 non

1580 2177 1713 2215 liberat
1741 2190 1763 2215 a
1790 2185 1869 2215 tota
1895 2190 2034 2228 poena,
2055 2191 2128 2216 nec
2145 2178 2261 2216 etiam
2279 2179 2410 2230 pueris
2429 2180 2642 2219 adhibetur.

1581 2232 1630 2268 Et
1657 2230 1746 2269 ideo
1773 2243 1855 2268 non
1882 2239 1938 2268 est
1965 2231 2087 2269 simile
2115 2232 2163 2269 de
2183 2232 2387 2282 baptismo,
2415 2233 2526 2271 cuius
2554 2227 2645 2272 effe·
2684 2264 2687 2266 .

1581 2291 1664 2321 ctus
1692 2296 1762 2333 per
1788 2284 1884 2321 nihil
1902 2290 1914 2306 ⁸
1943 2284 2046 2322 aliud
2075 2285 2244 2335 suppleri
2270 2293 2406 2335 potest.

1635 2414 1660 2448 δ)
1680 2415 1769 2441 etiam.
1786 2430 1806 2434 -
1824 2415 1885 2441 Om.
1905 2416 1949 2441 Pc.

1635 2449 1658 2485 ε)
1673 2458 1725 2483 per
1744 2450 1817 2476 nihil.
1830 2465 1850 2469 —
1862 2451 1963 2481 Tertia;
1978 2451 2140 2483 prinpralt's
2155 2459 2207 2483 per
2225 2451 2291 2477 nihil
2309 2452 2360 2483 EF.
2371 2452 2533 2485 principalis
2552 2453 2644 2485 εοεαε-ῖς
2684 2465 2688 2494 j

1581 2493 1599 2510 a
1617 2486 1798 2519 prosequitur:
1813 2493 1866 2519 per
1883 2487 1959 2512 aliud
1977 2487 2096 2519 suppleri
2114 2494 2166 2512 non
2180 2491 2280 2519 potest.

1140 2603 1475 2636 Commentariis
1498 2602 1749 2636 Cardinalis
1770 2602 1973 2635 Caietam

468 2701 516 2763 IN
539 2692 675 2722 articulis
699 2692 842 2723 secundo
867 2698 898 2723 et
920 2694 1014 2723 tertio
1038 2693 1102 2723 hoc
1118 2693 1224 2724 solum
1247 2703 1307 2734 pro
1323 2694 1451 2724 novitiis
1466 2703 1526 2724 no-

496 2735 628 2766 tandum
652 2742 707 2772 est,
733 2736 832 2777 quod,
858 2746 933 2767 cum
955 2738 989 2768 in
1010 2738 1096 2768 calce
1112 2738 1245 2768 secundi
1261 2738 1386 2768 articuli
1401 2737 1525 2775 dicitur,

463 2780 607 2820 Effectus
629 2780 776 2821 baptismi
799 2791 863 2821 per
885 2781 966 2811 nihil
988 2782 1079 2812 aliud
1105 2782 1247 2823 suppleri
1263 2787 1386 2823 potest,
1411 2783 1526 2813 intelli-

464 2824 606 2864 gendum
629 2830 676 2854 est
699 2824 738 2855 de
761 2826 884 2865 integro
905 2825 1020 2856 effectu
1044 2827 1202 2866 baptismi.
1228 2826 1351 2867 Integer
1367 2826 1526 2867 siquidem

465 2867 596 2899 effectus
619 2869 767 2909 baptismi
790 2869 907 2900 claudit
930 2870 964 2900 in
983 2880 1015 2900 se
1036 2871 1259 2901 characterem.
1283 2871 1324 2901 Et
1346 2877 1525 2912 propterea,

1581 2697 1656 2727 licet
1679 2697 1786 2736 gratia,
1804 2706 1879 2727 cum
1894 2698 2081 2728 remissione
2097 2698 2196 2728 totius
2213 2698 2328 2739 culpae
2344 2704 2375 2729 et
2390 2708 2526 2739 poenae,
2545 2700 2647 2740 possit

1582 2741 1649 2771 sine
1673 2741 1832 2781 baptismo
1856 2742 2010 2782 suppleri,
2035 2747 2071 2772 ut
2093 2747 2181 2782 patet
2203 2743 2236 2774 in
2259 2742 2399 2774 Latrone
2417 2744 2453 2780 ⁴²,
2485 2744 2646 2775 character

1581 2790 1690 2815 tamen
1720 2785 1861 2825 suppleri
1890 2795 1958 2816 non
1981 2791 2102 2826 potest:
2127 2805 2151 2808 —
2174 2791 2205 2817 et
2227 2787 2307 2823 hoc,
2331 2787 2498 2828 loquendo
2522 2787 2562 2819 de
2583 2797 2644 2829 po-

1581 2829 1679 2860 tentia
1703 2829 1847 2860 ordinata
1869 2830 1928 2860 sub
1953 2829 2077 2861 divinae
2101 2830 2318 2872 dispositionis
2339 2831 2550 2872 providentia.

2671 2743 2683 2754 '¹
2691 2741 2749 2764 Luc.
2758 2747 2810 2770 etp.
2817 2746 2887 2768 xxm,
2908 2752 2910 2754 ·

2671 2774 2732 2791 vers.
2745 2774 2781 2797 ⁴3-
