2918 4088
86 755 97 766 ''
113 753 148 776 ef.
164 759 228 775 num.
243 758 279 775 ιιι.

86 980 96 990 ·
110 977 148 1001 et.
162 983 227 1000 num.
241 983 272 1000 iv.

46 1127 65 1132 7,
85 1105 227 1131 ‘Cf-nm
242 1112 264 1129 v.

49 1159 51 1162 ⁴
83 1154 192 1184 ·u1›.t,
205 1161 298 1184 σιμιι.

949 169 1317 215 QUAESTIONES
1351 168 1421 205 DE
1455 167 1870 205 SATISFACTIONE

2426 173 2499 210 355

708 362 1280 435 QUAESTIONES
1318 362 1427 417 DE
1466 360 2127 417 SATISFACTIONE

1125 482 1460 534 QUAESITUM
1492 482 1713 524 PRIMUM

658 578 719 609 AN
750 577 1034 610 SATISFACTIO
1064 575 1429 608 POENITENTIALIS
1458 575 1607 606 Posslr
1637 575 1739 607 EssE
1770 577 1829 607 DE
1859 577 1984 608 ALIAs
2015 578 2177 609 DEBITO

394 676 465 696 raca
502 665 750 696 satisfactionem
778 665 1040 706 poenitentialem
1071 664 1232 705 quaeritur
1268 663 1391 704 primo:

331 676 446 742 CAn
469 711 571 751 possit
594 719 662 740 esse
685 710 725 741 de
748 710 823 740 alias
847 709 966 740 debito.

383 755 425 786 Et
447 754 572 785 videtur
595 754 685 794 quod
707 764 776 785 non
791 755 818 784 ἦ
842 754 963 790 Primo,
981 763 1019 784 ex
1035 753 1104 794 ipsa
1127 752 1250 783 ratione
1273 750 1394 781 satisfa-

329 799 454 830 ctionis.
489 799 572 829 Nam
595 798 772 829 satisfacere
802 804 849 830 est
871 798 974 828 facere
1002 798 1135 838 aequale
1163 797 1282 828 debito.
1316 796 1392 826 Non

327 842 418 874 fieret
441 848 549 874 autem
571 843 745 884 aequalitas
768 843 794 873 si
812 843 887 873 alias
910 843 943 874 id
967 842 1057 883 quod
1071 842 1108 873 fit
1130 847 1212 872 esset
1231 841 1391 871 debitum:

326 888 436 918 minus
459 887 546 918 enim
569 887 659 918 fieret
682 897 780 928 quam
804 886 981 918 deberetur.
1000 906 1024 909 —
1046 887 1088 918 Et
1103 885 1312 917 confirmatur
1329 886 1393 916 hoc

328 941 366 962 ex
389 931 483 962 simili
505 932 539 962 in
561 932 692 972 reliquis
715 931 992 962 satisfactionibus.

372 975 520 1007 Secundo
532 976 559 1012 ¹,
577 977 652 1017 quia
666 977 745 1007 ritus
761 976 923 1007 Ecclesiae
939 977 1002 1007 hoc
1018 977 1114 1006 habet
1129 981 1165 1006 ut
1180 975 1395 1016 poenitentias

326 1020 472 1061 iniungat
494 1031 562 1052 non
585 1020 625 1052 de
647 1021 775 1052 ieiuniis
791 1026 823 1052 et
839 1022 1037 1052 orationibus
1061 1030 1144 1061 quae
1161 1025 1235 1051 sunt
1250 1020 1284 1050 in
1303 1029 1394 1060 prae-

328 1070 435 1106 cepto.

386 1109 495 1140 Tertio
511 1110 539 1146 ὓ,
556 1110 632 1150 quia
652 1110 832 1141 secundum
847 1110 1051 1146 Anselmum,
1067 1110 1102 1140 in
1121 1109 1202 1140 libro
1222 1109 1291 1140 Cur
1305 1109 1395 1139 Deus

325 1153 422 1184 homo
438 1155 470 1191 ἡ
494 1164 551 1195 per
573 1154 627 1185 illa
649 1154 685 1185 fit
708 1154 879 1186 satisfactio
913 1164 995 1195 quae
1022 1163 1090 1184 non
1112 1159 1245 1194 possent
1271 1154 1310 1184 ab
1334 1153 1394 1183 ho-

325 1199 414 1230 mine
430 1199 512 1239 exigi
526 1199 588 1230 nisi
602 1205 775 1239 peccasset.
795 1198 859 1230 Sed
874 1204 1044 1239 praecepta
1059 1204 1191 1239 possent
1206 1199 1244 1229 ab
1261 1198 1393 1228 homine

326 1239 410 1284 exigi
433 1244 527 1274 etiam
551 1244 578 1274 si
596 1253 664 1274 non
680 1250 854 1284 peccasset.
877 1244 964 1284 Ergo
981 1243 1020 1274 de
1035 1244 1213 1284 praeceptis
1236 1252 1304 1273 non
1319 1247 1393 1282 pot-

326 1293 374 1319 est
396 1287 466 1318 fieri
488 1287 660 1322 satisfactio
683 1288 932 1328 poenitentialis.

327 1331 626 1374 'Qmpposifum
650 1338 697 1362 est
719 1332 809 1373 quod
831 1333 865 1362 in
889 1342 965 1363 casu
989 1341 1055 1372 quo
1078 1332 1266 1373 martyrium
1291 1337 1337 1362 est
1359 1332 1393 1362 in

304 1376 314 1377 ‘⁷
326 1382 510 1417 praecepto,
534 1376 705 1407 satisfactio
729 1377 786 1417 per
808 1376 888 1407 illud
911 1376 957 1407 fit.
991 1377 1067 1407 Non
1091 1376 1223 1417 derogat
1246 1386 1321 1416 ergo
1346 1385 1394 1406 sa-

325 1419 497 1452 tisfactioni
520 1421 743 1462 poenitentiali
766 1430 834 1451 esse
857 1421 933 1451 alias
956 1420 1111 1452 debitum.

381 1464 419 1496 11.
442 1464 494 1496 Ad
523 1465 619 1496 huius
643 1463 845 1501 evidentiam,
863 1465 1030 1496 sciendum
1054 1471 1101 1496 est
1123 1465 1230 1505 plures
1253 1464 1401 1497 tenuisse,

326 1508 474 1541 doctores
493 1515 618 1550 partem
632 1510 812 1549 negativam
829 1511 1035 1550 quaestionis,
1059 1514 1190 1550 propter
1206 1513 1393 1548 argumenta

273 1565 275 1567 ¹
325 1553 466 1586 inducta.
501 1554 542 1585 Et
565 1555 721 1594 quoniam
743 1564 815 1594 pars
839 1554 1025 1586 affirmativa
1052 1555 1132 1584 mihi
1155 1553 1280 1584 videtur
1302 1562 1393 1588 vera,

324 1597 400 1630 ideo
424 1599 493 1629 eius
515 1599 629 1629 veritas
651 1598 859 1629 monstranda
882 1605 944 1630 est:
979 1597 1172 1629 assumendo
1196 1607 1255 1638 pro
1280 1596 1393 1627 funda-

325 1647 436 1673 mento
461 1642 551 1682 quod
574 1652 678 1673 unum
701 1647 732 1672 et
755 1642 842 1673 idem
857 1653 951 1683 opus,
976 1654 994 1674 a
1009 1642 1140 1673 diversis
1160 1642 1317 1672 directum
1336 1650 1394 1671 seu

325 1692 527 1727 assumptum
545 1686 720 1728 principiis,
737 1687 923 1727 multiplicis
947 1693 994 1718 est
1013 1686 1172 1718 efficaciae
1187 1686 1221 1716 in
1237 1687 1286 1717 his
1310 1694 1393 1725 quae

325 1735 400 1765 sunt
413 1730 552 1762 iustitiae
573 1731 701 1767 mixtae,
722 1731 824 1771 qualis
848 1738 895 1763 est
917 1733 999 1762 inter
1021 1732 1189 1762 hominem
1213 1737 1244 1761 et
1267 1730 1393 1766 Deum;

325 1775 385 1806 sub
409 1785 472 1816 qua
499 1780 624 1806 constat
647 1776 879 1816 comprehendi
908 1775 1157 1807 satisfactionem
1181 1775 1395 1816 poenitentia-

324 1819 400 1857 lem,
417 1820 574 1861 quoniam
594 1820 684 1851 nulla
705 1827 815 1851 nostra
837 1820 1010 1852 satisfactio
1035 1826 1081 1851 est
1097 1820 1257 1851 sufficiens
1280 1829 1394 1850 secun-

325 1863 404 1903 dum
420 1865 687 1906 aequivalentiam
710 1871 853 1897 exactam
869 1876 887 1896 a
902 1875 983 1906 pura
998 1866 1127 1902 iustitia,
1143 1865 1199 1896 sed
1215 1863 1394 1895 secundum

325 1908 467 1943 divinam
490 1909 755 1950 acceptationem.

379 1953 537 1985 Probatur
552 1952 628 1994 er'go
651 1953 757 1994 primo
781 1955 941 1985 intentum
964 1955 1019 1984 sic.
1043 1953 1166 1984 Eadem
1186 1963 1304 1994 poena,
1328 1953 1354 1982 si
1377 1962 1395 1982 a

325 1999 444 2031 minori
467 1999 594 2030 caritate
613 1997 769 2039 procedit,
795 2004 842 2029 est
864 1999 971 2029 minus
995 1997 1218 2034 satisfactoria3
1243 2003 1275 2028 et
1294 2007 1311 2027 a
1326 2006 1394 2027 ma-

324 2043 388 2077 iori
409 2044 537 2078 caritate
560 2043 738 2084 procedens
762 2049 809 2074 est
827 2044 928 2084 magis
944 2043 1160 2075 satisfactoria.
1185 2043 1270 2083 Ergo
1287 2051 1394 2082 poena

326 2085 402 2120 alias
425 2087 547 2124 debita,
578 2089 605 2119 si
631 2087 785 2129 procedat
814 2098 832 2118 a
858 2089 980 2119 maiore
1008 2089 1135 2119 caritate
1159 2087 1210 2118 vel
1236 2097 1255 2117 a
1278 2086 1393 2117 virtute

325 2132 482 2170 clavium,
511 2133 569 2163 erit
591 2133 664 2173 plus
688 2131 895 2162 satisfactoria
923 2142 1021 2172 quam
1044 2133 1113 2173 ipsa
1139 2131 1319 2162 secundum
1342 2134 1393 2167 se,

325 2185 362 2210 ut
385 2183 451 2208 erat
473 2178 549 2208 alias
573 2177 688 2208 debita.
712 2177 799 2216 Ergo
818 2186 925 2217 poena
940 2178 1016 2208 alias
1032 2176 1137 2207 debita
1153 2181 1259 2216 potest
1275 2176 1393 2206 assumi

325 2224 359 2255 in
375 2222 624 2254 satisfactionem
640 2221 913 2262 poenitentialem.
936 2240 960 2244 -
982 2222 1195 2261 Assumptum
1214 2226 1261 2250 est
1276 2225 1392 2250 notum

326 2274 358 2300 et
373 2268 588 2308 approbatum
604 2266 643 2297 de
655 2266 842 2297 excellentia
853 2266 1075 2297 satisfactionis
1090 2266 1124 2295 in
1139 2266 1287 2305 passione
1300 2264 1392 2295 Chri-

326 2313 366 2344 sti
394 2317 526 2352 propter
554 2311 850 2342 excellentissimam
873 2311 957 2342 illius
987 2311 1166 2345 caritatem,
1190 2319 1208 2339 a
1231 2318 1295 2349 qua
1317 2319 1392 2350 pro-

327 2356 469 2389 cedebat.
493 2374 516 2378 -
539 2355 782 2396 Consequentia
812 2361 920 2387 autem
953 2360 999 2385 est
1029 2364 1087 2394 per
1119 2363 1151 2384 se
1182 2353 1324 2384 evidens:
1361 2359 1393 2384 et

325 2407 416 2432 tanto
440 2399 619 2431 evidentior
642 2406 764 2441 quanto
787 2401 821 2431 in
844 2399 1058 2430 satisfactione
1076 2399 1297 2438 poenitentiali
1319 2399 1392 2439 plus

325 2451 478 2488 pensatur
496 2446 654 2485 quantitas
671 2455 709 2476 ex
725 2446 832 2477 divina
847 2444 1068 2485 acceptatione
1091 2453 1189 2484 quam
1213 2443 1392 2475 secundum

326 2491 536 2522 substantiam
558 2490 664 2530 operis
687 2500 744 2520 seu
766 2500 903 2531 poenae,
929 2499 1027 2529 quarn
1049 2498 1130 2528 pura
1145 2488 1263 2519 iustitia
1286 2489 1392 2518 consi-

327 2536 461 2567 deraret.

382 2580 558 2615 Praeterea,
582 2588 686 2610 unum
709 2584 740 2609 et
755 2579 842 2610 idem
857 2587 951 2619 opuS‚
976 2587 1051 2608 cum
1066 2578 1130 2608 hoc
1150 2577 1239 2618 quod
1255 2583 1302 2608 est
1318 2577 1392 2607 alias

327 2624 473 2655 debitum
496 2624 578 2660 Deo,
602 2630 649 2654 est
670 2624 872 2654 meritorium
895 2622 935 2653 de
951 2622 1113 2662 condigno
1137 2627 1283 2652 aeternae
1299 2622 1391 2652 vitae.

326 2669 413 2709 Ergo
436 2674 543 2709 potest
558 2677 627 2699 esse
650 2669 746 2698 etiam
762 2667 1007 2698 satisfactorium
1022 2675 1148 2708 poenae
1171 2676 1230 2707 pro
1253 2667 1393 2706 peccatis

327 2713 462 2744 debitae.
486 2732 509 2735 —
531 2713 744 2753 Assumptum
773 2717 877 2752 patet:
911 2713 988 2753 quia
1017 2711 1208 2742 honorando
1235 2716 1391 2751 parentes,

328 2758 418 2799 quod
450 2763 497 2788 est
525 2767 608 2797 opus
631 2762 859 2797 praeceptum,
882 2766 1028 2791 mereor,
1053 2756 1078 2786 si
1103 2765 1140 2786 ex
1163 2755 1291 2785 caritate
1320 2755 1392 2785 illos

326 2803 473 2838 honoro,
503 2803 600 2832 vitam
634 2807 795 2832 aeternam
826 2801 865 2832 de
898 2800 1071 2841 condigno.
1097 2819 1120 2823 —
1152 2799 1392 2839 Consequentia

326 2848 492 2888 probatur,
517 2856 555 2877 ex
579 2856 618 2876 eo
643 2846 733 2886 quod
755 2846 835 2876 ratio
859 2845 935 2876 alias
959 2844 1057 2875 debiti
1079 2854 1147 2875 non
1169 2845 1278 2874 minus
1293 2844 1393 2875 officit

327 2891 368 2923 ad
391 2890 653 2922 constituendum
675 2891 725 2921 ius
749 2889 874 2921 futurae
897 2889 1052 2920 mercedis
1085 2898 1184 2929 quam
1206 2888 1246 2919 ad
1274 2889 1392 2919 consti-

327 2932 486 2967 tuendum
509 2936 559 2966 ius
581 2934 849 2975 recompensandi
870 2939 1040 2974 peccatum
1064 2933 1223 2964 debitum:
1249 2942 1332 2973 opus
1352 2934 1392 2964 si-

329 2980 461 3021 quidem
484 2980 559 3010 alias
583 2979 737 3015 debitum,
762 2980 787 3009 si
803 2984 919 3018 potest,
937 2987 1012 3008 cum
1028 2978 1101 3014 hoc,
1125 2977 1249 3008 efficere
1265 2983 1310 3013 ut,
1327 2978 1392 3008 exi—

327 3030 424 3066 gente
446 3025 582 3060 iustitia,
606 3033 728 3054 merces
752 3024 810 3053 sibi
834 3022 986 3053 debeatur
1016 3028 1081 3052 tam
1105 3022 1262 3052 excellens
1289 3022 1391 3062 qualis

329 3075 376 3101 est
398 3075 525 3100 aeterna
548 3067 692 3104 felicitas,
717 3067 820 3098 multo
844 3067 945 3107 magis
968 3066 1128 3097 sufficiens
1147 3073 1193 3097 est
1215 3072 1251 3096 ut
1274 3066 1392 3097 consti-

328 3119 397 3146 tuat
418 3114 469 3144 ius
491 3113 589 3144 soluti
611 3113 704 3153 pretii
728 3112 826 3143 debiti
848 3118 914 3142 tam
937 3111 1062 3141 minimi
1086 3111 1180 3151 quale
1197 3116 1243 3141 est
1266 3116 1392 3150 tempo-

328 3158 401 3190 ralis
423 3167 540 3198 poena.
1242 3178 1245 3179 ν

384 3202 426 3232 Et
448 3200 664 3232 confirmatur.
689 3201 784 3239 Quia,
801 3201 900 3230 tribus
916 3201 1121 3231 existentibus
1137 3200 1316 3236 virtutibus,
1332 3200 1391 3230 sci-

329 3246 404 3277 licet
436 3247 580 3282 caritate,
603 3245 794 3286 gratitudine
825 3250 857 3275 et
887 3245 1100 3285 poenitentia;
1132 3250 1164 3275 et
1195 3250 1284 3275 actus
1317 3244 1391 3274 alias

330 3290 455 3322 debitus
477 3295 583 3330 potest
606 3299 644 3320 ex
668 3290 794 3320 caritate
819 3288 992 3320 efficaciam
1007 3289 1213 3324 meritoriam,
1237 3298 1275 3319 ex
1297 3289 1391 3329 grati-

329 3334 440 3366 tudine
463 3333 638 3365 efficaciam
666 3334 838 3375 gratiarum
866 3334 999 3364 actionis
1027 3333 1146 3369 sortiri;
1171 3343 1228 3363 cur
1251 3343 1318 3363 non
1344 3342 1391 3363 as-

330 3384 478 3419 sumptus
501 3389 519 3409 a
541 3379 740 3419 poenitentia
762 3379 828 3408 vim
851 3377 1091 3408 satisfactoriam
1108 3375 1278 3408 sortietur?
1301 3378 1391 3408 Nun-

329 3423 408 3464 quid
441 3422 546 3454 divina
572 3423 768 3463 acceptatio,
799 3429 864 3453 tam
895 3422 980 3463 larga
1006 3423 1039 3452 in
1063 3422 1176 3452 merito
1209 3427 1239 3452 et
1262 3423 1391 3462 gratitu-

1446 665 1534 701 dine,
1562 674 1676 695 manca
1700 670 1747 695 est
1769 665 1802 695 in
1826 664 2061 697 satisfactione?
2095 668 2147 698 An
2171 667 2252 698 forte
2278 670 2351 709 plus
2374 671 2509 702 iustitIae

1444 710 1556 740 locum
1578 710 1674 740 habet
1692 710 1726 740 in
1742 710 1847 740 amico
1864 711 1946 742 circa
1962 711 2158 743 solutionem
2174 722 2298 752 poenae
2315 724 2411 754 quam
2429 717 2510 746 circa

1445 754 1617 794 gratiarum
1641 754 1802 784 actionem
1825 761 1880 785 aut
1902 754 2074 786 meritum?

1500 799 1674 835 Praeterea,
1699 798 1738 828 ad
1760 800 1960 839 particularia
1984 800 2224 838 descendendo,
2249 808 2280 832 et
2303 802 2509 835 discurrendo

1445 852 1503 882 per
1526 844 1656 873 consilia
1680 843 1810 883 quando
1834 850 1909 875 sunt
1931 845 1964 875 in
1987 851 2170 886 praecepto,
2194 846 2281 877 idem
2304 855 2443 888 apparet.
2475 849 2510 879 In

1446 897 1522 918 casu
1546 889 1632 918 enim
1656 897 1723 928 quo
1749 895 1876 920 tenetur
1899 890 1970 929 quis
1990 890 2227 931 eleemosynam
2243 891 2356 928 facere,
2373 902 2429 923 cur
2443 903 2510 923 non

1445 938 1552 972 potest
1574 933 1743 972 poenitens
1767 934 1913 964 ordinare
1928 934 2015 964 illam
2038 944 2097 975 pro
2114 935 2326 967 satisfactione
2341 938 2510 977 poeniten-

1445 975 1532 1008 tiali?
1555 978 1596 1008 Et
1618 978 1761 1008 similiter
1779 979 1813 1008 in
1829 988 1904 1009 casu
1929 988 1995 1019 quo
2019 980 2170 1019 praebere
2194 980 2323 1011 alteram
2339 982 2509 1018 maxillam,

1445 1022 1496 1052 vel
1520 1022 1683 1062 angariari,
1705 1023 1755 1053 vel
1779 1023 1896 1053 esurire
1918 1028 1972 1053 aut
1987 1024 2082 1060 sitire,
2106 1026 2274 1064 penuriam
2289 1027 2364 1066 pati,
2381 1032 2435 1057 aut
2450 1027 2510 1057 hu-

1445 1066 1587 1097 iusmodi
1609 1067 1740 1107 aliquid,
1765 1073 1847 1098 esset
1861 1069 1895 1098 in
1910 1075 2094 1108 praecepto,
2112 1070 2183 1109 quis
2199 1070 2324 1110 sapiens
2343 1071 2511 1111 prohibeat

1446 1112 1667 1151 poenitentem
1690 1111 1803 1142 offerre
1826 1112 1905 1143 haec
1921 1113 1992 1143 Deo
2015 1115 2049 1144 in
2065 1113 2322 1151 satisfactionem,
2346 1121 2401 1146 aut
2415 1122 2511 1156 neget

1446 1156 1527 1186 solvi
1557 1165 1615 1196 per
1637 1156 1716 1187 haec
1743 1166 1884 1196 poenam
1907 1156 2047 1188 debitam
2076 1168 2135 1199 pro
2159 1157 2318 1199 peccatis?
2351 1161 2404 1190 An
2427 1159 2509 1190 forte

1445 1199 1632 1231 huiusmodi
1656 1210 1754 1241 opera
1773 1200 1879 1231 debita
1895 1211 1932 1232 ex
1948 1209 2120 1243 praecepto
2145 1210 2280 1244 possunt
2296 1205 2334 1235 ab
2350 1205 2421 1245 ipso
2439 1206 2509 1244 qui-

1447 1244 1520 1275 dem
1543 1245 1723 1284 poenitenti
1751 1247 1869 1276 assumi
1899 1246 1933 1276 in
1956 1247 2204 1279 satisfactionem
2226 1249 2509 1288 poenitentialem,

1446 1289 1502 1319 sed
1524 1299 1582 1329 per
1605 1289 1795 1320 confessoris
1818 1291 2029 1322 ministerium
2051 1301 2119 1322 non
2134 1299 2270 1333 possunt
2288 1293 2366 1324 haec
2382 1294 2414 1324 in
2431 1303 2510 1333 poe-

1446 1334 1613 1364 nitentiam
1637 1332 1721 1364 dari?
1744 1334 1817 1364 Hoc
1841 1335 1928 1365 enim
1944 1336 2106 1367 Ecclesiae
2122 1338 2262 1368 clavibus
2285 1343 2332 1368 est
2347 1337 2509 1377 derogare,

1446 1379 1667 1418 maioremque
1691 1379 1841 1409 virtutem
1870 1380 2029 1410 humanae
2059 1381 2231 1412 intentioni
2262 1392 2359 1422 quam
2392 1381 2511 1412 Christi

1446 1423 1587 1453 clavibus
1602 1423 1756 1453 tribuere:
1781 1428 1935 1463 tanquam
1950 1425 2090 1455 humana
2106 1426 2240 1456 intentio
2262 1426 2419 1466 quaedam
2435 1437 2510 1467 pos-

1445 1467 1485 1497 sit
1508 1477 1567 1507 pro
1591 1467 1805 1497 satisfactione
1829 1477 1989 1499 assumere
2013 1469 2052 1499 ad
2076 1479 2158 1509 quae
2183 1471 2287 1501 claves
2310 1481 2377 1501 non
2402 1481 2435 1501 se
2458 1481 2511 1502 ex-

1445 1510 1592 1541 tendunt.
1616 1511 1715 1549 Quod
1738 1522 1756 1541 a
1775 1511 1920 1542 fidelium
1939 1513 2158 1545 aestimatione
2177 1515 2274 1555 longe
2290 1516 2339 1545 sit.
2364 1515 2399 1545 In
2420 1516 2511 1546 cuius

1445 1556 1583 1594 signum,
1604 1555 1769 1586 laudabilis
1791 1556 1969 1587 multorum
1989 1557 2209 1589 confessorum
2233 1559 2434 1590 consuetudo
2456 1570 2511 1590 an·-

1445 1600 1544 1639 tiqua‚
1569 1599 1764 1630 absolvendo
1789 1601 2019 1640 poenitentem,
2044 1602 2136 1633 dicit:
2168 1603 2333 1644 Quidquid
2361 1605 2438 1634 boni
2454 1605 2511 1646 se-

1445 1644 1528 1674 ceris
1551 1648 1582 1673 et
1594 1644 1714 1685 facere
1737 1643 1885 1680 intendis,
1910 1650 1941 1675 et
1963 1646 2050 1676 mala
2073 1656 2156 1686 quae
2177 1648 2315 1678 sustines
2331 1653 2361 1678 et
2375 1649 2512 1679 sustine-

1445 1688 1502 1724 bis,
1518 1688 1584 1717 sint
1599 1688 1655 1718 tibi
1674 1688 1706 1718 in
1724 1689 1943 1719 remissionem
1958 1695 2178 1730 peccatorum,
2195 1698 2255 1722 etc.
2280 1693 2320 1722 Et
2335 1702 2402 1723 non
2419 1693 2510 1724 dicit:

1449 1731 1614 1772 Quidquid
1642 1734 1942 1774 supererogationis
1972 1734 2048 1764 boni
2069 1736 2195 1776 feceris
2224 1742 2282 1766 aut
2311 1738 2390 1767 mali
2417 1738 2512 1768 susti-

1448 1776 1545 1807 nebis.

1502 1820 1554 1850 111.
1580 1820 1632 1851 Ad
1647 1821 1789 1860 primum
1802 1831 1877 1861 ergo
1894 1822 1927 1852 in
1944 1824 2132 1863 oppositum
2151 1825 2167 1840 *
2183 1825 2298 1855 dicitur
2318 1825 2408 1865 quod
2427 1827 2513 1857 aliud

1447 1871 1494 1896 est
1517 1865 1608 1905 loqui
1632 1864 1672 1895 de
1695 1865 1910 1897 satisfactione
1934 1867 2015 1898 infra
2039 1868 2156 1899 limites
2179 1878 2278 1909 purae
2303 1870 2456 1901 iustitiae:
2482 1877 2512 1902 et

1447 1909 1534 1940 aliud
1547 1915 1593 1940 est
1609 1909 1701 1949 loqui
1717 1909 1756 1940 de
1772 1910 1986 1942 satisfactione
2002 1914 2145 1952 sapiente
2157 1915 2257 1953 magis
2272 1919 2418 1945 naturam
2435 1916 2512 1946 ami-

1447 1955 1539 1985 citiae
1552 1963 1650 1994 quam
1665 1954 1812 1985 iustitiae.
1833 1956 2070 1995 Argumentum
2082 1959 2168 1988 enim
2180 1958 2326 1997 procedit
2338 1959 2377 1989 de
2392 1959 2512 1990 satisfa-

1447 1999 1554 2029 ctione
1575 1997 1656 2028 infra
1679 1998 1795 2029 limites
1818 2000 1956 2030 iustitiae
1981 2002 2146 2032 conclusa:
2172 2002 2211 2032 de
2228 2012 2291 2042 qua
2314 2013 2381 2033 non
2398 2010 2446 2034 est
2460 2005 2511 2035 hic

1446 2052 1563 2073 sermo.
1588 2042 1681 2073 Unde
1697 2048 1729 2073 et
1743 2044 1943 2083 poenitentia
1959 2046 2063 2084 posita
2080 2052 2127 2076 est
2143 2056 2161 2076 a
2177 2046 2251 2077 divo
2276 2047 2403 2078 Thoma
2419 2049 2436 2065 ἢ*
2451 2048 2511 2078 dif-

1446 2087 1550 2118 ferens
1567 2097 1584 2117 a
1599 2088 1718 2117 iustitia
1740 2087 1940 2124 vindicativa,
1958 2090 2033 2128 quia
2053 2090 2107 2120 illa
2129 2091 2179 2120 ius
2202 2091 2344 2128 attendit,
2361 2092 2439 2122 haec
2455 2103 2511 2123 au-

1445 2137 1512 2161 tern
1527 2132 1726 2162 voluntatem
1747 2131 1860 2162 offensi
1881 2138 1912 2163 et
1935 2133 2135 2170 offendentis,
2153 2135 2243 2175 quod
2263 2136 2419 2167 amicitiae
2443 2147 2510 2167 ma-

1445 2176 1492 2215 gis
1517 2181 1563 2206 est
1587 2185 1685 2215 quam
1708 2176 1854 2206 iustitiae.

1502 2220 1554 2250 IV.
1578 2220 1630 2251 Ad
1653 2220 1832 2251 secundum
1855 2221 1970 2251 dicitur
1993 2221 2092 2262 quod,
2109 2224 2185 2263 quia
2201 2224 2431 2255 ecclesiasticus
2450 2226 2509 2256 rni-

1445 2265 1543 2294 nister
1565 2265 1666 2295 homo
1691 2270 1746 2301 est,
1772 2266 1827 2304 qui
1850 2275 1917 2295 non
1940 2266 2082 2297 intuetur
2105 2277 2161 2297 cor
2176 2269 2202 2303 ἵ
2227 2277 2325 2308 quem
2340 2269 2415 2299 latet
2430 2280 2510 2310 poe-

1445 2309 1574 2339 nitentis
1598 2310 1720 2345 caritas3
1746 2309 1819 2340 ideo
1836 2310 1969 2349 provide
1985 2310 2024 2341 ad
2039 2312 2191 2342 tutiorem
2207 2318 2329 2351 partem
2353 2313 2509 2344 iudicium

1445 2363 1541 2383 suum
1565 2353 1712 2388 declinat,
1730 2359 1770 2389 et,
1788 2353 1819 2383 id
1836 2354 1926 2394 quod
1949 2360 1996 2385 est
2019 2356 2175 2386 amicitiae
2198 2358 2400 2396 praeteriens,
2417 2358 2456 2388 ad
2476 2358 2509 2389 id

1446 2397 1536 2437 quod
1560 2403 1606 2427 est
1629 2398 1766 2428 iustitiae
1782 2408 1815 2428 se
1831 2400 1997 2429 convertit.
2022 2400 2063 2430 Et
2078 2401 2233 2439 quoniam
2257 2411 2294 2431 ex
2317 2407 2405 2441 parte
2421 2403 2509 2432 iusti-

1445 2442 1507 2472 tiae
1537 2441 1708 2472 satisfactio
1736 2442 1832 2473 habet
1861 2442 1951 2483 quod
1978 2444 2017 2473 sit
2040 2443 2079 2474 de
2102 2454 2170 2474 non
2193 2445 2268 2475 alias
2292 2445 2410 2482 debito,
2434 2446 2508 2477 ideo

1446 2485 1645 2516 confessores
1668 2495 1735 2516 non
1759 2487 1933 2526 imponunt
1954 2488 2072 2518 ieiunia
2095 2489 2170 2518 alias
2194 2488 2309 2525 debita,
2333 2489 2388 2520 sed
2412 2500 2510 2530 opera

1445 2530 1485 2560 ad
1509 2539 1591 2570 quae
1615 2530 1690 2560 alias
1713 2532 1883 2570 poenitens
1901 2541 1969 2562 non
1984 2537 2119 2562 tenetur.
2144 2532 2230 2563 Cum
2246 2543 2312 2573 quo
2329 2539 2388 2564 stat
2409 2535 2508 2574 quod,

1445 2575 1471 2604 si
1495 2584 1593 2614 opera
1617 2574 1656 2605 ad
1672 2584 1755 2614 quae
1774 2575 1849 2605 alias
1865 2576 2034 2615 poenitens
2057 2582 2192 2613 tenetur,
2209 2578 2390 2618 imponeret
2404 2579 2437 2608 in
2461 2589 2508 2609 sa-

1445 2618 1660 2649 tisfactionem
1675 2624 1894 2659 peccatorum,
1910 2620 2085 2660 prodesset,
2102 2621 2213 2651 saltem
2228 2623 2344 2652 virtute
2360 2622 2507 2659 clavium,

1445 2663 1624 2703 poenitenti
1647 2662 1818 2694 satisfactio
1842 2664 2028 2694 huiusmodi
2052 2674 2090 2694 ex
2113 2666 2240 2696 caritate
2263 2666 2444 2706 adimpleta.

1500 2707 1540 2737 V.
1563 2707 1615 2738 Ad
1637 2708 1766 2737 tertium
1790 2708 1904 2738 dicitur
1927 2708 2017 2748 quod
2040 2710 2209 2739 auctoritas
2224 2719 2292 2740 non
2314 2710 2439 2741 videtur
2454 2710 2508 2741 ad-

1446 2750 1520 2782 duci
1543 2750 1583 2781 ad
1606 2752 1821 2791 propositum.
1845 2752 2010 2790 Quoniam
2034 2762 2071 2783 ex
2094 2753 2147 2783 illa
2170 2754 2250 2784 nihil
2265 2754 2351 2784 aliud
2373 2755 2508 2785 habetur

1445 2796 1506 2826 nisi
1522 2795 1612 2836 quod
1628 2795 1799 2826 satisfactio
1816 2795 1851 2826 fit
1866 2806 1923 2836 per
1939 2797 2101 2836 poenalia:
2126 2798 2205 2828 haec
2221 2799 2307 2828 enim
2323 2804 2397 2828 sunt
2413 2808 2506 2838 quae,

1446 2840 1472 2877 sj
1494 2840 1596 2870 homo
1619 2850 1688 2870 non
1711 2846 1882 2880 peccasset,
1911 2841 1950 2871 ab
1975 2850 2014 2871 eo
2037 2851 2105 2871 non
2129 2843 2337 2882 exigerentur.
2372 2842 2421 2872 De
2444 2843 2507 2873 hoc

1447 2884 1533 2914 enim
1556 2884 1644 2914 nulla
1667 2889 1713 2914 est
1737 2885 1899 2924 quaestio:
1923 2884 1979 2915 sed
2002 2895 2041 2915 an
2065 2886 2251 2916 huiusmodi
2274 2886 2422 2926 poenalia
2445 2887 2507 2916 sint

1446 2927 1651 2958 satisfactoria
1674 2929 1700 2958 si
1722 2929 1784 2958 sint
1800 2928 1875 2958 alias
1898 2928 2012 2959 debita.
2037 2929 2086 2960 De
2109 2939 2175 2970 quo
2199 2930 2278 2960 nihil
2296 2930 2372 2960 dicit
2395 2936 2506 2960 aucto-

1445 2979 1517 3008 ritas
1541 2978 1642 3008 allata.

1500 3023 1719 3053 Veruntamen
1742 3023 1822 3052 scito
1853 3022 1943 3063 quod
1966 3033 2049 3063 opus
2072 3024 2135 3054 hoc
2166 3023 2255 3064 quod
2279 3029 2325 3054 est
2348 3025 2505 3055 honorare

1445 3072 1601 3107 parentes,
1626 3066 1725 3106 quod,
1750 3067 1845 3097 etiam
1861 3067 1886 3097 si
1904 3067 2004 3098 homo
2021 3077 2088 3098 non
2104 3073 2274 3108 peccasset,
2298 3074 2505 3109 praeceptum

1445 3110 1570 3146 fuisset,
1595 3111 1621 3141 si
1643 3112 1676 3141 in
1699 3111 1856 3151 praesenti
1874 3117 1957 3142 statu
1980 3112 2193 3142 exercendum
2216 3122 2291 3142 cum
2313 3113 2506 3152 poenalitate

1445 3156 1551 3195 aliqua
1575 3161 1736 3191 occurrat,
1761 3155 1840 3186 illud
1863 3165 1965 3186 unum
1989 3165 2088 3196 opus,
2115 3162 2322 3196 praeceptum
2349 3162 2506 3196 quantum

1446 3206 1492 3230 est
1514 3200 1649 3240 pietatis,
1674 3204 1755 3230 esset
1778 3200 1978 3230 meritorium
2002 3206 2038 3230 ut
2061 3206 2107 3231 est
2129 3210 2147 3230 a
2171 3202 2314 3236 caritate;
2339 3207 2371 3231 et
2392 3202 2505 3241 gratia-

1445 3254 1517 3275 rum
1541 3245 1624 3274 actio
1647 3244 1718 3274 Deo
1750 3250 1785 3274 ut
1808 3250 1854 3274 est
1877 3254 1894 3274 a
1917 3245 2180 3284 superexcellenti
2202 3245 2392 3284 gratitudine
2423 3255 2506 3285 quae

1444 3293 1577 3319 vocatur
1592 3288 1720 3328 religi03
1741 3294 1773 3319 et
1784 3294 1865 3319 esset
1881 3288 2123 3319 satisfactorium
2135 3295 2293 3329 quatenus
2305 3295 2386 3319 esset
2398 3299 2415 3319 a
2427 3299 2506 3329 poe-

1444 3333 1585 3364 nitentia.
1616 3333 1657 3363 Et
1679 3332 1781 3363 simile
1804 3338 1851 3363 est
1878 3333 1912 3362 in
1935 3333 2012 3363 aliis.
2048 3333 2141 3364 Unde
2171 3334 2268 3363 habes
2300 3333 2387 3373 quod
2411 3334 2506 3364 etiam

1445 3387 1502 3417 per
1525 3387 1562 3407 ea
1586 3386 1678 3417 quae,
1703 3377 1728 3407 si
1752 3377 1852 3407 homo
1875 3387 1943 3407 non
1966 3383 2137 3417 peccasset,
2162 3383 2265 3408 essent
2289 3383 2413 3413 exacta,
2442 3378 2504 3407 alio

1444 3427 1551 3452 tamen
1575 3421 1686 3457 modo,
1711 3427 1784 3461 post
1807 3427 1975 3461 peccatum
2000 3422 2134 3452 exercita
2158 3421 2328 3452 satisfactio
2353 3421 2397 3452 fit.

1289 3507 1465 3514 Λω»»νψκ,«,
1468 3506 1524 3513 «av»
1529 3506 1553 3510 v

2540 1832 2549 1842 ·
2565 1831 2635 1853 Num.
2649 1837 2664 1853 ι.

2538 2051 2548 2061 ·
2570 2050 2629 2071 Part.
2651 2050 2691 2076 111,
2711 2056 2750 2077 qu.

2538 2082 2622 2102 Lxxxv,
2637 2081 2678 2098 nrt.
2688 2083 2708 2104 3.
2722 2076 2751 2097 ad

2537 2109 2561 2131 3:
2577 2109 2616 2130 qu.
2627 2109 2664 2129 xc,
2677 2107 2719 2125 art.
2729 2109 2751 2125 2.

2537 2274 2631 2302 '1Reg.
2642 2280 2692 2302 cap.
2701 2280 2750 2301 xvi,

2535 2307 2594 2323 vers.
2609 2307 2631 2328 7.
