2878 4088
106 601 117 610 ⁹
130 598 198 621 Text.
212 604 278 621 um.

107 646 117 654 ·
132 643 189 671 Cap.
205 649 221 666 1.

105 1483 321 1533 »eamne

106 1971 118 1982 ⁶
130 1969 182 1993 ub.
191 1970 213 1992 11
276 1985 283 1992 .
294 1976 317 1998 n,

106 2003 130 2020 u.
140 2003 176 2024 ης
191 1986 255 2019 ofni.
274 2001 318 2019 eet.

107 2023 287 2079 ἓῖεῐὲἔὴῗέῑ
299 2023 319 2074 {1

105 2106 188 2156 3⁶42:
203 2113 257 2157 333:
271 2113 295 2156 3:
307 2119 317 2124 ·

107 2634 323 2685 betgffl'egiss

108 2693 180 2712 ment.
189 2695 209 2712 ι.
216 2688 262 2712 Th.
268 2689 322 2711 lect.

138 3214 219 3269 ῑὲ

220 3230 227 3237 .
238 3219 324 3242 praec„

1019 166 1283 213 QUAESTIO
1311 165 1490 210 LXXIX,
1515 164 1808 203 ARTICULUS
1833 167 1862 202 ll

347 253 415 275 non
439 249 485 274 est
509 244 688 275 secundum
712 243 833 284 aliquid
857 245 1038 281 essentiale,
1064 244 1119 274 sed
1142 243 1320 274 secundum
1343 243 1412 282 glo-

347 289 426 319 riam
450 294 481 319 et
505 289 676 324 miseriam,
701 298 784 328 quae
807 288 1017 319 differentiam
1034 288 1261 319 accidentalem
1281 287 1411 317 faciunt.

348 332 441 363 Unde
464 342 532 363 non
557 339 685 373 oportet
709 332 799 373 quod
830 333 914 363 aliud
944 342 1061 373 corpus
1093 342 1230 363 numero
1261 336 1411 370 resurgat,

347 376 403 407 sed
427 377 489 407 alio
513 377 613 407 modo
638 387 671 407 se
694 378 834 413 habens,
858 383 894 408 ut
916 377 1108 417 respondeat
1131 375 1413 417 proportionaliter

347 420 524 451 differentia
547 431 723 461 corporum
747 421 942 452 differentiae
966 422 1155 452 animarum.

402 466 453 495 An
477 476 612 496 Tam-nm
635 476 795 496 memnon
824 465 914 506 quod
944 465 1023 496 illud
1051 465 1139 505 quod
1167 464 1352 504 intelligitur
1379 463 1413 493 in

346 510 477 540 materia
500 515 573 540 ante
597 509 744 546 formam,
768 515 911 540 remanet
934 510 967 540 in
990 510 1121 540 materia
1143 514 1217 549 post
1234 508 1411 547 corruptio-

346 563 438 584 nem:
457 555 542 594 quia,
555 559 682 584 remoto
698 554 878 595 posteriori,
895 553 999 584 adhuc
1014 559 1120 594 potest
1135 562 1298 583 remanere
1314 552 1412 591 prius.

348 598 486 638 Oportet
509 604 634 634 autem,
659 604 695 628 ut
719 598 965 629 Commentator
988 597 1080 633 dicit,
1105 598 1138 627 in
1163 597 1175 626 Ι
1198 596 1326 637 Plysssic.
1342 596 1359 612 ⁴*
1383 600 1414 625 et

346 643 379 672 in
403 642 485 673 libro
509 643 548 673 de
563 642 749 673 Substantia
769 642 864 673 Orbis
875 643 902 678 *,
926 643 960 672 in
982 642 1114 672 materia
1136 640 1366 680 generabilium
1383 644 1414 669 et

347 687 603 727 corruptibilium
634 692 707 717 ante
730 686 868 717 formam
891 686 1129 716 substantialem
1158 684 1334 724 intelligere
1366 683 1413 733 di—

346 732 531 762 mensiones
554 741 622 762 non
645 731 837 766 terminatas,
861 729 1040 760 secundum
1064 738 1143 769 quas
1167 728 1346 759 attendatur
1367 726 1413 757 di-

347 776 428 806 visio
460 776 630 811 materiae,
662 781 698 805 ut
727 774 864 805 diversas
897 773 1016 804 formas
1046 774 1079 804 in
1110 773 1239 803 diversis
1271 771 1413 812 partibus

346 820 488 859 recipere
511 820 622 859 possit.
647 818 741 850 Unde
765 823 796 848 et
818 823 892 858 post
921 818 1155 858 separationem
1186 816 1308 847 formae
1338 815 1413 845 sub-

347 863 498 894 stantialis
521 873 540 893 a
562 863 704 898 materia,
729 861 833 892 adhuc
857 861 1073 892 dimensiones
1096 861 1168 892 illae
1191 865 1323 891 manent
1342 869 1413 890 eae-

347 907 431 938 dem.
467 907 508 937 Et
541 908 586 937 sic
619 907 752 936 materia
785 906 845 936 sub
879 906 940 936 illis
975 905 1230 936 dimensionibus
1265 905 1412 940 existens,

347 960 589 991 quamcumque
613 950 751 981 formam
766 950 910 990 accipiat,
927 950 1023 980 habet
1038 951 1195 980 maiorem
1214 949 1414 980 identitatem

346 995 386 1026 ad
408 995 488 1025 illud
511 994 602 1035 quod
621 1004 660 1025 ex
684 1004 720 1025 ea
743 999 931 1035 generatum
955 994 1057 1025 fuerat
1081 1004 1179 1035 quam
1203 994 1309 1034 aliqua
1342 1003 1413 1034 pars

346 1039 425 1070 aliae
449 1040 599 1069 materiae
622 1039 682 1069 sub
706 1048 914 1079 quacumque
937 1038 1042 1069 forma
1066 1039 1211 1081 existens,
1237 1038 1278 1069 Et
1301 1039 1345 1068 sic
1362 1047 1414 1068 ea-

346 1083 420 1114 dem
443 1084 575 1114 materia
598 1083 638 1114 ad
661 1093 779 1123 corpus
802 1084 982 1114 humanum
1005 1083 1218 1123 reparandum
1245 1082 1415 1113 reducetur

346 1137 429 1168 quae
452 1129 541 1168 prius
563 1129 695 1158 materia
719 1128 787 1158 eius
810 1127 880 1158 fuit.

401 1173 452 1203 Ar>
476 1182 626 1203 amarum
648 1182 809 1203 mammen
832 1172 931 1213 quod,
948 1173 1030 1203 sicut
1046 1172 1180 1213 qualitas
1196 1172 1330 1212 simplex
1346 1181 1414 1202 non

347 1222 394 1247 est
417 1216 521 1247 forma
551 1217 763 1247 substantialis
794 1217 961 1253 elementi,
986 1217 1041 1247 sed
1069 1216 1216 1248 accidens
1246 1217 1413 1256 proprium

347 1261 415 1291 eius
439 1266 470 1292 et
493 1261 661 1302 dispositio
684 1271 742 1302 per
765 1271 862 1301 quam
886 1262 1018 1292 materia
1041 1261 1176 1292 efficitur
1198 1261 1328 1301 propria
1360 1260 1415 1291 tali

347 1304 487 1342 formae;
511 1306 555 1336 ita
578 1305 682 1336 forma
704 1306 878 1342 mixtionis,
904 1315 986 1346 quae
1010 1311 1057 1336 est
1079 1305 1183 1336 forma
1206 1305 1360 1336 resultans
1376 1314 1414 1335 ex

347 1349 552 1390 qualitatibus
576 1350 775 1390 simplicibus
798 1350 838 1381 ad
861 1350 1006 1381 medium
1028 1350 1248 1385 venientibus,
1271 1359 1339 1380 non
1368 1354 1415 1379 est

347 1393 451 1424 forma
474 1395 687 1425 substantialis
711 1395 855 1435 corporis
878 1395 985 1431 mixti,
1010 1394 1066 1425 sed
1089 1400 1135 1425 est
1158 1393 1305 1425 accidens
1338 1403 1414 1433 pro-

346 1439 464 1479 prium,
490 1444 522 1469 et
544 1438 711 1479 dispositio
735 1448 792 1479 per
816 1449 913 1479 quam
941 1439 1072 1469 materia
1104 1438 1140 1469 fit
1169 1439 1346 1469 necessaria
1375 1437 1415 1468 'ad

346 1481 484 1513 formam
500 1484 527 1513 ἦ
553 1482 682 1523 Corpus
698 1489 806 1514 autem
829 1484 1009 1514 humanum
1024 1489 1148 1524 praeter
1170 1483 1253 1515 hanc
1277 1482 1414 1513 formam

347 1527 510 1558 mixtionis
533 1537 602 1558 non
625 1528 721 1558 habet
744 1528 838 1558 aliam
861 1527 999 1558 formam
1015 1527 1254 1558 substantialem
1271 1528 1331 1558 nisi
1347 1527 1414 1557 ani-

346 1580 433 1602 mam
456 1571 660 1602 rationalem:
686 1572 771 1612 quia,
796 1573 822 1602 si
844 1572 976 1602 haberet
998 1572 1092 1602 aliam
1116 1571 1254 1602 formam
1270 1572 1414 1602 substan-

346 1615 455 1646 tialem
477 1616 629 1656 priorem,
651 1616 708 1646 illa
731 1615 819 1647 daret
842 1617 871 1647 ei
894 1616 1100 1647 substantiale
1124 1625 1211 1652 esse,
1235 1621 1267 1646 et
1290 1616 1334 1646 sic
1357 1625 1415 1656 per

347 1669 418 1691 eam
442 1660 689 1690 constitueretur
704 1661 738 1690 in
753 1670 870 1700 genere
889 1661 1100 1697 substantiae;
1125 1660 1211 1691 unde
1228 1661 1334 1690 anima
1350 1661 1414 1690 iam

346 1703 509 1734 adveniret
532 1705 661 1744 corpori
684 1705 860 1735 constituto
885 1705 918 1735 in
941 1714 1058 1745 genere
1081 1705 1291 1740 substantiam
1316 1710 1347 1734 et
1369 1705 1414 1735 sic

346 1749 545 1788 comparatio
569 1749 694 1779 animae
718 1748 758 1779 ad
782 1758 900 1789 corpus
924 1754 1006 1780 esset
1029 1750 1111 1780 sicut
1134 1749 1332 1789 comparatio
1349 1747 1414 1779 for-

345 1802 471 1823 marum
504 1792 717 1824 artificialium
740 1792 780 1824 ad
803 1803 876 1824 suas
905 1794 1067 1830 materias,
1091 1799 1250 1834 quantum
1280 1793 1319 1824 ad
1350 1793 1414 1824 hoc

346 1837 436 1878 quod
459 1838 698 1868 constituuntur
720 1838 754 1868 in
775 1847 894 1878 genere
916 1838 1110 1869 substantiae
1139 1847 1197 1878 per
1226 1847 1318 1869 suam
1345 1848 1413 1868 ma-

345 1882 466 1912 teriam.
491 1881 586 1913 Unde
609 1882 797 1913 coniunctio
821 1883 946 1913 animae
969 1882 1009 1913 ad
1033 1892 1150 1923 corpus
1166 1888 1248 1913 esset
1267 1882 1414 1914 acciden-

346 1926 435 1957 talis:
460 1925 551 1966 quod
574 1931 621 1957 est
645 1936 732 1957 error
754 1927 962 1967 antiquorum
986 1927 1268 1967 philosophorum,
1293 1937 1311 1957 a
1340 1927 1414 1958 Phi-

345 1970 485 2011 losopho
509 1971 697 2011 reprobatus
720 1971 753 2002 in
772 1971 854 2002 libro
871 1971 910 2003 de
924 1972 1042 2002 Anima
1058 1973 1084 2002 *ἢ
1110 1971 1303 2011 Sequeretur
1319 1973 1413 2002 etiam

347 2014 438 2055 quod
462 2024 580 2056 corpus
603 2015 793 2052 humanum,
818 2021 850 2046 et
873 2016 1016 2056 singulae
1039 2021 1144 2056 partes
1168 2017 1246 2052 eius,
1270 2026 1337 2046 non
1362 2026 1414 2047 ae-

347 2060 486 2100 quivoce
508 2060 681 2090 retinerent
703 2061 810 2100 priora
832 2061 983 2091 nomina:
1009 2060 1098 2101 quod
1115 2066 1162 2091 est
1177 2066 1289 2091 contra
1306 2061 1414 2091 Philo-

346 2104 498 2144 sophum,
522 2105 556 2134 in
580 2104 607 2135 ΙΙ
631 2104 671 2135 de
692 2105 810 2135 Anima
827 2106 853 2135 ὓ.
878 2104 989 2141 Unde,
1015 2115 1090 2135 curn
1118 2105 1224 2135 anima
1253 2105 1414 2135 rationalis

346 2153 519 2184 remaneat,
543 2149 632 2179 nulla
654 2148 759 2179 forma
782 2150 926 2189 corporis
949 2150 1082 2180 humani
1101 2149 1314 2180 substantialis
1330 2149 1414 2180 cedit

346 2193 475 2233 penitus
498 2193 532 2223 in
561 2202 712 2223 non-ens.
742 2193 933 2224 Formarum
957 2199 1065 2224 autem
1089 2193 1333 2224 accidentalium
1361 2204 1415 2224 va-

347 2237 439 2267 riatio
462 2246 530 2267 non
554 2236 629 2268 facit
652 2237 865 2268 diversitatem
888 2239 922 2268 in
945 2248 1093 2269 numero.
1127 2239 1220 2270 Unde
1244 2239 1331 2269 idem
1354 2249 1415 2269 nu-

347 2290 438 2312 mero
461 2287 623 2322 resurget:
648 2291 724 2312 cum
747 2283 879 2313 materia
895 2282 1007 2313 eadem
1022 2293 1160 2314 numero
1175 2289 1364 2320 resumatur,
1380 2289 1416 2315 ut

347 2326 381 2356 in
404 2325 608 2366 praecedenti
632 2327 794 2357 solutione
818 2327 940 2358 dictum
964 2333 1020 2358 est.

346 2407 446 2438 ΛΚΤ.
460 2408 496 2439 ῙῙ.
513 2418 618 2439 UTRUM
633 2419 679 2439 SIT
695 2419 832 2440 FUTURUS
846 2419 923 2440 IDEM
938 2420 1064 2441 nummo
1080 2420 1170 2442 HOMO
1189 2421 1243 2441 am
1258 2422 1416 2442 RESURGRT

384 2458 416 2479 IV
428 2458 495 2480 Cant.
512 2458 587 2486 Geni„
603 2465 654 2486 cap.
663 2465 733 2484 μυ,
748 2466 831 2485 cxxxi:
848 2460 898 2488 QQ.
910 2461 1001 2488 Dispp„
1012 2467 1050 2488 qu.
1062 2461 1092 2483 de
1105 2461 1196 2488 Anima,
1211 2466 1252 2484 nrt.
1269 2469 1302 2490 ¹9.
1313 2463 1342 2484 ad
1357 2469 1381 2491 5;

347 2484 472 2512 Compend.
485 2485 575 2512 Theoi„
587 2492 637 2513 cap.
649 2492 716 2512 cuv:
729 2486 756 2508 In
765 2486 812 2514 1017,
828 2492 876 2515 cap.
887 2493 935 2512 xix.
946 2488 997 2509 lect.
1008 2494 1037 2512 u:
1054 2488 1061 2509 1
1072 2488 1106 2509 ad
1117 2488 1180 2515 Cor„
1196 2495 1247 2517 cap.
1263 2496 1300 2516 xv,
1317 2490 1368 2511 lect.
1384 2496 1414 2511 rx.

413 2555 434 2575 n
451 2554 614 2576 sacunmm
634 2556 680 2576 s1c
699 2556 905 2578 moeson-un.
925 2547 1060 2578 Videtur
1080 2548 1171 2588 quod
1191 2559 1259 2580 non
1275 2551 1315 2580 sit
1330 2550 1416 2581 idem

350 2555 550 2620 Anumero
577 2590 679 2621 homo
708 2591 765 2631 qui
792 2597 943 2632 resurget.
978 2591 1067 2623 Sicut
1095 2594 1182 2623 enim
1206 2593 1282 2625 dicit
1308 2595 1417 2625 Philo—

348 2634 488 2674 sophus,
511 2634 545 2664 in
569 2634 596 2664 11
619 2634 659 2665 de
683 2635 835 2667 Generat.
851 2637 878 2672 ¹²,
903 2645 1121 2678 quaecumque
1143 2638 1260 2669 habent
1282 2640 1417 2680 speciem

348 2678 590 2719 corruptibilem
606 2685 735 2716 motam,
753 2690 818 2711 non
839 2681 1038 2711 reiterantur
1056 2682 1166 2712 eadem
1183 2693 1329 2714 numero.
1354 2684 1418 2715 Sed

348 2722 419 2753 talis
443 2728 490 2753 est
513 2723 687 2754 substantia
710 2725 851 2755 hominis
874 2725 1053 2756 secundum
1072 2732 1273 2766 praesentem
1289 2733 1415 2759 statum.

349 2767 435 2807 Ergo
459 2777 527 2798 non
550 2774 658 2808 potest
680 2774 755 2809 post
784 2770 998 2800 mutationem
1028 2771 1139 2801 mortis
1169 2772 1308 2803 reiterari
1330 2773 1416 2804 idem

348 2821 497 2842 numero.

406 2866 436 2886 2.
461 2856 658 2893 PRAETEREA,
686 2857 742 2888 ubi
766 2863 813 2888 est
836 2858 896 2888 alia
920 2863 951 2889 et
974 2859 1034 2889 alia
1057 2859 1254 2897 humanitas,
1278 2871 1347 2892 non
1371 2867 1418 2893 est

348 2899 435 2931 idem
458 2901 560 2931 homo
590 2911 748 2932 numero:
782 2901 867 2933 unde
899 2902 1043 2934 Socrates
1074 2909 1105 2934 et
1134 2904 1225 2935 Plato
1253 2911 1328 2936 sunt
1350 2906 1416 2938 duo

349 2945 498 2976 homines
515 2951 546 2976 et
561 2955 628 2976 non
644 2956 729 2976 unus
745 2946 857 2983 homo,
875 2947 951 2987 quia
967 2948 1027 2978 alia
1043 2954 1089 2978 est
1104 2948 1285 2980 humanitas
1301 2951 1415 2981 utrius-

350 2999 424 3030 que.
459 2989 522 3020 Sed
546 2990 605 3020 alia
636 2996 683 3020 est
712 2991 893 3021 humanitas
922 2991 1063 3022 hominis
1095 2995 1287 3033 resurgentis
1318 2995 1357 3025 ab
1381 3005 1418 3026 ea

351 3043 449 3074 quam
471 3044 559 3065 nunc
583 3035 688 3065 habet.
718 3035 804 3075 Ergo
827 3045 895 3066 non
921 3041 967 3066 est
989 3036 1075 3067 idem
1095 3037 1200 3073 ,homo
1224 3048 1372 3069 numero.

406 3078 513 3109 Media
528 3080 656 3119 probari
671 3085 779 3120 potest
794 3080 973 3120 dupliciter.
997 3081 1116 3117 Primo,
1134 3082 1210 3122 quia
1225 3083 1416 3120 humanitas,

351 3131 434 3162 quae
458 3128 505 3153 est
528 3122 632 3154 forma
655 3125 764 3160 totius,
786 3134 853 3155 non
878 3130 925 3155 est
948 3125 1052 3156 forma
1075 3131 1106 3156 et
1134 3127 1318 3164 substantia,
1336 3128 1419 3158 sicut

351 3166 473 3203 anima,
497 3167 552 3198 sed
577 3174 624 3198 est
646 3167 749 3199 forma
773 3174 908 3200 tantum.
943 3170 1139 3201 Huiusmodi
1163 3176 1272 3202 autem
1295 3171 1418 3203 formae

353 3209 470 3240 cedunt
489 3212 617 3251 penitus
633 3213 667 3243 in
681 3222 841 3244 non—ens:
867 3219 898 3244 et
913 3215 958 3245 sic
981 3224 1049 3245 non
1072 3221 1207 3255 possunt
1226 3216 1330 3246 iterari
1346 3217 1372 3246 *.

407 3254 569 3292 Secundo,
585 3257 661 3296 quia
683 3257 864 3288 humanitas
887 3258 1017 3289 resultat
1040 3268 1077 3289 ex
1101 3260 1331 3291 coniunctione
1347 3270 1418 3301 par-

1435 429 1444 448 5

1429 652 1454 666 10

1428 871 1450 891 ¹5

1428 1093 1454 1106 20

1428 1313 1452 1334 ²5

1430 1539 1455 1559 30

1429 1759 1451 1780 ³5

1428 1981 1455 2001 4⁰

1428 2203 1452 2223 45

1431 2423 1456 2444 50

1431 2651 1454 2671 55

1430 2866 1457 2886 60

1430 3086 1455 3112 ⁶5

2455 180 2526 216 179

1525 243 1554 274 3.
1578 242 1774 279 ΡΒΑΕΤΕΒΕΑ,
1791 253 1875 274 unus
1899 245 1999 275 homo
2015 255 2082 276 non
2099 253 2146 277 est
2161 248 2186 277 si
2203 253 2248 278 est
2264 249 2355 288 plura
2371 250 2527 279 animalia.

1467 287 1570 327 Ergo,
1595 289 1621 318 si
1644 297 1711 318 non
1732 293 1778 318 est
1801 287 1886 318 idem
1911 290 2043 326 animal,
2068 300 2134 321 non
2160 297 2205 321 est
2228 302 2312 322 unus
2336 293 2436 323 homo
2468 303 2528 324 nu-

1467 341 1568 362 mero.
1596 332 1659 363 Sed
1682 332 1737 362 ubi
1760 341 1828 362 non
1852 338 1898 362 est
1914 333 1998 363 idem
2015 344 2135 370 sensuS,
2152 345 2218 366 non
2236 342 2282 366 est
2296 337 2382 367 idem
2398 338 2527 367 animal:

1468 377 1544 416 quia
1567 376 1684 407 animal
1708 375 1858 406 definitur
1876 386 1932 416 per
1949 386 2077 408 sensum
2094 380 2244 418 primum,
2262 381 2380 411 scilicet
2398 387 2528 417 tactum,

1468 426 1504 450 ut
1526 426 1614 460 patet
1635 421 1669 451 in
1698 420 1724 450 11
1744 420 1783 450 de
1806 420 1923 450 Anima
1940 422 1966 451 ἕ.
1991 421 2109 452 Sensus
2133 430 2250 459 autem,
2275 435 2348 455 cum
2372 436 2439 456 non
2462 436 2528 456 ma-

1467 471 1564 495 neant
1579 466 1612 495 in
1630 465 1735 495 anima
1758 470 1910 504 separata,
1927 471 1963 495 ut
1979 465 2110 505 quidam
2134 467 2244 498 dicunt
2259 470 2286 504 *‚
2310 479 2376 499 non
2395 477 2530 509 possunt

1467 508 1553 539 idem
1569 519 1706 539 numero
1722 510 1851 539 resumi.
1875 509 1961 549 Ergo
1978 510 2010 539 in
2027 512 2256 542 resurrectione
2273 523 2339 543 non
2357 515 2413 543 erit
2430 515 2529 544 homo

1467 562 1634 593 resurgens
1657 553 1744 583 idem
1767 553 1885 584 animal
1907 563 2054 584 numero.
2089 554 2129 584 Et
2153 556 2197 585 sic
2220 566 2279 586 nec
2303 557 2388 587 idem
2418 559 2528 588 homo.

1523 606 1554 635 4.
1578 597 1775 632 PRAETEREA,
1796 598 1927 628 materia
1951 603 2071 628 statuae
2095 600 2300 639 principalior
2320 602 2413 631 estin
2430 608 2530 632 statua

1468 650 1565 680 quam
1578 643 1710 671 materia
1725 642 1866 671 hominis
1882 642 1915 672 in
1930 643 2079 673 homine:
2098 644 2172 683 quia
2189 643 2361 675 artificialia
2376 651 2443 675 tota
2458 653 2531 676 sunt

1467 685 1501 715 in
1524 695 1641 725 genere
1664 686 1858 716 substantiae
1883 696 1920 716 ex
1943 687 2084 723 materia,
2109 688 2163 718 sed
2187 689 2340 719 naturalia
2364 699 2401 719 ex
2418 689 2529 725 forma,

1468 734 1503 759 ut
1526 734 1613 768 patet
1636 739 1693 769 per
1715 729 1961 770 Philosophum,
1987 731 2013 760 II
2029 731 2156 772 Plyfsic.
2174 733 2207 768 ἦ
2233 738 2264 762 et
2287 732 2532 764 Commentator

1467 772 1553 803 idem
1577 773 1663 809 dicit,
1679 774 1712 804 in
1737 773 1763 803 11
1779 773 1819 804 de
1833 774 1950 805 Anima
1967 776 1993 805 ’ἦ
2019 775 2091 811 Sed,
2108 777 2134 806 si
2155 782 2255 807 statua
2272 787 2309 807 ex
2326 778 2442 808 eodem
2461 788 2531 809 aere

1467 816 1636 853 reficiatur,
1661 827 1728 848 non
1754 824 1800 848 est
1824 818 1935 849 eadem
1959 829 2106 851 numero.
2131 821 2216 861 Ergo
2240 821 2344 852 multo
2367 823 2485 859 minus,
2507 825 2531 853 si

1467 861 1568 892 homo
1586 871 1623 892 ex
1641 862 1761 892 eisdem
1784 863 1969 902 pulveribus
1986 863 2154 902 reficiatur,
2171 875 2237 896 non
2255 867 2313 896 erit
2328 866 2413 897 idem
2432 868 2532 898 homo

1467 915 1615 936 numero.

1523 950 1586 981 SED
1611 960 1734 981 CONTRA
1758 962 1812 982 Εετ
1836 951 1924 991 quod
1948 952 2062 983 dicitur
2078 954 2136 984 Iob
2151 965 2202 985 X1x
2219 957 2251 985 ἐ
2279 955 2381 991 Quem
2405 956 2532 986 visurus

1467 1004 1537 1025 sum
1562 1004 1623 1036 ego
1649 996 1715 1036 ipse
1738 1001 1769 1026 et
1792 1006 1856 1026 non
1882 997 1984 1027 alius:
2013 1003 2045 1028 et
2067 998 2211 1039 loquitur
2241 999 2280 1030 de
2310 1001 2432 1031 visione
2459 1006 2533 1041 post

1467 1040 1733 1070 resurrectionem
1749 1041 1776 1070 ὓ.
1801 1041 1886 1081 Ergo
1910 1041 1996 1072 idern
2020 1043 2120 1073 homo
2144 1053 2280 1074 numero
2304 1050 2454 1084 resurget.

1525 1093 1554 1114 2.
1578 1083 1783 1121 PRAETEREA,
1807 1085 2005 1125 Augustinus
2029 1087 2114 1123 dicit,
2135 1088 2207 1118 VIII
2228 1089 2267 1119 de
2286 1089 2375 1119 Trin.
2393 1090 2419 1125 *,
2444 1089 2532 1129 quod

1469 1137 1642 1170 resurgere
1671 1129 1751 1159 nihil
1774 1135 1821 1160 est
1847 1130 1939 1160 aliud
1967 1141 2063 1171 quam
2094 1133 2294 1164 reviviscere.
2327 1134 2396 1164 Nisi
2426 1139 2533 1164 autem

1468 1171 1554 1202 idem
1577 1173 1678 1203 homo
1702 1183 1839 1204 numero
1871 1175 1986 1206 rediret
2015 1175 2055 1206 ad
2085 1177 2182 1208 vitam
2213 1179 2269 1218 qui
2298 1183 2445 1208 mortuus
2476 1184 2531 1214 est,

1467 1226 1535 1247 non
1560 1217 1718 1248 diceretur
1740 1219 1936 1249 reviviscere.
1970 1220 2056 1260 Ergo
2087 1231 2153 1252 non
2177 1228 2328 1263 resurget.
2360 1222 2459 1260 Quod
2487 1229 2533 1253 est

1469 1267 1579 1292 contra
1602 1261 1710 1292 fidem.

1523 1306 1713 1337 RuspoNnsso
1737 1317 1897 1338 mmmmm
1920 1309 2008 1348 quod
2033 1311 2202 1340 necessitas
2225 1311 2369 1351 ponendi
2396 1321 2532 1342 resurre-

1469 1350 1611 1380 ctionem
1628 1357 1674 1381 est
1690 1360 1727 1381 ex
1744 1352 1807 1382 hoc
1826 1358 1862 1382 ut
1878 1353 1979 1383 homo
1995 1353 2094 1384 finem
2110 1355 2271 1391 ultimum,
2288 1361 2419 1396 propter
2434 1366 2532 1396 quem

1468 1393 1570 1424 factus
1595 1400 1651 1431 est,
1677 1402 1903 1436 consequatur,
1928 1398 2016 1436 quod
2040 1398 2073 1428 in
2097 1399 2156 1429 hac
2173 1401 2235 1430 vita
2250 1399 2318 1430 fieri
2333 1410 2400 1430 non
2416 1406 2532 1441 potest,

1467 1448 1528 1469 nec
1544 1439 1577 1468 in
1593 1440 1657 1470 vita
1673 1440 1798 1470 animae
1814 1447 1975 1481 separatae
1991 1443 2024 1472 *z
2050 1443 2124 1473 alias
2140 1453 2221 1474 vane
2237 1450 2319 1475 esset
2334 1445 2434 1475 homo
2456 1455 2533 1475 con-

1468 1483 1606 1520 stitutus,
1631 1485 1657 1514 si
1680 1484 1719 1514 ad
1742 1483 1842 1515 finem
1866 1485 1905 1516 ad
1929 1495 2027 1526 quem
2051 1486 2152 1518 factus
2176 1494 2232 1524 est,
2248 1490 2355 1519 venire
2375 1499 2442 1519 non
2458 1499 2533 1530 pos-

1468 1532 1525 1557 set.
1550 1527 1591 1558 Et
1615 1529 1690 1568 quia
1713 1535 1842 1569 oportet
1866 1530 1955 1570 quod
1979 1531 2057 1561 illud
2080 1531 2166 1562 idem
2198 1543 2335 1564 numero
2366 1533 2405 1564 ad
2434 1533 2533 1564 finem

1468 1573 1633 1611 perveniat
1656 1572 1745 1613 quod
1768 1579 1899 1614 propter
1922 1574 2020 1605 finem
2045 1581 2091 1606 est
2114 1576 2251 1613 factum,
2275 1587 2317 1608 ne
2349 1579 2382 1608 in
2414 1588 2533 1609 vanum

1469 1615 1589 1646 factum
1614 1626 1682 1647 esse
1705 1617 1866 1654 videatur;
1892 1625 2020 1659 oportet
2044 1620 2133 1660 quod
2156 1621 2242 1652 idem
2266 1622 2366 1652 homo
2396 1633 2532 1653 numero

1468 1666 1619 1700 resurgat.
1645 1661 1685 1691 Et
1708 1662 1771 1692 hoc
1796 1663 1927 1702 quidem
1951 1663 1987 1694 fit
2010 1664 2088 1695 dum
2105 1665 2217 1696 eadem
2233 1667 2338 1697 anima
2355 1666 2458 1697 eidem
2473 1677 2533 1697 nu-

1467 1713 1558 1735 mero
1583 1707 1712 1745 corpori
1735 1707 1942 1747 coniungitur
1958 1709 1984 1738 *.
2009 1709 2095 1739 Alias
2119 1710 2205 1740 enim
2229 1720 2297 1741 non
2321 1717 2402 1741 esset
2432 1721 2534 1742 resur-

1468 1749 1578 1785 rectio,
1591 1751 1721 1789 proprie
1733 1750 1910 1790 loquendo.
1926 1753 1988 1782 nisi
2002 1753 2088 1783 idem
2101 1754 2201 1785 homo
2218 1761 2424 1795 repararetur.
2441 1756 2534 1787 Unde

1467 1802 1589 1833 ponere
1613 1794 1703 1833 quod
1726 1794 1812 1825 idem
1828 1805 1965 1827 numero
1981 1807 2048 1827 non
2065 1798 2104 1828 sit
2120 1800 2176 1839 qui
2192 1805 2343 1840 resurget,
2365 1806 2411 1830 est
2426 1801 2535 1831 haere-

1467 1837 1585 1874 ticum,
1611 1838 1767 1879 derogans
1790 1840 1912 1871 veritati
1936 1840 2132 1882 Scripturae‚
2158 1853 2240 1884 quae
2270 1846 2534 1876 resurrectionem

1467 1881 1628 1922 praedicat
1642 1883 1669 1913 ἦ

1523 1927 1574 1957 An
1598 1937 1715 1958 ramum
1738 1938 1822 1959 aneo
1849 1940 2009 1960 mcnnnum
2033 1931 2122 1971 quod
2152 1932 2368 1973 Philosophus
2391 1934 2535 1975 loquitur

1469 1970 1509 2001 de
1532 1972 1700 2003 iteratione
1723 1983 1807 2013 quae
1830 1973 1866 2004 fit
1888 1984 1946 2014 per
1968 1980 2096 2006 motum
2120 1977 2170 2007 vel
2200 1978 2413 2009 mutationem
2443 1985 2535 2010 natu—

1468 2015 1577 2046 ralem.
1603 2016 1751 2047 Ostendit
1775 2018 1861 2048 enim
1885 2018 2094 2050 differentiam
2111 2021 2325 2052 circulationis
2341 2032 2423 2063 quae
2440 2029 2486 2054 est
2501 2025 2534 2054 in

1468 2061 1675 2099 generatione
1700 2067 1731 2092 et
1754 2064 1972 2103 corruptione,
1998 2064 2037 2094 ad
2061 2065 2301 2096 circulationem
2325 2077 2408 2107 quae
2432 2074 2479 2098 est
2500 2069 2533 2099 in

1468 2110 1562 2135 motu
1586 2105 1674 2135 caeli.
1699 2106 1784 2144 Quia
1808 2107 1933 2138 caelum
1956 2118 2014 2148 per
2036 2115 2163 2140 motum
2180 2110 2315 2141 localem
2339 2112 2419 2142 redit
2448 2112 2534 2143 idem

1468 2158 1605 2180 numero
1630 2149 1669 2180 ad
1692 2151 1886 2191 principium
1901 2158 2028 2183 motus:
2054 2155 2129 2194 quia
2153 2155 2248 2185 habet
2263 2157 2471 2187 substantiam
2486 2158 2534 2188 in-

1469 2194 1709 2234 corruptibilem
1731 2201 1864 2226 motam.
1890 2196 1952 2227 Sed
1974 2199 2164 2237 generabilia
2188 2204 2219 2229 et
2242 2201 2459 2240 corruptibilia
2478 2212 2535 2242 per

1468 2239 1709 2278 generationem
1722 2239 1857 2270 redeunt
1869 2241 1909 2271 ad
1921 2241 2006 2272 idem
2022 2243 2139 2282 specie,
2153 2253 2219 2274 non
2232 2244 2272 2274 ad
2283 2244 2369 2275 idem
2381 2255 2532 2276 numero:

1470 2283 1546 2322 quia
1569 2292 1607 2313 ex
1630 2283 1762 2314 homine
1786 2291 1954 2324 generatur
1977 2296 2097 2323 semen,
2123 2297 2159 2318 ex
2184 2297 2250 2328 quo
2275 2290 2412 2330 sanguis,
2437 2296 2467 2321 et
2490 2292 2534 2321 sic

1470 2327 1621 2367 deinceps
1645 2338 1817 2368 usquequo
1841 2331 2044 2369 perveniatur
2067 2331 2106 2362 ad
2130 2333 2295 2363 hominem
2311 2344 2378 2364 non
2395 2335 2534 2365 eundem

1469 2381 1606 2402 numero
1640 2372 1695 2403 sed
1725 2374 1848 2413 specie;
1874 2380 1905 2404 et
1932 2385 1970 2405 ex
1999 2376 2073 2415 igne
2105 2383 2273 2416 generatur
2302 2388 2371 2414 aer,
2397 2389 2434 2409 ex
2467 2389 2533 2420 quo

1471 2425 1564 2456 aqua,
1589 2426 1627 2447 ex
1651 2426 1734 2457 aqua
1757 2423 1847 2454 terra,
1873 2428 1911 2449 ex
1934 2425 2014 2450 terra
2037 2421 2118 2460 ignis
2141 2431 2208 2452 non
2225 2421 2311 2452 idem
2327 2433 2463 2454 numero
2480 2424 2535 2454 sed

1470 2461 1587 2501 specie.
1612 2461 1706 2492 Unde
1730 2468 1817 2502 patet
1840 2463 1930 2503 quod
1953 2464 2033 2494 ratio
2057 2464 2196 2502 inducta,
2221 2467 2400 2498 secundum
2427 2468 2534 2498 Philo-

1470 2506 1565 2545 sophi
1588 2506 1812 2543 intentionem,
1829 2517 1897 2538 non
1921 2514 1968 2538 est
1990 2508 2030 2539 ad
2053 2510 2267 2550 propositum.

1525 2549 1584 2580 Vel
1609 2550 1782 2581 dicendum
1807 2551 1896 2591 quod
1920 2553 2056 2583 aliorum
2079 2555 2309 2594 generabilium
2333 2561 2364 2586 et
2380 2558 2535 2597 corrupti-

1471 2594 1712 2630 biliumiorma
1734 2605 1803 2626 non
1827 2602 1874 2627 est
1896 2606 1954 2637 per
1969 2607 2002 2628 se
2018 2598 2201 2635 subsistens,
2218 2605 2254 2630 ut
2270 2606 2344 2640 post
2363 2602 2535 2641 compositi

1471 2639 1714 2679 corruptionem
1737 2650 1901 2672 remanere
1925 2642 2043 2672 valeat:
2068 2643 2150 2673 sicut
2173 2649 2219 2674 est
2242 2643 2282 2674 de
2305 2645 2411 2675 anima
2440 2647 2535 2676 ratio-

1470 2683 1544 2719 nali,
1570 2693 1653 2723 quae
1677 2693 1746 2715 esse
1770 2685 1860 2725 quod
1883 2686 1942 2716 sibi
1965 2687 1998 2716 in
2023 2696 2158 2727 corpore
2182 2689 2326 2728 acquin't‚
2351 2690 2446 2720 etiam
2462 2696 2535 2730 post

1471 2737 1589 2767 corpus
1613 2729 1736 2764 retinet,
1754 2735 1785 2759 et
1807 2730 1840 2760 in
1863 2731 2141 2771 participationem
2157 2732 2242 2763 illius
2258 2742 2325 2763 esse
2342 2743 2459 2774 corpus
2478 2744 2536 2774 per

1470 2773 1736 2803 resurrectionem
1761 2773 1946 2811 adducitur;
1972 2785 2048 2805 cum
2063 2785 2130 2806 non
2146 2777 2185 2806 sit
2201 2777 2286 2807 aliud
2303 2787 2370 2808 esse
2391 2779 2534 2818 corporis

1471 2821 1503 2846 et
1526 2816 1612 2847 aliud
1635 2818 1759 2848 animae
1782 2818 1815 2848 in
1838 2819 1981 2855 homine,
2006 2820 2081 2850 alias
2104 2826 2185 2850 esset
2208 2822 2394 2852 coniunctio
2411 2823 2535 2854 animae

1471 2866 1503 2891 et
1527 2862 1671 2901 corporis
1695 2861 1907 2893 accidentalis.
1931 2863 1972 2894 Et
1996 2864 2040 2894 sic
2063 2865 2252 2905 interruptio
2276 2866 2364 2896 nulla
2387 2866 2469 2897 facta
2489 2873 2536 2898 est

1470 2905 1504 2935 in
1528 2915 1596 2935 esse
1619 2906 1815 2936 substantiali
1838 2907 1989 2944 hominis,
2013 2913 2049 2938 ut
2070 2918 2139 2939 non
2162 2910 2263 2949 possit
2286 2909 2372 2940 idem
2398 2921 2534 2942 numero

1470 2949 1572 2980 redire
1588 2950 1690 2980 homo
1705 2955 1837 2990 propter
1860 2951 2126 2992 interruptionem
2151 2953 2293 2984 essendi:
2318 2955 2399 2985 sicut
2421 2955 2535 2986 accidit

1470 2994 1504 3024 in
1528 2994 1595 3023 aliis
1618 2995 1713 3024 rebus
1737 2996 1904 3035 corruptis,
1930 3005 2066 3036 quarum
2091 3006 2157 3027 esse
2182 2999 2317 3029 omnino
2332 2999 2534 3040 interrumpi-

1471 3043 1532 3073 tur,
1557 3037 1661 3068 forma
1683 3048 1752 3069 non
1775 3045 1975 3077 remanente,
1999 3042 2130 3072 materia
2154 3047 2262 3073 autem
2291 3043 2350 3073 sub
2375 3043 2437 3074 alio
2467 3054 2534 3075 esse

1471 3087 1666 3112 remanente.

1528 3126 1591 3157 Sed
1613 3132 1721 3157 tamen
1744 3137 1804 3158 nec
1829 3129 1924 3159 etiam
1946 3129 2047 3160 homo
2070 3139 2128 3170 per
2150 3132 2389 3170 generationem
2409 3139 2535 3163 natura-

1471 3171 1535 3201 lem
1551 3171 1716 3202 reiteratur
1731 3171 1817 3202 idem
1832 3182 1980 3204 numero.
2005 3173 2090 3212 Quia
2106 3184 2223 3215 corpus
2238 3177 2379 3216 generati
2394 3177 2534 3208 hominis

1471 3225 1539 3246 non
1563 3214 1599 3245 fit
1623 3225 1660 3246 ex
1684 3221 1751 3246 tota
1773 3217 1905 3248 materia
1927 3219 2115 3258 generantis
2149 3219 2243 3250 Unde
2268 3226 2314 3250 est
2341 3230 2459 3261 corpus
2489 3221 2535 3252 di-

1471 3269 1600 3290 versum
1630 3261 1663 3290 in
1693 3270 1846 3291 numero:
1873 3267 1903 3292 et
1933 3271 1990 3302 per
2020 3272 2222 3303 consequens
2245 3265 2366 3301 anima,
2392 3271 2423 3296 et
2448 3271 2535 3296 totus

352 3298 444 3328 tium.
475 3298 538 3329 Sed
567 3309 636 3331 non
658 3307 766 3341 potest
789 3302 902 3333 eadem
925 3312 1061 3334 numero
1086 3304 1273 3335 coniunctio
1299 3306 1416 3335 resumi
1432 3314 1458 3334 70
1471 3305 1583 3336 homo.

353 3350 436 3381 quae
459 3343 548 3382 prius
563 3343 633 3380 fuit,
650 3346 726 3385 quia
747 3346 871 3377 iteratio
895 3347 1052 3378 identitati
1076 3349 1269 3388 opponitur:
1294 3349 1417 3380 iteratio

354 3386 441 3416 enirn
464 3396 638 3418 numerum
660 3389 821 3429 importat,
845 3391 993 3422 identitas
1017 3398 1124 3423 autem
1148 3394 1314 3430 unitatem,
1335 3403 1418 3434 quae

354 3439 387 3460 se
410 3440 477 3460 non
501 3433 750 3471 compatiuntur.
783 3434 819 3465 In
842 3437 1074 3467 resurrectione
1098 3443 1206 3468 autem
1231 3438 1418 3469 coniunctio

353 3474 492 3505 iteratur.
517 3475 603 3516 Ergo
627 3486 695 3508 non
718 3483 765 3508 est
788 3479 899 3510 eadem
923 3481 1120 3513 coniunctio.
1150 3482 1191 3512 Et
1214 3482 1259 3512 sic
1282 3492 1342 3513 nec
1367 3493 1418 3513 ea-

354 3517 427 3548 dem
451 3519 640 3556 humanitas‚
664 3530 724 3551 nec
747 3522 831 3553 idem
856 3524 967 3555 horno.

1433 3536 1456 3558 75

1528 3349 1579 3379 An
1607 3359 1770 3380 sncunmm
1800 3360 1960 3381 mmmmm
1990 3351 2080 3391 quod
2103 3351 2142 3382 de
2165 3353 2378 3389 humanitate,
2404 3359 2435 3384 et
2458 3364 2535 3395 qua-

1472 3393 1550 3424 libet
1573 3393 1676 3424 forma
1699 3395 1808 3430 totius,
1834 3401 1880 3425 est
1904 3395 2021 3435 duplex
2045 3397 2168 3436 opinio.
2193 3396 2363 3435 Quidam*
2387 3398 2472 3428 enim
2489 3398 2535 3429 di-

1473 3443 1551 3468 cunt
1575 3438 1664 3478 quod
1684 3438 1770 3469 idem
1794 3439 1973 3470 secundum
1994 3450 2062 3471 rem
2078 3446 2125 3471 est
2144 3440 2247 3472 forma
2262 3443 2360 3472 totius
2383 3448 2414 3473 et
2434 3442 2536 3474 forma

1473 3483 1585 3523 partis:
1611 3482 1714 3513 forma
1744 3484 1858 3523 partis,
1882 3484 2060 3516 secundum
2089 3485 2179 3525 quod
2202 3485 2325 3526 perficit
2354 3488 2535 3524 materiam;

1473 3527 1578 3557 forma
1601 3533 1708 3558 autem
1732 3529 1830 3558 totius
1854 3529 2033 3560 secundum
2057 3529 2146 3569 quod
2170 3540 2207 3560 ex
2231 3540 2268 3560 ea
2288 3536 2354 3561 tota
2369 3532 2448 3562 ratio
2465 3541 2535 3572 spe-

2557 437 2633 485 {f‘r'rk'j
2645 443 2702 485 1202·
2712 443 2768 485 ῧὶῗί

2558 489 2593 511 Cf.
2601 490 2630 511 de
2637 490 2702 511 Part.
2711 490 2768 511 Ani-

2557 516 2622 564 ztte'zli„
2633 516 2673 538 lib.
2681 516 2709 541 11,
2716 522 2768 543 cap.

2559 571 2566 579 ·
2587 569 2622 590 Cf.
2646 575 2684 596 qu.
2708 575 2766 595 Lxx,

2557 601 2600 617 art.
2617 603 2635 617 Ι.

2559 738 2770 791 ἶξῗρςῖῄᾞέιῑ

2560 796 2652 839 μ’Τθιῑ.
2668 823 2716 838 vm.

2561 964 2569 972 ·
2585 961 2652 983 Vere.
2667 967 2701 988 27.

2562 1052 2570 1060 ¹
2586 1049 2652 1071 Vers.
2668 1055 2700 1077 25,
2716 1050 2752 1071 26.

2560 1094 2570 1102 ¹
2585 1091 2641 1118 Cap.
2657 1098 2679 1113 v.

2562 1452 2571 1462 ”
2585 1451 2621 1472 Cf.
2640 1457 2678 1479 qu.
2697 1457 2772 1476 mv,

2561 1482 2603 1499 art.
2620 1485 2639 1503 ι,
2654 1483 2674 1499 2.

2562 1717 2572 1726 ·
2587 1714 2622 1736 ef.
2644 1718 2686 1736 art.
2708 1720 2773 1742 prae-

2562 1741 2612 1763 ced.

2564 1887 2573 1896 ⁴
2595 1885 2657 1906 Ioan.
2677 1890 2728 1912 cap.
2747 1891 2761 1905 v

2563 1918 2621 1933 vers.
2644 1917 2683 1939 25,
2707 1901 2774 1936 28;I

2562 1938 2595 1960 ad
2601 1938 2664 1965 Cor„
2674 1943 2724 1965 cap.
2735 1944 2773 1964 xv,

2563 1971 2621 1987 vers.
2637 1971 2669 1993 51.

2564 3406 2574 3415 ·
2588 3404 2613 3426 Β.
2633 3403 2723 3426 Albert.
2742 3403 2774 3424 IV

2563 3431 2637 3458 Sent.‚
2646 3430 2700 3452 dist.
2711 3436 2776 3456 xuv,

2564 3461 2606 3479 art.
2623 3464 2655 3483 ιι,
2671 3457 2698 3478 ud
2714 3462 2734 3478 a.
