2878 4088
87 487 98 496 ·
121 484 178 513 cap.
206 484 287 506 Verum

83 513 148 540 post,
157 515 180 534 et
189 517 239 539 cap.
250 510 287 532 Ex

83 540 157 566 parte
178 540 236 564 tua,
258 537 288 559 de

86 564 286 592 comem-angat.

84 840 95 851 '
111 839 148 863 Cf.
163 840 217 863 dist.
233 847 298 867 xxvi.

84 871 136 894 etp.
161 866 218 890 (hu
238 873 298 896 ego

81 892 226 922 coniugium.

77 2925 106 2948 ·1
115 2924 150 2948 ad
163 2924 228 2952 cvr„
238 2931 290 2954 etp.

25 2951 31 2954 ”
77 2958 119 2980 vn,
133 2958 192 2975 vers.
206 2957 243 2981 39.
263 2953 291 2979 fl

77 3013 132 3036 'Cf-

74 3042 148 3096 522er
154 3043 177 3063 et
176 3046 241 3094 131:
253 3039 292 3089 {ag

81 3093 154 3116 Conv-
162 3093 290 3122 contuear.

144 3019 195 3042 etp.
207 3013 291 3036 Veram

284 1251 296 1257 -
321 1237 420 1274 senti,
445 1236 501 1267 sed
524 1236 617 1268 datur
639 1237 670 1267 ei
691 1242 820 1277 tempus
853 1236 994 1267 duorum
1022 1236 1184 1267 mensium
1200 1237 1237 1272 ',
1261 1241 1393 1276 propter

289 1456 295 1467 '
322 1419 374 1446 tus
395 1414 506 1445 datam
528 1424 626 1455 quam
650 1425 715 1445 non
739 1414 916 1455 suspiravit
937 1414 1073 1444 dilatam
1089 1415 1115 1444 ³.

283 2299 291 2334 .’
317 2303 407 2333 alteri
429 2302 562 2337 nubere,
577 2301 647 2331 viro
670 2301 808 2331 intrante
830 2300 1030 2341 religionem,
1048 2306 1080 2331 et
1096 2301 1166 2340 ipse
1188 2307 1297 2341 posset
1312 2301 1389 2332 alte—

616 183 880 231 QUAESTIO
910 182 1322 229 LXI‚,ARTICULUS
1351 181 1396 219 ΠΙ
1415 203 1440 208 -
1461 181 1725 228 QUAESTIO
1754 186 1867 230 LXII,
1898 187 2189 224 ARTICULUS
2218 188 2232 223 Ι
2444 187 2513 224 125

1451 261 1567 292 mulier
1589 263 1618 292 ei
1642 262 1786 294 debitum
1813 263 1943 295 reddere
1967 275 2034 296 non
2057 271 2200 303 tenetur,
2224 273 2331 299 tamen
2357 268 2426 308 ipsa
2448 277 2516 297 non

1451 311 1581 343 haberet
1603 318 1795 353 potestatem
1818 314 1906 345 alteri
1929 316 2066 352 nubere,
2090 317 2133 347 ita
2156 323 2188 347 et
2209 318 2271 348 hic.

1566 398 1820 443 QUAESTIO
1845 400 2397 436 SEXAGESIMASECUNDA

1656 457 1700 482 DE
1720 457 1958 483 lMPEDIMENTO
1979 458 2076 488 QUOD
2096 459 2311 485 SUPERVENIT

1521 491 1743 518 MATRIMONIO
1764 493 2013 523 CONSUMMATO,
2033 494 2129 524 QUOD
2149 495 2214 519 EST
2233 496 2444 522 FORNICATIO

382 262 573 294 Rasrottozo
596 272 757 294 memnon
782 262 872 303 quod
895 268 970 294 ante
992 262 1151 294 carnalem
1174 261 1326 302 copulam
1349 265 1396 291 est

327 306 411 338 inter
447 307 602 346 coniuges
635 312 760 339 tantum
789 307 957 338 vinculum
986 307 1166 346 spirituale,
1197 305 1253 336 sed
1284 310 1394 345 postea

329 351 424 381 etiam
447 357 494 381 est
516 352 598 381 inter
622 361 678 381 eos
701 351 867 382 vinculum
891 351 1025 383 carnale.
1050 351 1091 381 Et
1113 350 1197 386 iden,
1217 351 1300 381 sicut
1322 354 1396 389 post

328 395 489 426 carnalem
512 395 664 435 copulam
686 396 929 427 matrimonium
951 395 1084 426 solvitur
1103 404 1160 435 per
1174 399 1313 425 mortem
1329 403 1396 423 car—

326 439 443 475 nalem,
459 440 503 471 ita
518 449 576 480 per
590 440 768 479 ingressum
791 439 953 480 religionis
972 445 1045 470 ante
1061 439 1214 479 copulam
1237 437 1396 469 carnalem
1418 446 1427 466 5

326 483 462 514 solvitur
477 485 510 515 ¹³:
535 485 611 524 quia
634 484 746 524 religio
770 489 817 515 est
840 483 999 524 quaedam
1021 493 1109 515 mors
1132 482 1311 523 spiritualis,
1332 491 1396 522 qua

327 527 452 568 aliquis,
476 529 605 559 saeculo
630 529 782 564 moriens,
806 529 884 558 vivit
907 528 988 558 Deo.
1840 559 1841 563 ,

382 572 432 602 An
452 583 569 603 ramum
592 582 675 603 aneo
699 582 859 602 memnon
875 571 965 613 quod
980 572 1222 602 matrimonium
1239 576 1312 601 ante
1329 579 1395 600 car·
1512 577 1606 598 amna
1621 567 1891 600 considerandum
1911 574 1958 599 est
1975 568 2014 599 de
2037 569 2269 609 impedimento
2294 571 2384 611 quod
2406 582 2516 612 super-

325 616 432 647 nalem
456 617 608 657 copulam
638 615 795 657 significat
823 616 911 646 illam
943 616 1207 646 coniunctionem
1238 623 1321 655 quae
1349 619 1396 644 est
1511 613 1599 643 venit
1630 613 1836 643 matrimonio
1865 619 2090 644 consummato
2114 614 2147 650 *‚
2172 615 2290 645 scilicet
2318 615 2357 646 de
2381 615 2516 647 fornica-

326 659 445 691 Christi
460 661 500 691 ad
515 662 654 692 animam
678 670 735 701 per
757 661 899 701 gratiam,
920 669 1003 699 quae
1027 659 1159 700 quidem
1182 659 1316 689 solvitur
1338 668 1396 698 per
1411 671 1436 687 ιο
1449 656 1548 692 tione,
1562 665 1645 696 quae
1656 656 1792 696 impedit
1806 657 2048 688 matrimonium
2063 658 2256 697 praecedens
2272 659 2380 699 quoad
2398 666 2515 697 actum,

325 704 571 745 dispositionem
597 705 794 746 spiritualem
820 705 1028 740 contrariam,
1053 703 1173 734 scilicet
1198 712 1256 743 per
1281 712 1395 742 pecca-
1450 699 1584 731 durante
1605 701 1736 731 vinculo
1760 701 1996 732 matrimoniali.

323 754 405 780 tum.
429 749 494 781 Sed
515 759 573 790 per
591 749 751 780 carnalem
774 749 927 788 copulam
950 747 1106 788 significat
1129 747 1395 778 coniunctionem
1449 744 1491 776 Et
1513 745 1597 775 circa
1618 745 1683 775 hoc
1707 751 1904 785 quaeruntur
1927 755 1991 776 sex.

325 793 365 824 ad
380 794 559 825 Ecclesiam
581 798 740 834 quantum
755 792 795 823 ad
809 793 1065 832 assumptionem
1087 792 1247 822 humanae
1262 796 1394 822 naturae
1503 788 1629 819 Primo:
1655 794 1764 820 utrum
1786 790 1881 821 liceat
1902 791 1972 821 viro
1995 789 2153 822 dimittere
2177 801 2311 822 uxorem
2334 802 2430 823 causa
2451 792 2515 825 for-

323 838 358 868 in
380 839 502 869 unitate
524 847 683 878 personae
697 838 724 873 “,
748 846 831 877 quae
855 837 990 867 omnino
1015 841 1062 866 est
1084 835 1293 866 indivisibilis.
1537 833 1716 864 nicationis.
1807 865 1816 876 ,

378 882 430 913 An
453 891 616 913 sncunnmr
645 891 806 912 mcuNntm
833 880 924 920 quod
951 885 1025 911 ante
1053 880 1214 910 carnalem
1241 879 1394 920 copulam
1504 876 1671 908 Secundo:
1697 883 1805 908 utrum
1829 878 1870 909 ad
1892 879 1955 909 hoc
1979 884 2133 910 teneatur.

323 935 392 956 non
421 931 469 956 est
498 927 633 956 omnino
664 925 851 955 translatum
881 934 999 965 corpus
1029 924 1125 955 unius
1154 924 1212 955 sub
1236 929 1394 965 potestate
1504 921 1632 952 Tertio:
1656 927 1766 953 utrum
1789 923 1921 963 proprio
1941 923 2060 955 iudicio
2085 934 2156 956 eam
2179 924 2338 956 dimittere
2360 927 2470 965 possit.

323 970 467 1006 alterius,
495 970 551 1000 sed
583 970 643 1001 sub
674 969 862 1000 conditione
888 969 914 999 si
940 969 1061 1000 interea
1091 969 1169 999 alter
1198 968 1239 999 ad
1268 967 1394 1008 frugem
1503 965 1644 1004 Quarto:
1669 972 1778 998 utrum
1801 968 1848 998 vir
1879 974 1911 999 et
1933 978 2015 999 uxor
2045 975 2203 1009 quantum
2226 969 2266 1000 ad
2288 970 2352 1001 hoe
2379 970 2442 1001 sint
2464 980 2516 1002 ae-

322 1014 464 1045 melioris
486 1015 570 1045 vitae
597 1023 665 1045 non
693 1014 855 1045 convolet.
887 1013 951 1044 Sed
973 1023 1031 1054 per
1053 1013 1213 1044 carnalem
1241 1013 1394 1053 copulam
1537 1011 1639 1051 qualis
1663 1011 1867 1043 conditionis.

322 1058 506 1099 completur
535 1058 619 1089 dicta
647 1058 830 1089 translatio:
862 1058 938 1098 quia
967 1063 1045 1089 tunc
1076 1058 1171 1089 intrat
1202 1063 1337 1098 uterque
1359 1058 1393 1088 in
1503 1055 1643 1093 Quinto:
1668 1061 1777 1087 utrum
1792 1062 1866 1097 post
1887 1057 2059 1088 divortium
2079 1058 2215 1089 debeant
2234 1068 2364 1089 manere
2377 1059 2514 1099 innupti.

322 1103 525 1143 corporalem
558 1103 797 1143 possessionem
831 1103 890 1133 sibi
922 1101 1054 1133 traditae
1087 1103 1263 1143 potestatis.
1298 1101 1393 1133 Unde
1503 1099 1616 1131 Sexto:
1641 1106 1750 1131 utrum
1772 1107 1847 1142 post
1870 1101 2042 1133 divortium
2065 1103 2189 1143 possint
2211 1104 2419 1134 reconciliari.

322 1147 419 1179 etiam
442 1153 515 1178 ante
539 1147 698 1178 carnalem
722 1147 875 1188 copulam
898 1156 967 1178 non
990 1147 1096 1178 statim
1117 1152 1244 1178 tenetur
1261 1146 1393 1178 reddere

321 1191 467 1223 debitum
490 1197 566 1233 post
586 1193 830 1223 matrimonium
845 1196 1048 1223 contractum
1062 1201 1120 1232 per
1134 1192 1231 1222 verba
1246 1191 1286 1223 de
1301 1201 1393 1231 prae-

1410 891 1432 911 ¹5

1513 1174 1613 1205 ART.
1630 1174 1652 1205 I.
1677 1185 1782 1206 unum
1804 1186 1943 1207 PROPTER
1965 1187 2218 1208 romannorum
2241 1188 2351 1208 meam·
2373 1188 2447 1209 vmo

1824 1231 1952 1252 uxorum
1974 1231 2141 1252 num-’rann

321 1281 389 1312 tria.
413 1281 532 1317 Primo,
548 1286 586 1313 ut
605 1282 734 1312 interim
756 1281 858 1321 possit
881 1280 1055 1311 deliberare
1078 1280 1118 1311 de
1141 1279 1336 1311 transeundo
1353 1280 1393 1311 ad
1655 1271 1681 1294 ¹²¹
1695 1270 1789 1299 Mam*
1804 1278 1855 1300 ⁰⁸¹³·
1870 1278 1923 1298 ¹¹¹³
1939 1272 1948 1293 ¹
1963 1272 1996 1293 “d
2011 1272 2075 1299 ⁶⁰⁷⁹
2091 1279 2142 1300 ⁰²¹⁹·
2157 1279 2197 1300 *¹ss
2213 1273 2266 1295 ¹⁰⁰¹·
2282 1279 2307 1295 ¹¹·

321 1325 523 1366 religione-m.
547 1325 709 1362 Secundo,
726 1330 762 1367 ut
777 1330 1006 1366 praeparentur
1021 1334 1104 1365 quae
1119 1330 1194 1356 sunt
1216 1325 1393 1356 necessaria

1407 1336 1431 1357 ις
1449 1332 1533 1395 ΑΒ
1554 1332 1671 1353 PRIMUM
1695 1332 1740 1353 sic
1758 1332 1963 1354 Paocnmwa.
1987 1323 2122 1355 Videtur
2150 1323 2240 1364 quod
2262 1330 2393 1365 propter
2415 1325 2515 1357 forni-

322 1369 363 1401 ad
377 1370 614 1401 solemnitatem
629 1371 825 1410 nuptiarum.
855 1370 978 1406 Tertio,
992 1379 1032 1400 ne
1047 1369 1141 1400 vilem
1156 1369 1273 1401 habeat
1294 1369 1393 1400 mari-

1513 1367 1673 1398 cationem
1697 1377 1764 1398 non
1780 1367 1873 1398 liceat
1887 1368 1957 1398 viro
1981 1378 2116 1398 uxorem
2137 1368 2305 1400 dimittere.
2330 1370 2405 1400 Non
2429 1370 2514 1400 enim

1447 1416 1495 1441 est
1509 1411 1631 1442 malum
1648 1421 1714 1452 pro
1735 1412 1822 1442 malo
1847 1412 2044 1443 reddendum
2060 1414 2087 1443 *.
2112 1412 2175 1444 Sed
2190 1414 2237 1444 vir
2256 1413 2418 1445 dimittens
2433 1424 2514 1445 uxo-

1446 1465 1515 1486 rem
1538 1461 1669 1496 propter
1693 1455 1949 1493 fornicationem,
1966 1456 2091 1487 videtur
2105 1457 2227 1489 malum
2250 1467 2310 1498 pro
2333 1458 2420 1490 malo
2443 1458 2514 1490 red—

1447 1499 1531 1530 dere.
1555 1500 1642 1540 Ergo
1666 1501 1730 1531 hoc
1752 1510 1822 1531 non
1843 1501 1928 1532 licet.

1502 1554 1532 1575 2.
1557 1544 1754 1581 paramum,
1770 1546 1874 1576 maius
1889 1551 2059 1585 peccatum
2076 1551 2124 1576 est
2138 1546 2165 1577 si
2180 1551 2316 1586 uterque
2339 1546 2514 1578 fornicetur

1446 1597 1546 1629 quam
1568 1589 1594 1620 si
1618 1589 1695 1619 alter
1717 1594 1852 1620 tantum.
1877 1589 1940 1620 Sed
1963 1591 1989 1621 si
2012 1595 2148 1630 uterque
2163 1590 2347 1627 fornicetur,
2363 1601 2431 1622 non
2454 1601 2514 1632 po-

1445 1633 1518 1663 terit
1540 1638 1672 1673 propter
1687 1634 1750 1664 hoc
1773 1633 1843 1664 fieri
1858 1633 2032 1666 divortium
2047 1635 2074 1665 *.
2098 1635 2185 1675 Ergo
2207 1644 2269 1667 nec
2293 1636 2318 1666 si
2337 1645 2422 1667 unus
2445 1641 2513 1668 tan—

1444 1682 1516 1708 tum
1539 1676 1714 1708 fornicatus
1737 1677 1841 1709 fuerit.

1501 1721 1531 1752 3.
1555 1722 1753 1758 Pmmnmm,
1770 1721 1940 1753 fornicatio
1957 1723 2126 1762 spiritualis
2142 1728 2173 1753 et
2189 1723 2348 1763 quaedam
2363 1725 2424 1755 alia
2439 1734 2514 1765 pec-

1406 1777 1429 1798 35
1445 1771 1515 1797 cata
1537 1772 1612 1796 sunt
1634 1767 1779 1806 graviora
1802 1776 1900 1807 quam
1930 1766 2100 1798 fornicatio
2124 1768 2265 1798 carnalis.
2298 1767 2361 1799 Sed
2383 1774 2515 1809 propter

1443 1810 1497 1841 ina
1519 1820 1588 1842 non
1611 1816 1719 1850 potest
1748 1810 1817 1842 fieri
1845 1812 2001 1851 separatio
2026 1821 2044 1842 a
2067 1817 2150 1843 toro.
2185 1812 2272 1852 Ergo
2295 1822 2356 1844 nec
2383 1819 2515 1854 propter

1444 1853 1691 1886 fornicationem
1716 1855 1885 1886 carnalem.

375 1459 427 1489 An
453 1469 589 1489 rarum
618 1468 780 1489 memnon
810 1458 900 1499 quod
930 1458 1118 1489 coniunctio
1149 1458 1401 1489 matrimonialis.

321 1508 395 1534 ante
419 1503 579 1533 carnalem
603 1503 755 1543 copulam
779 1509 827 1533 est
850 1502 982 1543 quidem
1006 1501 1147 1543 perfecta
1171 1508 1329 1542 quantum
1352 1502 1392 1533 ad

320 1556 390 1578 esse
419 1547 578 1587 primum,
602 1547 659 1578 sed
687 1557 756 1577 non
786 1552 1010 1578 consummata
1040 1552 1199 1587 quantum
1221 1546 1262 1577 ad
1284 1552 1392 1578 actum

319 1591 510 1627 secundum,
535 1592 592 1631 qui
615 1597 662 1622 est
685 1592 842 1631 operatio,
867 1597 899 1622 et
922 1591 1078 1622 similatur
1099 1592 1296 1631 possessioni
1320 1601 1392 1622 cor-

318 1635 431 1678 porali.
462 1636 503 1666 Et
525 1635 600 1666 ideo
625 1645 697 1667 non
721 1635 945 1666 omnimodam
974 1635 1257 1666 indivisibilitatem
1285 1636 1390 1666 habet.

1407 1557 1433 1576 3⁰

422 1701 524 1733 ART.
549 1701 601 1732 111.
625 1711 731 1732 unum
753 1710 869 1731 mma
891 1711 995 1732 possm·
1018 1711 1138 1731 uuna-Ra
1161 1711 1282 1738 amam,

392 1756 467 1778 vmo
491 1756 573 1777 ANTE
597 1755 762 1776 CARNALEM
786 1755 931 1776 coruram
954 1755 1145 1776 nummorum
1168 1755 1316 1776 monasso

382 1821 404 1843 n
427 1822 563 1843 mmm
585 1821 631 1842 stc
658 1821 864 1842 rnocanrrtm.
898 1810 1034 1842 Videtur
1057 1810 1148 1851 quod
1175 1811 1292 1842 mulier
1321 1820 1389 1842 non

320 1824 486 1898 Apossit
511 1857 634 1888 nubere
657 1856 761 1892 alteri,
783 1856 852 1887 viro
877 1861 951 1886 ante
980 1856 1140 1887 carnalem
1164 1856 1318 1896 copulam
1340 1865 1389 1887 re—

317 1901 474 1942 ligionem
495 1902 649 1942 ingresso.
673 1900 761 1939 Quia
783 1899 863 1931 illud
886 1899 977 1940 quod
993 1910 1069 1931 cum
1084 1901 1292 1931 matrimonio
1308 1906 1390 1931 stare
1498 1908 1530 1938 4.
1554 1900 1752 1936 Panum,
1774 1901 1889 1931 vitium
1912 1905 2024 1931 contra
2045 1906 2192 1932 naturam
2221 1902 2323 1941 magis
2351 1907 2514 1933 remotum

317 1951 434 1987 potest,
446 1955 516 1977 non
530 1946 626 1976 solvit
641 1945 876 1976 matrimoniale
891 1945 1068 1976 vinculum.
1082 1944 1145 1976 Sed
1161 1944 1266 1975 adhuc
1281 1950 1390 1976 manet
1444 1949 1492 1975 est
1514 1954 1533 1975 a
1556 1945 1650 1975 bonis
1665 1945 1863 1976 matrimonii
1886 1954 1985 1985 quam
2000 1944 2179 1982 fornicatio,
2198 1955 2282 1985 quae
2303 1946 2405 1978 modo
2421 1953 2514 1978 natu—

317 1991 485 2022 vinculum
507 1990 743 2021 matrimoniale
764 1990 847 2020 inter
862 1999 919 2020 eos
942 1990 999 2030 qui
1022 1990 1090 2030 pari
1105 1995 1184 2020 voto
1200 1990 1389 2029 religionem
1403 1997 1496 2020 «trae
1519 1987 1565 2019 fit.
1590 1989 1676 2029 Ergo
1699 1990 1800 2029 magis
1824 1988 1935 2020 debuit
1956 1990 2036 2029 poni
2059 1999 2155 2021 causa
2177 1991 2384 2030 separationis
2415 2001 2514 2032 quam

316 2036 445 2066 intrant.
478 2035 566 2075 Ergo
589 2044 629 2065 ex
650 2035 715 2065 hoc
739 2033 830 2075 quod
852 2044 937 2064 unus
960 2035 1055 2064 intrat
1081 2034 1288 2074 religionem,
1312 2034 1390 2064 alter
1443 2032 1624 2064 fornicatio.

316 2089 386 2111 non
401 2079 577 2111 absolvitur
591 2089 610 2110 a
624 2078 756 2115 vinculo
779 2079 1018 2109 matrimoniali.
1042 2078 1105 2109 Sed
1121 2078 1270 2123 quandiu
1281 2083 1390 2109 manet
1499 2077 1562 2108 Sal>
1587 2087 1711 2109 commi
1733 2088 1788 2109 asi·
1812 2077 1902 2118 quod
1925 2077 2041 2109 dicitur
2064 2078 2176 2109 Matth.
2192 2089 2214 2109 v
2229 2080 2255 2110 *.

316 2124 485 2155 vinculum
508 2123 743 2155 matrimoniale
759 2122 800 2153 ad
815 2132 929 2158 unum,
945 2132 1014 2153 non
1029 2129 1137 2163 potest
1151 2123 1273 2154 nubere
1289 2122 1388 2154 alteri.
1500 2131 1529 2152 2.
1546 2122 1742 2159 marzana,
1759 2122 1805 2152 illi
1821 2123 1878 2163 qui
1900 2122 2016 2163 frangit
2038 2122 2146 2159 fidem,
2163 2133 2231 2154 non
2250 2129 2376 2155 tenetur
2398 2125 2512 2165 aliquis

316 2169 415 2210 Ergo,
440 2174 500 2199 etc.
1442 2175 1566 2197 servare
1581 2165 1679 2197 fidem
1695 2168 1722 2197 *.
1747 2166 1810 2198 Sed
1825 2167 1944 2198 coniux
1960 2167 2149 2198 fornicando
2169 2166 2268 2199 fidem
2283 2167 2399 2209 frangit
2414 2179 2512 2209 quam

374 2223 405 2245 2.
428 2213 626 2248 Puni-nna,
642 2212 691 2242 vir
710 2217 785 2252 post
806 2212 985 2252 ingressum
1008 2211 1170 2251 religionis
1193 2217 1300 2252 potest
1316 2216 1389 2243 ante
1402 2220 1427 2241 ⁴5
1443 2211 1531 2241 alteri
1555 2212 1685 2251 coniugi
1709 2210 1812 2242 debet.
1837 2212 1923 2252 Ergo
1948 2211 2025 2243 alter
2047 2217 2155 2253 potest
2178 2212 2313 2244 alterum
2337 2223 2434 2245 causa
2447 2213 2512 2245 for-

316 2257 553 2299 professionem
575 2255 678 2287 redire
701 2255 742 2286 ad
761 2257 926 2287 saeculum
941 2257 968 2286 ⁴⁹.
993 2256 1027 2287 Si
1050 2265 1126 2296 ergo
1149 2256 1266 2287 mulier
1280 2261 1390 2296 posset
1442 2256 1612 2286 nicationis
1635 2255 1804 2287 dimittere.

1498 2300 1688 2331 Rusponnno
1712 2310 1872 2331 mmmmm
1896 2300 1986 2341 quod
2009 2301 2170 2332 Dominus
2193 2300 2350 2333 dimittere
2378 2312 2512 2334 uxorem

316 2356 386 2378 ram
409 2345 526 2377 ducere
548 2344 675 2376 rediens
698 2344 738 2375 ad
760 2345 935 2376 saeculum.
960 2344 1061 2383 Quod
1084 2351 1131 2375 est
1154 2345 1337 2376 absurdum.
1443 2345 1601 2375 concessit
1616 2350 1748 2384 propter
1762 2344 2009 2376 fornicationem
2024 2345 2058 2376 in
2081 2355 2222 2385 poenam
2241 2346 2326 2377 illius
2342 2347 2398 2387 qui
2414 2346 2512 2378 fidem

375 2391 406 2422 3.
429 2391 632 2426 Palm-rma,
655 2399 714 2430 per
737 2389 928 2420 decretalem
950 2399 1071 2420 novam
1093 2390 1110 2406 ⁴*
1133 2389 1291 2430 professio
1315 2395 1389 2420 ante
1442 2388 1545 2429 fregit,
1563 2395 1594 2419 et
1615 2390 1650 2419 in
1673 2388 1818 2420 favorem
1839 2390 1923 2420 illius
1947 2390 2004 2430 qui
2026 2389 2125 2420 fidem
2147 2391 2299 2427 servavit,
2323 2396 2359 2421 ut
2382 2401 2450 2422 non
2473 2392 2513 2422 sit

317 2444 440 2466 annum
463 2435 577 2465 emissa
604 2443 664 2474 pro
692 2434 782 2464 nulla
809 2439 984 2474 reputatur.
1017 2434 1122 2474 Ergo,
1146 2435 1172 2464 si
1195 2440 1269 2474 post
1290 2434 1389 2466 talem
1404 2442 1429 2462 5⁰
1443 2433 1610 2464 adstrictus
1626 2433 1667 2477 ad
1680 2433 1881 2465 reddendum
1896 2434 2041 2466 debitum
2057 2435 2087 2465 ei
2102 2435 2159 2475 qui
2174 2444 2243 2466 non
2257 2436 2392 2466 servavit
2402 2435 2511 2468 fidem.

316 2479 554 2521 professionem
583 2478 623 2509 ad
652 2487 788 2509 uxorem
817 2478 942 2515 redeat,
972 2484 1100 2509 tenetur
1129 2488 1206 2510 eum
1235 2480 1387 2519 recipere.
1443 2478 1485 2509 Et
1506 2483 1638 2518 propter
1660 2478 1725 2509 hoc
1748 2479 1951 2519 excipiuntur
1980 2484 2104 2519 septem
2135 2488 2227 2511 casus
2248 2480 2282 2510 in
2305 2480 2422 2520 quibus
2444 2490 2513 2512 non

317 2525 404 2565 Ergo
427 2533 536 2564 neque
557 2532 616 2564 per
637 2524 806 2554 introitum
827 2524 887 2554 viri
909 2524 944 2554 in
965 2523 1172 2563 religionem,
1196 2533 1305 2564 neque
1330 2533 1389 2565 per
1442 2522 1518 2553 licet
1532 2523 1601 2554 viro
1617 2532 1753 2553 uxorem
1769 2523 1926 2554 dimittere
1942 2523 2165 2560 fornicantem,
2182 2524 2216 2555 in
2232 2525 2349 2564 quibus
2364 2525 2416 2555 vel
2431 2535 2513 2556 uxor

317 2574 442 2605 votum,
467 2568 559 2599 datur
580 2567 708 2598 mulieri
730 2573 871 2608 potestas
893 2567 1038 2599 nubendi
1060 2568 1159 2598 alteri.
1443 2577 1461 2598 a
1476 2567 1572 2608 culpa
1586 2568 1741 2598 immunis
1757 2573 1815 2603 est,
1830 2568 1882 2599 vel
1897 2569 2025 2608 utn‘que
2048 2569 2222 2608 aequaliter
2237 2568 2412 2608 culpabiles
2427 2575 2511 2601 sunt.

373 2613 436 2644 San
460 2622 594 2649 coma,
617 2612 726 2643 nullus
749 2617 856 2652 potest
879 2613 1015 2643 alterum
1037 2612 1178 2653 obligare
1196 2612 1237 2643 ad
1252 2622 1291 2643 ea
1305 2622 1388 2653 quae
1497 2612 1623 2643 Primus
1647 2617 1704 2649 est,
1720 2612 1747 2643 si
1761 2613 1831 2653 ipse
1846 2613 1894 2644 vir
1912 2613 2055 2644 similiter
2070 2612 2244 2644 fornicatus
2259 2613 2355 2644 fuerit
2369 2614 2396 2644 ’ἦ
2412 2631 2433 2636 -
2457 2613 2513 2645 Se-

316 2663 392 2688 sunt
414 2656 632 2698 perfectionis.
656 2656 720 2688 Sed
743 2657 942 2687 continentia
964 2662 1012 2688 est
1034 2656 1075 2688 de
1097 2658 1146 2687 his
1162 2666 1246 2697 quae
1261 2657 1301 2688 ad
1316 2667 1388 2698 per-
1403 2668 1426 2689 55
1442 2656 1568 2687 cundus
1590 2657 1617 2687 si
1639 2657 1708 2697 ipse
1739 2666 1874 2688 uxorem
1900 2657 2098 2697 prostituerit
2119 2658 2146 2688 ³.
2168 2675 2192 2681 -
2214 2657 2360 2694 Tertius,
2383 2658 2409 2689 si
2431 2668 2513 2689 uxor

316 2702 493 2733 sectionem
521 2702 692 2742 pertinent.
723 2701 809 2741 Ergo
833 2701 949 2732 mulier
971 2711 1039 2732 non
1063 2707 1199 2732 arctatur
1222 2701 1262 2732 ad
1285 2703 1388 2733 conti-
1441 2701 1547 2741 virum
1570 2701 1776 2742 probabiliter
1794 2707 1961 2733 mortuum
1980 2701 2113 2733 credens
2134 2707 2266 2742 propter
2287 2702 2419 2743 longam
2442 2703 2509 2733 eius

315 2747 460 2778 nentiam
484 2755 522 2776 ex
545 2747 609 2777 hoc
640 2745 731 2786 quod
759 2746 808 2776 vir
835 2746 1024 2786 religionem
1053 2746 1239 2787 ingreditur.
1272 2746 1315 2777 Et
1342 2748 1388 2778 sic
1442 2746 1630 2782 absentiam,
1641 2746 1731 2777 alteri
1745 2747 1891 2786 nupserit
1899 2740 2114 2784 *.—Quartus
2127 2751 2184 2783 est,
2195 2747 2219 2777 si
2235 2746 2370 2778 latenter
2384 2748 2512 2788 cognita

316 2797 424 2833 potest
445 2791 578 2821 nubere.
1442 2795 1490 2820 est
1505 2791 1544 2821 ab
1560 2790 1670 2831 aliquo
1686 2791 1746 2821 sub
1765 2791 1872 2831 specie
1887 2791 1946 2822 viri
1964 2791 2084 2822 lectum
2108 2791 2304 2822 subintrante
2320 2792 2346 2822 *.
2363 2809 2384 2815 -
2407 2791 2511 2829 Quin-

372 2836 563 2866 Rnsmuono
593 2844 754 2865 DIOENDUM
782 2834 888 2874 quod,
913 2835 996 2865 sicut
1020 2844 1108 2866 mors
1132 2835 1307 2875 corporalis
1329 2837 1388 2866 viri
1441 2839 1504 2869 tus,
1527 2835 1554 2865 si
1576 2834 1672 2866 fuerit
1694 2836 1726 2866 vi
1749 2845 1903 2876 oppressa
1917 2836 1944 2867 ³.
1959 2854 1983 2859 -
2006 2835 2129 2872 Sextus,
2153 2836 2179 2866 si
2201 2836 2418 2867 reconciliavit
2440 2846 2511 2868 eam

316 2881 380 2911 hoc
405 2879 506 2910 modo
527 2879 695 2910 vinculum
717 2879 952 2909 matrimoniale
975 2879 1070 2910 solvit
1093 2885 1129 2910 ut
1151 2880 1267 2910 mulier
1290 2880 1390 2911 nubat
1401 2885 1429 2905 60
1442 2879 1502 2909 sibi
1524 2885 1599 2919 post
1618 2879 1811 2910 adulterium
1838 2885 2075 2920 perpetratum,
2100 2880 2265 2911 carnaliter
2295 2890 2367 2911 eam
2390 2890 2511 2920 cogno-

316 2925 372 2956 eui
393 2925 472 2961 vult,
488 2923 668 2954 secundum
691 2923 842 2964 Apostoli
865 2924 1056 2954 sententiam
1071 2925 1106 2961 ’ς
1129 2924 1173 2954 ita
1197 2925 1293 2955 etiam
1315 2930 1389 2965 post
1442 2933 1534 2954 scens
1554 2925 1582 2954 “.
1596 2942 1620 2947 —-
1642 2924 1822 2965 Septimus,
1845 2925 1874 2955 si
1895 2925 1930 2955 in
1951 2925 2159 2955 matrimonio
2174 2925 2208 2955 in
2226 2924 2413 2956 infidelitate
2434 2926 2511 2956 utri-

316 2975 457 3001 mortem
479 2969 677 3009 spiritualem
699 2968 758 2998 viri
785 2978 844 3008 per
872 2968 1034 3008 religionis
1061 2969 1241 3009 ingressum
1270 2970 1389 3010 poterit
1442 2978 1547 3008 usque
1570 2974 1736 2999 contracto
1758 2969 1807 3000 vir
1822 2968 1944 3000 dederit
1959 2970 2053 3000 uxori
2075 2969 2219 3000 libellum
2241 2969 2367 3010 repudii
2383 2974 2415 3000 et
2429 2979 2511 3000 uxor

317 3015 372 3046 cui
393 3013 533 3044 voluerit
553 3014 676 3044 nubere
691 3013 718 3043 *.
1443 3013 1532 3043 alteri
1546 3014 1700 3053 nupserit.
1725 3013 1822 3044 Tunc
1836 3014 1934 3049 enim,
1950 3014 1977 3045 si
1999 3019 2136 3054 uterque
2156 3019 2369 3051 convertatur,
2385 3019 2511 3045 tenetur

372 3058 424 3089 An
446 3067 565 3088 pmmm
588 3067 671 3088 mzoo
695 3067 856 3087 mmmmm
881 3056 980 3098 quod,
1005 3056 1136 3097 quando
1160 3062 1297 3098 uterque
1320 3059 1389 3098 pari
1443 3067 1516 3088 eam
1537 3058 1586 3088 vir
1606 3058 1751 3098 recipere
1764 3059 1792 3088 '.
2157 3090 2160 3095 ,

316 3108 396 3134 voto
420 3102 653 3133 continentiam
675 3107 789 3139 vovet,
812 3107 891 3132 tunc
920 3107 1035 3132 neuter
1064 3102 1227 3142 coniugali
1255 3103 1387 3133 vinculo
1401 3105 1426 3131 65
1497 3102 1549 3132 An
1565 3112 1683 3132 panum
1698 3112 1782 3133 aneo
1807 3112 1968 3133 memmi
1991 3103 2081 3143 quod
2094 3103 2152 3139 vir,
2168 3103 2195 3133 si
2217 3101 2353 3134 dimittat
2375 3112 2510 3134 uxorem

318 3147 533 3184 abrenuntiat,
547 3152 579 3177 et
600 3145 676 3178 ideo
700 3146 805 3177 adhuc
828 3152 946 3177 manet.
971 3146 1034 3177 Sed
1057 3146 1189 3186 quando
1211 3156 1297 3177 unus
1318 3152 1388 3178 tan-
1442 3145 1655 3177 fornicantem
1670 3147 1772 3177 livore
1787 3147 1957 3184 vindictae,
1973 3153 2096 3188 peccat.
2119 3147 2153 3178 Si
2168 3152 2277 3178 autem
2292 3147 2334 3178 ad
2346 3147 2510 3178 infamiam

318 3197 389 3222 tum
411 3196 518 3228 vovet,
541 3196 630 3227 tunc,
655 3197 814 3232 quantum
837 3196 885 3221 est
907 3191 941 3221 in
964 3200 1008 3227 se,
1033 3191 1236 3222 abrenuntiat
1256 3191 1387 3222 vinculo
1442 3191 1606 3232 propriam
1626 3191 1812 3228 cavendam,
1827 3201 1870 3223 ne
1885 3191 2029 3223 videatur
2051 3193 2208 3232 particeps
2225 3192 2381 3228 criminis;
2404 3191 2455 3222 vel
2471 3191 2511 3221 ad

320 3235 493 3276 coniugali.
517 3236 558 3266 Et
579 3235 655 3266 ideo
677 3235 756 3266 alter
779 3236 953 3267 absolvitur
975 3245 994 3266 a
1016 3236 1148 3266 vinculo
1170 3235 1238 3266 ino.
1442 3236 1557 3266 vitium
1579 3236 1688 3266 uxoris
1704 3235 1946 3276 corrigendum;
1970 3237 2020 3267 vel
2044 3236 2084 3267 ad
2106 3235 2274 3267 vitandum
2287 3236 2386 3277 prolis
2408 3236 2510 3267 incer-

374 3280 426 3311 An
449 3289 613 3310 summm
638 3290 801 3311 nrcannmr
823 3280 913 3320 quod
935 3290 1005 3311 non
1026 3281 1214 3321 intelligitur
1241 3285 1388 3311 mortuus
1442 3280 1630 3316 titudinem,
1654 3290 1723 3311 non
1745 3286 1868 3320 peccat.

319 3325 451 3355 saeculo
472 3333 534 3364 per·
551 3324 714 3365 religionis
740 3325 920 3366 ingressum
950 3334 1124 3365 quousque
1152 3323 1388 3365 professionem
1402 3332 1429 3353 ⁷⁰
1497 3325 1550 3355 An
1573 3334 1737 3355 sncmmuu
1759 3335 1922 3355 metiuntur
1951 3324 2041 3365 quod
2071 3325 2244 3356 divortium
2267 3333 2305 3355 ex
2328 3333 2422 3355 causa
2444 3322 2509 3354 for-

320 3369 468 3400 emiserit.
492 3369 534 3399 Et
548 3368 622 3399 ideo
641 3378 746 3410 usque
761 3369 802 3400 ad
816 3375 945 3410 tempus
968 3369 1048 3400 illud
1070 3375 1198 3400 tenetur
1215 3379 1292 3400 eum
1306 3379 1388 3400 uxor
1441 3369 1611 3400 nioetionis
1634 3368 1672 3400 fit
1693 3378 1762 3399 uno
1785 3375 1955 3400 accusante
1978 3370 2087 3400 alium.
2111 3370 2154 3400 Et
2176 3370 2252 3409 quia
2274 3369 2381 3399 nullus
2403 3373 2510 3408 potest

319 3422 377 3444 sua
400 3418 576 3453 expectare.
1441 3423 1592 3444 accusare
1621 3414 1678 3454 qui
1699 3414 1733 3444 in
1757 3414 1853 3444 simili
1882 3414 2015 3444 crimine
2045 3415 2149 3445 existit
2162 3415 2195 3450 *,
2220 3413 2350 3454 quando
2374 3418 2508 3452 uterque

374 3458 426 3488 An
450 3467 585 3487 mrim
607 3467 768 3489 nrcuumm
790 3458 882 3498 quod
903 3458 944 3490 de
966 3458 1169 3499 professione
1198 3459 1245 3489 sic
1274 3459 1388 3489 emissa
1441 3458 1617 3489 fornicatur
1640 3457 1814 3488 divortium
1837 3458 1988 3489 celebrari
2009 3468 2080 3489 non
2101 3463 2224 3498 potest:
2248 3458 2394 3498 quamvis
2409 3457 2508 3496 magis

320 3507 394 3533 ante
409 3507 538 3542 tempus
561 3501 841 3533 determinatuma
855 3503 925 3534 iure
948 3509 996 3534 est
1015 3503 1102 3534 idem
1125 3502 1281 3534 iudicium
1298 3503 1388 3543 quod
1441 3509 1593 3543 peccetur
1622 3508 1734 3533 contra
1763 3503 2007 3534 matrimonium
2034 3509 2175 3543 utroque
2204 3502 2383 3533 fornicante
2410 3509 2508 3541 quam

320 3546 360 3577 de
383 3552 461 3577 voto
495 3546 642 3586 simplici.
675 3546 788 3583 Unde,
813 3548 896 3578 sicut
924 3553 999 3588 post
1027 3553 1143 3578 votum
1173 3547 1308 3588 simplex
1329 3548 1388 3578 viri
1401 3556 1425 3577 ⁷5
1442 3547 1541 3578 aloero
1564 3553 1700 3578 tanturn.

2543 621 2553 631 ·
2564 619 2599 641 Cf.
2611 626 2649 648 qu.
2660 627 2706 648 ux,
2716 621 2756 642 In—

2544 646 2603 668 trod.

2542 1421 2552 1431 ·
2565 1420 2604 1442 Aa
2615 1421 2690 1448 Rom„
2702 1427 2754 1449 cap.

2541 1453 2650 1473 xn,vers.
2661 1454 2693 1475 17:
2703 1447 2755 1470 lad

2543 1473 2638 1500 Thess„
2654 1480 2705 1502 eap.
2725 1481 2740 1495 v
2750 1491 2756 1501 ,

2542 1506 2600 1522 vers.
2618 1507 2656 1528 ¹5:
2671 1501 2755 1527 1Pet.‚

2542 1532 2592 1554 cap.
2608 1533 2641 1553 ιιι,
2657 1533 2717 1549 vers.
2732 1533 2754 1555 9.

2541 1637 2552 1648 ·
2562 1636 2595 1667 (ξι
2613 1636 2754 1668 ,διζπῇῆςῆα-

2541 1665 2580 1689 sn,
2606 1669 2619 1684 e
2627 1663 2741 1684 Dwortns
2746 1670 2755 1689 ,·

2542 1689 2752 1743 effugaffiff’qu·

2540 2082 2626 2105 ‘Vera
2642 2088 2683 2112 3²3
2699 2089 2751 2110 cap.

2540 2115 2588 2135 xix,
2603 2115 2662 2132 vers.
2678 2115 2700 2138 9.

2541 2174 2550 2182 ·
2556 2171 2590 2193 Cf.
2598 2171 2753 2200 deReg-Iur„

2540 2204 2589 2247 ἓξ..
2597 2204 2666 2225 ιιιν,
2676 2199 2699 2220 in
2709 2199 2752 2221 Se-

2541 2615 2551 2625 ·
2577 2613 2634 2635 Can.
2655 2613 2740 2635 Nihil

2540 2640 2575 2688 Ξῖιὶ
2592 2641 2658 2688 uffs,
2674 2647 2737 2663 caus.

2629 2674 2684 2699 ..qu-⁴
2701 2674 2737 2694 v1;

2539 2694 2630 2742 ῗῗῖράὲς
2651 2694 2738 2752 'iffi'

2539 2748 2548 2758 ·
2557 2737 2613 2774 C'ap.
2622 2747 2753 2779 Ducretr‘oss

2539 2774 2697 2857 igmf'ffizff·
2705 2781 2752 2855 ,ἵζ’

2539 2853 2657 2907 siff:
2682 2860 2750 2908 3:³⁸1

2538 2910 2614 2980 ξζςέη.
2625 2932 2651 2954 In
2660 2933 2751 2961 lectum,

2538 2987 2548 2997 ,
2713 2987 2718 2991 .

2538 2986 2749 3043 οῇῗῖἱῖὔῖἶὲἕῖ

2538 3045 2559 3060 v.
2570 3051 2581 3055 -
2592 3039 2627 3061 cf.
2646 3039 2749 3062 Grannn.

2537 3072 2550 3087 ⁸
2569 3066 2679 3118 ⁹332?
2699 3073 2749 3088 ‘²¹¹'

2538 3119 2674 3173 Lxffssssaf'
2686 3125 2750 3167 033¹:

2538 3172 2631 3199 XXXII,
2646 3178 2684 3200 qu.
2701 3178 2715 3194 ι.

2538 3201 2547 3210 ·
2571 3199 2627 3226 Cap.
2653 3198 2748 3220 Gaude-

2537 3231 2596 3252 παι-τ,
2611 3225 2641 3247 de
2654 3225 2748 3247 Divorl.

2537 3415 2547 3426 ·
2561 3414 2616 3436 Can.
2627 3414 2656 3436 Su·
2668 3415 2746 3440 testes,

2537 3447 2599 3463 caus.
2614 3440 2660 3467 IV,
2676 3447 2714 3468 qu.
2730 3446 2747 3461 ιι

2536 3472 2664 3519 ῑὲὲέὲῐαὲ·
2680 3466 2749 3514 axz:

2535 3522 2560 3542 et
2571 3520 2650 3542 Attea.
