2878 4088
1386 179 1550 216 INDEX

603 261 795 296 QUAESTIO
819 261 1190 289 OCTOGESIMAPRIMA

634 312 683 340 De
705 311 872 347 qualitate
893 311 1158 346 resurgentium.

532 386 634 413 Utrum
667 393 769 412 omnes
801 383 985 412 resurrecturi
1013 383 1069 411 sint
1097 383 1126 410 in
1155 383 1255 410 eadem

570 431 678 459 aetate,
702 424 808 452 scilicet
829 423 945 452 iuvenili
948 443 1256 451 ...........

533 466 635 493 Utrum
675 474 777 492 omnes
816 463 1001 492 resurrecturi
1036 463 1092 490 sint
1127 462 1256 490 elusdem

570 511 696 532 staturae
700 524 1254 532 ...................
1309 511 1324 526 x
1387 499 1425 527 ib.

483 567 489 573 .
532 545 635 572 Utrum
657 553 760 572 omnes
774 543 960 572 resurrecturi
975 543 1031 571 sint
1045 543 1074 571 in
1090 552 1158 570 sexu
1172 541 1255 570 virili.
1310 551 1324 566 »
1372 540 1425 568 186

531 585 633 613 Utrum
655 584 841 613 resurrecturi
868 584 924 612 sint
946 584 975 611 in
997 583 1054 611 vita
1075 582 1203 617 animali,
1225 589 1256 610 ut

570 625 677 653 scilicet
705 631 822 652 utantur
849 632 914 652 actu
943 623 1096 651 nutritivae
1122 630 1150 650 et
1170 631 1256 660 gene·
1386 659 1392 665 ⁸

570 665 676 693 rativae
680 684 1252 692 ....................
1307 672 1322 686 »
1385 660 1423 687 lb.

570 728 764 763 QUAESTlO
788 710 1219 755 OCTOGESIMASECUNDA

486 779 535 808 De
557 778 808 810 conditionibus
829 779 1011 807 beatorum
1032 775 1298 810 resurgentium.

1282 430 1354 460 pag.
1373 421 1424 448 185

358 839 427 859 ART.
449 839 460 858 1
532 831 632 858 Utrum
656 839 780 866 corpora
802 835 968 857 sanctorum
984 833 1050 863 post
1071 824 1255 853 resurrectio-

569 880 636 897 ncm
659 870 753 897 futura
768 869 825 897 sint
843 866 1032 904 impassibilia
1035 886 1252 893 ........
1308 875 1322 890 »
1371 863 1424 899 187

401 922 416 937 »
448 919 479 939 11.
532 911 634 938 Utrum
656 908 869 945 impassibilitas
890 907 918 934 in
942 905 1078 934 omnibus
1103 904 1199 932 futura
1220 904 1255 932 sit

569 949 697 985 aequalis
700 966 1253 976 ...................
1308 955 1322 969 »
1356 972 1358 975 ,
1371 944 1423 971 188

400 1002 415 1017 »
447 999 489 1018 111.
531 991 633 1018 Utrum
655 986 869 1023 impassibilitas
890 995 1007 1014 sensum
1029 985 1059 1013 in
1078 991 1144 1013 actu
1159 994 1175 1013 a
1191 993 1254 1013 cor-

567 1027 686 1064 poribus
707 1027 840 1064 gloriosis
869 1027 1001 1055 excludat
1005 1045 1253 1053 .........
1308 1035 1322 1050 »
1370 1024 1423 1060 189

400 1079 414 1094 s
447 1077 486 1096 rv.
530 1069 632 1096 Utrum
655 1068 742 1096 futuri
764 1068 820 1095 sint
841 1067 880 1094 ibi
895 1075 997 1094 omnes
1019 1074 1120 1093 sensus
1135 1065 1164 1092 in
1179 1071 1254 1092 actu.
1308 1075 1323 1090 »
1386 1063 1424 1092 ib.

586 1129 779 1164 QUAESTIO
803 1128 1196 1156 OCTOGESIMATERTIA

551 1181 600 1209 De
622 1175 813 1209 subtilitate
835 1186 1018 1215 corporum
1038 1178 1231 1207 beatorum.

529 1233 632 1260 Utrum
654 1230 795 1259 subtilitas
812 1230 847 1258 sit
861 1229 1021 1266 proprietas
1043 1229 1174 1265 corporis
1193 1229 1254 1266 glo-

567 1271 636 1300 riosi
639 1290 1253 1300 .....................
1308 1280 1322 1295 »
1371 1278 1419 1305 191

530 1313 633 1340 Utrum
664 1311 776 1340 ratione
804 1310 888 1338 huius
918 1309 1081 1338 subtilitatis
1109 1315 1256 1344 competat

569 1351 685 1388 corpori
716 1351 796 1387 quod
823 1350 859 1378 sit
886 1350 972 1380 simul
999 1350 1028 1378 in
1055 1351 1159 1378 eodem
1188 1349 1254 1377 loco

568 1401 635 1420 cum
656 1391 713 1419 alio
736 1399 859 1426 corpore
880 1400 941 1418 non
962 1390 1090 1427 glorioso
1094 1410 1252 1418 ......
1307 1399 1322 1414 »
1386 1388 1423 1416 ib.

399 1445 414 1461 »
446 1441 487 1461 m.
529 1433 633 1461 Utmm
648 1441 699 1468 per
713 1431 884 1458 miraculum
907 1430 969 1458 fieri
989 1429 1082 1466 possit
1099 1429 1179 1466 quod
1193 1429 1252 1457 duo

568 1481 692 1508 corpora
714 1471 771 1499 sint
791 1470 821 1498 in
843 1471 946 1498 eodem
969 1470 1035 1498 loco
1039 1490 1252 1498 ........
1307 1478 1322 1494 ι

528 1513 631 1541 Utrum
660 1520 766 1547 corpus
794 1510 953 1545 gloriosum
981 1510 1074 1546 possit
1099 1518 1161 1537 esse
1187 1518 1254 1537 cum

566 1552 623 1580 alio
645 1551 773 1589 glorioso
792 1551 822 1579 in
837 1551 941 1579 eodem
965 1550 1030 1578 loco
1034 1571 1253 1578 ........
1307 1559 1322 1574 1)

527 1594 630 1622 Utrum
653 1602 686 1620 ex
708 1601 760 1620 sua
782 1591 936 1619 subtilitate
957 1596 1140 1618 removeatur
1159 1599 1176 1618 a
1190 1599 1252 1618 cor-

566 1642 636 1670 pore
658 1632 786 1670 glorioso
814 1631 968 1659 necessitas
995 1630 1134 1659 existendi
1155 1630 1184 1658 in
1206 1639 1253 1658 ae-

567 1672 646 1710 quali
667 1674 733 1701 loco
737 1691 1251 1700 ..................
1305 1680 1320 1694 ¹>
1383 1668 1422 1697 ib.

528 1714 630 1741 Utrum
653 1722 759 1749 corpus
780 1712 939 1749 gloriosum
961 1711 1073 1739 ratione
1090 1710 1253 1738 subtilitatis

567 1753 603 1781 sit
628 1752 822 1789 impalpabile.
851 1772 1251 1780 ..............
1306 1760 1321 1776 :v

1370 1468 1421 1504 193

1370 1557 1424 1585 194

1368 1749 1420 1785 195

576 1834 768 1868 QUAESTIO
791 1832 1206 1866 OCTOGESIMAQUARTA

428 1883 478 1913 De
499 1883 655 1919 agilitate
676 1884 858 1912 beatorum
880 1889 1063 1918 corporum
1083 1880 1348 1916 resurgentium.

355 1958 423 1979 ΛΒΤ.
445 1959 466 1978 1.
527 1951 631 1977 Utrum
657 1956 781 1984 corpora
806 1949 934 1984 gloriosa
959 1949 1016 1976 sint
1041 1948 1136 1976 futura
1157 1947 1249 1984 agilia.
1305 1959 1319 1974 t
1383 1947 1422 1975 ib.

397 2001 413 2017 ι
445 1999 476 2018 11.
527 1990 630 2017 Utrum
652 1988 776 2024 agilitate
791 1997 843 2016 sua
857 1988 1014 2024 aliquando
1036 1997 1124 2016 usura
1142 1987 1253 2016 sintita

567 2029 646 2065 quod
673 2035 845 2056 moveantur
847 2049 1250 2056 ..............
1304 2038 1320 2054 ›
1368 2028 1420 2063 196

397 2081 412 2095 »
445 2077 486 2097 m.
528 2070 631 2097 Utrum
659 2075 830 2096 moveantur
856 2068 885 2096 in
906 2068 1023 2096 instanti
1028 2090 1249 2096 ........
1305 2079 1319 2094 »
1368 2077 1421 2104 197

582 2132 774 2167 QUAESTIO
798 2132 1194 2170 OCTOGESIMAQUINTA

558 2183 608 2211 De
635 2183 794 2211 claritate
820 2189 1002 2218 corporum
1028 2183 1220 2211 beatorum.

353 2249 422 2269 ΛΒΤ.
443 2249 463 2268 1.
526 2241 628 2268 Utrum
656 2239 827 2275 corporibus
851 2238 984 2276 gloriosis
1012 2239 1123 2267 claritas
1145 2248 1250 2267 conve-

565 2279 624 2307 niat
627 2299 1248 2307 .....................
1304 2291 1319 2305 »
1366 2281 1419 2316 198

395 2332 411 2348 ›
443 2329 474 2349 11.
526 2321 628 2348 Utrum
651 2320 764 2348 claritas
778 2319 909 2356 corporis
922 2319 1040 2356 gloriosi
1056 2319 1147 2356 possit
1161 2319 1250 2347 videri

565 2361 600 2388 ab
616 2361 702 2388 oculo
720 2369 780 2387 non
800 2359 931 2396 glorioso
935 2381 1248 2388 ...........
1304 2371 1318 2386 a>
1366 2369 1419 2396 199

396 2412 411 2427 ι
443 2409 485 2428 111.
527 2401 630 2430 Utrum
649 2409 754 2436 corpus
768 2400 927 2436 gloriosum
943 2400 1106 2428 necessario
1122 2400 1251 2428 videatur

468 2438 497 2459 3
563 2449 580 2468 a
601 2449 724 2476 corpore
746 2449 806 2468 non
832 2440 961 2477 glorioso
965 2462 1248 2468 ..........
1304 2451 1318 2466 »
1362 2447 1419 2468 200

587 2504 781 2538 QUAESTIO
806 2488 1185 2532 OCTOGESIMASEXTA

352 2555 402 2584 De
417 2553 671 2584 conditionibus
693 2561 877 2586 corporum
901 2553 1141 2584 damnatorum
1155 2556 1420 2591 resurgentium.

352 2621 421 2642 ΛΚΤ.
443 2622 462 2641 1.
525 2614 626 2641 Utrum
653 2622 777 2649 corpora
803 2613 1007 2641 damnatorum
1030 2623 1096 2641 cum
1119 2614 1177 2642 suis
1199 2615 1248 2642 de-

564 2653 756 2680 formitatibus
782 2660 975 2681 resurrectura
1000 2653 1057 2681 sint
1059 2675 1246 2683 .......
1301 2666 1315 2681 >v
1379 2655 1417 2684 ib.

394 2705 408 2720 »
441 2702 471 2722 11.
522 2694 626 2721 Utrum
648 2702 773 2729 corpora
794 2694 997 2721 damnatorum
1021 2694 1116 2722 futura
1135 2693 1191 2722 sint
1205 2694 1248 2722 in—

562 2733 758 2769 corruptibilia
762 2755 1246 2762 .................
1302 2747 1315 2761 »
1360 2743 1412 2764 2ο1

394 2784 409 2799 2
442 2781 482 2801 111.
524 2774 626 2801 Utrum
648 2773 743 2801 futura
765 2773 821 2801 sint
839 2773 1025 2810 impassibilia
1028 2795 1246 2803 ........
1300 2787 1314 2801 »
1339 2780 1341 2783 ’
1378 2776 1417 2804 ib.

566 2854 759 2889 QUAESTIO
782 2855 1201 2883 OCTOGESIMASEPTIMA

477 2904 528 2933 De
549 2905 744 2940 cognitione
767 2912 869 2940 quam
891 2905 1068 2934 habebunt
1087 2906 1289 2936 resuscitati

428 2943 463 2972 in
483 2943 606 2973 iudicio
627 2946 790 2980 respectu
811 2945 1010 2974 meritorum
1033 2945 1068 2973 et
1090 2944 1342 2976 demet-iterum.

350 3018 420 3039 ΛΚΤ.
442 3019 461 3038 1.
523 3011 627 3038 Utrum
655 3018 722 3047 post
749 3011 989 3040 resurrectionem
1018 3012 1185 3049 cogniturus
1213 3013 1248 3041 sit

562 3049 681 3086 quilibet
702 3051 800 3079 omnia
822 3059 938 3088 peccata
961 3061 1034 3088 quae
1056 3052 1130 3080 fecit.
1147 3075 1153 3081 .
1178 3075 1184 3080 .

523 3091 626 3118 Utrum
659 3090 778 3126 quilibet
809 3098 912 3127 potens
944 3092 1055 3120 futurus
1087 3093 1122 3120 sit
1153 3093 1246 3130 legere

561 3130 661 3157 omnia
682 3140 756 3166 quae
770 3138 836 3158 sunt
853 3131 882 3159 in
901 3132 1076 3160 conscientia
1091 3133 1215 3161 alterius.
1239 3155 1245 3161 .

395 3178 410 3193 1>
442 3175 482 3196 111.
524 3171 625 3198 Utrum
654 3170 752 3198 omnia
778 3170 879 3198 merita
899 3172 943 3199 vel
966 3172 1105 3200 demerita
1129 3173 1246 3209 propria

561 3217 589 3238 et
609 3210 702 3237 aliena
724 3211 760 3238 ab
782 3210 880 3247 aIIquo
906 3220 966 3239 uno
993 3211 1097 3240 intuitu
1122 3213 1247 3241 videnda

561 3249 616 3277 sint
618 3271 1243 3281 .....................

574 3311 764 3345 QUAESTIO
789 3314 1200 3344 OCTOGESIMAOCTAVA

413 3359 463 3389 De
483 3359 608 3389 iudicio
630 3363 787 3396 generali,
809 3364 964 3399 tempore
985 3364 1020 3392 et
1040 3363 1117 3392 loco
1137 3364 1173 3392 in
1194 3372 1262 3400 quo
1282 3364 1353 3395 fiet.

349 3418 417 3439 ΛΒΤ.
439 3419 460 3438 1.
522 3412 625 3439 Utrum
648 3413 780 3447 generale
801 3414 939 3441 iudicium
962 3414 997 3442 sit
1016 3415 1152 3442 futurum.
1175 3437 1181 3443 .
1205 3437 1211 3443 .
1236 3437 1242 3444 .
1297 3428 1311 3442 >›
1375 3417 1411 3444 ib.

391 3461 406 3476 2»
438 3459 468 3478 11.
521 3452 623 3479 Utrum
645 3451 783 3480 iudicium
798 3452 876 3488 illud,
892 3461 1033 3491 quantum
1048 3455 1085 3482 ad
1101 3455 1242 3491 discepta-

558 3491 667 3519 tionem
690 3499 717 3519 et
739 3493 918 3528 sententiam,
945 3494 1107 3522 faciendum
1136 3495 1171 3522 sit
1193 3505 1244 3531 per

559 3531 735 3559 locutionem
751 3532 879 3560 vocalem
883 3555 1240 3563 .............

1301 3066 1315 3080 D
1359 3062 1415 3083 202

394 3100 409 3115 Σ
441 3098 472 3118 ῙῙ.

1300 3145 1315 3160 »
1359 3135 1414 3162 203

1297 3263 1312 3278 ›
1357 3261 1415 3288 204

1296 3546 1310 3560 2>
1355 3535 1409 3562 205

2466 185 2540 222 263

1482 266 1549 287 ART.
1571 267 1613 287 111.
1656 261 1757 288 Utrum
1779 269 1892 299 tempus
1918 264 2004 292 futuri
2027 264 2123 293 iudicii
2145 265 2180 292 sit
2201 266 2340 302 ignotum.
2364 286 2371 293 .
2401 275 2471 304 pag.
2485 265 2539 293 205

1525 309 1538 324 2>
1570 307 1610 326 rv.
1652 301 1755 328 Utrum
1777 302 1913 330 iudicium
1936 303 2096 331 faciendum
2117 304 2152 332 sit
2166 305 2195 332 in
2210 305 2281 332 valle
2296 306 2372 333 losa-

1691 341 1775 376 phat‚
1797 349 1846 369 aut
1867 342 1896 369 in
1918 343 1982 371 loco
2010 344 2212 372 circumstante
2215 366 2371 372 ......
2426 355 2440 370 »
2485 345 2542 372 206

1727 402 1920 436 QUAESTIO
1943 404 2301 434 OCTOGESLMANONA

1554 450 1604 480 De
1625 450 1853 481 iudicantibus
1876 453 1910 480 et
1930 452 2090 483 iudicatis
2110 455 2146 483 in
2166 455 2288 484 iudicio
2310 456 2469 491 generali.

1481 510 1549 530 ΛΚΤ.
1571 510 1590 530 1.
1653 503 1755 530 Utrum
1783 503 1871 540 aliqui
1899 503 2032 531 homines
2059 505 2208 534 iudicaturi
2230 507 2286 534 sint
2307 516 2373 535 cum

1692 543 1806 571 Christo
1810 565 2372 574 ...................
2426 559 2441 573 »
2485 555 2540 584 207

1524 593 1538 608 >>
1571 591 1600 610 11.
1653 584 1755 610 Utrum
1778 583 1925 612 iudiciaria
1944 590 2071 620 potestas
2086 587 2310 621 correspondeat
2323 596 2373 614 vo-

1691 623 1831 651 luntariae
1860 623 2018 659 paupertati
2022 645 2372 654 ............
2425 637 2440 652 »
2504 627 2542 656 ib.

1523 673 1538 688 »
1570 671 1610 690 111.
1653 664 1755 690 Utrum
1773 664 1866 700 angeli
1882 665 2006 691 debeant
2026 664 2151 692 iudicare
2155 685 2371 693 ........
2426 677 2441 691 1>
2485 668 2541 695 208

1523 713 1537 727 »
1570 710 1608 730 1v.
1652 703 1754 730 Utrum
1777 710 1843 739 post
1869 703 1944 731 diem
1971 703 2068 732 iudicii
2094 704 2252 732 daemones
2273 714 2373 732 execu-

1690 742 1746 770 turi
1768 743 1824 770 sint
1849 743 2019 771 sententiam
2043 744 2145 772 Iudicis
2167 744 2196 771 in
2219 744 2371 772 damnatis.
2426 756 2441 771 »
2504 746 2541 774 ib.

1523 791 1537 805 »
1570 789 1598 809 v.
1651 783 1754 810 Utrum
1783 792 1885 810 omnes
1914 784 2047 811 homines
2070 784 2098 811 in
2121 784 2227 812 iudicio
2257 793 2374 820 compa-

1691 822 1771 850 rituri
1794 822 1850 850 sint
1853 845 2374 852 ..................
2429 835 2443 849 »
2486 832 2542 861 209

1523 870 1537 885 >>
1569 868 1609 888 vl.
1652 862 1754 889 Utrum
1777 863 1846 891 boni
1869 863 1897 891 in
1919 863 2027 892 iudicio
2049 864 2193 892 iudicandi
2216 864 2280 892 sint.
2306 886 2312 891 .
2337 886 2343 892 .
2367 885 2374 891 .
2428 875 2442 889 »
2504 864 2542 892 ib.

1523 911 1537 926 >›
1570 909 1620 929 vn.
1652 902 1753 930 Utrum
1777 903 1845 931 mali
1865 903 2010 932 iudicandi
2032 905 2089 932 sint
2092 926 2373 933 ..........
2428 915 2442 929 2»
2487 911 2544 932 210

1523 952 1537 966 »
1570 949 1630 969 vm.
1653 943 1755 970 Utrum
1782 943 1875 980 angeli
1900 944 1928 971 in
1951 944 2046 972 futuro
2073 944 2217 973 iudicandi
2244 944 2309 973 sint.
2335 967 2340 973 .
2365 967 2371 973 .
2426 955 2440 970 »
2503 943 2542 972 ib.

1781 1008 1974 1042 QUAESTIO
1996 1009 2246 1036 NONAGESIMA

1624 1058 1672 1086 De
1693 1057 1806 1087 forma
1827 1058 1952 1087 Iudicis
1974 1059 2145 1089 venientis
2166 1059 2211 1088 ad
2230 1059 2396 1088 iudicium.

1479 1117 1547 1137 ΛΒΤ.
1568 1117 1587 1137 1.
1652 1110 1753 1137 Utrum
1776 1110 1905 1138 Christus
1927 1110 1956 1138 in
1982 1110 2076 1138 forma
2103 1110 2176 1138 servi
2202 1110 2237 1138 sit
2265 1110 2372 1139 iudica-

1689 1156 1769 1177 turus
1773 1171 2250 1178 ................
2253 1162 2256 1168 ·
2274 1172 2280 1178 .
2304 1172 2310 1179 .
2334 1173 2340 1178 .
2364 1173 2370 1179 .
2426 1162 2440 1177 »
2503 1150 2541 1178 ib.

1521 1199 1536 1214 »
1568 1197 1598 1217 11.
1650 1190 1753 1217 Utrum
1776 1190 1906 1218 Christus
1920 1190 1949 1218 in
1964 1190 2071 1218 iudicio
2086 1190 2267 1227 appariturus
2287 1191 2323 1218 sit
2341 1191 2371 1219 in

1689 1230 1781 1257 forma
1796 1230 1982 1258 humanitatis
1997 1231 2122 1267 gloriosa
2125 1252 2372 1259 .........
2426 1242 2440 1257 »
2484 1238 2516 1258 21
2528 1240 2536 1258 1

1522 1280 1536 1294 a>
1569 1277 1609 1297 111.
1652 1270 1909 1314 Utrumldivinitas
1930 1280 1946 1298 a
1968 1270 2050 1298 malis
2071 1271 2132 1298 sine
2154 1271 2260 1308 gaudio
2279 1270 2369 1299 videri

1689 1317 1780 1345 possit
1783 1332 2370 1339 ....................
2425 1323 2439 1337 »
2483 1319 2540 1340 212

1719 1374 1911 1407 QUAESTIO
1935 1375 2304 1403 NONAGESIMAPRIMA

1512 1422 1562 1452 De
1583 1422 1749 1458 qualitate
1770 1423 1884 1452 mundi
1906 1425 1941 1453 et
1961 1425 2213 1459 resurgentium
2236 1426 2319 1460 post
2338 1424 2507 1455 iudicium.

1478 1481 1547 1502 ART.
1569 1482 1588 1502 1.
1651 1475 1752 1502 Utrum
1775 1475 1901 1502 mundus
1923 1475 2105 1503 innovandus
2119 1476 2155 1503 sit
2158 1497 2369 1504 ........
2424 1488 2438 1503 ›
2482 1478 2537 1505 213

1521 1525 1535 1540 »
1568 1522 1598 1542 11.
1651 1515 1754 1542 Utrum
1780 1522 1876 1542 motus
1903 1524 2058 1552 corporum
2087 1516 2252 1544 caelestium
2275 1516 2303 1544 in
2325 1516 2373 1544 illa

1689 1555 1790 1582 mundi
1811 1554 1999 1584 innovatione
2024 1562 2184 1584 cessaturus
2206 1556 2242 1584 sit
2244 1578 2370 1584 .....
2425 1568 2439 1582 »
2501 1556 2540 1585 ib.

1522 1605 1535 1620 »
1568 1603 1608 1622 111.
1651 1595 1752 1622 Utrum
1769 1595 1798 1622 in
1813 1596 1983 1632 corporibus
2004 1596 2172 1624 caelestibus
2194 1596 2306 1624 claritas
2321 1606 2370 1624 au-

1688 1636 1782 1671 genda
1803 1635 1839 1662 sit
1853 1635 1882 1663 111
1897 1635 1944 1664 illa
1963 1636 2149 1664 innovatione
2151 1657 2369 1664 ........
2424 1647 2439 1662 :v
2482 1637 2537 1664 215

1521 1686 1535 1700 x>
1568 1682 1607 1703 1v.
1650 1675 1752 1702 Utrum
1781 1676 1923 1703 elementa
1950 1676 2116 1704 innovanda
2142 1676 2198 1704 sint
2223 1685 2273 1713 per
2294 1685 2370 1705 rece-

1688 1715 1818 1751 ptionem
1841 1715 1960 1743 alicuius
1985 1716 2119 1744 claritatis
2123 1737 2369 1744 .........
2424 1727 2438 1742 »
2482 1717 2539 1744 216

1520 1765 1534 1780 2
1566 1763 1596 1782 v.
1649 1755 1750 1782 Utrum
1774 1756 1888 1791 plantae
1909 1763 1936 1783 et
1957 1756 2012 1783 alia
2040 1756 2176 1784 animalia
2204 1765 2372 1784 remansura

1688 1795 1745 1822 sint
1760 1795 1789 1822 in
1803 1795 1851 1822 illa
1872 1795 2060 1823 innovatione
2065 1818 2218 1823 ......
2237 1814 2240 1818 ›
2243 1817 2370 1824 .....
2424 1807 2439 1822 »
2483 1803 2539 1833 217

1688 1858 1880 1891 QUAESTIO
1903 1859 2332 1888 NONAGESIMASECUNDA

1529 1907 1580 1936 De
1601 1907 1736 1937 visione
1758 1908 1892 1937 divinae
1915 1909 2091 1978 etslsgntitae
2111 1917 2174 1945 per
2195 1910 2487 1946 comparationem

1910 1957 1932 1977 a
1999 1957 2041 1978 ea
2059 1957 2112 1978 os.

1650 1999 1751 2026 Utrum
1774 1999 1933 2027 intellectus
1948 2001 2092 2028 humanus
2114 2000 2204 2036 possit
2223 2001 2372 2037 pervenire

1688 2040 1724 2067 ad
1746 2039 1901 2067 videndum
1924 2041 2017 2068 Deum
2044 2050 2095 2076 per
2116 2040 2278 2068 essentiam.
2303 2063 2308 2068 .
2333 2063 2339 2068 .
2362 2062 2369 2069 .

1649 2080 1750 2107 Utrum
1782 2080 1873 2108 sancti
1904 2087 1969 2116 post
2004 2081 2241 2108 resurrectionem
2277 2083 2371 2108 Deum

1687 2120 1886 2156 corporalibus
1908 2121 1998 2148 oculis
2020 2121 2106 2148 visuri
2128 2121 2184 2148 sint
2188 2142 2371 2149 .......

1600 2180 1607 2187 .
1650 2161 1751 2187 Utrum
1774 2160 1864 2188 sancti
1886 2160 2014 2188 videntes
2036 2162 2129 2188 Deum
2149 2170 2200 2197 per
2217 2161 2369 2189 essentiam

1687 2200 1785 2228 omnia
1806 2200 1922 2228 videant
1943 2210 2016 2237 quae
2031 2203 2109 2228 Deus
2124 2201 2153 2228 111
2168 2201 2263 2237 seipso
2282 2201 2368 2229 videt.

1705 2265 1897 2297 QUAESTIO
1921 2264 2313 2292 NONAGESIMATERTIA

1522 2313 1572 2343 De
1594 2316 1794 2343 sanctorum
1816 2314 2026 2343 beatitudine
2048 2316 2083 2344 et
2104 2323 2222 2344 eorum
2244 2315 2492 2355 mansionibus.

1475 2373 1543 2393 Arx-r.
1565 2374 1584 2393 1.

2424 2052 2438 2067 »
2482 2042 2539 2070 218

2423 2131 2438 2147 »
2483 2128 2534 2149 221

2423 2212 2437 2226 lv
2481 2208 2538 2228 222

1647 2367 1749 2394 Utrum
1771 2366 1918 2394 beatitudo
1937 2373 2102 2394 sanctorum
2118 2367 2153 2394 sit
2168 2367 2260 2395 maior
2276 2367 2370 2394 futura

1685 2413 1751 2442 post
1773 2406 1911 2434 iudicium
1936 2416 2023 2443 quam
2047 2414 2114 2434 ante
2117 2428 2368 2435 .........
2422 2417 2437 2433 »
2481 2414 2539 2442 224

1517 2457 1532 2472 »
1565 2454 1594 2473 11.
1648 2447 1749 2474 Utrum
1779 2446 1961 2474 beatitudinis
1986 2448 2091 2484 gradus
2120 2447 2286 2474 mansiones
2312 2446 2368 2474 dici

1685 2487 1808 2514 debeant
1811 2507 2366 2515 ...................
2422 2498 2436 2513 ›
2480 2487 2535 2514 225

1517 2537 1531 2552 »
1564 2535 1605 2554 111.
1647 2527 1750 2554 Utrum
1770 2527 1898 2555 diversae
1913 2527 2078 2555 mansiones
2093 2526 2304 2563 distinguantur
2318 2536 2367 2563 pe-

1685 2577 1735 2595 nes
1751 2567 1878 2595 diversos
1900 2568 2006 2604 gradus
2027 2567 2151 2595 caritatis
2154 2587 2368 2594 ........
2422 2578 2437 2592 x>
2499 2566 2536 2594 ib.

1693 2632 1886 2666 QUAESTIO
1908 2615 2320 2666 NONAGESIMAQUARTA

1517 2681 1566 2710 De
1587 2681 1689 2710 modo
1711 2689 1778 2717 quo
1800 2689 1840 2710 se
1862 2682 1976 2711 sancti
1997 2682 2173 2711 habebunt
2194 2689 2277 2717 erga
2299 2681 2492 2711 damnatos.

1472 2747 1541 2768 ΛΒΤ.
1563 2748 1582 2767 1.
1645 2741 1746 2767 Utrum
1769 2739 1843 2766 beati
1865 2739 1913 2775 qui
1936 2746 2018 2767 erunt
2037 2739 2066 2766 in
2081 2739 2181 2775 patria,
2204 2739 2290 2766 visuri
2311 2738 2367 2766 sint

1681 2789 1791 2816 poenas
1817 2780 2021 2807 damnatorum
2026 2797 2364 2807 ............
2419 2790 2433 2804 »
2478 2780 2534 2806 226

1515 2831 1529 2846 >o
1562 2828 1591 2847 11.
1644 2820 1745 2847 Utrum
1769 2819 1844 2846 beati
1865 2819 1986 2846 miseriis
2014 2820 2217 2846 damnatorum
2247 2827 2365 2854 compa-

1683 2859 1789 2887 tiantur
1791 2878 2364 2886 ....................
2419 2869 2433 2883 »
2497 2858 2533 2886 ib.

1502 2908 1530 2926 ⁷>
1561 2908 1602 2927 111.
1646 2900 1748 2927 Utrum
1770 2899 1845 2926 beati
1867 2899 2007 2926 laetentur
2026 2899 2061 2926 de
2076 2898 2176 2934 poenis
2198 2897 2365 2933 impiorum.
2418 2908 2433 2923 ι
2478 2905 2534 2934 227

1697 2956 1890 2991 QUAESTIO
1914 2955 2310 2989 NONAGESIMAQUINTA

1789 3006 1838 3034 De
1861 3004 1998 3034 dotibus
2023 3007 2213 3034 beatorum.

1470 3066 1538 3086 ΛΒΤ.
1561 3066 1572 3085 1
1643 3058 1745 3085 Utrum
1766 3057 1919 3093 ponendae
1941 3056 1997 3083 sint
2018 3056 2131 3092 aliquae
2158 3057 2239 3083 dotes
2261 3055 2290 3083 in
2312 3056 2363 3083 ho-

1680 3097 1806 3124 minibus
1834 3096 1923 3124 beatis
1926 3116 2360 3123 ...............
2417 3107 2430 3121 »
2494 3096 2532 3124 ib.

1512 3149 1526 3163 »
1560 3146 1589 3164 11.
1643 3137 1745 3164 Utrum
1767 3137 1821 3164 dos
1847 3136 1882 3163 sit
1907 3135 1982 3163 idem
2010 3136 2089 3172 quod
2116 3135 2272 3163 beatitudo.
2296 3157 2301 3163 .
2326 3156 2332 3162 .
2356 3157 2362 3163 .
2417 3146 2431 3161 »
2475 3137 2531 3163 228

1512 3189 1526 3203 »
1560 3185 1600 3205 m.
1641 3177 1744 3204 Utrum
1767 3176 1881 3204 Christo
1908 3182 2053 3212 competat
2079 3176 2183 3203 habere
2209 3176 2300 3202 dotes.
2324 3195 2331 3202 .
2355 3196 2361 3202 .
2417 3186 2430 3201 »
2493 3175 2531 3203 ib.

1511 3228 1526 3243 »
1559 3225 1598 3244 rv.
1640 3217 1742 3244 Utrum
1765 3216 1857 3252 angeli
1883 3216 2007 3243 habeant
2029 3216 2110 3243 dotes
2114 3235 2360 3243 .........
2416 3226 2431 3241 »
2474 3222 2530 3252 229

1511 3268 1526 3282 »
1558 3265 1578 3283 v
1638 3257 1739 3284 Utrum
1763 3255 1967 3283 convenienter
1988 3262 2134 3292 ponantur
2148 3262 2203 3282 tres
2223 3263 2285 3282 esse
2300 3254 2361 3282 ani-

1679 3305 1743 3324 mae
1758 3297 1856 3323 dotes:
1872 3295 1977 3323 scilicet
1990 3295 2071 3329 visio,
2084 3295 2196 3322 dilectio
2211 3301 2238 3322 et
2254 3294 2357 3322 fruitio.
2413 3305 2427 3320 ›
2471 3295 2530 3322 230

1706 3351 1899 3385 QUAESTIO
1922 3350 2297 3379 NONAGESIMASEXTA

1884 3402 1933 3430 De
1955 3401 2118 3430 aureolis.

1467 3463 1534 3482 ART.
1557 3463 1576 3482 1.
1639 3455 1740 3482 Utrum
1763 3454 1880 3481 aureola
1901 3453 1936 3481 sit
1957 3453 2076 3489 aliquod
2099 3452 2176 3480 aliud
2198 3451 2357 3487 praemium

1675 3503 1691 3521 a
1713 3493 1842 3529 praemio
1864 3493 2015 3527 essentiali,
2039 3493 2118 3529 quod
2139 3501 2226 3520 aurea
2247 3491 2358 3519 dicitur.
2413 3502 2427 3517 »
2471 3492 2523 3519 231

1509 3546 1523 3560 »
1555 3543 1585 3562 11.
1638 3535 1739 3562 Utrum
1761 3534 1879 3562 aureola
1902 3533 2014 3561 differat
2034 3542 2051 3560 a
2073 3533 2163 3560 fructu
2166 3552 2357 3559 .......
2411 3542 2426 3556 »
2470 3531 2527 3558 232
