2918 4088
61 483 72 492 ·
87 480 152 502 Vera.
166 485 203 508 3⁹·
214 490 226 496 -
236 479 273 501 Cf.

61 507 140 529 Mntth.
155 511 206 533 cup.

61 539 121 555 vern.
139 540 145 555 ι
149 539 168 561 5.

61 587 73 598 ·
86 585 140 608 Vid.
159 591 184 607 ιι·
200 601 206 607 .
225 584 275 606 Sed

60 613 171 634 ωηο-α.-
202 611 218 633 f.

221 511 273 533 vm,

60 645 122 664 κων.
132 642 174 661 ut.
182 644 203 667 3,
213 617 272 660 ¹33.

58 847 71 858 ·
84 845 151 867 Vers.
161 851 191 872 ⁴7
206 852 258 874 sqq.

941 217 1206 276 QUAEsrlo
1234 229 1444 275 Lxxxvl,
1474 227 1768 266 ARTICULUS
1795 230 1846 266 vl

355 312 413 348 An
433 321 568 347 PRIMUM
588 320 686 345 ERGO
706 320 887 347 DICENDUM
907 309 1015 358 quod
1030 309 1136 345 Deus
1155 315 1277 345 totum
1299 308 1367 344 ho-

302 364 449 402 minem
467 363 631 412 perfecte
660 370 784 400 curat:
814 363 881 399 sed
906 362 1143 411 quandoque
1162 361 1301 407 subito,
1322 359 1366 397 si-

301 425 366 455 cut
384 428 542 454 socrum
556 414 657 452 Petri
676 415 802 454 statim
822 415 980 452 restituit
998 415 1186 464 perfectae
1206 413 1365 461 sanitati,

301 470 352 508 ita
370 477 413 507 ut
430 482 589 519 surgens
616 471 842 507 ministraret
860 471 904 514 ei,
925 476 968 506 ut
994 468 1129 516 legitur
1155 468 1250 504 Luc.
1272 479 1306 504 1v
1324 466 1365 512 *ς

300 523 539 573 quandoque
559 530 689 560 autem
710 522 936 567 successive,
958 521 1055 558 sicut
1078 521 1225 558 dictum
1244 528 1300 556 est
1318 520 1366 557 de

301 588 416 614 caeco
436 575 663 623 illuminato,
674 576 796 613 Marci
809 588 867 613 vm
881 575 912 612 *.
929 575 977 612 Et
991 575 1042 611 ita
1060 573 1176 610 etiam
1195 573 1367 623 spiritua-

300 629 383 667 liter
402 629 640 679 quandoque
669 637 773 666 tanta
800 627 1063 666 commotione
1091 626 1279 663 convertit
1300 638 1368 663 cor

300 682 470 720 hominis
489 690 532 720 ut
551 682 677 720 subito
695 682 860 731 perfecte
889 688 1150 729 consequatur
1167 679 1367 717 sanitatem

300 735 548 785 spiritualem,
563 747 644 772 non
659 736 784 773 solum
806 733 964 771 remissa
983 734 1107 782 culpa,
1123 733 1191 770 sed
1210 732 1366 769 sublatis

300 789 483 826 omnibus
502 788 647 838 peccati
666 787 854 837 reliquiis:
875 794 918 823 ut
935 794 1038 835 patet
1056 786 1105 822 de
1123 786 1364 834 Magdalena,

2407 232 2481 269 313

1473 308 1530 344 An
1559 319 1749 344 SECUNDUM
1768 319 1949 345 DICENDUM
1977 310 2084 358 quod
2112 311 2340 359 peccatum<
2369 313 2483 350 etiam

1420 361 1658 409 quandoque
1701 360 1826 397 statim
1871 360 2016 398 inducit
2057 363 2222 400 debilem
2269 364 2483 414 dispositio-

1420 425 1524 460 nem,
1554 421 1687 462 utpote
1715 425 1785 462 per
1807 425 1933 450 unum
1961 422 2089 451 actum
2119 425 2331 454 causatam:
2362 430 2483 467 quan—

1420 466 1552 515 doque
1580 474 1711 503 autem
1743 466 1955 514 fortiorem,
1985 476 2180 504 causatam
2200 475 2218 496 η
2246 481 2315 518 per
2342 473 2483 508 multos

1421 527 1539 556 actus.

1473 574 1531 609 An
1558 584 1718 609 TERTIUM
1746 584 1927 610 DxCENDUM
1956 574 2063 622 quod
2092 586 2172 610 uno
2201 583 2288 612 actu
2309 577 2484 613 humano

1418 637 1499 663 non
1526 627 1714 662 tolluntur
1742 637 1880 662 omnes
1908 625 2091 675 reliquiae
2120 627 2280 676 peccati:
2310 629 2412 677 quia,
2443 638 2484 665 ut

1419 678 1557 716 dicitur
1590 678 1629 715 in
1657 679 1972 716 Praedicamentis
1995 679 2030 726 ²¹⁶,
2055 692 2209 729 pravus,
2238 681 2289 717 ad
2315 683 2486 719 meliores

1418 733 1700 769 exercitationes
1727 731 1900 768 deductus
1915 730 1940 779 θ,
1961 733 2012 769 ad
2028 733 2216 770 modicum
2235 734 2376 783 aliquid
2395 748 2484 784 pro-

1407 786 1526 833 ficiet,
1551 791 1590 821 ut
1616 785 1750 822 melior
1775 787 1840 822 sit:
1867 785 2116 834 multiplicato
2146 794 2273 823 autern
2295 788 2483 835 exercitio,

299 842 488 879 Luc.vu*.
502 841 752 890 Quandoque
772 847 902 877 autem
916 839 1023 889 prius
1043 838 1197 875 remittit
1211 840 1366 887 culpam
1420 838 1468 875 ad
1497 839 1573 874 hoc
1600 837 1776 887 pervenit
1810 846 1851 875 ut
1880 838 1925 875 sit
1959 839 2087 876 bonus
2115 839 2251 876 virtute
2289 840 2483 889 acquisita.

298 907 369 944 per
400 895 560 944 gratiam
594 901 836 943 operantem,
871 900 907 929 et
938 899 1073 941 postea
1105 903 1175 940 per
1205 891 1367 939 gratiam
1420 892 1507 928 Hoc
1534 899 1663 928 autem
1700 892 1823 928 multo
1850 891 2043 929 efficacius
2079 892 2165 930 facit
2197 892 2328 930 divina
2355 894 2484 941 gratia,

299 955 574 997 cooperantem
602 946 815 984 successive
834 945 928 983 tollit
946 944 1092 995 peccati
1120 944 1310 994 reliquias.

350 1080 377 1115 ζ)
390 1083 541 1113 peccatum.
557 1094 576 1099 -
594 1080 665 1104 PIsG
688 1084 714 1104 et
731 1086 760 1110 σς
784 1082 925 1112 peccatum
948 1082 1013 1111 post
1040 1079 1201 1111 baptismum
1220 1078 1250 1110 F,
1270 1079 1366 1110 poeni-

299 1117 410 1142 rentiam
430 1116 453 1146 b,
469 1119 534 1148 post
552 1116 712 1148 baptismum
731 1115 818 1140 ceteri.

350 1151 378 1186 η)
390 1151 544 1186 fortiorem,
557 1154 708 1177 causatum.
719 1165 739 1169 -
750 1150 808 1175 FsE
822 1155 847 1175 et
859 1151 946 1181 tertia;
958 1150 1106 1184 fortiorem
1122 1152 1213 1181 utpote
1226 1152 1364 1175 causatum

297 1188 340 1214 ed.
357 1195 383 1217 a,
395 1188 503 1221 sortior
521 1192 561 1213 est
578 1187 718 1212 causativa
736 1186 824 1211 ceteri.

1419 944 1500 981 sive
1529 956 1610 981 uno
1639 944 1719 981 sive
1748 944 1923 994 pluribus
1951 945 2110 982 actibus.

1412 1115 1433 1148 s
1467 1076 1497 1120 ⁴0)
1516 1079 1656 1120 deductus.
1674 1093 1694 1098 ·-
1711 1079 1812 1109 Tertia:
1828 1080 1983 1111 perductus.
2001 1094 2021 1098 —
2034 1081 2160 1114 proficiet
2183 1081 2272 1112 tertia;
2293 1082 2439 1114 proficeret
2457 1082 2487 1112 F.

1430 1118 1499 1139 actet
1517 1119 1603 1139 ceteri.

1111 1358 1431 1402 ARTICULUS
1462 1359 1671 1401 SEXTUS

407 1462 566 1494 UTRUM
589 1462 788 1494 REM1ssto
814 1462 986 1493 CULPAE
1010 1462 1077 1493 sn*
1101 1461 1328 1493 EFFECTUS
1350 1461 1678 1492 POENITENTIAE
1702 1462 1942 1494 SECUNDUM
1967 1462 2091 1501 QUOD
2115 1463 2196 1494 EST
2220 1463 2378 1495 v1RTUs

501 1549 535 1574 1v
554 1549 638 1578 Sent..
658 1549 716 1574 dist.
734 1557 786 1579 xw,
806 1557 851 1582 qu.
870 1556 897 1579 n,
916 1554 962 1574 art.
985 1555 1008 1578 ι,
1028 1548 1077 1581 qu⁸
1098 1555 1128 1579 13
1150 1548 1200 1581 Qq.
1221 1548 1315 1580 Dispp.
1334 1548 1368 1573 de
1391 1548 1481 1578 Verit„
1500 1556 1545 1581 qU.
1564 1556 1651 1578 xxvux,
1671 1554 1717 1574 art.
1737 1548 1762 1578 8,
1781 1549 1813 1573 ad
1834 1556 1862 1579 2;
1884 1549 1982 1579 Quodl.
2001 1550 2043 1580 IV,
2063 1558 2106 1582 qu.
2124 1557 2169 1581 vn,
2189 1555 2236 1575 art.
2258 1557 2280 1576 1.

326 1667 390 1706 ‘17:⁷55
414 1667 483 1709 'tf-(i

483 1670 486 1674 »
509 1658 532 1682 D
556 1657 699 1694 sEx‘rUM
727 1657 780 1682 stc
804 1657 1041 1682 PROCEDITUR.
1068 1645 1230 1682 Videtur
1256 1646 1364 1694 quod
1388 1646 1391 1658 ¹
1416 1653 1575 1683 actuum
1603 1646 1882 1683 humanorum.
1920 1648 2039 1684 Actus
2067 1655 2198 1684 autem
2226 1647 2389 1684 humani
2417 1647 2485 1696 qui

350 1714 355 1754 ζ
363 1712 379 1745 1¹
390 1712 419 1754 χ,
432 1707 489 1746 γῆν
510 1698 684 1736 remissio
704 1700 840 1747 culpae
868 1710 950 1735 non
971 1698 1017 1735 sit
1044 1698 1203 1735 effectus
1230 1698 1364 1747 poeni·
1416 1706 1506 1736 sunt
1534 1711 1581 1736 ex
1609 1707 1716 1748 parte
1743 1699 1973 1748 peccatoris,
2003 1700 2246 1737 materialiter
2273 1713 2312 1737 se
2341 1701 2485 1738 habent

398 1809 404 1817 '
438 1835 442 1838 .
473 1812 498 1842 ‘s
510 1804 608 1842 citur
627 1804 733 1841 enim
750 1804 986 1854 poenitentia
1003 1804 1126 1841 virtus
1145 1804 1363 1842 secundum

293 1858 403 1911 quod
431 1865 487 1897 est
513 1857 748 1909 principium
767 1857 932 1895 humani
950 1865 1068 1895 actus.
1099 1858 1176 1896 Sed
1201 1857 1363 1895 humani

293 1919 401 1951 actus
437 1924 518 1949 non
555 1918 765 1961 operantur
805 1911 855 1948 ad
896 1910 1166 1948 remissionem
1207 1912 1361 1961 culpae,

293 1978 396 2017 quae
424 1973 480 2003 est
508 1965 667 2002 effectus
694 1964 834 2013 gratiae
863 1964 1067 2014 operantis.
1098 1965 1200 2013 Ergo
1230 1964 1363 2002 remis-

293 2018 351 2057 sio
370 2020 506 2069 culpae
525 2030 606 2056 non
621 2025 677 2055 est
691 2018 849 2055 effectus
868 2018 1125 2067 poenitentiae
1145 2018 1362 2055 secundum

292 2072 403 2123 quod
430 2079 486 2109 est
513 2071 646 2109 virtus.

347 2137 383 2163 2.
413 2126 647 2169 PRAETEREA‚
676 2124 871 2174 quaedam
899 2124 994 2162 aliae
1014 2124 1171 2161 virtutes
1191 2132 1280 2161 sunt
1299 2137 1361 2161 ex-

291 2178 530 2217 cellentiores
558 2177 803 2228 poenitentia.
834 2178 910 2215 Sed
932 2177 1106 2215 remissio
1126 2179 1261 2227 culpae
1281 2189 1362 2214 non

293 2231 432 2269 dicitur
466 2231 625 2269 effectus
665 2230 826 2268 alicuius
867 2230 1020 2268 alterius
1055 2230 1214 2268 virtutis.
1258 2231 1360 2279 Ergo

292 2285 408 2323 etiam
444 2297 525 2322 non
562 2292 618 2322 est
654 2284 812 2321 effectus
850 2283 1106 2333 poenitentiae
1143 2284 1360 2321 secundum

291 2338 401 2388 quod
429 2346 485 2375 est
511 2338 644 2375 virtus.

347 2391 382 2428 3.
412 2392 646 2438 PRAETEREA,
676 2390 851 2428 remissio
880 2392 1015 2440 culpae
1039 2402 1119 2427 non
1139 2398 1195 2427 est
1222 2390 1295 2427 nisi
1314 2403 1360 2427 ex

290 2443 431 2482 virtute
445 2443 635 2495 passionis
651 2443 810 2481 Christi:
831 2443 1049 2481 secundum
1064 2443 1158 2481 illud
1172 2443 1358 2480 Heb.1x*:

292 2499 380 2535 Sine
396 2499 593 2548 sanguinis
611 2497 792 2546 effusione
811 2509 885 2534 non
894 2499 946 2546 fit
964 2499 1143 2534 remissio.
1174 2497 1251 2534 Sed
1270 2509 1360 2546 poe-

292 2550 450 2588 nitentia
477 2550 709 2599 inquantum
728 2558 784 2587 est
802 2558 1099 2596 sacramentum,
1120 2558 1302 2600 operatur
1320 2550 1360 2586 in

291 2603 432 2641 virtute
463 2602 653 2653 passionis
687 2603 846 2649 Christi,
885 2604 982 2641 sicut
1016 2611 1053 2640 et
1080 2611 1204 2641 cetera
1236 2615 1360 2640 sacra-

257 2669 265 2690 ἱ
293 2664 444 2703 menta,
472 2663 516 2694 ut
542 2668 589 2693 ex
617 2668 734 2705 supra
751 2655 772 2678 ’¹‘
800 2655 907 2693 dictis
939 2664 1052 2706 patet.
1096 2657 1198 2705 Ergo
1227 2656 1359 2693 remis-

293 2709 350 2747 sio
379 2711 515 2759 culpae
543 2721 624 2746 non
643 2716 699 2745 est
727 2709 884 2746 effectus
911 2709 1168 2759 poenitentiae
1195 2709 1360 2759 inquan-

291 2770 378 2800 tum
392 2762 461 2800 *est
478 2762 613 2807 virtus,
643 2762 710 2799 sed
734 2761 965 2811 inquantum
985 2770 1041 2799 est
1060 2770 1357 2799 sacramentum.

346 2816 420 2853 SED
455 2827 620 2862 CONTRA,
657 2815 750 2852 illud
785 2823 840 2852 est
867 2814 1023 2864 proprie
1052 2827 1167 2852 causa
1200 2815 1360 2852 alicuius

291 2868 374 2906 sine
402 2881 482 2918 quo
510 2881 594 2906 esse
623 2880 704 2904 non
731 2875 875 2917 potest:
913 2867 1040 2905 omnis
1067 2868 1174 2905 enim
1201 2868 1360 2905 effectus

292 2922 484 2972 dependet
503 2934 526 2959 a
544 2934 614 2958 sua
633 2933 760 2958 causa.
791 2921 868 2958 Sed
888 2920 1061 2958 remissio
1081 2922 1216 2970 culpae
1235 2929 1360 2970 potest

291 2987 374 3013 esse
403 2987 426 3012 a
453 2975 538 3012 Deo
575 2974 656 3011 sine
689 2973 946 3023 poenitentiae
982 2981 1240 3021 sacramento,
1279 2986 1359 3011 non

288 3035 423 3066 'autem
442 3028 523 3065 sine
543 3027 777 3077 poenitentia
796 3027 1014 3064 secundum
1029 3027 1136 3076 quod
1157 3034 1212 3063 est
1226 3026 1358 3074 virtus,

290 3089 333 3120 ut
361 3094 478 3131 supra
495 3081 516 3103 '¹‘
543 3080 690 3119 dictum
718 3088 784 3117 est.
814 3080 926 3118 Unde
955 3087 991 3117 et
1014 3087 1102 3117 ante
1121 3088 1360 3117 sacramenta

291 3147 417 3172 novae
445 3134 535 3183 legis
562 3134 848 3184 poenitentibus
876 3134 983 3170 Deus
1011 3141 1167 3182 peccata
1195 3133 1359 3170 remitte-

290 3188 367 3225 bat.
406 3188 507 3236 Ergo
536 3187 710 3225 remissio
745 3188 882 3237 culpae
915 3194 970 3224 est
990 3191 1007 3208 α
1035 3187 1194 3224 effectus
1225 3186 1358 3236 poeni-

290 3240 430 3278 tentiae
458 3241 676 3278 secundum
704 3240 810 3290 quod
839 3248 895 3277 est
922 3239 1054 3277 virtus.

345 3295 569 3331 RESPONDEO
597 3306 779 3332 mcENDUM
807 3294 915 3343 quod
942 3293 1175 3343 poenitentia
1203 3301 1258 3330 est
1283 3293 1358 3330 vir-

492 1751 648 1789 tentiae
676 1751 894 1788 secundum
921 1751 1029 1801 quod
1058 1759 1113 1788 est
1135 1751 1268 1788 virtus.
1298 1751 1363 1788 Di·
1417 1751 1457 1788 in
1485 1760 1726 1789 sacramento
1755 1752 2024 1801 poenitentiae.
2055 1754 2184 1790 Omne
2213 1761 2343 1790 autern
2362 1766 2484 1790 sacra-

1417 1813 1595 1842 mentum
1622 1805 1803 1854 producit
1825 1805 2006 1843 effectum
2026 1818 2143 1842 suum
2162 1818 2242 1842 non
2262 1807 2390 1843 solum
2410 1806 2484 1843 vir-

1416 1865 1495 1895 tute
1523 1859 1684 1904 formae,
1705 1859 1771 1896 sed
1792 1858 1908 1896 etiam
1926 1858 2064 1896 virtute
2084 1859 2283 1896 materiae:
2314 1872 2360 1897 ex
2380 1867 2484 1896 utro-

1416 1924 1494 1961 que
1523 1911 1628 1949 enim
1661 1919 1716 1949 est
1751 1924 1877 1949 unum
1912 1920 2217 1960 sacramentum,
2255 1920 2298 1950 ut
2330 1925 2447 1962 supra
2465 1913 2485 1935 '¹‘

1416 1965 1592 2002 habitum
1621 1973 1687 2002 est.
1726 1965 1855 2012 Unde,
1885 1965 1981 2002 sicut
2010 1965 2182 2003 remissio
2211 1968 2346 2015 culpae
2375 1966 2417 2003 fit
2444 1966 2484 2003 in

1416 2018 1609 2068 baptismo
1638 2030 1718 2055 non
1747 2019 1875 2055 solum
1902 2018 2042 2055 virtute
2063 2020 2210 2056 formae
2230 2018 2255 2066 β,
2286 2031 2331 2056 ex
2351 2032 2429 2068 qua
2449 2027 2484 2056 et

1415 2072 1498 2121 ipsa
1530 2083 1633 2124 aqua
1666 2071 1848 2108 virtutem
1885 2071 2035 2121 recipit;
2073 2072 2124 2110 ita
2158 2072 2271 2109 etiam
2309 2072 2483 2110 remissio

1415 2126 1550 2174 culpae
1580 2132 1635 2161 est
1663 2125 1821 2162 effectus
1839 2125 2109 2174 poenitentiae,
2133 2125 2380 2174 principalius
2399 2125 2483 2175 qui-

1415 2178 1507 2215 dem
1531 2190 1577 2214 ex
1596 2177 1735 2214 virtute
1755 2177 1935 2225 clavium,
1965 2190 2085 2227 quam
2104 2184 2119 2206 Υ
2147 2178 2290 2215 habent
2309 2178 2482 2226 ministri,

1415 2244 1462 2268 ex
1491 2243 1662 2280 quorum
1690 2238 1797 2280 parte
1826 2231 2010 2280 accipitur
2037 2231 2076 2268 id
2104 2232 2212 2280 quod
2240 2239 2296 2269 est
2322 2232 2482 2269 formale

1415 2284 1454 2321 in
1483 2285 1559 2322 hoc
1578 2291 1830 2329 sacramento,
1851 2292 1893 2320 ut
1912 2297 2029 2334 supra
2042 2284 2062 2306 '¹‘
2081 2284 2226 2322 dictum
2246 2292 2317 2330 est3
2347 2297 2482 2322 secun-

1414 2337 1522 2375 dario
1551 2345 1682 2374 autem
1711 2349 1758 2374 ex
1785 2337 1824 2374 vi
1848 2345 2006 2374 actuum
2034 2337 2263 2387 poenitentis
2291 2338 2482 2387 pertinen-

1414 2391 1511 2428 tium
1540 2391 1589 2428 ad
1617 2390 1798 2427 virtutem
1825 2390 2103 2440 poenitentiae,
2141 2399 2271 2428 tamen
2298 2400 2414 2441 prout
2442 2392 2482 2428 hi

1413 2452 1520 2482 actus
1549 2443 1762 2493 aliqualiter
1789 2444 2016 2481 ordinantur
2044 2445 2093 2481 ad
2121 2445 2246 2482 claves
2275 2445 2479 2482 Ecclesiae.

1414 2499 1463 2535 Et
1491 2497 1544 2534 sic
1571 2505 1674 2546 patet
1711 2497 1818 2546 quod
1856 2497 2029 2534 remissio
2063 2499 2199 2546 culpae
2235 2505 2289 2534 est
2324 2498 2482 2535 effectus

1413 2550 1672 2600 poenitentiae
1701 2551 1918 2588 secundum
1947 2551 2054 2600 quod
2083 2558 2138 2587 est
2165 2551 2306 2588 virtus:
2342 2551 2481 2600 princi-

1411 2604 1537 2654 palius
1565 2611 1696 2641 tamen
1725 2604 1943 2641 secundum
1962 2604 2070 2653 quod
2099 2612 2154 2641 est
2182 2612 2479 2641 sacramentum.

1466 2659 1524 2695 AD
1558 2667 1694 2695 PRIMUM
1726 2669 1825 2694 ERGO
1853 2669 2036 2695 DICENDUM
2069 2658 2177 2706 quod
2209 2658 2367 2694 effectus
2399 2670 2481 2706 gra-

1412 2710 1487 2748 tiae
1506 2709 1700 2759 operantis
1729 2718 1784 2747 est
1803 2710 2020 2748 iustificatio
2040 2710 2160 2759 impii,
2180 2718 2222 2747 ut
2241 2710 2280 2747 in
2301 2711 2480 2748 Secunda

1413 2762 1524 2800 Parte
1542 2763 1563 2785 '¹‘
1590 2763 1737 2800 dictum
1766 2771 1831 2800 est.
1875 2764 1917 2800 In
1945 2776 2043 2812 qua,
2083 2771 2125 2800 ut
2156 2763 2301 2800 ibidem
2334 2763 2479 2800 dictum

1414 2824 1488 2861 est,
1527 2828 1607 2854 non
1643 2818 1771 2854 solum
1806 2823 1861 2853 est
1887 2817 2027 2864 gratiae
2060 2816 2199 2853 infusio
2235 2824 2271 2853 et
2306 2816 2479 2853 remissio

1413 2871 1563 2919 culpae,
1593 2869 1660 2905 sed
1689 2869 1804 2906 etiam
1832 2877 1961 2906 motus
1989 2869 2096 2906 liberi
2115 2869 2257 2906 arbitrii
2278 2868 2316 2905 in
2336 2870 2477 2915 Deum,

1413 2922 1481 2971 qui
1510 2930 1566 2959 est
1594 2929 1700 2959 actus
1728 2921 1820 2958 fidei
1846 2922 2042 2967 formatae,
2073 2930 2109 2958 et
2136 2930 2266 2959 motus
2294 2921 2401 2959 liberi
2421 2935 2478 2959 ar-

1412 2974 1512 3011 bitrii
1541 2974 1580 3011 in
1607 2982 1822 3023 peccatum,
1844 2974 1912 3023 qui
1931 2982 1987 3011 est
2006 2982 2112 3012 actus
2130 2974 2396 3024 poenitentiae.
2426 2975 2478 3012 Hi

1412 3036 1542 3065 tamen
1571 3035 1677 3064 actus
1705 3028 1867 3064 humani
1896 3035 1984 3064 sunt
2012 3027 2064 3064 ibi
2092 3035 2134 3064 ut
2162 3028 2319 3064 effectus
2337 3028 2477 3075 gratiae

1413 3080 1607 3130 operantis
1635 3080 1750 3117 simul
1777 3080 1955 3129 producti
1974 3092 2066 3117 cum
2086 3080 2309 3117 remissione
2329 3082 2476 3130 culpae.

1412 3134 1525 3172 Unde
1554 3133 1728 3170 remissio
1757 3135 1892 3182 culpae
1927 3145 2007 3170 non
2035 3132 2079 3170 fit
2113 3133 2194 3170 sine
2229 3141 2315 3170 actu
2343 3134 2477 3183 poeni-

1411 3186 1551 3224 tentiae
1589 3186 1760 3232 virtutis,
1803 3186 1887 3223 licet
1928 3186 1974 3223 sit
2011 3187 2169 3223 effectus
2209 3186 2348 3234 gratiae
2385 3200 2477 3237 ope—

1413 3248 1542 3277 rant1s.

1466 3294 1522 3330 Αῐ)
1555 3305 1745 3330 SECUNDUM
1779 3305 1960 3330 mei-:NDUM
1993 3293 2100 3342 quod
2133 3292 2172 3329 in
2210 3292 2476 3330 iustificatione

1412 3346 1519 3395 impii
1539 3358 1619 3383 non
1639 3347 1766 3382 solum
1786 3354 1841 3383 est
1860 3354 1965 3383 actus
1984 3345 2252 3395 poenitentiae,
2274 3346 2340 3383 sed
2361 3345 2476 3383 etiam

292 3354 353 3383 tus
381 3347 597 3384 secundum
625 3347 732 3396 quod
765 3355 820 3383 est
847 3346 1080 3396 principium
1109 3346 1358 3396 quorundam

392 3482 440 3505 est.
458 3493 478 3498 -
490 3479 636 3511 praecipue
654 3480 723 3505 addit
741 3468 822 3506 tertia.

346 3478 374 3548 gg
385 3515 503 3549 formae.
515 3529 534 3533 -
545 3514 593 3540 sed
604 3516 685 3540 etiam
699 3516 799 3540 virtute
818 3516 947 3541 materiae
965 3516 1064 3542 sciIIcet
1077 3523 1163 3548 aquae
1178 3515 1356 3548 principalius

292 3554 381 3576 tamen
401 3550 500 3575 virtute
510 3551 621 3583 formae
639 3551 736 3575 addunt
754 3551 832 3576 PlsG.

433 3604 545 3628 Smuun
563 3603 666 3629 Tnzot..
687 3604 718 3630 D.
730 3604 846 3630 ’raons
863 3605 897 3631 T.
911 3605 954 3630 lx.

1465 3478 1493 3513 γ)
1511 3487 1599 3512 quam.
1618 3494 1636 3498 -
1654 3487 1720 3512 quas
1739 3481 1820 3505 tertia.

2298 3612 2332 3636 40

2512 688 2521 697 ·
2527 686 2623 708 Aristot.
2630 686 2725 714 Categ„

2512 718 2560 740 cap.
2569 718 2614 739 viu,
2623 719 2681 735 vers.
2691 720 2724 740 ¹7.

2511 1918 2521 1927 ⁴·
2537 1916 2583 1943 Qu.
2595 1922 2632 1942 Lx,
2647 1919 2690 1937 art.
2701 1915 2725 1942 6,

2511 1942 2540 1964 ad
2554 1948 2574 1965 2.

2610 2023 2624 2056 β

2607 2186 2624 2211 Υ

2510 2289 2520 2300 ·
2527 2289 2574 2316 Qu.
2581 2295 2674 2316 Lxxxiv,
2681 2293 2724 2311 nrt.

2507 2772 2517 2782 ·
2527 2770 2550 2791 1⁸
2561 2769 2614 2796 11¹⁸,
2625 2775 2664 2797 qu.
2674 2775 2719 2795 cxi,

2506 2800 2547 2818 art.
2559 2802 2583 2823 ²:
2599 2803 2637 2824 qu.
2654 2802 2719 2817 exin.
