2878 4088
160 280 170 289 ·
181 277 234 300 Cf.1
244 277 309 305 Reg„
320 283 345 307 ομ
364 291 370 299 .

159 303 371 358 *Ἢῗ“ἓρἆὸὲῖ’ν“

159 337 196 384 (squ.
212 362 266 382 νιιι,
286 359 326 378 nrt.
349 346 372 382 ι’,

159 383 246 436 5ζί(Σιιιιρ.
269 408 371 437 Inquisi-

159 435 232 462 tiom',
254 435 284 457 de
306 435 369 456 Sent.

159 461 254 484 Excom.

158 1069 168 1079 ·
183 1068 242 1089 Part.
265 1067 309 1093 111,
329 1072 367 1094 qu.

158 1100 248 1120 lxxxiv,
259 1097 300 1115 art.
311 1100 328 1119 ι,
340 1093 367 1113 ad

158 1129 246 1182 ἑἸῐιίᾰἼ
254 1154 282 1175 ad
292 1160 315 1180 ης
327 1157 367 1175 art.

158 1190 180 1209 4»
196 1182 224 1203 ad
238 1187 257 1209 3·

157 1376 166 1385 ·
181 1374 213 1396 ca
233 1389 239 1396 .
255 1373 310 1395 Cum
331 1373 368 1394 in-

156 1399 368 1454 Z‘ss'ss‘kfbssnfissssn'

157 1553 205 1576 ·Ca
223 1553 287 1575 .N0n
296 1552 370 1580 debet,

157 1580 186 1602 de
224 1585 325 1608 onsang.
347 1581 371 1601 et

201 1613 223 1628 n.

156 1606 204 1655 “qgfi.
210 1639 258 1660 arg.
265 1632 368 1660 praeced.

157 1662 167 1671 ·
182 1661 279 1681 Aristot.
305 1659 367 1687 Pny-

159 1686 199 1708 εἰσ.
215 1686 247 1707 lib
271 1685 300 1711 11,
317 1691 343 1707 ca
363 1701 368 1707 .

159 1719 195 1738 ιιι,
210 1719 231 1734 ιι.
246 1719 281 1737 u:
297 1712 345 1733 s.T
364 1728 369 1733 .

159 1740 210 1761 lect.
238 1745 268 1760 vi.
294 1750 310 1755 -
333 1739 369 1760 Cf.

158 1766 221 1788 Post.
238 1765 307 1787 Anal.
330 1765 369 1787 lib.

156 1793 190 1818 11.
213 1798 263 1819 cap.
281 1798 332 1817 x1V,
347 1798 369 1813 n.

157 1825 219 1867 ss’Vl-til'
226 1818 371 1866 ἵδ,ἓ“ὴῦθ.ῐ.18ῗέ

158 1872 214 1920 gfff
231 1871 310 1899 Topic.
331 1872 370 1893 lib.

159 2485 170 2494 ·
185 2483 216 2504 Ca
236 2499 239 2503 .
250 2482 370 2530 3110an-

159 2508 364 2563 gzngmfandest

163 3365 174 3375 ·
187 3363 242 3385 Can.
254 3363 373 3385 Diaconos

159 3396 206 3438 ἅνὲ)
217 3390 297 3437 ἦιὶαω,
320 3390 372 3411 dist.

163 3444 211 3464 ,tas
240 3416 374 3470 5222}ssssss

161 3468 266 3517 {iix—IV,
275 3469 305 3491 de
313 3469 373 3491 Con-

399 195 447 232 88

398 285 435 305 ea
457 275 576 306 iudicat
591 285 674 315 quae
687 275 781 317 soris
796 280 954 315 apparent
968 277 1001 306 *2
1026 285 1086 306 nec
1100 275 1258 315 decipitur
1282 275 1314 303 in
1331 272 1458 307 iustitia,

398 320 543 359 quamvis
560 319 734 359 decipiatur
756 320 790 350 in
806 319 900 350 facto.
925 319 987 350 Sed
1010 320 1062 349 ille
1087 319 1180 349 debet
1199 319 1306 358 potius
1331 324 1458 346 excom-

397 364 649 393 municationem
673 364 826 394 sustinere
850 373 948 404 quam
980 363 1019 393 ad
1047 364 1182 403 primam
1212 370 1346 392 uxorem
1369 368 1458 389 acce-

398 407 450 437 dat
468 408 501 443 *;
528 407 578 437 vel
601 408 634 438 in
659 408 733 438 alias
756 408 902 448 regiones
926 413 1064 438 remotas
1089 407 1206 446 fugere.

397 481 495 512 ART.
519 482 557 512 V.
582 492 686 513 unum
718 492 888 513 consensus
912 492 943 511 m
967 490 1108 511 OCCULTO
1142 488 1256 509 rAcrus
1280 487 1337 508 PER
1358 485 1460 506 VERBA

626 536 666 556 DE
689 536 855 557 PRAESENTI
878 536 990 556 FACIAT
1012 532 1230 554 MATRIMONIUM

711 576 742 598 IV
757 576 829 602 Sent„
845 576 898 597 dist.
913 581 993 601 xxviii,
1009 574 1096 600 Expos.
1112 573 1153 594 litt.

461 635 481 656 D
513 636 652 656 oumrum
683 637 728 657 s1c
765 635 967 656 pnocnmrua.
1001 623 1133 654 Videtur
1167 620 1256 661 quod
1285 629 1459 651 consensus

398 639 494 700 Ain
525 671 653 700 occulto
685 670 786 701 factus
815 679 872 710 per
903 669 998 699 verba
1026 667 1064 697 de
1087 666 1244 706 praesenti
1275 674 1343 695 non
1366 663 1460 694 faciat

396 715 646 746 matrimonium.
670 715 733 745 Res
750 715 835 744 enim
857 714 890 743 in
914 717 1069 752 potestate
1093 710 1220 740 alterius
1236 709 1372 739 existens
1390 718 1458 739 non

396 758 580 789 transfertur
602 759 634 788 in
658 764 847 798 potestatem
871 757 996 787 alterius
1020 756 1079 785 nisi
1103 754 1323 784 consentiente
1346 753 1402 783 illo
1425 753 1460 783 in

397 803 488 833 cuius
517 808 672 842 potestate
703 808 777 832 erat.
802 801 864 831 Sed
886 800 992 840 puella
1023 804 1088 829 erat
1110 799 1144 828 in
1166 803 1324 838 potestate
1351 798 1458 838 patris.

397 847 482 886 Ergo
506 857 573 877 non
596 852 702 886 potest
723 855 780 886 per
802 845 1042 875 matrimonium
1061 843 1192 873 transire
1215 843 1248 872 in
1268 848 1461 883 potestatem

396 891 454 921 viri
476 891 537 920 nisi
560 896 647 930 patre
672 890 899 920 consentiente.
924 889 965 918 Et
984 888 1036 924 ita,
1053 887 1078 917 si
1102 886 1156 917 fiat
1171 887 1204 917 in
1229 887 1358 918 occulto
1382 896 1460 917 con-

396 944 516 970 sensus,
541 935 635 965 etiam
657 943 714 974 per
736 934 831 964 verba
855 932 894 963 de
917 932 1074 972 praesenti
1098 941 1279 971 expressuS‚
1306 941 1374 962 non
1403 932 1461 962 erit

396 979 646 1009 matrimonium.

452 1032 481 1052 2.
505 1022 699 1057 Pau-rann,
713 1021 794 1051 sicut
809 1022 842 1052 in
857 1021 1063 1051 matrimonio
1077 1026 1123 1051 est
1140 1025 1229 1050 actus
1244 1025 1354 1050 noster
1370 1020 1461 1060 quasi

396 1066 434 1097 de
458 1067 592 1096 essen‘da
607 1066 803 1101 sacramenti,
819 1065 862 1095 ita
885 1065 918 1095 in
941 1065 1139 1104 poenitentia
1154 1065 1180 1094 ⁸⁹.
1206 1063 1268 1095 Sed
1283 1074 1461 1095 sacramen-

395 1116 464 1141 tum
487 1110 702 1150 poenitentiae
718 1119 784 1139 non
808 1108 971 1149 perficitur
986 1109 1046 1139 nisi
1069 1108 1282 1139 mediantibus
1298 1108 1460 1139 Ecclesiae

395 1155 544 1184 ministris
555 1155 580 1190 ᾗ
595 1154 650 1193 qui
662 1159 736 1183 sunt
751 1159 1022 1184 sacramentorum
1035 1153 1278 1193 dispensatores.
1298 1153 1383 1193 Ergo
1400 1162 1461 1183 nec

395 1199 635 1228 matrimonium
658 1197 768 1238 perfici
791 1203 898 1238 potest
919 1199 953 1228 in
973 1198 1113 1233 occulto,
1131 1198 1251 1238 absque
1275 1197 1461 1228 sacerdotali

395 1242 628 1273 benedictione.

454 1287 480 1317 3.
505 1287 701 1322 PRAETRREA,
718 1287 908 1326 baptismus,
935 1287 1010 1327 quia
1033 1291 1139 1327 potest
1162 1287 1195 1316 in
1220 1286 1349 1317 occulto
1374 1292 1405 1317 et
1427 1287 1461 1316 in

396 1336 505 1371 aperto
529 1330 607 1367 fieri,
632 1340 699 1361 non
723 1331 910 1370 prohibetur
933 1332 971 1361 ab
996 1331 1138 1362 Ecclesia
1166 1330 1234 1361 fieri
1257 1331 1290 1361 in
1319 1331 1460 1362 occulto.

395 1375 457 1407 Sed
481 1375 623 1407 Ecclesia
641 1375 789 1415 prohibet
813 1375 1007 1407 clandestina
1021 1376 1225 1406 matrimonia
1240 1376 1267 1406 ἢ
1291 1376 1377 1416 Ergo
1393 1385 1461 1406 non

395 1426 530 1460 possunt
552 1419 621 1450 fieri
642 1420 676 1450 in
700 1420 838 1450 occulto.

450 1473 481 1503 4.
505 1464 708 1500 PRAETERRA,
731 1465 813 1494 inter
837 1473 892 1495 eos
916 1465 972 1504 qui
994 1465 1028 1495 in
1051 1464 1195 1496 secundo
1211 1464 1311 1505 gradu
1334 1465 1392 1496 sibi
1416 1470 1461 1496 at-

395 1509 515 1545 tinent,
542 1509 783 1539 matrimonium
812 1509 955 1539 contrahi
987 1518 1054 1540 non
1078 1514 1185 1549 potest
1214 1510 1290 1549 quia
1319 1510 1462 1540 Ecclesia

668 196 931 244 QUAESTIO
961 197 1076 242 XLV,
1098 194 1391 234 ARTICULUS
1418 194 1453 230 V
1474 214 1496 220 -

1516 192 1780 238 QUAESTIO
1810 193 1941 236 XLVI,
1963 192 2256 230 ARTICULUS
2285 193 2299 229 1

1514 270 1663 309 coniugia
1686 275 1859 306 transeunt,
1878 269 1956 300 dum
1978 271 2147 310 poenitent
2170 269 2209 300 de
2233 271 2280 301 his
2306 281 2389 312 quae
2404 273 2511 303 subito
2535 273 2581 303 fa-

1514 318 1563 342 cta
1587 319 1677 349 sunt;
1703 319 1734 343 et
1756 313 1858 344 multa
1885 314 1945 344 alia
1968 314 2051 344 mala
2074 313 2149 344 inde
2182 315 2340 347 accidunt.
2376 317 2421 350 Et,
2439 318 2582 358 speciem
2615 338 2617 340 f

1513 357 1718 396 turpitudinis
1742 363 1865 397 praeter
1887 358 1950 388 hoc
1974 358 2102 388 habent.

1568 401 1619 430 AD
1644 411 1792 431 omarum
1816 411 1974 432 mmmmm
2005 402 2095 442 quod
2117 412 2185 433 non
2209 410 2283 434 sunt
2312 405 2472 444 prohibita
2495 406 2582 436 clan-

1482 455 1491 474 5
1514 443 1635 474 destina
1658 446 1861 476 matrimonia
1878 447 1968 486 quasi
1988 452 2098 477 contra
2114 446 2291 478 essentialia
2307 449 2501 481 matrimonii
2518 451 2582 480 exi-

1514 489 1636 525 stentia,
1653 490 1735 519 sicut
1758 495 1833 520 sunt
1848 491 2007 530 prohibita
2029 492 2233 522 matrimonia
2251 492 2487 533 illegitimarum
2509 503 2582 534 per-

1514 542 1676 568 sonarum,
1694 543 1775 573 quae
1800 540 1875 564 sunt
1897 536 2028 565 materia
2051 535 2191 566 indebita
2215 537 2290 567 huic
2307 544 2517 569 sacramento.
2541 539 2583 569 Et

1513 576 1587 607 ideo
1610 587 1677 608 non
1702 584 1748 608 est
1771 579 1883 609 simile.

1622 642 1876 691 QU'Aesno
1903 648 2475 692 QUADRAGEsmAsExTA

1680 706 1725 730 DE
1745 706 1923 732 CONSENSU
1943 707 1998 733 CUI
2017 708 2418 735 ADVENITIURAMENTUM

1842 743 1907 767 VEL
1928 743 2065 768 COPULA
2085 744 2255 769 CARNALIS

1518 810 1670 873 Dimum
1699 800 1967 832 considerandum
1992 807 2039 832 est
2062 802 2101 832 de
2125 812 2286 834 consensu
2308 804 2362 834 cui
2384 804 2512 836 advenit
2533 806 2583 836 iu-

1577 850 1759 875 ramentum
1774 846 1825 876 vel
1849 846 1967 886 copula
1991 847 2123 877 carnalis
2139 848 2166 878 ’ἢ

1476 896 1498 915 ¹5
1516 887 1610 919 Circa
1633 889 1722 928 quod
1746 896 1943 930 quaeruntur
1966 890 2043 922 duo.

1570 933 1695 963 Primo:
1721 940 1829 964 utrum
1858 936 2073 966 iuramentum
2103 936 2290 968 adiunctum
2322 939 2495 969 consensui
2526 948 2584 980 per

1603 978 1699 1008 verba
1723 978 1763 1009 de
1786 977 1894 1009 futuro
1919 989 2079 1020 expresso,
2096 980 2189 1011 faciat
2211 982 2463 1013 matrimonium.

1571 1021 1738 1052 Secundo:
1763 1028 1871 1053 utrum
1895 1024 2013 1064 copula
2040 1025 2172 1056 carnalis
2196 1026 2301 1058 eidem
2334 1029 2506 1058 consensui
2529 1028 2583 1059 ad-

1603 1067 1736 1096 veniens
1760 1066 1852 1098 faciat
1874 1069 2127 1100 matrimonium.

1488 1116 1502 1130 ⁰
1515 1131 1615 1162 ART.
1637 1131 1659 1161 Ι.
1683 1142 1788 1162 UTRUM
1803 1143 2005 1164 IURAMENTUM
2020 1145 2200 1166 ADIUNCTUM
2224 1146 2392 1168 consansm
2410 1149 2468 1169 PER
2482 1149 2584 1171 VERBA

1671 1186 1711 1206 DE
1735 1187 1857 1207 FUTURO
1882 1188 2049 1215 EXPRESSO,
2074 1189 2186 1210 FACIAT
2209 1191 2428 1213 MATRIMONJUM

1581 1252 1601 1272 D
1628 1252 1746 1272 ramma
1775 1253 1821 1273 s1c
1851 1253 2056 1276 pnocnm'run.
2089 1245 2223 1277 Videtur
2251 1247 2340 1287 quod
2367 1248 2583 1280 iuramentum

1518 1254 1769 1318 Aadiunctum
1799 1289 1971 1320 consensui
2003 1298 2061 1329 per
2090 1290 2186 1321 verba
2209 1290 2248 1321 de
2272 1290 2382 1322 futuro
2415 1301 2582 1333 expresso,

1476 1341 1499 1361 ις
1516 1330 1610 1361 faciat
1631 1332 1884 1363 matrimonium.
1909 1333 2024 1364 Nullus
2041 1335 2128 1365 enim
2151 1340 2258 1375 potest
2281 1345 2315 1366 se
2331 1336 2472 1377 obligare
2486 1342 2523 1368 ut
2538 1337 2584 1368 fa-

1516 1376 1578 1406 ciat
1601 1381 1712 1406 contra
1735 1377 1784 1407 ius
1808 1376 1962 1408 divinum.
1988 1377 2051 1409 Sed
2073 1379 2207 1419 implere
2234 1380 2450 1412 iuramentum
2474 1387 2521 1413 est
2544 1381 2585 1413 de

1515 1420 1585 1451 iure
1608 1420 1734 1451 divino:
1760 1427 1795 1452 ut
1818 1427 1905 1462 patet
1932 1422 2044 1453 Matth.
2060 1433 2081 1454 v
2096 1424 2130 1454 *ε
2162 1424 2287 1456 Reddes
2310 1431 2417 1457 autem
2439 1426 2583 1458 Domino

1517 1464 1699 1496 iuramenta
1723 1471 1789 1496 tua.
1814 1466 1899 1506 Ergo
1923 1476 1980 1507 per
2002 1467 2124 1498 nullam
2141 1469 2371 1509 obligationem
2394 1476 2584 1511 sequentem

1515 1515 1623 1549 potest
1638 1510 1765 1541 evenire
1782 1510 1871 1551 quod
1893 1511 1995 1542 homo
2018 1522 2086 1543 non
2103 1512 2216 1544 debeat
2238 1519 2347 1545 tenere
2367 1515 2585 1547 iuramentum

396 1553 559 1593 prohibuit
575 1554 601 1583 ἦ.
636 1552 699 1584 Sed
730 1553 872 1583 similiter
904 1553 1046 1584 Ecclesia
1074 1554 1238 1594 prohibuit
1268 1553 1502 1585 clandestinam
1515 1554 1603 1594 prius
1632 1553 1763 1585 factum.
1799 1555 1833 1586 Si
1856 1565 1932 1596 ergo
1961 1562 2035 1596 post
2067 1566 2262 1588 consensum
2294 1559 2328 1589 in
2357 1559 2499 1600 aliquam
2527 1570 2586 1600 per

396 1598 598 1628 matrimonia
614 1598 640 1627 *.
665 1597 751 1636 Ergo
767 1607 835 1628 non
858 1603 995 1638 possunt
1018 1608 1085 1629 esse
1107 1608 1182 1628 vera
1203 1599 1417 1629 matrimonia.

451 1641 513 1672 Sar>
537 1651 670 1677 CONTRA,
687 1642 790 1681 posita
814 1652 908 1672 causa
930 1643 1062 1682 ponitur
1078 1642 1208 1673 effectus
1224 1644 1250 1673 ἦ
1281 1642 1344 1674 Sed
1368 1653 1463 1674 eausa

397 1685 536 1717 efficiens
558 1686 754 1717 matrimonii
777 1691 824 1717 est
846 1696 1022 1717 consensus
1044 1696 1102 1727 per
1123 1688 1220 1718 verba
1242 1687 1281 1718 de
1305 1688 1462 1727 praesenti

397 1740 571 1770 expressus.
596 1730 693 1769 Ergo,
709 1731 775 1760 sive
798 1730 852 1761 fiat
876 1731 908 1761 in
931 1731 1063 1771 publico
1088 1732 1153 1762 sive
1176 1732 1210 1762 in
1234 1732 1374 1768 occulto,
1394 1742 1462 1763 ma-

396 1775 584 1806 trimonium
608 1780 768 1814 sequetur.

454 1828 483 1850 2.
507 1819 704 1854 Pmramza,
720 1819 776 1850 ubi
800 1824 846 1850 est
869 1819 974 1850 debita
1004 1821 1135 1851 materia
1159 1826 1189 1851 et
1213 1820 1318 1851 debita
1341 1820 1461 1857 forma,

397 1864 440 1894 ibi
465 1868 511 1894 est
533 1868 776 1894 sacramentum.
794 1863 857 1894 Sed
879 1864 912 1894 in
939 1864 1067 1895 occulto
1091 1866 1298 1896 matrimonio
1321 1871 1463 1896 servatur

398 1907 502 1938 debita
526 1907 638 1942 forma,
656 1908 731 1947 quia
747 1913 820 1938 sunt
842 1908 886 1938 ibi
909 1909 1004 1939 verba
1028 1908 1067 1940 de
1088 1910 1245 1949 praesenti
1268 1919 1463 1941 consensum

398 1952 623 1991 exprimentia;
649 1957 680 1982 et
704 1951 808 1983 debita
823 1954 963 1989 materia,
981 1954 1056 1993 quia
1079 1959 1153 1984 sunt
1169 1954 1328 1994 legitimae
1351 1963 1461 1994 perso-

396 2005 456 2027 nae
480 1995 519 2026 ad
543 1996 806 2027 contrahendum.
832 1997 917 2036 Ergo
942 2003 988 2028 est
1011 1998 1055 2027 ibi
1078 2007 1190 2029 verum
1209 1999 1460 2028 matrimonium.

450 2041 639 2070 Rusponmzo
663 2050 823 2071 monimum
847 2041 955 2080 quod,
981 2042 1062 2072 sieut
1093 2042 1126 2072 in
1158 2042 1225 2072 aliis
1258 2043 1462 2073 sacramentis

396 2083 553 2124 quaedam
572 2089 646 2114 sunt
669 2084 708 2115 de
732 2085 868 2115 essentia
890 2087 1088 2121 sacramenti,
1106 2087 1222 2126 quibus
1246 2087 1370 2117 omissis
1394 2096 1462 2117 non

396 2134 442 2158 est
466 2134 715 2164 sacramentum3
741 2128 899 2168 quaedam
915 2135 1023 2160 autem
1045 2129 1085 2161 ad
1101 2130 1336 2161 solemnitatem
1360 2140 1461 2161 sacra-

395 2173 494 2203 menti
513 2173 682 2212 pertinent,
700 2173 816 2212 quibus
832 2174 957 2205 omissis
973 2184 1085 2205 verum
1104 2174 1268 2215 perficitur
1283 2184 1461 2206 sacramen-

395 2222 474 2252 tum,
493 2217 637 2256 quamvis
661 2222 773 2257 peccet
796 2218 851 2257 qui
876 2219 1009 2248 omittit:
1035 2219 1078 2248 ita
1102 2219 1197 2250 etiarn
1217 2229 1392 2250 consensus
1409 2229 1461 2250 ex-

395 2270 519 2301 pressus
543 2271 599 2301 per
621 2262 717 2292 verba
732 2261 771 2292 de
794 2263 962 2302 praesenti,
979 2263 1060 2294 inter
1074 2272 1228 2303 personas
1250 2263 1405 2304 legitimas
1422 2263 1461 2294 ad

396 2305 658 2342 contrahendum,
675 2307 915 2337 matrimonium
932 2307 1016 2338 facit.
1041 2307 1126 2345 Quia
1142 2308 1220 2339 haec
1244 2307 1310 2339 duo
1330 2314 1404 2338 sunt
1420 2307 1460 2339 de

396 2350 529 2380 essentia
552 2351 755 2380 sacramenti:
788 2351 847 2381 alia
877 2357 985 2382 autem
1009 2353 1119 2382 omnia
1149 2358 1223 2383 sunt
1247 2352 1286 2383 de
1309 2353 1461 2383 solemni-

395 2399 458 2425 tate
482 2395 678 2430 sacramenti,
696 2395 771 2434 quia
794 2395 833 2425 ad
856 2396 919 2427 hoc
948 2396 1137 2427 adhibentur
1162 2402 1196 2427 ut
1219 2397 1461 2428 matrimonium

396 2439 638 2469 convenientius
661 2438 724 2469 fiat.
749 2439 852 2476 Unde,
869 2441 895 2470 si
918 2441 1122 2477 omittantur,
1148 2451 1260 2473 verum
1284 2447 1330 2472 est
1353 2442 1460 2472 matri-

396 2484 543 2514 monium
559 2484 593 2513 *:
619 2484 764 2523 quamvis
779 2490 915 2523 peccent
937 2485 982 2516 sic
998 2486 1231 2522 contrahentes,
1248 2487 1309 2517 nisi
1332 2496 1389 2526 per
1405 2487 1460 2518 ali-

397 2537 494 2567 quam
517 2528 691 2567 legitimam
715 2537 842 2559 causam
866 2535 1066 2560 excusentur.

451 2572 501 2602 An
525 2582 641 2602 munim
665 2582 747 2602 ERGO
771 2582 929 2604 DICENDUM
949 2573 1037 2614 quod
1053 2574 1161 2614 puella
1184 2585 1252 2605 non
1276 2580 1322 2606 est
1345 2576 1378 2606 in
1401 2585 1461 2616 po-

397 2620 507 2646 testate
531 2616 627 2656 patris
644 2617 733 2656 quasi
757 2617 880 2653 ancilla,
897 2623 933 2648 ut
948 2619 996 2649 sui
1021 2619 1163 2659 corporis
1178 2625 1369 2659 potestatem
1393 2630 1461 2651 non

397 2660 520 2695 habeat,
537 2660 592 2691 sed
616 2661 706 2700 quasi
729 2660 793 2692 filia
816 2661 854 2691 ad
879 2662 1091 2694 educandum.
1116 2663 1157 2694 Et
1179 2663 1265 2700 ideo,
1281 2664 1460 2695 secundum

396 2705 460 2735 hoc
483 2704 572 2744 quod
594 2704 692 2735 libera
710 2711 766 2741 est,
783 2711 888 2745 potest
904 2716 936 2737 se
959 2707 992 2738 in
1015 2713 1172 2747 potestate
1189 2709 1316 2739 alterius
1340 2709 1460 2749 absque

398 2758 556 2779 consensu
580 2750 675 2788 patris
699 2749 788 2780 dare:
814 2751 895 2781 sicut
912 2752 1006 2782 etiam
1029 2758 1135 2792 potest
1151 2753 1264 2793 aliquis
1287 2753 1338 2784 vel
1354 2753 1460 2793 aliqua

397 2794 509 2823 intrare
526 2793 713 2833 religionem
730 2794 850 2834 absque
869 2804 1027 2826 consensu
1047 2802 1226 2836 parentum,
1243 2807 1318 2828 cum
1335 2798 1373 2828 sit
1389 2807 1459 2838 per-

397 2847 476 2868 sona
498 2837 604 2868 libera.
1316 2851 1322 2855 ’

1515 1599 1611 1629 verba
1634 1598 1674 1629 de
1697 1598 1806 1630 futuro
1830 1600 2010 1631 iuramento
2034 1600 2206 1639 firmatum,
2224 1603 2338 1644 aliquis
2357 1604 2446 1635 alteri
2468 1614 2503 1636 se
2525 1606 2584 1636 ob-

1515 1643 1591 1683 ligat
1623 1653 1680 1683 per
1711 1644 1807 1674 verba
1830 1643 1869 1674 de
1899 1646 2074 1684 praesenti3
2107 1646 2232 1678 videtur
2254 1647 2345 1688 quod
2374 1649 2585 1680 nihilominus

1517 1687 1630 1718 debeat
1651 1688 1867 1719 iuramentum
1890 1690 2031 1729 primum
2062 1700 2194 1722 servare.
2231 1691 2294 1723 Sed
2320 1693 2384 1724 hoc
2406 1703 2475 1724 non
2503 1699 2586 1725 esset

1515 1732 1576 1762 nisi
1599 1732 1780 1763 iuramento
1813 1733 1868 1763 illo
1899 1739 1981 1764 esset
2013 1736 2255 1767 matrimonium
2285 1737 2365 1767 illud
2393 1737 2583 1778 perfectum.

1477 1784 1499 1804 ις
1516 1776 1601 1816 Ergo
1625 1777 1840 1808 iuramentum
1864 1777 2051 1810 adiunctum
2078 1781 2250 1811 consensui
2273 1790 2330 1821 per
2351 1783 2448 1813 verba
2471 1782 2510 1814 de
2533 1782 2584 1814 fu-

1516 1826 1599 1856 turo,
1616 1820 1691 1851 facit
1713 1822 1964 1853 matrimonium.

1574 1875 1603 1895 2.
1627 1865 1823 1902 Panamara,
1852 1868 1965 1897 veritas
1989 1867 2095 1899 divina
2127 1868 2240 1900 fortior
2264 1875 2311 1900 est
2341 1879 2439 1910 quam
2470 1872 2585 1902 veritas

1516 1910 1666 1940 humana.
1691 1910 1755 1941 Sed
1776 1920 1833 1950 per
1856 1911 2072 1943 iuramentum
2087 1914 2218 1944 veritate
2241 1913 2348 1945 divina
2362 1914 2507 1946 firmatur
2529 1915 2585 1946 ali-

1517 1954 1604 1993 quid.
1630 1954 1716 1984 Cum
1741 1964 1816 1994 ergo
1847 1956 1942 1986 verba
1973 1957 2182 1996 exprimentia
2213 1968 2407 1990 consensum
2431 1959 2471 1990 de
2493 1969 2585 2000 prae-

1476 2008 1502 2028 40
1517 1998 1607 2034 senti,
1624 1999 1658 2028 in
1674 1999 1791 2038 quibus
1815 2005 1862 2030 est
1877 1999 1945 2030 sola
1960 2001 2072 2030 ven'tas
2089 2002 2240 2038 humana,
2256 2004 2499 2034 matrimonium
2513 2013 2585 2045 per-

1516 2042 1641 2078 ficiant;
1665 2042 1790 2074 videtur
1823 2043 1912 2083 quod
1944 2045 2048 2075 multo
2082 2046 2219 2085 amplius
2250 2046 2283 2077 id
2307 2047 2432 2078 efficere
2461 2049 2587 2089 possint

1515 2087 1611 2117 verba
1635 2086 1674 2117 de
1698 2086 1807 2118 futuro
1831 2088 2011 2118 iuramento
2035 2088 2170 2120 firmata.
2547 2112 2549 2115 -

1573 2131 1602 2161 3.
1626 2131 1823 2168 PRAETEREA,
1840 2132 2018 2163 secundum
2041 2133 2248 2173 Apostolum,
2272 2135 2315 2166 ad
2336 2135 2419 2167 Heb.
2436 2137 2464 2174 θ,
2481 2137 2587 2168 omnis

1516 2176 1758 2206 controversiae
1769 2176 1854 2217 finis
1877 2182 1925 2207 est
1947 2177 2173 2209 iuramentum.
2199 2179 2300 2220 Ergo,
2325 2180 2359 2211 in
2382 2180 2502 2212 iudicio
2525 2182 2586 2213 sal-

1475 2229 1499 2248 45
1516 2225 1592 2256 tem,
1608 2219 1682 2260 plus
1706 2220 1855 2251 standum
1871 2226 1918 2251 est
1940 2221 2120 2253 iuramento
2137 2232 2235 2264 quam
2259 2224 2395 2265 simplici
2418 2226 2528 2257 verbo.
2552 2225 2586 2258 Si

1517 2273 1592 2304 ergo
1610 2264 1723 2304 aliquis
1739 2265 1876 2305 simplici
1891 2266 1990 2296 verbo
2015 2268 2193 2298 consentiat
2208 2268 2241 2298 in
2257 2269 2397 2310 aliquam
2418 2279 2476 2310 per
2489 2271 2586 2301 verba

1516 2308 1557 2339 de
1579 2309 1737 2349 praesenti
1760 2315 1934 2350 postquam
1957 2312 2154 2342 consenserit
2176 2312 2210 2343 in
2233 2313 2326 2345 aliam
2347 2323 2405 2354 per
2426 2315 2523 2346 verba
2545 2314 2586 2346 de

1516 2352 1624 2384 futuro
1648 2353 1828 2384 iuramento
1851 2353 1991 2391 firmata,
2015 2355 2139 2386 videtur
2163 2357 2252 2397 quod
2275 2357 2395 2389 iudicio
2423 2359 2586 2391 Ecclesiae

1516 2397 1630 2428 debeat
1653 2398 1806 2438 compelli
1829 2404 1909 2429 stare
1933 2409 2009 2430 cum
2031 2401 2145 2440 prima,
2162 2407 2193 2431 et
2215 2411 2283 2432 non
2306 2412 2382 2432 cum
2401 2403 2542 2435 secunda
2556 2405 2584 2435 ³.

1570 2451 1602 2481 4.
1626 2442 1831 2479 paam-unm,
1856 2444 1952 2474 verba
1976 2443 2015 2474 de
2045 2443 2155 2475 futuro
2185 2446 2371 2487 simpliciter
2393 2448 2517 2487 prolata
2539 2448 2585 2479 fa-

1516 2487 1605 2518 ciunt
1628 2487 1788 2527 sponsalia
1803 2488 1830 2518 ⁴2
1855 2487 1919 2519 Sed
1947 2489 2164 2520 iuramentum
2196 2490 2240 2520 ibi
2270 2491 2391 2531 aliquid
2423 2498 2584 2533 operatur.

1515 2531 1601 2571 Ergo
1625 2531 1700 2562 facit
1722 2531 1795 2572 plus
1819 2541 1917 2572 quam
1941 2533 2110 2573 sponsalia.
2136 2534 2199 2565 Sed
2221 2535 2303 2565 ultra
2333 2537 2494 2576 sponsalia
2515 2547 2585 2569 non

1516 2581 1562 2606 est
1584 2576 1645 2606 nisi
1668 2577 1919 2607 matrimonium.
1944 2577 2030 2618 Ergo
2054 2577 2175 2609 faciunt
2197 2580 2450 2611 matrimonium.

1571 2620 1634 2651 Sin)
1658 2630 1792 2657 CONTRA,
1817 2621 1907 2661 quod
1930 2621 2074 2652 futurum
2099 2628 2155 2659 est,
2171 2633 2240 2654 non
2264 2630 2320 2655 est.
2345 2624 2408 2656 Sed
2423 2626 2584 2657 iuramen-

1476 2671 1498 2692 ες
1515 2670 1585 2696 tum
1609 2665 1752 2695 additum
1776 2675 1843 2696 non
1867 2665 1942 2696 facit·
1965 2667 2043 2706 quin
2073 2668 2169 2697 verba
2193 2667 2232 2698 de
2265 2668 2374 2700 futuro
2405 2669 2585 2710 significent

1516 2719 1709 2740 consensum
1733 2709 1772 2740 de
1796 2709 1916 2741 futuro.
1939 2710 2025 2751 Ergo
2050 2711 2155 2742 adhuc
2176 2713 2419 2744 matrimonium
2434 2723 2503 2745 non
2526 2720 2583 2746 est.

1572 2764 1601 2784 2.
1626 2753 1822 2791 PRAETEREA,
1844 2760 2017 2795 postquam
2040 2755 2219 2796 perfectum
2250 2763 2297 2788 est
2323 2759 2583 2796 matrimonium,

1514 2808 1582 2829 non
1606 2804 1735 2838 oportet
1750 2798 1840 2839 quod
1863 2799 1942 2830 alius
1959 2809 2135 2831 consensus
2158 2801 2346 2833 interveniat
2361 2802 2401 2833 ad
2418 2804 2584 2834 matrimo-

1514 2843 1615 2873 nium.
1641 2842 1704 2873 Sed
1727 2848 1801 2883 post
1823 2844 2039 2874 iuramentum
2063 2844 2191 2876 advenit
2214 2846 2293 2876 alius
2322 2856 2508 2884 consensus,
2525 2848 2583 2888 qui

450 2881 501 2912 An
525 2891 688 2913 SECUNDUM
710 2892 870 2915 monimum
886 2883 975 2924 quod
999 2890 1086 2916 actus
1102 2891 1211 2917 noster
1233 2886 1267 2917 in
1289 2887 1459 2927 poeniten·
1473 2891 1500 2912 60
1514 2887 1757 2918 matrimonium
1779 2887 1871 2918 facit:
1897 2888 1972 2919 alias
1995 2888 2108 2919 frustra
2131 2890 2288 2921 iuraretur
2308 2891 2388 2922 illud
2404 2901 2472 2922 esse
2495 2890 2582 2923 futu-

397 2926 449 2961 tia,
467 2926 611 2965 quamvis
634 2927 673 2957 sit
696 2926 737 2958 de
760 2928 893 2958 essentia
916 2930 1114 2966 sacramenti,
1139 2940 1206 2961 non
1230 2936 1277 2961 est
1300 2930 1459 2963 sufficiens

397 2969 436 3000 ad
459 2969 677 3002 inducendum
700 2972 884 3011 proximum
904 2972 1063 3010 effectum,
1081 2974 1200 3005 scilicet
1223 2975 1459 3006 absolutionem

398 3023 416 3043 a
438 3015 590 3053 peccatis:
616 3020 647 3045 et
670 3015 743 3046 ideo
767 3022 896 3056 oportet
926 3017 1015 3058 quod
1039 3017 1079 3048 ad
1100 3018 1334 3058 perfectionem
1357 3030 1459 3051 sacra·

398 3058 496 3089 menti
511 3058 698 3090 interveniat
713 3064 801 3090 actus
816 3060 997 3092 sacerdotis.
1022 3062 1085 3094 Sed
1099 3063 1133 3093 in
1149 3064 1354 3095 matrimonio
1371 3069 1459 3096 actus

1514 2941 1596 2962 rum.
1620 2931 1706 2972 Ergo
1730 2942 1798 2962 non
1822 2931 1897 2963 facit
1918 2933 2170 2964 matrimonium.

1568 2976 1758 3007 Rusponnno
1789 2987 1949 3007 mmmmm
1979 2977 2068 3018 quod
2098 2978 2314 3010 iuramentum
2344 2978 2512 3010 adhibetur
2542 2979 2582 3011 ad

1515 3019 1794 3051 confirmationem
1817 3021 1987 3052 dictorum.
2023 3021 2118 3053 Unde
2146 3023 2225 3054 illud
2255 3028 2380 3054 tantum
2413 3023 2582 3055 confirmat

1515 3064 1604 3105 quod
1619 3065 1653 3095 in
1669 3064 1760 3096 dictis
1776 3064 1980 3105 significatur,
1997 3075 2056 3097 nec
2073 3066 2286 3107 significatum
2301 3073 2414 3098 mutat.
2438 3068 2479 3099 Et
2494 3068 2580 3105 ideo,

397 3103 496 3132 nostri
520 3107 593 3132 sunt
617 3113 710 3133 causa
733 3103 892 3135 sufficiens
916 3105 955 3135 ad
977 3106 1197 3137 inducendum
1213 3109 1397 3148 proximum
1414 3107 1459 3140 ef·
1473 3113 1497 3139 ὃς
1515 3119 1590 3140 cum
1613 3109 1708 3140 verba
1733 3109 1771 3140 de
1795 3109 1904 3140 futuro
1935 3120 1973 3141 ex
2003 3111 2072 3150 ipsa
2102 3110 2333 3151 significatione
2363 3121 2421 3142 sua
2444 3113 2582 3144 habeant

398 3144 527 3182 fectum,
547 3147 602 3186 qui
626 3153 671 3177 est
695 3148 863 3188 obligatio:
894 3151 969 3189 quia
992 3151 1191 3191 quicumque
1223 3158 1269 3183 est
1292 3153 1342 3184 sui
1364 3153 1457 3189 iuris,

398 3195 503 3228 potest
521 3200 554 3221 se
573 3191 661 3222 alteri
676 3192 825 3232 obligare.
850 3193 890 3224 Et
906 3193 979 3225 ideo
1004 3195 1174 3226 sacerdotis
1193 3196 1374 3228 benedictio
1390 3207 1458 3229 non

398 3234 566 3273 requiritur
588 3235 621 3265 in
644 3237 848 3268 matrimonio
873 3239 964 3277 quasi
987 3238 1026 3269 de
1050 3241 1184 3271 essentia
1206 3242 1403 3273 sacramenti.

452 3278 503 3307 An
526 3288 659 3309 ‘sitarum
683 3290 841 3312 mmmmm
862 3282 951 3321 quod
974 3284 1069 3314 etiam
1085 3285 1283 3324 prohibitum
1299 3291 1346 3316 est
1369 3285 1459 3326 quod

1514 3153 1604 3194 quod
1627 3154 1870 3184 matrimonium
1891 3164 1959 3185 non
1983 3153 2108 3191 faciant,
2126 3156 2200 3195 quia
2224 3155 2315 3196 quod
2337 3155 2482 3187 futurum
2505 3166 2581 3197 pro-

1513 3198 1648 3229 mittitur
1670 3197 1818 3229 nondum
1834 3197 1888 3234 fit3
1912 3199 2007 3230 etiam
2023 3199 2049 3229 si
2071 3199 2287 3230 iuramentum
2311 3199 2474 3238 adveniat,
2497 3211 2581 3232 non-

1514 3241 1592 3273 dum
1617 3248 1663 3274 est
1685 3243 1927 3273 matrimonium
1950 3242 2090 3280 factum,
2113 3244 2195 3275 sicut
2218 3244 2368 3284 Magister
2390 3245 2424 3276 in
2446 3246 2550 3277 littera
2563 3247 2582 3264 ⁹

1513 3286 1598 3318 dicit.

399 3321 592 3360 baptismum
607 3323 713 3354 nullus
737 3325 869 3364 accipiat
885 3327 945 3356 nisi
968 3336 986 3357 a
1001 3327 1175 3364 sacerdote,
1192 3330 1252 3360 nisi
1267 3330 1301 3360 in
1324 3330 1458 3361 articulo
1472 3340 1500 3361 7⁰
1557 3331 1609 3362 AD
1637 3340 1755 3361 ramum
1783 3340 1867 3362 aneo
1898 3341 2059 3362 DICENDUM
2081 3331 2172 3372 quod
2202 3332 2336 3373 implere
2363 3334 2580 3365 iuramentum

399 3366 590 3396 necessitatis
606 3367 633 3396 *.
657 3367 898 3400 Matrimonium
925 3376 1033 3402 autem
1055 3381 1124 3402 non
1147 3378 1194 3403 est
1225 3380 1459 3406 sacramentum

399 3410 600 3440 necessitatis.
624 3411 665 3441 Et
687 3411 760 3442 ideo
783 3422 851 3442 non
874 3419 920 3444 est
943 3415 1052 3445 similis
1075 3417 1165 3447 ratio.

454 3452 665 3484 Prohibentur
688 3461 794 3485 autern
818 3456 1010 3488 clandestina
1033 3460 1234 3491 matrimonia
1257 3468 1387 3502 propter
1402 3473 1458 3503 pe-

400 3496 499 3526 ricula
522 3506 603 3536 quae
626 3497 700 3529 inde
716 3500 841 3531 evenire
857 3501 970 3531 solent.
994 3502 1079 3539 Quia
1094 3503 1276 3543 frequenter
1291 3506 1324 3536 in
1345 3507 1458 3538 talibus

1512 3375 1637 3407 licitum
1661 3381 1708 3406 est
1731 3374 1770 3406 de
1793 3375 1862 3406 iure
1885 3375 2011 3412 divino,
2035 3385 2104 3406 non
2127 3382 2235 3407 autem
2257 3378 2391 3417 implere
2420 3378 2581 3410 iuramen-

1513 3425 1583 3450 tum
1606 3420 1762 3450 illicitum.
1787 3419 1891 3456 Unde,
1909 3420 1934 3450 si
1954 3420 2060 3461 aliqua
2082 3420 2235 3461 obligatio
2259 3431 2398 3462 sequens
2420 3423 2580 3454 iuramen-

1513 3469 1583 3495 tum
1606 3463 1700 3495 faciat
1722 3463 1803 3495 illud
1824 3464 1982 3501 illicitum,
2006 3474 2081 3495 cum
2104 3465 2192 3505 prius
2215 3465 2325 3497 fuisset
2348 3466 2489 3503 licitum,
2511 3476 2580 3498 non

1514 3508 1644 3548 derogat
1667 3508 1728 3539 iuri
1744 3507 1853 3539 divino
1878 3509 1934 3549 qui
1957 3510 2172 3540 iuramentum
2187 3511 2275 3550 prius
2297 3510 2417 3541 factum
2432 3520 2501 3542 non
2515 3520 2580 3542 ser-

401 3545 448 3570 est
470 3540 575 3580 aliqua
598 3540 682 3572 fraus
705 3552 742 3573 ex
766 3543 861 3574 altera
883 3550 988 3583 parte;
1012 3546 1192 3586 frequenter
1219 3550 1314 3580 etiam
1337 3550 1376 3581 ad
1399 3551 1459 3582 alia
1473 3564 1497 3585 75
1513 3558 1574 3583 vat.
1599 3553 1640 3584 Et
1663 3553 1706 3583 ita
1730 3558 1777 3583 est
1799 3553 1832 3583 in
1855 3554 2033 3593 proposito.
2059 3553 2169 3584 Illicite
2193 3555 2280 3586 enim
2295 3555 2416 3586 iuratur
2438 3554 2528 3595 quod
2542 3554 2579 3586 il·

2609 847 2665 896 ἔῐὲἒ.
2676 853 2716 876 qu.
2723 847 2823 875 unln-

2610 1429 2704 1453 *va-n.
2717 1436 2753 1460 33.

2612 2139 2624 2151 ·
2629 2138 2826 2167 Cap-vinem&

2611 2399 2698 2448 a..
2711 2399 2827 2448 rvr

2611 2453 2660 2476 sal.
2677 2443 2705 2475 el
2717 2451 2744 2475 Μ
2818 2469 2825 2476 .

2611 2495 2622 2507 ·
2637 2494 2675 2517 Cf.
2691 2500 2732 2523 qu.
2752 2499 2826 2521 xuu,

2608 3247 2618 3258 ·
2642 3246 2702 3269 Diet-
2727 3252 2820 3276 mm,

2606 3272 2818 3322 &dam

2607 3325 2678 3374 51⁶⁸
2737 3316 2824 3349 atae'ae
