2918 4088
935 210 1197 257 QUAESTIO
1225 210 1401 257 LXXVI,
1430 209 1722 247 ARTICULUS
1750 211 1799 247 VI

335 289 514 328 Similiter
532 296 662 326 autem
691 301 818 338 neque
837 301 907 339 per
933 301 974 326 se
998 297 1186 336 movetur,
1207 299 1342 325 secun-

282 343 378 380 dum
413 354 494 380 esse
523 342 630 391 quod
657 342 772 379 habet
799 342 839 379 in
866 343 943 378 hoc
971 348 1221 386 sacramento,
1249 352 1342 390 qua-

282 407 450 444 cumque
483 394 555 431 alia
587 394 818 432 mutatione:
845 402 939 444 puta
973 402 1162 444 quantum
1190 394 1239 431 ad
1266 394 1343 430 hoc

282 448 390 498 quod
417 447 564 485 desinat
591 459 673 484 esse
693 448 869 485 sub'hoc
895 455 1145 484 sacramento.
1175 446 1279 494 Quia
1304 445 1342 482 il-

282 501 349 538 lud
368 500 476 550 quod
495 500 543 537 de
563 512 603 536 se
621 500 738 537 habet
756 512 838 537 esse
864 499 1099 546 indeficiens,
1119 511 1199 537 non
1218 505 1343 548 potest

283 565 365 590 esse
394 552 597 590 deficiendi
624 553 878 602 principium:
908 553 995 598 sed,
1025 552 1099 589 alio
1127 551 1340 596 deficiente,

283 607 359 643 hoc
391 605 527 643 desinit
563 617 645 642 esse
673 605 713 642 in
741 617 809 651 eo3
839 605 935 642 sicut
962 605 1090 651 Deus,
1117 604 1226 641 cuius
1260 614 1342 640 esse

283 666 340 696 est
357 658 581 696 indeficiens
601 666 637 694 et
654 658 881 704 immortale,
901 656 1039 694 desinit
1057 667 1139 693 esse
1158 656 1198 693 in
1217 656 1344 705 aliqua

283 719 456 750 creatura
479 710 716 760 corruptibili
733 723 804 759 per
829 711 905 747 hoc
933 710 1040 759 quod
1061 717 1234 746 creatura
1261 720 1343 745 cor-

283 764 470 813 ruptibilis
497 763 634 803 desinit
657 775 751 800 esse.
781 764 830 800 Et
856 763 932 799 hoc
960 762 1093 807 modo,
1114 773 1206 799 curn
1235 761 1343 798 Chri-

283 825 364 854 stus
391 816 530 853 habeat
557 814 570 838 ὅ
598 828 680 852 0550
715 815 939 852 indeficiens
973 822 1010 851 et
1037 813 1342 862 incorruptibile,

283 881 364 907 non
383 868 520 906 desinit
538 880 620 905 esse
649 868 721 904 sub
749 875 988 904 sacramento
1017 879 1144 916 neque
1172 877 1242 916 per
1269 866 1345 902 hoc

283 922 391 971 quod
410 921 539 970 ipsum
558 925 571 942 ⁸
598 920 747 957 desinat
765 931 858 966 esse,
879 931 1006 968 neque
1033 919 1147 956 etiam
1173 931 1243 968 per
1260 930 1344 955 mo-

282 982 367 1012 tum
403 975 565 1011 localem
593 973 664 1019 sui,
691 980 734 1010 ut
761 985 808 1010 ex
835 972 942 1010 dictis
969 979 1091 1021 patet:
1122 972 1187 1008 sed
1217 972 1344 1008 solum

280 1038 357 1076 per,
388 1027 464 1064 hoc
499 1025 608 1075 quod
644 1025 789 1075 species
828 1025 946 1062 huius
983 1025 1209 1062 sacramenti
1247 1024 1344 1061 desi-

279 1087 381 1117 nunt
408 1091 503 1116 esse.

249 1138 270 1181 j
336 1132 448 1170 Unde
475 1138 578 1181 patet
605 1131 713 1180 quod
742 1130 933 1176 Christus,
962 1142 1032 1180 per
1059 1143 1099 1167 se
1127 1130 1344 1180 loquendo,

279 1184 530 1223 immobiliter
556 1192 612 1221 est
638 1183 678 1221 in
705 1184 782 1221 hoc
810 1191 1060 1221 sacramento.

334 1238 392 1275 An
421 1244 556 1275 PmMUM
584 1249 682 1275 ERGO
710 1249 892 1275 D1CENDUM
920 1237 1027 1286 quod
1055 1236 1150 1274 ratio
1170 1235 1232 1273 illa
1258 1247 1345 1286 pro-

280 1288 382 1329 cedit
409 1290 457 1328 de
476 1297 587 1328 motu
614 1301 685 1339 per
711 1289 899 1336 accidens,
919 1302 999 1339 quo
1027 1290 1076 1327 ad
1105 1297 1258 1326 motum
1277 1301 1344 1326 no-

279 1343 349 1394 stri
375 1351 584 1383 moventur
611 1355 658 1380 ea
684 1355 785 1392 quae
814 1343 853 1380 in
881 1343 994 1380 nobis
1017 1350 1116 1380 sunt.
1147 1342 1265 1379 Aliter
1290 1350 1344 1379 ta-

279 1394 376 1434 men
403 1409 449 1434 ea
476 1409 576 1446 quae
603 1408 675 1446 per
701 1408 740 1433 se
767 1403 931 1446 possunt
949 1408 1031 1433 esse
1059 1395 1099 1432 in
1127 1397 1226 1441 loco,
1248 1395 1344 1433 sicut

283 1461 466 1500 corpora:
497 1457 533 1486 et
559 1449 665 1487 aliter
693 1461 738 1486 ea
765 1461 865 1498 quae
900 1461 971 1498 per
1003 1461 1043 1486 se
1070 1461 1151 1486 non
1183 1455 1346 1498 possunt

284 1513 366 1541 esse
393 1502 434 1540 in
461 1503 559 1548 loco,
589 1502 685 1539 sicut
712 1502 858 1539 formae
886 1509 922 1539 et
941 1501 1152 1551 spirituales
1171 1502 1345 1538 substan-

282 1553 368 1599 tiae.
410 1555 472 1592 Ad
499 1567 619 1604 quem
646 1555 812 1592 modum
843 1562 967 1603 potest
994 1554 1125 1592 reduci
1154 1554 1262 1603 quod
1289 1554 1344 1591 di-

335 1689 361 1723 δ)
379 1690 485 1716 habeat.
501 1703 520 1708 —
538 1689 635 1714 habeat
652 1689 679 1714 in
697 1696 725 1714 se
744 1689 782 1718 bc,
800 1688 897 1714 habeat
916 1689 948 1713 de
966 1695 994 1713 se
1013 1688 1032 1712 F
1052 1693 1077 1712 et
1096 1693 1180 1713 cetera
1197 1687 1281 1712 tertia.

335 1725 359 1760 ε)
377 1725 473 1758 ipsum.
486 1739 505 1744 -
522 1724 575 1756 ipsi
592 1725 622 1754 Ε,
642 1724 697 1756 ipse
715 1724 744 1749 F.

279 1772 282 1781 ι
335 1761 361 1796 ζ)
379 1760 535 1786 mutabitur.
546 1774 566 1779 -
578 1763 700 1784 mutatur
712 1760 739 1785 Ρ.
756 1759 806 1784 Pro
819 1762 1020 1784 sacrosanctum
1033 1766 1138 1791 corpus,
1149 1761 1346 1784 sacramentum

2378 217 2448 265 187

1394 287 1520 324 cimus
1548 286 1744 324 Christum
1773 289 1920 326 moveri
1948 302 2018 338 per
2036 292 2208 330 accidens
2237 297 2451 333 secundum

1396 351 1477 377 esse
1505 339 1613 388 quod
1641 339 1756 376 habet
1783 340 1822 376 in
1845 342 1919 378 hoc
1939 353 2186 392 sacramento,
2216 346 2254 383 in
2274 360 2352 396 quo
2372 361 2451 386 11011

1396 399 1451 429 051
1478 391 1574 428 510111
1601 391 1640 428 111
1668 393 1767 429 1000.

1448 445 1505 481 AD
1534 456 1722 481 SECUNDUM
1745 456 1925 482 DICENDUM
1953 448 2060 495 quod
2086 449 2159 485 hac
2186 451 2329 489 ratione
2358 454 2451 491 moti

1395 497 1575 534 videntur
1607 496 1722 534 fuisse
1755 496 1915 545 quidam
1951 508 2137 547 ponentes
2174 504 2280 550 quod
2313 517 2452 554 corpus

1397 549 1536 586 Christi
1572 561 1652 586 non
1679 557 1852 586 remanet
1880 550 1951 586 sub
1980 552 2055 588 hoc
2087 563 2324 592 sacramento
2356 558 2385 593 si
2413 558 2453 594 in

1396 602 1604 639 crastinum
1619 609 1844 639 reservetur.
1867 602 2009 640 Contra
2029 617 2127 652 quos
2144 606 2305 655 Cyrillus
2319 609 2450 646 dicit*:

1395 657 1592 692 Insaniunt
1611 655 1760 704 quidam
1780 655 1937 694 dicentes
1955 659 2149 705 mysticam
2168 661 2453 699 benedictionem

1396 721 1420 745 a
1446 709 1736 756 sanctificatione
1762 719 1906 744 cessare
1932 710 1965 744 si
1987 721 2080 758 quae
2107 711 2283 760 reliquiae
2308 726 2453 751 reman-

1394 762 1508 797 serint
1535 762 1612 797 eius
1640 762 1677 796 in
1706 761 1803 796 diem
1829 762 2116 810 subsequentem.
2146 765 2235 800 Non
2260 768 2358 802 enim
2378 780 2454 804 mu·

1396 815 1532 850 tabitur
1550 812 1562 836 ζ
1589 819 1866 850 sacrosanctum
1903 825 2038 863 corpus
2068 816 2220 862 Christi,
2248 819 2312 854 sed
2341 821 2455 857 virtus

1397 866 1656 905 benedictionis
1684 871 1718 902 et
1743 867 1966 914 vivificativa
1992 870 2118 917 gratia
2146 871 2242 918 iugis
2270 872 2306 907 in
2327 884 2370 908 eo
2393 879 2453 909 est.

1400 917 1504 955 Sicut
1532 926 1568 954 et
1596 930 1732 954 omnes
1760 918 1854 955 aliae
1882 920 2186 957 consecrationes
2213 922 2458 962 immobiliter

1397 978 1573 1018 manent,
1602 971 1918 1020 permanentibus
1947 972 2061 1010 rebus
2089 976 2335 1012 consecratis:
2351 969 2356 974 ’
2369 989 2456 1026 pro-

1398 1031 1483 1073 pter
1510 1024 1618 1072 quod
1653 1036 1734 1061 non
1761 1024 1954 1061 iterantur.
1983 1047 2008 1052 -
2036 1026 2182 1063 Veritas
2214 1036 2343 1065 autem
2375 1030 2458 1067 licet

1399 1076 1544 1124 figurae
1566 1077 1807 1126 respondeat,
1836 1085 1966 1114 tamen
1989 1078 2112 1126 figura
2131 1091 2211 1116 non
2230 1089 2353 1130 potest
2372 1094 2458 1120 eam

1399 1130 1627 1180 adaequare.

1451 1184 1509 1220 AD
1536 1195 1695 1221 TERTIUM
1723 1195 1905 1222 DICENDUM
1933 1185 2041 1234 quod
2069 1197 2209 1235 corpus
2239 1187 2376 1225 Christi
2404 1201 2457 1225 re-

1399 1243 1529 1277 manet
1565 1236 1605 1273 in
1633 1237 1710 1273 hoc
1736 1245 1975 1274 sacramento
2004 1250 2084 1275 non
2112 1240 2239 1276 solum
2266 1240 2305 1277 in
2333 1242 2458 1279 crasti-

1398 1301 1507 1336 num,
1537 1289 1606 1326 sed
1634 1289 1748 1326 etiam
1776 1289 1816 1326 in
1836 1290 2010 1327 futurum
2030 1297 2061 1336 η,
2090 1303 2295 1341 quousque
2315 1294 2458 1342 species

2481 612 2691 669 Lassga1k,{{'}¹c¹{z

2482 663 2592 686 Cannar.
2599 671 2622 686 m
2627 665 2680 686 Luc.
2682 681 2690 692 ,

2481 696 2530 717 cap.
2536 697 2690 719 xxn,vers.=9.

2577 821 2592 850 ζ

1399 1343 1690 1382 sacramentales
1704 1350 1872 1380 manent.
1895 1343 2048 1390 Quibus
2062 1344 2307 1392 cessantibus,
2323 1347 2460 1384 desinit
2485 1373 2489 1376 -

1399 1407 1481 1432 esse
1509 1407 1651 1444 corpus
1681 1395 1819 1432 Christi
1848 1396 1920 1432 sub
1949 1396 2013 1443 eis,
2043 1409 2123 1434 non
2147 1397 2238 1447 quia
2256 1399 2304 1435 ab
2324 1399 2376 1436 eis
2396 1400 2459 1437 de-

1387 1448 1573 1501 pendeat,
1595 1449 1662 1485 sed
1681 1448 1772 1498 quia
1795 1449 1938 1486 tollitur
1955 1449 2141 1488 habitudo
2161 1451 2332 1500 corporis
2353 1453 2460 1490 Chri-

1398 1500 1443 1538 sti
1472 1501 1521 1538 ad
1548 1500 1629 1538 illas
1658 1501 1814 1550 species.
1845 1501 1918 1539 Per
1937 1515 2056 1551 quem
2078 1504 2241 1541 modum
2271 1505 2376 1542 Deus
2395 1506 2459 1543 de-

1398 1553 1485 1590 sinit
1513 1565 1596 1590 esse
1623 1554 1817 1591 Dominus
1845 1563 2040 1592 creaturae
2068 1556 2283 1594 desinentis.

1399 1694 1495 1718 corpus
1518 1686 1572 1716 AC.
1594 1689 1792 1711 sacramentum
1815 1687 1842 1711 in
1867 1694 1964 1719 corpus
1987 1688 2015 1717 B,
2033 1691 2170 1713 sacratum
2192 1695 2290 1720 corpus
2314 1690 2352 1719 ΡΙ.
2371 1697 2462 1716 sacra-

1400 1725 1517 1747 mentum
1536 1723 1657 1754 corporis
1674 1721 1850 1748 DEFGHabc.

1451 1756 1480 1791 η)
1498 1757 1674 1783 crastinum...
1693 1759 1831 1790 futurum.
1854 1772 1874 1776 —
1900 1758 2047 1784 crastino...
2068 1759 2194 1792 futurum
2220 1760 2294 1790 Glbc.
2317 1762 2463 1787 crastino...

1394 1795 1493 1828 futuro
1513 1793 1567 1818 ΡΗ.

957 1882 1293 1915 commentaria
1315 1883 1568 1916 cardinalis
1589 1883 1790 1916 Caietam

316 1982 338 2005 n
359 1973 454 2004 titulo
481 1973 514 2014 ly
536 1972 697 2002 mobiliter
727 1970 906 2002 extenditur
936 1976 1001 2001 tam
1029 1970 1069 2001 ad
1091 1977 1219 2001 motum
1251 1981 1348 2012 quam

289 1986 358 2050 lad
379 2018 603 2048 mutationem.
627 2015 806 2056 Dupliciter
821 2016 908 2046 enim
932 2024 1007 2045 cum
1025 2016 1126 2055 possit
1150 2015 1286 2046 dubitari
1309 2015 1348 2046 de

284 2063 463 2094 mobilitate
494 2061 638 2101 corporis
668 2059 786 2090 Christi
815 2060 849 2090 in
872 2064 1088 2095 sacramento,
1111 2060 1163 2089 vel
1187 2059 1226 2090 de
1256 2065 1349 2090 motu

285 2107 380 2138 locali
404 2106 444 2136 ad
466 2111 593 2136 motum
615 2105 748 2140 hostiae,
772 2104 823 2134 vel
847 2103 886 2134 de
903 2104 1083 2134 mutatione
1107 2113 1170 2143 qua
1193 2103 1350 2134 desineret

286 2160 354 2182 esse
377 2151 411 2181 in
434 2154 649 2184 sacramento,
681 2148 721 2178 acl
743 2153 916 2188 utrumque
939 2147 1075 2178 modum
1099 2147 1238 2178 extendit
1261 2158 1294 2178 se
1317 2148 1350 2189 ly

286 2195 456 2226 mobiliter.

341 2239 378 2269 11.
404 2238 498 2269 Circa
522 2237 700 2268 doctrinam
726 2235 873 2266 traditam
900 2237 933 2266 in
957 2237 1020 2266 hoc
1044 2237 1195 2272 articulo,
1223 2236 1350 2267 adverte

285 2283 402 2324 primo,
426 2283 603 2313 Auctorem
626 2281 742 2311 sentire
766 2279 854 2320 quod
879 2280 1042 2311 Christum
1063 2290 1130 2310 esse
1149 2281 1207 2310 sub
1223 2281 1287 2311 1100
1303 2290 1351 2310 53-

287 2332 450 2359 eramento
475 2331 522 2357 est
545 2335 613 2356 esse
629 2323 794 2365 quoddam
809 2324 986 2360 relativum,
1003 2324 1081 2355 dum
1097 2324 1189 2355 dicit:
1214 2325 1277 2355 Per
1291 2325 1352 2354 hoc

286 2371 391 2412 ipsum
420 2370 507 2412 quod
529 2370 790 2408 dicimus-ipsum
814 2377 882 2399 esse
904 2369 961 2399 sub
984 2374 1202 2404 sacramento,
1226 2369 1352 2410 signifi-

287 2420 383 2447 catur
404 2414 562 2456 quaedum
584 2413 736 2444 habitudo
756 2412 891 2443 eius-ad
912 2413 974 2443 hoc
995 2418 1242 2443 sacramentum.
1266 2413 1352 2443 Hinc

288 2459 376 2491 eni'm
397 2459 578 2490 manifestat
599 2467 668 2488 non
684 2466 752 2488 esse
775 2456 862 2487 idem
881 2466 949 2487 esse
966 2456 1084 2487 Christi
1099 2458 1242 2497 corporis
1258 2458 1292 2487 in
1307 2466 1352 2493 se,

289 2509 321 2535 et
343 2513 412 2535 esse
435 2502 579 2534 eiusdem
601 2503 635 2532 in
658 2506 867 2532 sacramento.
892 2500 991 2539 Quod
1014 2502 1073 2531 sub
1090 2501 1158 2531 aliis
1173 2502 1276 2531 verbis
1300 2511 1352 2531 ex-

286 2547 424 2593 plicatur
447 2546 601 2578 dicendo:
625 2546 725 2577 Aliud
747 2550 794 2576 est
815 2554 883 2576 esse
908 2545 1029 2575 Christi
1051 2555 1169 2586 corpus
1189 2545 1221 2575 in
1238 2545 1352 2586 seipso,

289 2597 321 2624 et
342 2591 434 2623 aliud
456 2596 504 2622 est
525 2590 685 2622 contineri
706 2590 764 2622 sub
786 2594 989 2620 sacramento
1015 2590 1117 2630 ipsum
1133 2589 1215 2620 idem
1234 2589 1354 2620 Christi

289 2643 408 2678 corpus
431 2635 464 2666 in
483 2635 587 2676 seipso
606 2635 755 2666 existens.
779 2634 855 2664 Non
877 2633 1020 2664 discedes
1043 2643 1118 2674 ergo
1142 2634 1180 2663 ab
1204 2634 1353 2664 Auctoris

290 2678 436 2712 doctrina
457 2678 623 2719 loquendo
647 2687 792 2709 seorsum
815 2677 854 2708 de
878 2678 1087 2708 conversione
1109 2678 1200 2718 panis
1223 2678 1257 2707 in
1281 2678 1354 2708 sub-

289 2725 438 2756 stantiam
462 2724 605 2764 corporis
629 2723 756 2759 Christi,
781 2727 813 2752 et
835 2722 876 2752 de
893 2722 1080 2753 habitudine
1102 2722 1219 2753 Christi
1235 2722 1275 2752 ad
1290 2723 1354 2752 hoc

256 2786 263 2796 ν
290 2773 536 2804 sacramentum,
552 2773 588 2797 ut
604 2768 750 2807 superius
761 2767 778 2783 ἓ
793 2765 939 2797 fecimus.
954 2785 978 2788 —
993 2767 1061 2797 Nec
1077 2772 1246 2807 propterea
1261 2772 1354 2806 putes

256 2812 263 2819 ⁴
291 2813 486 2855 explicatum
512 2821 580 2842 esse
603 2811 740 2842 modum
770 2819 838 2850 quo
866 2810 1010 2841 Christus
1034 2816 1081 2841 est
1110 2811 1144 2841 111
1167 2811 1230 2841 1100
1253 2820 1354 2841 53013-

290 2862 412 2889 mento.
429 2856 513 2887 Nam
530 2855 710 2896 explanatio
725 2854 912 2886 huiusmodi
925 2861 972 2885 est
986 2864 1044 2895 per
1055 2855 1242 2886 communia
1252 2854 1353 2891 valde,

284 2899 412 2932 'scilicet
439 2909 497 2941 per
523 2899 712 2931 relationem
739 2908 795 2930 seu
818 2898 1053 2929 habitudinem:
1084 2899 1224 2930 nescitur
1247 2905 1354 2930 autem

257 2963 263 2970 ·
289 2951 340 2977 ree
363 2945 470 2985 aliqua
491 2945 552 2975 nisi
574 2953 632 2984 per
654 2944 784 2985 propria
807 2948 1020 2983 cognoscatur
1034 2944 1061 2973 *.

256 2989 264 2996 “
346 2989 398 3020 111.
423 2989 518 3020 Circa
540 2988 784 3019 conclusionem
806 2987 904 3023 illam,
931 2987 1058 3028 Corpus
1080 2988 1200 3018 Christi
1223 2988 1266 3018 ad
1288 2998 1355 3018 mo—

286 3039 359 3069 tum
386 3034 512 3064 hostiae
541 3037 689 3063 movetur
712 3042 775 3073 per
797 3032 962 3067 accidens,
993 3031 1111 3072 duplex
1138 3028 1276 3063 occurrit
1299 3033 1356 3062 ob-

288 3078 397 3113 iectis).
421 3078 527 3109 Prima
549 3086 588 3108 ex
610 3076 776 3112 Durando,
800 3077 951 3117 opinante
975 3076 1173 3117 oppositum,
1197 3077 1231 3107 in
1246 3077 1299 3108 lib.
1312 3076 1356 3107 IV

188 3138 195 3145 ·
252 3139 259 3146 ·
292 3118 397 3158 Sem„
422 3121 492 3152 dist.
515 3131 545 3157 x,
570 3130 624 3161 qu.
648 3131 692 3151 111.
717 3119 864 3151 Secunda
888 3130 926 3151 ex
949 3119 1048 3151 Scoto
1059 3121 1086 3156 *,
1111 3120 1224 3151 eadem
1247 3120 1356 3152 distin-

293 3167 410 3202 ctione,
428 3175 482 3206 qu.
503 3175 535 3195 vt
557 3166 592 3201 *‚
617 3165 770 3206 opinante
799 3174 866 3195 non
894 3170 1005 3195 contra
1030 3170 1174 3200 motum,
1199 3164 1255 3195 sed
1278 3174 1355 3194 con-

287 3215 340 3240 fla
362 3215 534 3240 motorem.
999 3219 1003 3224 ’

287 3268 290 3271 Δ
341 3254 463 3294 ‘Arguit
485 3263 560 3294 ergo
579 3253 755 3284 'Durandus
779 3262 898 3293 corpus
913 3253 1031 3284 Christi
1052 3253 1144 3283 nullo
1162 3252 1262 3283 modo
1285 3261 1356 3282 mo-

287 3298 360 3333 ,veri
383 3297 423 3330 ad
445 3303 573 3331 motum
594 3298 734 3333 hostiae,
764 3307 825 3328 nec
853 3307 910 3338 per
933 3307 967 3328 se
996 3306 1058 3328 nec
1080 3306 1137 3337 per
1159 3295 1306 3327 accidens
1329 3297 1355 3325 ’ἦ

287 3342 381 3386 ‘Quia
403 3351 521 3383 corpus
544 3341 662 3373 Christi
685 3347 716 3372 et
738 3342 841 3373 hostia
862 3351 930 3372 non
951 3346 1029 3372 sunt
1048 3350 1151 3371 unum
1178 3339 1356 3371 secundum

295 3386 490 3422 subiectum;
513 3395 575 3417 nec
598 3395 631 3416 se
649 3386 768 3416 habent
783 3392 819 3417 ut
835 3386 1003 3416 continens
1019 3389 1050 3415 et
1066 3389 1271 3419 contentum;
1295 3393 1356 3414 nec

295 3429 413 3461 habent
435 3430 673 3471 colligationem
695 3430 746 3460 vel
770 3435 964 3461 contactum.

351 3473 392 3504 Et
415 3473 629 3514 quiacorpus
653 3473 771 3504 Christi
799 3474 934 3504 existens
961 3474 994 3504 in
1019 3473 1108 3503 caelo
1132 3472 1291 3510 localiter,
1321 3469 1356 3501 fit

296 3517 341 3549 de*
357 3527 446 3548 novo
470 3519 606 3549 existens
627 3518 662 3548 in
684 3518 748 3548 hoc
770 3523 969 3548 sacramento
993 3518 1112 3557 absque
1135 3521 1228 3546 motu
1251 3513 1355 3550 locali,

1401 1977 1468 2002 tam
1490 1981 1548 2011 per
1571 1980 1605 2002 se
1629 1981 1727 2011 quam
1751 1981 1808 2012 per
1832 1972 1988 2002 accidens.
2013 1973 2109 2012 Ergo,
2129 1983 2147 2003 a
2169 1973 2303 2010 fortiori,
2328 1976 2463 2006 existens

1402 2016 1435 2046 in
1459 2017 1522 2046 hoc
1546 2021 1744 2046 sacramento
1768 2025 1836 2046 non
1859 2021 2008 2047 movetur
2031 2017 2070 2047 ad
2093 2023 2220 2048 motum
2242 2019 2374 2049 hostiae.

1457 2060 1510 2090 IV.
1536 2059 1650 2090 Scotus
1674 2065 1781 2090 31110111
1796 2061 1823 2095 *,
1847 2066 1963 2100 putans
1987 2070 2104 2101 corpus
2128 2061 2244 2092 Christi
2275 2062 2314 2092 ad
2336 2069 2463 2094 motum

1402 2104 1525 2134 hostiae
1547 2104 1669 2134 moveri
1694 2103 1825 2144 quidem
1847 2113 1904 2144 per
1927 2104 2083 2141 accidens,
2107 2105 2163 2135 sed
2185 2109 2253 2136 ndh
2271 2107 2331 2136 nisi
2350 2108 2463 2138 imme-

1403 2147 1486 2178 diate
1514 2158 1532 2178 a
1560 2148 1650 2183 Deo,
1679 2148 1793 2187 probat
1815 2149 1878 2178 hoc
1902 2149 2051 2179 ultimum
2075 2149 2133 2179 hac
2156 2150 2288 2180 ratione.
2323 2151 2462 2188 Quando

1403 2192 1509 2232 aliqua
1532 2192 1772 2231 coniunguntur
1794 2193 1934 2232 praecise
1956 2202 2014 2232 per
2030 2199 2136 2223 actum
2151 2194 2323 2224 voluntatis
2339 2196 2463 2226 contin-

1403 2242 1513 2276 genter
1537 2246 1570 2266 se
1593 2236 1736 2266 habentis
1760 2235 1799 2266 ad
1821 2236 1908 2266 illam
1933 2237 2205 2274 coniunctionem,
2229 2239 2254 2268 si
2275 2249 2377 2269 unum
2392 2240 2463 2269 illo-

1403 2290 1475 2310 rum
1498 2279 1676 2310 secundum
1699 2289 1732 2310 se
1756 2281 1795 2310 sit
1817 2281 1937 2311 mobile
1961 2282 2095 2311 omnino
2118 2282 2462 2322 improportionatum‚

1405 2330 1437 2355 et
1466 2325 1627 2364 reliquum
1657 2325 1955 2364 proportionatum,
1985 2325 2065 2356 illud
2094 2335 2228 2356 movens
2258 2336 2325 2357 non
2353 2327 2464 2357 eadem

1404 2370 1549 2399 motione
1572 2374 1679 2408 potest
1701 2377 1831 2399 movere
1854 2374 2027 2409 utrumque
2051 2370 2309 2401 coniunctorum.

1460 2413 1616 2443 Probatur
1645 2413 1703 2442 ista
1732 2413 1854 2443 ratione
1877 2418 1908 2443 et
1939 2414 2097 2453 exemplo.
2132 2414 2224 2444 Ratio
2253 2421 2299 2444 est
2323 2416 2414 2455 quia,
2439 2415 2465 2445 si

1405 2462 1516 2487 movet
1538 2466 1642 2487 unum
1658 2456 1748 2496 quod
1772 2462 1818 2486 est
1841 2457 1899 2487 sibi
1922 2458 2213 2497 proportionatum,
2230 2468 2297 2488 non
2320 2465 2464 2498 propter-

1407 2511 1444 2531 ea
1466 2507 1576 2531 movet
1591 2510 1648 2540 per
1671 2500 1817 2530 accidens
1848 2501 2027 2541 reliquum:
2053 2502 2128 2541 quia
2146 2503 2306 2542 reliquum
2329 2513 2395 2533 non
2420 2508 2466 2533 est

1406 2555 1555 2586 praesens
1585 2545 1630 2575 illi
1653 2550 1745 2574 moto
1767 2545 1849 2575 sicut
1871 2550 1959 2575 actus
1981 2547 2145 2585 potentiae
2171 2552 2225 2577 aut
2249 2556 2266 2577 e
2289 2556 2464 2583 converso;

1407 2599 1467 2620 nec
1498 2589 1682 2629 simpliciter
1706 2598 1743 2619 ex
1773 2589 1880 2629 aliqua
1903 2590 1963 2620 alia
1993 2591 2180 2620 necessitate
2207 2591 2352 2627 naturali,
2385 2592 2467 2621 sicut

1407 2643 1501 2674 grave
1518 2638 1564 2663 est
1579 2642 1727 2673 praesens
1750 2633 1823 2663 navi
1845 2633 1896 2663 vel
1913 2633 2018 2664 currui
2042 2635 2094 2664 cui
2113 2635 2267 2671 innititur,
2284 2640 2316 2665 et
2337 2640 2467 2675 propter

1406 2678 1471 2708 hoc
1493 2677 1588 2708 simul
1604 2682 1753 2707 movetur
1768 2686 1843 2707 curn
1865 2677 1922 2707 illo
1935 2688 1942 2714 ;
1967 2678 2022 2708 sed
2046 2684 2091 2708 est
2107 2688 2253 2718 praesens
2269 2679 2337 2709 sola
2351 2679 2467 2709 volun-

1407 2727 1490 2758 tate,
1515 2730 1598 2762 quae
1621 2726 1727 2761 potest
1749 2731 1816 2751 non
1843 2721 1924 2752 velle
1953 2722 2216 2753 coniunctionem
2239 2723 2342 2759 illam,
2366 2729 2466 2753 stante

1407 2772 1516 2796 tamen
1538 2766 1685 2796 motione
1708 2765 1845 2796 alterius.

1463 2810 1658 2850 Exemplum
1689 2815 1745 2839 est.
1781 2809 1814 2840 Si
1837 2809 1968 2850 angelus
1998 2810 2175 2841 voluntarie
2205 2810 2321 2840 faceret
2343 2820 2377 2840 se
2400 2820 2466 2840 esse

1407 2860 1607 2895 praesentem
1623 2853 1731 2895 lapidi,
1748 2854 1773 2884 si
1789 2863 1906 2884 moveo
1923 2853 2071 2894 lapidem,
2083 2864 2151 2884 non
2167 2860 2334 2894 propterea
2348 2863 2466 2884 moveo

1408 2899 1575 2939 angelum:
1600 2898 1655 2938 qui
1678 2907 1746 2927 non
1770 2903 1816 2927 est
1839 2907 1896 2938 per
1918 2907 1950 2927 se
1974 2898 2100 2928 mobilis
2124 2909 2141 2928 a
2156 2899 2270 2928 virtute
2294 2907 2382 2934 mea;
2407 2907 2467 2927 nec

1407 2953 1465 2983 per
1488 2942 1634 2972 accidens
1661 2942 1694 2971 in
1717 2942 1902 2981 proposito,
1931 2943 2007 2982 quia
2029 2951 2089 2972 nec
2112 2941 2214 2972 forma
2243 2950 2303 2971 nec
2326 2951 2397 2982 pars
2421 2947 2468 2972 est

1407 2986 1520 3027 lapidis
1550 2986 1678 3016 mobilis
1710 2995 1768 3024 per
1790 2995 1823 3015 se
1849 2995 1867 3015 a
1893 2995 1956 3015 me.
1987 2985 2080 3016 Unde
2111 2986 2241 3026 angelus
2270 2986 2304 3015 in
2330 2984 2466 3015 termino

1408 3036 1516 3061 motus
1539 3030 1651 3070 lapidis
1678 3039 1736 3068 per
1758 3030 1921 3069 propriam
1944 3039 2035 3060 suam
2058 3031 2218 3060 actionem
2241 3034 2322 3059 esset
2344 3030 2388 3059 ibi
2411 3029 2468 3059 ubi

1410 3081 1456 3105 est
1479 3075 1568 3114 lapis,
1594 3079 1625 3103 et
1647 3083 1714 3103 non
1738 3082 1794 3113 per
1817 3079 1922 3103 actum
1946 3083 2066 3104 meum.

1464 3119 1505 3150 Et
1527 3123 1604 3148 tunc
1621 3117 1817 3148 subsumitur
1832 3118 1947 3148 minor.
1971 3117 2034 3148 Sed
2049 3127 2166 3157 corpus
2182 3116 2298 3148 Christi
2315 3123 2361 3148 est
2379 3127 2468 3158 prae-

1409 3172 1480 3192 sens
1503 3162 1621 3202 speciei
1644 3161 1861 3192 sacramentali
1884 3166 2007 3192 tanturn
2030 3171 2088 3201 per
2111 3166 2198 3191 actus
2213 3160 2386 3197 voluntatis
2403 3162 2468 3191 ani-

1409 3215 1490 3236 mae.
1515 3206 1611 3245 Ergo,
1629 3211 1688 3235 etc.
2047 3198 2054 3211 ¹

1463 3251 1502 3280 V.
1527 3250 1578 3280 Ad
1595 3249 1785 3279 evidentiam
1801 3249 1927 3285 horum,
1944 3248 2068 3279 videtur
2091 3249 2169 3279 mihi
2193 3248 2282 3289 quod
2303 3259 2377 3280 cum
2400 3249 2468 3279 Du-

1409 3293 1508 3325 rando
1528 3295 1545 3310 ¹*
1575 3293 1662 3324 nulla
1688 3294 1728 3324 sit
1754 3294 1897 3333 quaestio
1928 3293 2107 3324 secundum
2132 3302 2220 3329 rem,
2251 3293 2307 3323 sed
2331 3293 2412 3323 forte
2435 3294 2469 3323 in

1409 3338 1484 3369 solis
1508 3339 1620 3368 verbis.
1655 3337 1688 3368 Si
1712 3338 1798 3368 enim
1820 3338 2027 3378 perspiciatur
2050 3347 2087 3368 ex
2110 3347 2176 3368 una
2197 3343 2285 3377 parte
2309 3337 2467 3368 distinctio

1410 3382 1491 3412 facta
1514 3382 1547 3411 in
1570 3382 1671 3411 littera
1695 3381 1734 3411 de
1758 3380 1877 3421 duplici
1902 3391 1969 3412 esse
1993 3382 2135 3422 corporis
2155 3381 2281 3417 Christi,
2305 3381 2356 3412 vel
2378 3382 2411 3411 in
2435 3390 2467 3410 se

1411 3426 1461 3456 vel
1487 3427 1520 3456 in
1544 3431 1759 3467 sacramento;
1793 3431 1822 3455 et
1850 3425 1970 3455 dictum
1998 3435 2065 3456 esse
2093 3425 2182 3465 quod
2209 3435 2325 3466 corpus
2353 3424 2469 3455 Christi

1410 3471 1443 3500 in
1468 3480 1501 3500 se
1523 3479 1591 3500 non
1614 3475 1761 3500 movetur
1784 3479 1890 3509 neque
1914 3479 1971 3510 per
1993 3479 2026 3500 se
2049 3478 2155 3509 neque
2178 3478 2235 3509 per
2251 3469 2412 3504 accidens;
2438 3474 2469 3498 et

1411 3513 1501 3554 quod
1525 3513 1702 3544 secundum
1726 3522 1794 3544 esse
1816 3514 1854 3543 in'
1866 3519 2062 3544 sacramento
2086 3518 2234 3543 movetur
2256 3522 2321 3543 non
2345 3521 2402 3552 per
2424 3521 2467 3546 se,

2491 2065 2501 2075 '
2515 2064 2550 2086 Cf.
2566 2068 2630 2084 num.
2645 2068 2674 2084 vi.

2496 3296 2505 3305 ⁸
2520 3295 2589 3317 Num.
2608 3300 2642 3315 111.
