2918 4088
207 519 218 528 ·
234 516 268 538 Cf.
283 522 346 537 nurn.
363 522 385 536 n.

208 545 229 555 ··
245 543 280 565 Cf.
297 549 360 563 num.
375 548 406 563 iv.

210 1001 220 1010 ¹¹
238 999 284 1026 Qu.
302 1005 328 1024 n,
344 1002 385 1020 art.
402 1004 422 1027 3.

212 1357 221 1366 ·
236 1355 333 1377 Aristot.
353 1355 422 1376 Cate-

209 1388 273 1410 gor„
281 1388 331 1409 cap.
338 1387 367 1408 lx,
375 1381 422 1403 n.6.

212 1623 222 1633 ·
243 1621 279 1643 Cf.
304 1626 367 1642 num.
388 1626 408 1646 ι,

212 1647 310 1676 princip.

446 211 522 247 214

1090 198 1352 246 QUAESTIO
1382 197 1587 243 LXXVIII,
1623 194 1914 232 ARTICULUS
1942 194 1976 230 V

1115 339 1448 371 Commentario.
1472 335 1723 369 Garamans
1745 334 1946 367 Caietani

479 439 498 458 N
523 428 658 459 articulo
682 429 796 468 quinto
824 428 967 458 eiusdem
995 428 1190 468 quaestionis
1220 433 1283 457 tres
1310 426 1509 457 difficultates

452 440 656 512 Itangendae
673 478 760 503 sunt:
780 473 892 512 prima,
910 472 949 502 de
965 473 1111 508 veritate3
1128 471 1277 507 secunda,
1295 471 1334 502 de
1350 470 1509 510 consigni-

448 516 598 547 ficatione
614 518 647 553 *;
672 517 772 553 tertia,
798 516 837 547 de
860 516 1132 546 demonstratione
1149 516 1192 545 fl.

503 561 551 591 De
583 561 810 591 enuntiationis
841 561 936 600 igitur
962 561 1057 590 huius
1084 559 1334 595 sacramentalis,
1362 558 1438 588 Hoc
1465 563 1511 588 est

441 615 565 645 corpus
580 614 695 640 meum,
711 606 851 640 veritate,
877 605 956 634 scito
972 604 1092 644 aliquid
1109 613 1176 634 esse
1193 609 1325 639 certum,
1343 608 1374 633 et
1390 602 1510 642 aliquid

447 650 480 680 in
505 650 727 689 quaestionem
745 649 835 679 verti.
859 649 942 678 Nam
967 654 1089 678 certum
1113 654 1159 678 est
1182 646 1284 687 ipsam
1308 647 1341 677 in
1366 646 1511 686 quolibet

447 694 575 724 instanti
596 693 750 733 temporis
774 702 840 733 quo
858 698 913 729 est,
939 702 1006 723 esse
1021 701 1129 722 veram
1145 692 1195 722 vel
1212 691 1340 721 falsam:
1365 691 1440 731 quia
1456 696 1510 721 aut

448 738 492 768 sic
517 743 573 774 est,
598 743 628 767 et
652 743 698 767 est
721 746 823 772 vera;⁴
837 743 891 768 aut
914 746 981 767 non
1005 737 1049 767 sic
1073 742 1129 772 est,
1154 742 1185 766 et
1208 741 1255 766 est
1277 735 1363 766 falsa.
1392 735 1427 765 In
1451 734 1509 765 du-

448 782 538 812 bium
562 787 669 812 autern
691 781 823 811 vertitur
846 791 896 816 an,
920 781 1008 821 prius
1027 786 1139 811 natura
1162 789 1260 820 quam
1276 780 1443 810 conversio
1460 779 1509 815 sit,

449 826 487 856 sit
511 835 583 855 vera
606 831 660 855 aut
683 825 769 855 falsa.
804 825 845 855 Et
869 830 915 855 est
937 825 1016 855 ratio
1041 824 1146 860 dubii,
1179 825 1254 864 quia
1277 822 1509 854 sacramentalis

447 871 527 900 haec
550 870 652 900 oratio
677 875 723 899 est
747 870 947 899 conversiva:
979 878 1015 898 ac
1038 878 1095 909 per
1118 869 1195 904 hoc,
1220 868 1307 908 prius
1330 873 1441 898 natura
1465 872 1511 897 est

449 923 547 953 quam
571 914 748 949 conversio,
773 923 855 953 quae
880 918 926 944 est
949 922 1025 943 suus
1045 911 1186 943 effectus.
1211 913 1252 942 Et
1267 917 1436 952 propterea
1452 911 1530 942 du—*

448 958 564 988 bitatur
587 967 628 987 an
650 958 684 987 in
707 957 763 987 illo
786 958 885 997 priori
908 963 1039 987 naturae
1063 957 1102 986 sit
1124 966 1198 986 vera
1220 957 1271 986 vel
1294 955 1380 986 falsa.

503 1001 544 1031 Et
560 1001 675 1032 Scotus
690 1001 830 1041 quidem,
843 1002 876 1031 in
889 1011 943 1030 vm
959 1000 1161 1030 distinctione
1173 1001 1190 1016 ⁴*
1206 1000 1329 1037 Quarti,
1343 999 1511 1030 declinavit

448 1045 481 1075 in
499 1042 687 1085 opinionem
710 1045 850 1075 tertiam:
879 1043 968 1084 quod
984 1054 1044 1074 nec
1061 1049 1096 1074 ut
1111 1053 1194 1079 vera,
1211 1053 1271 1074 nec
1294 1049 1330 1074 ut
1353 1043 1439 1079 falsa,
1456 1042 1511 1073 sed

449 1095 485 1119 ut
507 1094 619 1119 neutra
643 1098 676 1118 se
699 1089 804 1118 habet.

503 1133 627 1162 Auctor
650 1138 758 1162 autem
782 1133 815 1162 in
837 1133 902 1162 hoc
925 1132 1076 1167 articulo,
1107 1137 1173 1161 tam
1196 1132 1229 1161 in
1253 1140 1389 1171 corpore
1413 1140 1511 1170 quam

448 1177 482 1206 in
504 1177 713 1216 responsione
737 1175 776 1206 ad
799 1177 938 1212 tertium,
962 1181 1049 1206 tenet
1072 1174 1162 1215 quod
1179 1175 1279 1205 oratio
1295 1175 1354 1205 ista
1376 1180 1413 1205 ut
1427 1184 1511 1210 vera,

447 1221 586 1260 practice
608 1226 716 1250 tamen
740 1229 797 1250 seu
821 1220 996 1256 causaliter,
1020 1220 1054 1249 in
1077 1219 1133 1249 illo
1157 1219 1255 1258 priori
1278 1224 1409 1249 naturae
1434 1228 1512 1249 con-

450 1265 554 1294 currit.
579 1264 628 1294 De
651 1263 815 1294 intellectu
838 1263 996 1304 siquidem
1020 1263 1215 1303 speculativo
1240 1263 1310 1293 solo
1334 1263 1512 1302 intelligen-

448 1307 526 1338 dum
550 1313 596 1338 est
619 1307 709 1348 quod
732 1308 772 1338 ab
795 1318 832 1338 eo
857 1307 943 1348 quod
967 1317 1018 1338 res
1034 1312 1081 1337 est
1103 1308 1154 1337 vel
1177 1316 1242 1337 non
1260 1311 1315 1343 est,
1341 1307 1448 1337 oratio
1465 1306 1512 1337 di-

448 1353 534 1383 citur
556 1362 633 1383 vera
656 1353 706 1383 vel
719 1352 816 1394 falsa
832 1353 858 1382 *.
893 1352 993 1386 Nam,
1024 1351 1098 1382 licet
1125 1351 1164 1382 de
1187 1357 1326 1392 utroque
1349 1351 1512 1381 intellectu

448 1396 628 1427 verificetur
655 1396 744 1436 quod
768 1398 806 1427 ab
831 1406 871 1427 eo
903 1396 993 1436 quod
1015 1405 1064 1426 res
1088 1401 1135 1426 est
1157 1396 1208 1426 vel
1230 1405 1298 1426 non
1322 1401 1385 1432 est,
1411 1395 1512 1425 oratio

449 1440 563 1471 dicitur
585 1450 660 1471 vera
682 1441 733 1471 vel
756 1440 833 1471 falsa
856 1440 1047 1476 formantem
1078 1441 1237 1480 pracn‘cus
1260 1446 1367 1471 tamen
1390 1439 1513 1470 intelle-

450 1490 529 1520 ctus,
553 1486 741 1525 priusquam
764 1495 814 1515 res
836 1485 885 1521 sit,
910 1490 957 1515 est
980 1494 1072 1515 verus
1095 1485 1233 1524 practice
1256 1494 1312 1515 seu
1337 1484 1513 1519 causaliter,

450 1530 525 1569 quia
548 1539 615 1560 non
638 1530 880 1570 praesupponit,
905 1529 965 1560 sed'
983 1529 1058 1559 facit
1081 1538 1149 1559 rem
1166 1538 1233 1559 esse
1257 1528 1343 1559 unde
1367 1528 1513 1559 denomi-

449 1579 543 1604 natur
565 1583 658 1604 verus
682 1573 865 1604 formaliter.

506 1618 542 1648 11.
568 1617 661 1648 Circa
684 1617 1013 1658 consignificationem
1037 1623 1144 1648 autem
1160 1618 1186 1654 *,
1212 1627 1325 1647 omnes
1342 1617 1514 1647 convenire

450 1662 484 1692 in
499 1662 563 1692 hoc
586 1662 733 1692 videntur
756 1661 846 1702 quod
861 1662 940 1692 haec
955 1662 1089 1698 locutio,
1113 1661 1189 1692 Hoc
1204 1667 1251 1692 est
1265 1671 1383 1702 corpus
1399 1671 1514 1697 meum,

450 1706 636 1746 intelligitur
666 1706 846 1736 secundum
868 1706 1020 1736 ultimum
1043 1707 1162 1737 instans
1189 1706 1377 1746 prolationis
1400 1706 1513 1736 verbo-

451 1760 534 1781 rum.
558 1750 621 1781 Sed
644 1750 805 1781 diversitas
829 1751 1022 1791 opinionum
1041 1756 1102 1781 est:
1127 1751 1203 1791 quia
1226 1750 1277 1780 alii
1300 1755 1414 1790 putant
1437 1760 1514 1781 con-

450 1795 572 1835 tingere
595 1795 658 1825 hoc
683 1805 721 1826 ex
735 1795 851 1825 virtute
873 1795 1043 1832 sermonis;
1068 1795 1120 1826 alii
1136 1800 1243 1825 autem
1259 1795 1431 1834 opinantur
1446 1804 1514 1825 non

452 1848 519 1869 esse
543 1839 606 1869 hoc
630 1849 667 1869 ex
683 1839 798 1869 virtute
822 1839 987 1875 sermonis,
1011 1839 1066 1870 sed
1090 1849 1127 1869 ex
1143 1839 1322 1869 intentione
1338 1848 1515 1869 sacramen-

451 1883 515 1913 tali.
551 1883 592 1913 Et
616 1884 771 1923 quoniam
795 1884 930 1914 obscura
954 1884 996 1914 ob
1027 1883 1254 1914 confusionem
1283 1882 1425 1913 redditur
1455 1882 1514 1913 dif-

451 1927 575 1958 ficultas
597 1928 686 1963 haec,
711 1927 972 1968 distinguendum
997 1933 1052 1964 est,
1076 1933 1112 1958 ut
1136 1928 1219 1958 clara
1241 1926 1305 1957 fiat.

507 1971 675 2011 Distingue
704 1972 800 2012 igitur
831 1971 870 2002 de
896 1978 1043 2012 tempore
1074 1981 1131 2002 seu
1158 1972 1286 2002 instanti
1318 1981 1384 2012 quo
1412 1972 1514 2002 oratio

452 2015 624 2056 significat:
649 2016 699 2046 vel
723 2015 763 2046 de
786 2022 932 2056 tempore
955 2026 1012 2046 seu
1035 2017 1164 2046 instanti
1187 2025 1247 2056 pro
1264 2025 1331 2056 quo
1355 2016 1457 2046 oratio
1475 2016 1515 2046 si-

451 2059 589 2100 gnificat.
624 2059 722 2090 Aliud
745 2066 791 2090 est
815 2061 901 2090 enim
931 2061 1061 2101 quando
1086 2060 1193 2091 oratio
1217 2059 1460 2101 consignificat,
1485 2065 1516 2090 et

451 2103 537 2134 aliud
561 2110 607 2134 est
624 2103 754 2145 quando
771 2114 836 2144 per
859 2105 1039 2135 orationem
1062 2104 1353 2145 consignificatum,
1371 2109 1406 2134 ut
1428 2109 1515 2144 patet

452 2148 604 2185 dicende,
628 2149 743 2179 Petrus
767 2149 943 2190 crucifixus
966 2153 1031 2179 est:
1066 2148 1196 2189 quando
1221 2149 1307 2179 enim
1331 2149 1433 2178 oratio
1457 2149 1515 2178 ista

451 2191 616 2232 significat,
641 2198 718 2223 tunc
742 2198 789 2223 est
812 2202 887 2223 cum
910 2192 1086 2233 profertur:
1118 2192 1173 2223 sed
1196 2192 1326 2233 quando
1350 2193 1515 2234 consigni-

404 2240 407 2243 '
439 2237 580 2278 ficatum
604 2243 651 2267 est
673 2243 801 2277 tempus
824 2238 1040 2277 praeteritum,
1064 2243 1100 2268 ut
1123 2242 1219 2277 patet.

506 2281 701 2321 Significatio
725 2287 832 2312 autem
856 2282 1009 2312 orationis
1031 2291 1099 2312 non
1123 2287 1170 2312 est
1195 2282 1256 2312 nisi
1279 2282 1381 2312 oratio
1405 2282 1444 2312 sit
1467 2281 1516 2311 in-

450 2331 537 2366 tegra
559 2326 737 2365 integritate
761 2326 933 2356 essentiali:
967 2326 1122 2366 quoniam
1146 2326 1247 2356 oratio
1274 2335 1342 2356 non
1366 2326 1515 2356 essentia-

451 2370 521 2400 liter
543 2371 664 2410 integra
687 2379 754 2400 non
778 2375 824 2400 est
848 2371 967 2407 oratio,
992 2375 1023 2400 et
1047 2375 1281 2410 consequenter
1307 2379 1375 2400 non
1397 2369 1515 2410 signifi-

452 2419 511 2444 cat.
537 2413 659 2454 Integra
683 2419 790 2444 autern
813 2423 881 2444 non
906 2420 952 2444 est
975 2414 1077 2444 oratio
1108 2415 1169 2444 nisi
1190 2415 1225 2444 in
1248 2414 1386 2444 termino
1410 2414 1515 2454 prola-

451 2458 558 2488 tionis.
586 2458 627 2488 Et
649 2463 819 2498 propterea
842 2459 943 2489 oratio
967 2468 1035 2488 non
1058 2457 1214 2498 significat
1236 2459 1297 2488 nisi
1319 2459 1353 2488 in
1375 2458 1514 2488 termino

452 2512 527 2533 suae
546 2502 743 2542 prolationis.
768 2502 809 2532 Et
826 2503 901 2542 quia
917 2502 1158 2543 consignificare
1174 2503 1405 2543 praesupponit
1420 2503 1516 2542 signi-

452 2546 557 2582 ficare,
574 2552 687 2586 utpote
703 2546 849 2577 adiacens
864 2547 919 2583 illi,
936 2546 1010 2577 ideo
1035 2547 1147 2583 oratio,
1164 2547 1246 2577 sicut
1260 2556 1328 2577 non
1349 2545 1514 2586 significat,

452 2591 495 2621 ita
517 2600 578 2621 nec
601 2590 830 2631 consignificat,
847 2591 908 2621 nisi
933 2592 967 2622 in
993 2591 1131 2622 termino
1158 2600 1234 2621 suae
1257 2590 1455 2631 prolationis.

507 2635 575 2665 Nec
599 2640 646 2665 est
667 2635 731 2665 hoc
755 2635 862 2665 solum
884 2645 996 2665 verum
1019 2635 1059 2666 de
1082 2641 1149 2666 tota
1172 2636 1326 2671 oratione,
1351 2634 1407 2665 sed
1429 2640 1460 2665 et
1475 2635 1515 2665 de

452 2679 593 2720 partibus
616 2684 652 2709 ut
674 2680 832 2719 integrant
854 2685 965 2710 totam.
989 2679 1030 2709 Et
1053 2679 1093 2710 de
1116 2679 1234 2720 copula
1257 2678 1388 2719 quidem
1412 2678 1515 2710 decla-

451 2729 537 2754 ratur
560 2723 737 2763 dupliciter.
770 2723 857 2754 Tum
881 2733 919 2754 ex
943 2733 982 2754 eo
1007 2723 1096 2764 quod
1119 2723 1152 2764 ly
1175 2728 1222 2754 est
1247 2723 1403 2764 significat
1425 2733 1515 2754 com-

451 2768 657 2808 positionem,
682 2777 780 2808 quam
803 2769 871 2798 sine
895 2769 1041 2798 extremis
1064 2777 1132 2798 non
1156 2774 1203 2798 est
1224 2768 1415 2808 intelligere:
1446 2777 1515 2798 non

453 2813 539 2843 enim
554 2817 660 2852 potest
683 2812 816 2852 intelligi
832 2812 1026 2852 compositio
1044 2812 1132 2852 prior
1147 2813 1196 2842 his
1212 2822 1294 2852 quae
1310 2821 1515 2852 componun-

451 2862 512 2887 tur.
528 2875 551 2879 -
573 2856 661 2887 Tum
677 2857 752 2896 quia
775 2857 955 2896 experimur
971 2856 1060 2897 quod
1075 2856 1170 2887 huius
1194 2857 1356 2892 orationis,
1373 2856 1514 2898 Lignum

452 2906 499 2931 est
521 2901 638 2936 album,
662 2906 835 2941 postquam
858 2901 1000 2941 prolatae
1023 2906 1097 2931 sunt
1120 2901 1242 2941 primae
1265 2900 1431 2937 dictiones,
1455 2901 1515 2931 sci-

451 2946 524 2975 licet
540 2945 681 2986 Lignum
697 2950 753 2981 est,
770 2951 943 2985 antequam
958 2944 1138 2985 proferatur
1153 2945 1186 2986 ly
1201 2945 1319 2980 album,
1336 2945 1369 2986 ly
1385 2950 1432 2975 est
1446 2955 1514 2975 non

452 2989 608 3030 significat
631 2990 902 3029 compositionem
925 2989 1000 3030 ligni
1025 2999 1101 3020 cum
1120 2989 1204 3020 albo.
1229 2989 1328 3027 Quod
1351 2990 1514 3020 convinci-

452 3039 503 3064 tur
526 3034 551 3064 si
574 3043 733 3074 ponamus
757 3034 936 3064 orationem
959 3034 1084 3064 sistere:
1119 3039 1198 3064 tunc
1229 3034 1315 3064 enim
1345 3033 1513 3064 manifeste

453 3083 583 3117 apparet
609 3087 677 3108 non
700 3077 985 3118 praesignificatam
1009 3087 1076 3108 esse
1104 3078 1375 3118 compositionem
1397 3077 1514 3108 dictam

452 3131 509 3161 per
539 3122 571 3162 ly
601 3127 656 3152 est.
693 3121 856 3162 Significat
886 3132 961 3162 ergo
993 3123 1095 3162 ipsam
1126 3122 1416 3162 compositionem,
1446 3131 1514 3153 non

454 3165 583 3205 quando
607 3165 775 3205 profertur,
800 3166 855 3196 sed
879 3165 1009 3206 quando
1027 3166 1193 3206 coniungit
1207 3165 1425 3206 praedicatum
1440 3167 1515 3197 sub-

452 3210 555 3239 iecto:
589 3209 678 3249 quod
700 3210 778 3239 nihil
802 3210 887 3240 aliud
911 3216 957 3240 est
981 3210 1086 3241 dicere
1117 3220 1215 3250 quam
1243 3220 1318 3241 cum
1342 3211 1443 3240 oratio
1469 3216 1515 3241 est

454 3254 583 3292 integra.
606 3271 630 3275 —
651 3253 692 3283 Et
716 3253 790 3293 quia
813 3254 900 3293 prius
923 3259 1035 3284 natura
1056 3253 1210 3294 significat
1234 3263 1331 3294 quam
1355 3254 1515 3294 consigni-

454 3295 537 3332 ficat,
561 3296 635 3327 ideo
658 3297 690 3337 ly
714 3302 769 3332 est,
794 3298 875 3327 sicut
894 3307 962 3327 non
978 3297 1133 3337 significat
1149 3298 1419 3338 compositionem
1442 3303 1515 3328 ante

454 3341 666 3380 integritatem
689 3341 857 3377 orationis,
889 3341 931 3370 ita
954 3351 1014 3371 nec
1038 3341 1257 3381 consignificat
1280 3347 1358 3372 tunc
1384 3341 1514 3381 quando

454 3384 622 3424 profertur,
646 3384 702 3414 sed
724 3390 801 3414 tunc
828 3384 958 3424 quando
982 3386 1154 3424 integratur
1177 3386 1290 3416 oratio.

510 3428 559 3458 De
582 3429 726 3458 subiecto
750 3433 857 3458 autem
881 3428 1048 3468 dupliciter
1072 3429 1166 3459 etiam
1189 3429 1274 3459 idem
1298 3429 1515 3460 manifestatur

455 3473 488 3502 in
504 3473 681 3513 proposito.
707 3472 794 3502 Turn
818 3473 892 3512 quia
916 3472 995 3502 talia
1011 3477 1087 3502 sunt
1100 3473 1240 3503 subiecta
1259 3473 1370 3513 qualia
1380 3473 1515 3513 permit-

455 3521 568 3546 tuntur
593 3525 614 3546 a
630 3516 839 3556 praedicatis.
876 3516 916 3546 Et
942 3522 1111 3556 propterea
1141 3522 1213 3547 ante
1240 3516 1418 3556 praedicata
1436 3526 1514 3547 ·non

1563 426 1681 455 habent
1704 425 1963 465 suppositionem
1986 432 2087 454 suam.
2111 442 2134 446 -
2156 424 2244 455 Tum
2267 425 2343 464 quia
2366 425 2448 456 clare
2474 426 2626 466 perspici-

1563 479 1636 500 mus
1660 469 1763 509 quod,
1789 468 1879 499 dictis
1902 468 1968 498 istis
1992 467 2115 498 duabus
2139 468 2346 504 dictionibus,
2369 468 2479 499 Homo
2503 474 2565 506 est,
2590 475 2626 500 ut

1564 513 1719 544 formetur
1741 513 1921 554 propositio
1946 511 1985 542 de
2009 512 2102 542 tertio
2119 511 2293 549 adiacente,
2316 512 2424 543 nullus
2446 513 2627 544 intellectus

1563 558 1697 588 habetur
1719 563 1784 588 tam
1808 557 1942 587 subiecti
1965 565 2063 596 quam
2087 556 2232 596 copulae,
2257 556 2312 587 sed
2327 557 2496 587 variabitur
2511 558 2627 588 utrius-

1564 611 1628 642 que
1652 611 1762 632 sensus
1785 602 1872 632 iuxta
1894 601 2077 631 varietatem
2100 599 2280 640 praedicati,
2304 605 2340 630 ut
2354 606 2442 640 patet
2456 600 2627 632 formando

1564 646 1642 677 duas
1665 646 1902 686 propositiones
1933 654 2069 685 quarum
2092 654 2158 675 una
2180 645 2235 681 sit,
2259 644 2370 675 Homo
2394 649 2441 676 est
2462 644 2571 681 albus,
2590 646 2627 676 'et

1564 690 1669 726 altera,
1694 690 1804 720 Homo
1828 694 1875 720 est
1896 689 2036 730 species:
2059 689 2141 720 clare
2165 689 2251 725 enim
2274 689 2307 719 in
2322 689 2371 719 his
2386 689 2488 729 liquet
2503 695 2534 719 et
2552 690 2627 720 sub-

1563 735 1684 765 iectum
1708 740 1738 765 et
1762 734 1913 774 copulam
1940 733 2157 774 praedicatum
2185 738 2368 773 expectare,
2392 733 2434 764 ita
2459 732 2548 773 quod
2573 743 2628 764 va-

1563 779 1656 809 rietas
1679 778 1851 819 praedicati
1874 779 2057 808 varietatem
2080 777 2204 808 inducit
2227 783 2258 808 et
2280 778 2315 807 in
2337 782 2405 808 tota
2424 778 2579 815 oratione,
2597 783 2628 808 et

1563 823 1597 853 in
1621 823 1776 859 subiecto,
1801 828 1832 853 et
1855 823 1982 863 copula,
2006 827 2042 852 ut
2064 827 2151 862 patet
2175 821 2371 852 discurrenti.

1620 867 1661 897 Et
1676 867 1818 897 similiter
1841 867 1942 897 oratio
1966 867 2034 902 ista,
2050 866 2126 897 Hoc
2149 871 2196 896 est
2218 875 2335 907 corpus
2357 875 2471 896 meum.
2496 866 2545 907 Ly
2567 866 2630 897 hoc

1564 921 1632 942 non
1656 911 1851 942 demonstrat
1878 916 1955 941 tunc
1979 920 2054 941 curn
2077 909 2250 951 profertur,
2277 919 2385 950 neque
2407 910 2440 951 ly
2463 915 2511 941 est
2533 911 2630 950 signi-

1564 955 1639 986 ficat
1662 961 1716 986 aut
1739 955 1960 995 consignificat
1982 961 2060 985 tunc
2076 965 2150 985 cum
2166 954 2336 995 profertur,
2356 955 2644 995 compositionem.

1565 1010 1622 1030 seu
1646 1000 1910 1030 coniunctionem
1932 1000 2014 1030 inter
2036 999 2069 1040 ly
2091 999 2152 1029 hoc
2175 1005 2206 1030 et
2230 1008 2347 1039 corpus
2371 998 2503 1030 Christi:
2531 1004 2567 1029 ut
2590 1008 2628 1029 ex

1565 1045 1628 1074 hoc
1653 1044 1853 1074 convincitur
1876 1042 1975 1083 quod,
2000 1043 2024 1073 si
2042 1043 2113 1083 quis
2129 1043 2353 1083 subiungendo
2369 1053 2436 1073 non
2452 1048 2630 1084 apponeret

1566 1097 1684 1127 corpus
1706 1097 1821 1123 meum,
1846 1087 1902 1117 sed
1923 1087 1956 1128 ly
1973 1087 2072 1127 panis
2095 1092 2150 1117 aut
2172 1087 2205 1128 ly
2222 1097 2425 1128 pronomen,
2450 1087 2628 1118 enuntiatio

1565 1141 1634 1161 non
1657 1137 1739 1161 esset
1761 1130 1856 1167 falsa;
1893 1140 2028 1170 quarum
2052 1137 2159 1161 tamen
2182 1137 2351 1171 utramque
2375 1137 2538 1172 oporteret
2561 1140 2631 1162 esse

1567 1175 1677 1205 falsam
1701 1175 1726 1204 si
1749 1175 1782 1215 ly
1804 1180 1852 1205 est
1873 1174 2079 1214 significasset
2100 1180 2178 1205 tunc
2202 1184 2277 1206 cum
2297 1175 2526 1215 proferebatur,
2551 1185 2631 1207 con-

1566 1219 1767 1250 iunctionem
1790 1219 1872 1249 inter
1893 1219 1955 1248 hoc
1978 1224 2009 1249 et
2032 1228 2149 1259 corpus
2173 1218 2300 1249 Christi.

1622 1262 1805 1302 Loquendo
1828 1263 1924 1303 igitur
1947 1261 1986 1292 de
2010 1262 2141 1302 quando
2166 1265 2267 1293 oratio
2291 1272 2348 1293 seu
2363 1263 2497 1293 verbalis
2513 1263 2632 1303 copula

1567 1306 1723 1347 significat
1738 1312 1793 1336 aut
1809 1305 2038 1347 consignificat,
2051 1306 2253 1337 sentiendum
2266 1312 2312 1337 est
2328 1306 2418 1347 quod
2432 1312 2510 1337 tunc
2525 1307 2631 1347 primo

1568 1350 1724 1391 significat
1754 1356 1808 1381 aut
1838 1349 2059 1390 consignificat
2089 1360 2164 1380 cum
2188 1351 2293 1390 primo
2321 1351 2423 1381 oratio
2446 1351 2630 1391 integratur.

1567 1396 1609 1426 Et
1631 1396 1695 1426 hoc
1725 1405 1793 1425 non
1821 1404 1858 1425 ex
1885 1395 2063 1425 intentione
2089 1394 2295 1435 proferentis,
2328 1394 2383 1425 sed
2410 1404 2448 1425 ex
2474 1395 2506 1425 vi
2531 1395 2633 1436 ipsius

1569 1440 1738 1470 orationis:
1769 1445 1805 1470 ut
1835 1444 1944 1480 patere
1971 1444 2078 1479 potest
2104 1448 2143 1469 ex
2165 1438 2266 1470 dictis.
2301 1439 2370 1470 Nec
2393 1438 2478 1470 istud
2500 1437 2632 1480 quando

1568 1483 1763 1524 significatur
1786 1489 1840 1514 aut
1860 1482 2119 1523 consignificatur
2137 1492 2195 1523 per
2210 1483 2390 1521 orationem
2406 1493 2464 1515 seu
2479 1484 2632 1524 copulam

1567 1529 1738 1564 verbalem,
1762 1527 1818 1558 sed
1841 1534 1888 1558 est
1909 1527 2039 1569 quando
2062 1527 2209 1558 adiacens
2231 1537 2288 1558 seu
2310 1537 2498 1559 mensurans
2513 1527 2633 1568 signifi-

1569 1574 1728 1603 cationem
1745 1577 1777 1603 et
1792 1571 2139 1612 consignificationem:
2165 1571 2336 1603 attenditur
2352 1572 2438 1603 enim
2454 1572 2633 1604 secundum

1568 1627 1751 1648 mensuram
1764 1617 1917 1647 orationis
1932 1615 2137 1656 significantis
2153 1621 2184 1646 et
2200 1615 2479 1657 consignificantis,
2496 1621 2532 1647 ut
2546 1621 2634 1657 patet

1568 1663 1602 1692 in
1618 1662 1817 1692 orationibus
1833 1660 1873 1692 de
1887 1661 2069 1701 praeterito.
2093 1660 2143 1697 Et,
2160 1665 2196 1691 ut
2210 1659 2532 1697 hoc'concludamus,
2547 1660 2633 1692 istud

1568 1705 1698 1747 quando
1722 1715 1756 1736 se
1777 1710 1865 1736 tenet
1888 1715 1926 1735 ex
1949 1711 2037 1745 parte
2060 1714 2229 1736 mensurae
2252 1714 2309 1736 seu
2333 1704 2507 1736 durationis
2531 1714 2634 1736 enun—

1567 1750 1707 1781 tiationis
1731 1749 1936 1790 significantis
1955 1755 1987 1780 et
2002 1748 2290 1790 consignificantis:
2315 1749 2394 1780 illud
2409 1758 2486 1780 vero
2502 1749 2632 1790 quando

1569 1794 1659 1835 quod
1682 1804 1739 1835 per
1763 1794 1914 1834 copulam
1933 1803 1990 1824 seu
2007 1794 2185 1824 orationem
2204 1792 2473 1833 consignificatur,
2497 1803 2531 1824 se
2546 1798 2634 1825 tenet

1569 1849 1608 1870 ex
1629 1845 1719 1879 parte
1742 1848 1911 1869 mensurae
1934 1847 1991 1868 seu
2015 1837 2189 1868 durationis
2212 1838 2258 1868 rei
2274 1836 2477 1878 significatae.
2502 1837 2544 1868 Et
2557 1847 2634 1879 pro-

1568 1889 1677 1924 pterea
1701 1883 1783 1913 clare
1806 1882 1994 1922 patetsshaec
2018 1881 2084 1912 duo
2115 1881 2245 1923 quando
2272 1882 2410 1912 maxime
2433 1882 2472 1912 ab
2494 1882 2634 1913 invicem

1568 1937 1664 1968 posse
1687 1927 1818 1963 distare,
1850 1931 2008 1967 quantum
2031 1926 2124 1957 distat
2146 1935 2296 1957 mensura
2318 1927 2458 1966 integrae
2481 1926 2634 1957 orationIs

1570 1982 1588 2002 a
1610 1981 1760 2002 mensura
1783 1971 1828 2001 rei
1851 1970 2056 2011 significatae.

1624 2016 1665 2046 Et
1687 2016 1763 2046 hinc
1785 2020 1873 2056 patet
1895 2024 2070 2046 commune
2094 2023 2162 2045 esse
2185 2015 2276 2046 omni
2299 2014 2512 2045 enuntiationi
2538 2013 2635 2055 signi-

1568 2059 1664 2091 ficare
1688 2065 1719 2090 et
1742 2058 1982 2099 consignificare
2013 2064 2091 2090 tunc
2121 2068 2197 2089 cum
2227 2059 2416 2099 integratur:
2451 2058 2528 2099 quia
2556 2064 2635 2090 tunc

1570 2105 1675 2145 primo
1699 2109 1746 2134 est
1769 2104 1882 2140 oratio,
1907 2109 1939 2134 et
1953 2113 2011 2143 per
2025 2103 2099 2140 hoc,
2123 2108 2201 2134 tunc
2216 2103 2322 2143 primo
2339 2102 2494 2143 significat
2509 2107 2542 2133 et
2556 2111 2635 2134 con-

1570 2147 1734 2189 significat.
1759 2147 1832 2184 Sed,
1856 2148 1938 2178 sicut
1961 2148 2121 2178 orationes
2145 2146 2294 2178 differunt
2315 2147 2398 2178 inter
2420 2156 2454 2178 se
2477 2152 2635 2188 quantum

1570 2192 1609 2224 ad
1632 2202 1681 2223 res
1704 2191 1903 2232 significatas,
1927 2192 1970 2222 ita
1993 2192 2089 2222 etiam
2104 2191 2254 2222 differunt
2277 2197 2434 2232 quantum
2449 2191 2489 2222 ad
2503 2191 2633 2232 quando

1570 2247 1627 2268 seu
1649 2243 1796 2277 tempora
1819 2235 2068 2276 consignificata.

1625 2281 1666 2312 Et
1688 2282 1766 2312 haec
1790 2282 1823 2311 in
1839 2281 2006 2311 communi
2029 2280 2112 2311 dicta
2134 2281 2161 2311 si
2182 2280 2390 2321 perspexeris,
2414 2280 2634 2320 ambiguitates

1569 2335 1627 2367 per
1650 2335 1729 2366 quas
1752 2325 1898 2356 discurrit
1920 2324 2036 2356 Scotus
2051 2325 2078 2361 ἡ
2102 2330 2301 2356 evanescent.

1626 2369 1678 2400 111.
1702 2368 1936 2400 Descendendo
1960 2374 2068 2399 autem
2091 2368 2131 2399 ad
2153 2369 2373 2409 propositum,
2404 2367 2634 2400 advertendum

1570 2420 1616 2445 est
1641 2413 1730 2454 quod
1753 2414 1909 2453 contingit
1931 2414 1990 2444 ista
2005 2412 2070 2444 duo
2087 2413 2227 2453 quando,
2252 2413 2371 2443 scilicet
2387 2422 2424 2443 ex
2439 2417 2528 2453 parte
2543 2421 2634 2447 men-

1569 2468 1661 2489 surae
1684 2457 1924 2498 significationis
1946 2463 1978 2488 et
2001 2467 2039 2488 ex
2061 2462 2150 2497 parte
2168 2466 2337 2488 mensurae
2360 2458 2405 2487 rei
2428 2456 2632 2497 significatae,

1570 2502 1752 2533 coincidere
1774 2503 1808 2532 in
1831 2511 1935 2532 unum
1958 2507 1990 2532 et
2011 2501 2098 2532 idem
2113 2501 2255 2542 quando,
2279 2502 2323 2532 ita
2338 2501 2428 2542 quod
2451 2501 2530 2532 illud
2546 2501 2634 2533 idem

1569 2553 1646 2578 tunc
1663 2547 1702 2577 sit
1724 2545 1854 2587 quando
1871 2546 1973 2576 oratio
1990 2545 2146 2586 significat
2162 2551 2193 2587 et
2209 2545 2439 2586 consignificat,
2456 2551 2487 2576 et
2502 2545 2633 2586 quando

1569 2590 1784 2632 significatum
1806 2589 2066 2631 consignificatur
2089 2600 2167 2621 esse.
2193 2589 2360 2630 Contingit
2382 2595 2491 2621 autem
2512 2591 2634 2623 hocin

1569 2636 1736 2677 proposito
1762 2644 1800 2665 ex
1819 2635 1942 2665 ratione
1958 2635 1991 2665 in
2007 2634 2110 2665 littera
2131 2634 2268 2665 reddita:
2294 2635 2369 2675 quia
2387 2634 2507 2665 scilicet
2529 2634 2632 2675 oratio

1568 2681 1637 2715 ista,
1661 2679 1738 2710 Hoc
1760 2684 1807 2710 est
1824 2688 1942 2719 corpus
1957 2689 2071 2715 meum,
2097 2684 2144 2709 est
2160 2679 2345 2710 conversiva
2359 2679 2451 2719 panis
2466 2679 2499 2709 in
2515 2687 2633 2720 corpus

1570 2724 1687 2755 Christi
1709 2725 1743 2754 in
1765 2723 1908 2759 instanti,
1940 2729 1971 2753 et
1994 2724 2096 2754 oratio
2120 2724 2178 2754 ista
2204 2722 2360 2764 significat
2389 2723 2633 2755 conversionem

1569 2769 1671 2809 ipsam
1693 2774 1730 2799 ut
1752 2768 1786 2798 in
1808 2766 1957 2798 termino.
1981 2767 2028 2798 Ex
2051 2777 2085 2798 re
2108 2767 2270 2808 siquidem
2297 2766 2471 2808 significata
2500 2767 2635 2799 habetur

1570 2812 1659 2854 quod
1681 2812 1714 2854 ly
1736 2817 1784 2843 est
1805 2811 2025 2852 consignificat
2039 2812 2159 2843 instans
2175 2812 2392 2843 conversionis
2407 2812 2498 2852 panis
2513 2811 2547 2842 in
2560 2820 2633 2842 cor-

1568 2867 1629 2898 pus
1653 2856 1785 2893 Christi,
1809 2866 1880 2893 seu,
1914 2862 1944 2886 et
1966 2857 2000 2887 in
2023 2855 2110 2887 idem
2132 2855 2229 2893 redit,
2261 2865 2328 2897 quo
2358 2856 2464 2896 primo
2493 2855 2558 2887 hoc
2585 2860 2632 2889 est

1569 2911 1687 2942 corpus
1712 2900 1845 2931 Christi:
1871 2906 1902 2931 et
1925 2901 2001 2941 quia
2016 2900 2095 2932 illud
2110 2901 2229 2938 instans
2245 2899 2397 2931 coincidit
2413 2909 2489 2930 cum
2503 2899 2632 2930 instanti

1569 2955 1636 2986 quo
1667 2946 1746 2976 haec
1770 2945 1872 2975 oratio
1900 2945 2090 2985 integratur,
2113 2944 2188 2975 ideo
2212 2944 2341 2980 dicitur,
2365 2949 2397 2974 et
2418 2944 2517 2979 bene,
2542 2942 2632 2983 quod

1570 2995 1696 3031 oportet
1717 2990 1801 3020 hanc
1824 2989 2005 3028 orationem
2026 2989 2208 3030 intelligere
2229 2987 2404 3020 secundum
2419 2987 2567 3018 ultimum
2583 2987 2632 3018 in—

1568 3040 1658 3065 stans
1674 3033 1883 3075 prolationis.
1907 3033 1948 3064 Et
1971 3033 2126 3073 quoniam
2149 3031 2391 3072 consignificare
2413 3031 2533 3062 instans
2552 3041 2631 3062 con-

1568 3079 1723 3109 versionis
1753 3077 1904 3108 convenit
1933 3078 2009 3108 huic
2032 3077 2169 3107 orationi
2200 3086 2238 3106 ex
2260 3081 2373 3106 natura
2395 3084 2469 3111 sua,
2498 3084 2562 3116 qua
2584 3081 2632 3106 est

1569 3123 1671 3154 oratio
1695 3121 1938 3157 sacramentalis,
1962 3130 2019 3151 seu
2042 3120 2156 3151 factiva
2171 3119 2398 3156 conversionis,
2422 3128 2479 3150 seu
2498 3129 2631 3151 conver-

1569 3168 1635 3197 siva
1657 3166 1748 3207 panis
1763 3166 1797 3196 in
1813 3175 1930 3206 corpus
1947 3163 2081 3202 Christi;
2104 3163 2178 3195 ideo
2196 3173 2234 3194 ex
2249 3164 2364 3194 virtute
2380 3164 2535 3194 sermonis
2550 3164 2630 3200 talis,

1569 3211 1689 3242 scilicet
1712 3209 1944 3240 sacramentalis
1967 3209 2159 3244 conversivi,
2187 3208 2283 3239 habet
2305 3209 2384 3239 haec
2408 3209 2510 3238 oratio
2541 3207 2632 3248 quod

1569 3253 1790 3295 consignificet
1815 3254 1934 3284 instans
1957 3253 2186 3283 conversionis.

1625 3299 1677 3329 IV.
1703 3297 1796 3329 Circa
1828 3297 2133 3328 demonstrationem
2164 3306 2241 3326 vero
2272 3306 2370 3336 quam
2403 3296 2477 3327 facit
2509 3296 2542 3337 ly
2570 3297 2632 3328 hoc

1570 3352 1645 3373 cum
1669 3342 1793 3378 dicitur,
1809 3341 1886 3372 Hoc
1901 3346 1948 3372 est
1962 3350 2080 3381 corpus
2102 3350 2206 3371 meum
2222 3341 2249 3377 *,
2273 3341 2347 3371 licet
2369 3341 2455 3371 varia
2472 3341 2568 3371 verba
2583 3340 2630 3371 di-

1569 3392 1698 3417 cantur:
1723 3386 1878 3426 quoniam
1901 3385 1935 3415 in
1957 3385 2060 3415 littera
2083 3384 2198 3415 dicitur
2221 3384 2431 3415 demonstrari
2447 3389 2631 3416 contentum

1570 3430 1601 3460 in
1617 3430 1767 3471 generali
1781 3429 1839 3460 sub
1855 3429 1923 3460 istis
1937 3429 2098 3469 speciebus
2102 3436 2116 3466 ;
2132 3429 2247 3460 Scotus
2263 3434 2370 3459 autern
2383 3430 2399 3446 ³*
2415 3428 2630 3469 specificando

1569 3473 1645 3504 dicit
1668 3473 1877 3504 demonstrari
1893 3473 2093 3503 individuum
2109 3473 2200 3509 entis,
2225 3473 2301 3514 quia
2323 3473 2355 3514 ly
2378 3473 2449 3509 hoc,
2474 3478 2631 3514 quantum

1570 3523 1615 3548 est
1639 3527 1676 3548 ex
1701 3527 1750 3553 se,
1775 3516 1971 3548 demonstrat
1993 3517 2195 3548 individuum
2218 3517 2493 3554 universalissimi,
2517 3522 2631 3558 utpote

2903 804 2918 1278 -„.—--.-..-—.-u-o——i.a——un.-—⁴
2908 868 2910 870 ¹
2912 770 2918 798 ...-
2913 744 2918 751 Α

2661 2323 2671 2333 ·
2682 2321 2737 2344 Loc.
2746 2321 2785 2343 cit.
2795 2311 2877 2349 supra,
2904 2304 2906 2306 Ι

2661 2354 2727 2371 num.
2741 2353 2756 2370 ι.

2658 3345 2668 3355 ·
2690 3342 2724 3366 cf.
2747 3347 2812 3366 nnn.
2832 3347 2859 3370 ι,

2657 3369 2756 3398 princip.

2658 3432 2809 3482 elisee-12&-

2659 3493 2723 3510 num.
2738 3491 2797 3514 een..
2809 3484 2849 3509 fl·-
2864 3507 2877 3516 .,
