2918 4088
59 677 100 698 ιιι,
114 677 174 693 vers.
181 695 183 698 .
203 686 208 693 .

58 729 116 751 ωε,
131 729 190 746 vers.
204 724 240 747 ²8.

45 2314 148 2347 *vm

59 647 71 658 ⁸
83 644 120 667 Aa
131 644 206 671 Rom„
220 650 271 673 σιρ.

59 699 81 710 ··
93 696 184 719 hever
199 712 206 720 .
221 703 273 725 etp.

56 2264 248 2305 'fiendam

951 172 1213 218 QUAESTIO
1242 171 1402 218 LXXX,
1431 170 1722 218 ARTICULUS
1751 171 1817 207 XII

2388 171 2457 207 251

296 257 365 279 non
386 248 510 278 locatur
532 249 614 279 inter
636 249 854 279 instrumenta.
878 250 1080 290 Relinquitur
1102 250 1206 290 igitur,
1231 258 1269 279 ex
1291 248 1355 278 hoc
1409 250 1465 289 qui
1493 249 1668 288 baptizatur
1697 247 1886 288 consepeliri
1917 247 2043 277 Christo
2056 271 2064 284 ‚
2095 253 2126 278 et
2149 249 2282 278 emersio
2310 246 2464 287 significat

297 291 388 332 quod
411 291 555 322 Christus
587 293 768 323 continetur
790 294 823 323 in
846 294 909 324 hoc
933 299 1129 324 sacramento
1161 299 1197 323 ut
1224 293 1355 323 alimen-

297 341 377 372 tum,
401 341 437 366 ut
460 337 581 376 species
604 337 694 376 panis
711 342 742 367 et
756 338 822 367 vini
838 343 1031 374 attestantur,
1056 337 1145 378 quod
1159 338 1228 377 ipse
1242 346 1355 367 secun-

298 379 376 410 dum
395 380 536 419 seipsum
558 381 676 410 nutriat
699 381 843 420 spiritum
863 382 1074 412 sumentium:
1099 387 1130 412 et
1150 381 1301 416 similiter,
1318 389 1356 410 ex

298 424 361 454 hoe
384 423 474 463 quod
497 424 537 454 ad
560 425 756 455 sumentium
783 426 903 455 animas
933 427 1076 466 pervenit
1103 435 1142 456 eo
1166 426 1236 465 ipso
1268 423 1357 464 quod

297 467 509 498 manducatur
531 473 563 498 et
585 469 702 498 bibitur
725 470 1005 505 sacramentaliter,
1030 469 1119 510 quod
1142 479 1199 499 esu
1222 474 1253 498 et
1274 473 1356 508 potu

299 512 517 542 sacramentali
539 521 607 542 non
630 513 728 542 utitur
751 518 786 543 ut
808 514 1041 549 instrumentis,
1072 513 1128 543 sed
1150 518 1187 543 ut
1209 512 1356 552 approxi—

298 556 494 586 mationibus
517 556 659 586 alimenti
682 555 722 586 ad
743 557 909 587 hominem
932 558 989 597 qui
1012 556 1144 587 alendus
1168 562 1223 586 est.

355 600 476 636 Tertio,
487 601 563 640 quia
578 599 618 630 de
633 599 747 630 divinis
762 602 964 631 sacramentis
980 606 1106 640 oportet
1121 610 1234 640 sapere
1249 599 1291 630 ad
1306 608 1357 638 so-

298 644 464 674 brietatem
480 645 507 680 *‚
527 653 595 674 non
619 643 801 674 excedendo
824 644 940 675 limites
963 650 1090 684 patrum
1112 649 1296 674 nostrorum
1311 643 1356 672 st.

298 688 493 728 Accepimus
516 693 624 718 autem
647 696 685 718 ex
707 687 869 718 Ecclesiae
887 688 1031 718 doctrina
1052 687 1357 727 incomprehensibi-

299 732 364 762 lem
393 741 431 762 ac
456 731 649 762 ineffabilem
681 731 943 762 coniunctionem
975 731 1092 762 Christi
1123 737 1153 761 et
1180 731 1358 771 specierum

300 775 575 806 sacramentalium
598 775 656 804 sub
679 775 801 804 ratione
825 776 1017 805 continentis
1048 781 1078 805 et
1102 775 1244 805 contenti
1270 784 1357 804 vera-

299 821 377 850 citet
398 819 582 859 praesentis,
606 823 638 848 et
660 818 742 857 signi
765 823 795 848 et
813 819 937 858 signati,
962 825 992 849 et
1010 819 1212 850 huiusmodi:
1238 824 1269 848 et
1290 827 1358 848 non

299 863 478 894 secundum
499 863 656 892 rationem
679 862 799 901 agentis
829 868 860 892 et
882 863 1093 893 instrumenti.
1128 863 1168 893 Et
1190 867 1358 902 propterea

298 915 394 937 voces
427 905 614 936 huiusmodi
647 910 801 945 tanquam
835 906 988 946 profanae
1022 907 1178 937 novitates
1213 905 1357 936 vitandae

299 956 384 980 sunt.

353 994 393 1024 X.
417 994 465 1024 Ex
488 994 605 1034 quibus
628 993 779 1023 omnibus
802 993 935 1024 infertur
957 995 1074 1034 primo,
1098 994 1187 1034 quod
1209 994 1243 1024 in
1262 994 1358 1024 calice

299 1043 332 1068 et
353 1038 458 1068 hostia
479 1047 548 1068 non
570 1041 645 1066 sunt
674 1035 815 1068 diversae
837 1039 968 1069 virtutes
999 1038 1163 1069 collativae
1190 1038 1358 1078 spiritualis

299 1082 430 1122 gratiae:
454 1081 510 1112 sed
532 1090 598 1112 una
619 1085 744 1110 tantum
767 1088 814 1112 est
835 1092 885 1113 res
907 1083 1079 1123 utrobique
1102 1081 1279 1117 conferens,
1299 1082 1358 1111 sci-

298 1126 373 1157 licet
396 1124 540 1156 Christus
562 1125 642 1165 ipse,
665 1126 843 1157 secundum
862 1127 1003 1166 seipsum
1026 1132 1057 1156 et
1074 1136 1142 1157 non
1157 1136 1214 1166 per
1228 1126 1358 1155 virtutes

299 1169 430 1200 medias.

354 1213 491 1244 Infertur
513 1215 667 1252 secundo,
692 1214 781 1255 quod
803 1215 837 1244 in
852 1214 956 1244 hostia
971 1220 1002 1244 et
1018 1214 1115 1244 calice
1132 1214 1275 1244 Christus
1291 1222 1357 1243 non

299 1258 398 1289 utitur
421 1257 551 1288 diversis
574 1259 792 1290 instrumentis
815 1259 855 1289 ad
878 1257 1110 1289 conferendum
1132 1258 1272 1288 fructum
1295 1258 1358 1296 spi-

298 1302 395 1332 ritus:
420 1303 496 1342 quia
517 1304 690 1343 utrobique
711 1303 802 1334 nullo
826 1303 924 1333 utitur
940 1302 1079 1333 sensibili
1093 1303 1305 1332 instrumento
1319 1300 1359 1331 ad

299 1345 726 1379 hffiusmoffiaeossafionem.

353 1390 394 1420 Et
417 1391 502 1430 quia,
528 1391 655 1421 exclusa
677 1392 768 1421 omni
790 1391 906 1420 virtute
928 1390 1043 1426 media,
1068 1395 1099 1420 et
1121 1389 1252 1419 excluso
1269 1389 1359 1419 omni

298 1434 512 1464 instrumento
534 1434 659 1471 medio,
683 1435 770 1465 nulla
791 1439 934 1464 remanet
957 1443 995 1464 ex
1017 1439 1105 1474 parte
1129 1433 1246 1463 Christi
1268 1442 1359 1473 prae-

51 1523 73 1540 a
131 1512 134 1514 ,
262 1483 266 1487 “
299 1478 396 1508 sentis
419 1477 594 1509 differentia
616 1479 776 1514 causandi,
800 1478 1007 1508 distribuendi
1026 1487 1082 1508 seu
1099 1476 1284 1507 conferendi
1299 1477 1358 1507 sub

76 1525 211 1557 Tuticum,
221 1532 273 1555 cap.

299 1527 434 1562 utraque
450 1523 566 1562 specie,
585 1523 646 1553 nisi
660 1523 808 1553 voluntas
823 1522 967 1552 dividens
981 1522 1121 1562 singulis
1130 1526 1234 1561 prout
1248 1521 1317 1551 vult
1327 1521 1358 1556 ἡ

268 1577 270 1579 ’
298 1565 374 1597 ideo
397 1565 530 1596 infertur
552 1567 656 1603 tertio,
681 1566 770 1607 quod
789 1575 1012 1606 quaecumque
1029 1569 1214 1605 argumenta
1230 1564 1270 1594 ad
1284 1573 1359 1604 pro-

300 1609 438 1640 bandam
461 1609 672 1640 diversitatem
695 1610 860 1641 fructuum
881 1609 1092 1650 spiritualium
1119 1609 1153 1638 in
1175 1609 1359 1647 sumptione

299 1654 467 1693 utriusque
490 1655 607 1694 speciei
636 1663 674 1684 ex
697 1654 875 1685 diversitate
897 1654 1051 1684 virtutum
1074 1652 1358 1687 sacramentalium,

299 1698 351 1728 vel
373 1698 648 1728 sacramentalium
662 1698 958 1733 instrumentorum,
981 1697 1032 1727 vel
1054 1696 1228 1726 modorum
1251 1695 1360 1726 confe-

299 1741 400 1777 rendi,
425 1747 456 1772 et
478 1742 615 1773 aliorum
638 1741 807 1778 eiusmodi,
831 1751 869 1772 ex
885 1741 964 1771 falso
988 1740 1168 1780 procedunt
1190 1740 1359 1779 principio,

299 1785 444 1825 nihilque
466 1786 581 1822 valent,
606 1791 719 1826 utpote
743 1786 864 1825 absque
887 1784 1097 1815 fundamento
1121 1789 1234 1814 erecta.

354 1829 432 1866 Quo
462 1829 498 1859 fit
529 1835 580 1865 ut,
613 1829 845 1860 considerando
878 1833 1113 1860 sacramentum
1144 1827 1359 1857 Eucharistiae

298 1872 382 1904 infra
403 1873 604 1904 latitudinem
627 1883 758 1909 causae,
787 1878 884 1913 prout
907 1878 954 1903 est
979 1872 1162 1903 collativum
1191 1871 1360 1911 spiritualis

299 1917 427 1957 gratiae,
451 1918 638 1947 nutritivum
661 1918 795 1953 animae,
819 1922 851 1947 et
872 1915 1031 1947 medicina
1046 1915 1199 1951 eiusdem,
1218 1914 1307 1944 nulla
1322 1915 1361 1944 sit

299 1959 476 1991 differentia
498 1962 579 1991 inter
602 1962 723 2001 species
745 1962 828 2001 ipsas
850 1961 932 1990 inter
954 1969 1007 1996 se;
1043 1965 1074 1989 et
1103 1958 1244 1989 similiter
1273 1958 1361 1988 nulla

299 2005 342 2035 sit
371 2003 546 2035 differentia
575 2006 656 2035 inter
683 2010 852 2045 utramque
879 2004 975 2034 simul
1007 2008 1038 2033 et
1067 2003 1197 2033 alteram
1225 2007 1359 2032 tantum.

301 2048 476 2086 Quoniam,
500 2054 536 2078 ut
552 2058 589 2079 ex
605 2048 696 2079 dictis
711 2054 806 2089 patet,
823 2058 888 2078 una
904 2053 935 2078 et
951 2046 1062 2078 eadem
1078 2047 1224 2082 omnino,
1241 2047 1360 2085 absque

300 2093 393 2124 omni
415 2093 530 2122 virtute
558 2093 680 2129 media,
711 2093 831 2132 absque
861 2092 951 2122 omni
980 2090 1119 2121 sensibili
1149 2090 1360 2120 instrumento

299 2135 428 2172 medio,
459 2142 506 2166 est
535 2137 706 2176 utrobique
738 2142 768 2166 et
793 2137 828 2166 in
854 2135 950 2166 altera
974 2140 1098 2165 tantum
1129 2134 1361 2173 cuiuscumque

299 2180 471 2220 spiritualis
494 2180 572 2210 doni
602 2190 715 2216 causa,
740 2181 859 2210 scilicet
882 2179 1026 2209 Christus
1053 2179 1122 2218 ipse
1155 2177 1362 2217 personaliter

300 2233 451 2264 praesens
473 2223 652 2254 secundum
675 2224 824 2254 deitatem
848 2229 879 2253 et
900 2223 1141 2253 humanitatem.
1164 2239 1188 2243 —
1209 2221 1298 2251 Haec
1321 2220 1361 2251 de

298 2267 446 2299 ,secundo
462 2269 489 2298 *.

301 2329 314 2345 μ
357 2311 411 2342 XI.
435 2311 554 2349 Quoad
575 2312 704 2342 tertium
723 2312 750 2347 *,
775 2310 1003 2341 advertendum
1019 2315 1065 2340 est
1088 2308 1177 2349 quod
1200 2307 1361 2338 diversitas

299 2356 335 2388 in
358 2355 567 2396 significando
591 2365 673 2395 quae
696 2356 810 2395 ingerit
833 2354 1060 2389 difficultatem,
1084 2352 1251 2392 dupliciter
1273 2352 1361 2381 inve-

299 2401 388 2432 nitur
409 2400 444 2430 in
466 2400 530 2434 hoc
553 2405 762 2430 sacramento.
786 2399 947 2429 Invenitur
966 2396 1124 2437 siquidem
1147 2402 1178 2426 et
1201 2395 1361 2426 diversitas

299 2444 394 2484 signi,
419 2444 494 2484 quia
517 2443 603 2474 aliud
626 2444 753 2483 signum
776 2448 823 2473 est
838 2443 959 2482 species
974 2442 1064 2481 panis
1087 2449 1162 2470 cum
1177 2440 1276 2479 ipsius
1292 2448 1358 2475 esu,

299 2493 340 2519 et
356 2487 443 2519 aliud
466 2488 593 2527 signum
616 2493 663 2517 est
685 2487 806 2526 species
821 2487 887 2516 vini
910 2495 985 2516 cum
1001 2485 1068 2515 eius
1083 2489 1181 2524 potu:
1206 2489 1238 2513 et
1260 2482 1361 2513 diver-

299 2532 376 2564 sitas
397 2531 488 2563 modi
511 2530 718 2571 significandi.
742 2531 783 2560 Et
805 2531 884 2560 haec
907 2530 1066 2559 invenitur
1089 2527 1272 2567 dupliciter:
1297 2527 1360 2557 hoc

302 2580 360 2612 est,
385 2575 602 2615 comparando
623 2575 744 2615 species
762 2575 844 2604 inter
859 2583 902 2610 se,
919 2574 1000 2603 sicut
1016 2572 1191 2612 expressius
1207 2570 1362 2610 significat

298 2619 558 2660 redemptionem
581 2624 722 2649 nostram
744 2628 801 2658 per
824 2617 941 2648 Christi
963 2622 1100 2647 mortem
1124 2615 1212 2650 calix,
1236 2615 1270 2644 in
1293 2623 1360 2654 quo

264 2675 267 2679 ’
299 2669 340 2695 ut
360 2669 522 2704 separatus
545 2667 738 2694 monstratur
761 2662 887 2701 sanguis
911 2671 928 2691 a
951 2669 1096 2700 corpore,
1121 2668 1218 2699 quam
1240 2659 1359 2694 hostia3

299 2713 335 2739 et
361 2707 578 2748 comparando
609 2713 777 2746 utramque
807 2705 902 2735 simul
932 2705 1072 2744 speciem
1102 2703 1289 2733 sacramenti
1321 2701 1361 2732 ad

204 2768 208 2779 Δ
262 2763 267 2768 ·
299 2751 434 2784 alteram
455 2757 589 2787 tantum,
614 2759 689 2781 nam
709 2755 843 2789 utraque
859 2749 953 2779 simul
976 2747 1131 2788 significat
1145 2747 1265 2786 integre
1281 2745 1361 2776 refe-

302 2796 445 2828 cfionem
475 2795 686 2835 spiritualem,
715 2794 857 2833 singulae
887 2798 994 2823 autem
1024 2792 1145 2831 species
1175 2789 1360 2830 imperfecte

262 2851 268 2856 ·
300 2845 538 2880 repraesentant
563 2839 667 2874 illam,
698 2847 763 2868 una
789 2837 908 2867 scilicet
938 2841 974 2866 ut
1004 2836 1112 2866 cibum
1143 2840 1174 2864 et
1201 2834 1296 2864 altera
1325 2839 1362 2864 ut

300 2950 302 2953 -
357 2927 454 2959 Nulla
476 2932 583 2958 autem
607 2927 720 2956 harum
743 2925 972 2959 diversitatum,
996 2924 1022 2953 si
1045 2922 1210 2962 diligenter
1232 2930 1360 2961 perspe-

301 2972 452 3008 xerimus,
468 2971 681 3002 diversitatem
697 2970 836 3009 aliquam
851 2969 884 2998 in
900 2968 1005 2998 fructu
1028 2965 1182 3006 spirituali
1203 2965 1299 2995 huius
1314 2974 1362 2995 sa-

303 3016 456 3047 cramenti
478 3015 590 3054 arguit.
614 3014 712 3052 Quod
729 3012 976 3053 quadrupliciter
991 3010 1217 3041 manifestatur.
1240 3009 1360 3044 Primo,

301 3069 342 3091 ex
357 3059 594 3091 communibus.
618 3058 782 3096 Quoniam
798 3066 858 3086 nec
874 3057 1038 3095 signorum
1053 3054 1223 3088 diversitas,
1239 3062 1299 3083 nec
1315 3052 1361 3082 di-

301 3113 411 3135 versus
426 3102 543 3134 modus
558 3101 766 3142 significandi,
783 3101 994 3131 diversitatem
1010 3099 1111 3138 arguit
1125 3098 1159 3128 in
1174 3106 1208 3127 re
1223 3097 1358 3136 signata:

300 3147 359 3179 sed
381 3157 446 3181 una
465 3146 642 3187 eademque
664 3155 714 3176 res
737 3145 871 3175 omnino
894 3144 1060 3174 immutata
1076 3147 1107 3172 et
1122 3141 1250 3171 diversis
1265 3140 1361 3180 signis

303 3196 336 3223 et
354 3190 564 3223 diversimode
580 3195 686 3230 potest
700 3189 831 3229 signari;
856 3193 891 3219 ut
914 3191 1000 3227 patet
1019 3195 1093 3216 eum
1111 3194 1195 3215 unus
1210 3183 1361 3224 idemque

302 3236 404 3266 homo
427 3239 680 3274 repraesentatur
701 3243 758 3273 per
772 3233 944 3272 imaginem
959 3231 993 3261 in
1008 3229 1151 3270 speculo,
1176 3233 1207 3259 et
1229 3237 1286 3268 per
1301 3233 1362 3258 sta-

303 3284 403 3314 tuam,
426 3278 594 3318 picturam,
611 3283 682 3313 etc.‚
706 3283 738 3307 et
760 3277 799 3307 ab
822 3286 887 3307 una
909 3274 1080 3315 perfectius
1103 3278 1134 3303 et
1156 3273 1195 3302 ab
1221 3272 1280 3302 alia
1302 3271 1361 3302 im-

303 3321 475 3363 perfectius
490 3326 756 3362 repraesentatur;
774 3330 811 3351 ex
823 3321 872 3350 his
884 3319 970 3350 enim
982 3317 1210 3348 diversitatibus
1221 3316 1255 3346 in
1266 3315 1362 3355 signis

304 3371 336 3397 et
358 3364 641 3405 significationibus
663 3365 751 3396 nulla
774 3365 856 3394 circa
870 3372 938 3394 rem
954 3363 1107 3402 signatam
1122 3361 1253 3390 varietas
1267 3368 1362 3390 mon-

304 3415 428 3442 stratur.

359 3452 524 3488 Secundo,
558 3451 734 3483 declaratur
766 3451 913 3491 exemplo
936 3450 969 3480 in
993 3449 1161 3489 baptismo.
1196 3447 1361 3478 Immersio

268 3520 282 3524 -
303 3497 462 3538 siquidem
485 3505 569 3537 quae
591 3497 625 3527 in
649 3496 861 3526 celebratione
877 3494 1024 3534 baptismi
1047 3492 1092 3528 fit,
1116 3490 1271 3531 significat
1287 3499 1362 3522 eum

1408 302 1570 332 resurgere
1594 292 1732 323 eundem
1756 301 1830 322 cum
1855 291 1981 322 Christo
2005 292 2038 321 in
2061 292 2234 322 novitatem
2258 293 2354 327 vitae,
2377 292 2464 321 iuxta

1408 336 1488 367 illud
1498 337 1657 376 Apostoli,
1673 336 1716 366 ad
1726 336 1860 367 Rom.V1
1871 336 1902 365 *z
1929 335 2114 375 Consepulti
2128 345 2238 366 sumus
2249 345 2320 366 cum
2336 335 2463 365 Christo

1403 391 1466 422 per
1488 381 1676 421 baptismum
1699 381 1731 410 in
1751 385 1896 416 mortem,
1921 384 1964 415 ut,
1981 379 2141 419 quomodo
2160 380 2306 410 Christus
2320 380 2465 410 surrexit

1409 434 1430 455 a
1453 425 1607 461 mortuis,
1639 425 1685 455 ita
1707 429 1738 455 et
1761 433 1820 455 nos
1850 424 1882 454 in
1909 424 2051 454 novitate
2077 423 2161 454 vitae
2189 423 2396 454 ambulemus.
2431 423 2464 454 Si

1409 474 1516 499 tamen
1539 469 1652 508 aliquis
1675 469 1849 509 baptizatur
1867 477 1934 498 non
1949 477 2007 507 per
2021 467 2156 498 modum
2171 467 2392 502 immersionis,
2410 467 2465 497 sed

1409 522 1467 553 per
1489 512 1624 543 modum
1647 512 1810 543 effusionis
1833 517 1888 542 aut
1910 512 2110 551 aspersionis,
2135 510 2240 542 deficit
2263 516 2339 541 tunc
2363 511 2464 550 bapti-

1410 566 1480 587 smo
1505 556 1606 587 dictus
1629 556 1746 587 modus
1768 555 1982 596 significandi;
2016 561 2047 586 et
2073 565 2141 586 non
2163 560 2331 595 propterea
2360 555 2386 584 is
2409 554 2465 594 qui

1410 601 1586 640 baptizatur
1607 601 1714 630 minus
1737 605 1783 630 est
1806 599 2013 639 consepultus
2037 599 2163 630 Christo
2176 622 2183 634 ,
2211 604 2266 628 aut
2288 599 2394 628 minus
2417 608 2464 628 re-

1410 645 1508 684 surgit
1538 645 1572 674 in
1601 645 1776 674 novitatem
1803 645 1902 679 vitae,
1933 652 2030 683 quam
2056 643 2108 673 ille
2139 643 2194 683 qui
2221 643 2396 682 baptizatus
2420 647 2466 672 est

1410 698 1468 728 per
1489 689 1738 718 immersionem.
1762 688 1846 718 Hinc
1870 687 1956 718 enim
1978 687 2144 718 manifeste
2167 687 2264 717 habes
2287 686 2376 726 quod
2398 695 2465 716 non

1411 733 1518 763 solum
1539 733 1573 762 in
1596 732 1763 763 communi
1785 730 1970 771 loquendo,
1997 731 2158 761 diversitas
2181 739 2237 760 seu
2261 729 2402 760 defectus
2431 730 2465 759 in

1410 776 1510 807 modo
1534 775 1731 816 significandi
1753 776 1875 806 nullam
1897 776 2079 805 varietatem
2103 775 2204 815 arguit
2226 775 2260 804 in
2275 783 2308 804 re
2327 774 2464 813 signata:

1411 820 1466 850 sed
1489 821 1584 850 etiam
1606 821 1640 850 in
1662 820 1790 860 speciali
1814 819 1853 850 de
1876 819 2152 850 sacramentalibus
2170 819 2266 858 signis
2289 817 2465 858 loquendo,

1411 863 1552 894 defectus
1575 865 1610 894 in
1632 863 1840 903 significando
1863 863 1942 893 nihil
1960 863 2070 893 adimit
2092 862 2131 893 de
2147 862 2252 893 fructu
2268 862 2465 896 sacramenti,

1411 914 1442 938 et
1464 907 1630 948 plenitudo
1653 908 1687 938 in
1709 906 1917 947 significando
1940 907 2020 937 nihil
2043 906 2185 946 adiungit
2208 905 2248 936 ad
2262 905 2402 936 fructum
2418 914 2466 934 sa-

1412 953 1573 982 cramenti.
1597 951 1741 991 Aequale
1763 950 1921 991 siquidem
1936 950 2060 981 donum
2083 960 2120 981 ex
2136 951 2294 990 baptismo
2309 949 2467 989 recipiunt

1411 996 1586 1035 baptizatus
1615 1004 1672 1035 per
1698 995 1938 1025 immersionem
1965 1000 1996 1025 et
2025 995 2202 1034 baptizatus
2232 1003 2290 1034 per
2312 994 2467 1033 aspersio-

1411 1049 1504 1075 nem,
1538 1039 1682 1079 quamvis
1709 1048 1824 1078 magna
1850 1039 1889 1069 sit
1915 1039 2075 1069 diversitas
2099 1038 2270 1078 utrobique
2292 1038 2325 1067 in
2348 1035 2466 1076 signifi-

1412 1083 1525 1113 cando.

1470 1127 1588 1162 Tertio,
1614 1137 1652 1157 ex
1674 1128 1806 1157 ratione.
1830 1126 1915 1164 Quia
1937 1125 2023 1156 aliud
2042 1131 2089 1156 est
2111 1125 2266 1156 diminute
2282 1134 2338 1154 seu
2353 1125 2467 1164 partia—

1411 1171 1480 1201 liter
1507 1170 1702 1210 significare:
1736 1175 1767 1200 et
1795 1170 1881 1200 aliud
1909 1176 1956 1200 est
1983 1169 2159 1209 significare
2189 1169 2382 1199 diminutum
2410 1177 2467 1198 seu

1411 1220 1543 1254 partem.
1567 1215 1711 1244 Primum
1738 1215 1897 1244 invenitur
1926 1215 1959 1244 in
1982 1214 2113 1253 singulis
2136 1222 2279 1243 seorsum
2302 1213 2396 1242 huius
2420 1222 2467 1242 sa-

1412 1259 1563 1288 cramenti
1586 1258 1768 1298 speciebus:
1793 1257 1970 1288 secundum
1993 1263 2101 1287 autern
2123 1267 2206 1293 non;
2236 1262 2283 1292 et,
2306 1261 2343 1286 ut
2365 1261 2467 1296 patet,

1411 1312 1479 1332 non
1501 1303 1643 1342 sequitur
1667 1311 1703 1332 ex
1726 1302 1841 1341 primo.
1866 1301 2014 1332 Similiter
2036 1300 2121 1331 aliud
2140 1306 2186 1331 est
2200 1300 2326 1340 plenius
2342 1309 2399 1330 seu
2415 1309 2467 1330 ex-

1411 1346 1548 1386 pressius
1571 1345 1763 1385 significare:
1789 1350 1820 1375 et
1843 1345 1928 1375 aliud
1952 1350 1999 1375 est
2015 1345 2193 1385 pleniorem
2209 1343 2349 1374 fructum
2372 1344 2467 1383 signi-

1411 1389 1516 1420 ficare.
1551 1390 1592 1419 Et
1615 1389 1756 1419 similiter
1779 1388 1865 1419 aliud
1888 1394 1935 1419 est
1957 1389 2078 1428 integre
2104 1387 2296 1428 significare:
2328 1393 2359 1418 et
2382 1387 2467 1418 aliud

1412 1439 1459 1463 est
1473 1433 1610 1464 totaliter
1625 1432 1800 1472 significare
1811 1434 1838 1463 ἦ
1855 1433 1895 1463 Et
1910 1432 2052 1462 similiter
2067 1431 2152 1462 aliud
2168 1437 2214 1462 est
2230 1431 2358 1462 diversis
2373 1432 2468 1471 signis

1391 1496 1394 1499 Δ
1412 1477 1598 1517 significari:
1623 1482 1654 1507 et
1677 1476 1762 1507 aliud
1785 1482 1831 1506 est
1848 1475 1968 1506 diversa
1988 1475 2165 1515 significari.
2190 1475 2359 1505 Diversitas
2378 1485 2468 1506 nam-

1412 1530 1476 1560 que
1499 1526 1564 1551 tam
1587 1521 1751 1560 signorum
1781 1529 1878 1559 quam
1900 1519 2074 1550 modorum
2097 1518 2294 1558 significandi
2316 1521 2350 1549 in
2372 1519 2468 1559 signis

1412 1565 1487 1604 ipsis
1511 1565 1599 1599 sistit,
1624 1569 1655 1594 et
1676 1573 1744 1594 non
1766 1564 1933 1603 pertransit
1955 1562 1995 1593 ad
2013 1572 2081 1593 rem
2096 1563 2266 1602 signatam:
2290 1568 2364 1592 sunt
2383 1563 2468 1593 enim

1412 1607 1613 1638 conditiones
1636 1608 1817 1647 signorum,
1842 1612 1873 1637 et
1895 1616 1963 1636 non
1986 1607 2031 1636 rei
2054 1607 2202 1646 signatae.
2237 1606 2278 1636 Et
2299 1612 2468 1646 propterea

1412 1652 1494 1682 inter
1516 1652 1606 1691 signa
1628 1657 1659 1681 et
1681 1652 1846 1690 signorum
1869 1650 2070 1680 conditiones
2100 1649 2290 1680 advertenda
2313 1655 2359 1679 est
2382 1649 2469 1680 diffe-

1413 1696 1513 1726 rentia
1535 1696 1623 1730 haec,
1648 1694 1737 1734 quod
1760 1695 1851 1734 signo
1876 1693 2007 1733 quidem
2028 1693 2201 1733 respondet
2223 1694 2391 1732 signatum,
2414 1693 2470 1724 sed

1413 1739 1583 1770 diversitati
1605 1739 1770 1778 signorum
1793 1747 1859 1768 non
1882 1737 2054 1777 respondet
2077 1736 2236 1767 diversitas
2254 1737 2300 1767 rei
2314 1737 2469 1776 signatae;

1413 1789 1445 1813 et
1467 1783 1609 1813 similiter
1631 1782 1731 1812 modo
1755 1781 1899 1821 signandi
1927 1791 1996 1811 non
2023 1780 2194 1820 respondet
2220 1780 2336 1811 modus
2361 1782 2407 1811 rei
2430 1782 2470 1811 si—

1413 1832 1536 1867 gnatae.
1560 1827 1601 1856 Et
1622 1827 1701 1856 ratio
1726 1831 1773 1856 est
1795 1826 1870 1865 quia
1892 1835 1957 1855 una
1980 1830 2011 1855 et
2027 1824 2138 1855 eadem
2154 1825 2288 1854 omnino
2304 1825 2470 1855 immutata

1413 1881 1462 1901 res
1484 1876 1591 1910 potest
1613 1875 1644 1900 et
1667 1869 1795 1900 diversis
1819 1870 1915 1909 signis
1939 1874 1970 1899 et
1992 1867 2203 1899 diversimode
2227 1869 2351 1908 signari.

1471 1914 1608 1950 Quarto,
1631 1913 1807 1944 declaratur
1835 1911 2058 1943 descendendo
2083 1912 2122 1942 ad
2144 1913 2348 1951 propositum
2370 1922 2470 1942 sacra—

1413 1964 1560 1988 mentum
1576 1957 1804 1997 exemplariter.
1828 1957 1959 1987 Diversa
1973 1957 2007 1986 in
2022 1956 2132 1996 primis
2155 1956 2254 1995 signa,
2270 1956 2390 1986 scilicet
2411 1957 2470 1986 ho-

1413 2003 1472 2032 stia
1495 2007 1636 2032 comesta
1657 2007 1688 2031 et
1710 2001 1790 2031 calix
1805 2001 1931 2036 bibitus,
1948 2009 2015 2030 non
2036 1999 2175 2030 diversos
2197 2001 2383 2030 sacramenti
2406 1999 2470 2030 fru-

1415 2051 1494 2082 ctus,
1511 2045 1566 2076 sed
1589 2054 1692 2075 unum
1718 2050 1814 2084 atque
1837 2043 1977 2074 eundem
1999 2043 2195 2083 spiritualem
2211 2042 2350 2074 fructum
2374 2044 2469 2083 signi-

1414 2089 1526 2120 ficant:
1543 2098 1619 2119 nam
1633 2087 1826 2119 manducare
1843 2093 1874 2118 et
1889 2087 1995 2118 bibere
2011 2087 2212 2127 spiritualiter
2228 2097 2330 2117 unum
2343 2093 2374 2117 et
2385 2087 2470 2117 idem

1414 2139 1498 2168 sunt,
1518 2138 1554 2163 ut
1576 2137 1707 2162 testatur
1729 2132 1937 2171 Augustinus,
1953 2140 2051 2170 super
2071 2131 2176 2167 Ioan„
2199 2131 2321 2161 Homil.
2339 2132 2355 2148 *
2370 2131 2469 2167 XXV,

1413 2186 1509 2217 super
1531 2176 1587 2207 illo
1610 2181 1708 2211 textu,
1728 2175 1792 2211 Qui
1808 2175 1894 2206 venit
1907 2174 1951 2205 ad
1965 2184 2016 2205 me
2030 2184 2094 2205 non
2111 2175 2238 2210 esuriet,
2255 2180 2287 2205 et
2300 2175 2356 2215 qui
2370 2174 2471 2205 credit

1415 2221 1447 2251 in
1471 2230 1521 2250 me
1548 2229 1613 2250 non
1641 2220 1727 2250 sitiet
1753 2219 1786 2249 in
1814 2224 1999 2254 aeternum,
2023 2218 2110 2249 Ioan.
2126 2229 2158 2248 v1
2173 2219 2200 2248 θ.
2235 2219 2342 2258 Inquit
2364 2219 2468 2248 enim:

1417 2264 1482 2300 Qui
1504 2264 1591 2295 venit
1613 2263 1655 2294 ad
1677 2273 1736 2298 me,
1759 2263 1821 2293 hoc
1843 2267 1890 2293 est
1910 2262 1997 2303 quod
2018 2262 2074 2299 ait,
2097 2261 2162 2298 Qui
2177 2263 2279 2293 credit
2296 2263 2328 2292 in
2345 2272 2404 2292 me.
2427 2262 2471 2292 Et

1413 2308 1500 2348 quod
1522 2307 1621 2343 dixit,
1645 2307 1720 2337 Non
1744 2307 1878 2341 esuriet,
1905 2307 1966 2336 hoc
1988 2305 2230 2347 intelligendum
2253 2311 2315 2342 est,
2338 2306 2383 2336 Et
2405 2315 2469 2336 non

1413 2352 1499 2383 sitiet
1521 2358 1682 2392 unquam:
1705 2355 1842 2391 utroque
1863 2350 1947 2381 enim
1970 2350 2028 2380 illa
2050 2350 2255 2390 significatur
2272 2355 2404 2380 aeterna
2418 2359 2470 2380 sa-

1414 2396 1506 2426 tietas
1530 2395 1583 2425 ubi
1605 2395 1697 2425 nulla
1720 2399 1767 2425 est
1788 2399 1922 2435 egestas.
1958 2394 2039 2429 Ubi,
2071 2403 2108 2424 ex
2131 2394 2195 2424 hoc
2221 2393 2310 2433 quod
2332 2394 2416 2423 sitire
2440 2399 2471 2424 et

1414 2440 1531 2470 esurire
1554 2439 1685 2479 ponitur
1707 2438 1803 2473 idem,
1822 2437 1987 2468 manifeste
2011 2442 2097 2477 patet
2121 2437 2210 2476 quod
2229 2437 2421 2468 manducare
2440 2443 2471 2468 et

1414 2484 1522 2514 bibere
1545 2488 1619 2513 sunt
1639 2482 1741 2512 idem:
1767 2487 1798 2512 et
1821 2481 1910 2521 quod
1932 2481 2119 2511 alimentum
2142 2481 2255 2511 satians
2272 2490 2338 2516 esu,
2362 2487 2394 2511 et
2416 2481 2471 2511 ali-

1413 2533 1560 2558 mentum
1582 2527 1696 2556 satians
1718 2531 1809 2566 potu,
1833 2531 1907 2555 sunt
1929 2525 2031 2560 idem,
2055 2524 2232 2555 secundum
2255 2530 2378 2555 rectum
2400 2525 2471 2564 phi—

1413 2571 1580 2611 losophiae
1602 2569 1772 2605 iudiciurm
1795 2570 1882 2600 iuxta
1903 2568 1982 2599 illud
2001 2568 2042 2598 111
2057 2569 2185 2609 Physic.
2202 2570 2235 2598 *2
2259 2568 2295 2598 Si
2306 2578 2405 2608 posse
2418 2578 2470 2599 sa-

1414 2615 1489 2645 nari
1519 2619 1551 2645 et
1571 2623 1670 2654 posse
1699 2613 1860 2654 infirmari
1887 2617 1964 2643 sunt
1993 2612 2092 2648 idem,
2122 2613 2236 2643 sanari
2258 2617 2290 2643 et
2311 2613 2471 2653 infirmari

1413 2663 1490 2690 sunt
1510 2667 1636 2699 quoque
1659 2657 1758 2693 idem,
1782 2662 1813 2687 et
1835 2657 1978 2687 similiter
2007 2657 2122 2687 sanitas
2150 2662 2181 2686 et
2203 2655 2367 2686 infirmitas
2397 2662 2471 2686 sunt

1413 2702 1508 2733 idem.

1469 2745 1592 2776 Diversi
1615 2744 1729 2775 deinde
1751 2744 1841 2775 modi
1864 2743 2061 2784 significandi
2090 2753 2158 2774 non
2185 2743 2324 2773 diversos
2350 2743 2470 2773 fructus

1414 2789 1582 2830 spiritualis
1593 2788 1709 2819 modos
1724 2787 1915 2828 significant:
1933 2787 1988 2818 sed
2004 2787 2209 2818 excellentem
2225 2787 2315 2817 illum
2331 2787 2470 2817 fructum

1414 2832 1625 2864 diversimode
1648 2831 1816 2872 significari
1839 2831 1946 2867 decet,
1970 2837 2022 2867 ut,
2046 2831 2091 2861 sic
2114 2830 2309 2870 significante
2332 2840 2415 2866 uno,
2440 2836 2471 2860 et

1413 2878 1458 2908 sic
1481 2881 1734 2917 repraesentante
1758 2875 1830 2911 alio,
1847 2881 1878 2906 et
1894 2876 1938 2905 sic
1953 2880 2206 2915 repraesentante
2222 2879 2370 2913 utroque,
2386 2884 2470 2904 unus

1414 2926 1446 2952 et
1467 2920 1554 2951 idem
1577 2919 1714 2955 fructus,
1734 2918 1962 2959 inadaequatus
1985 2919 2134 2949 omnibus
2158 2923 2189 2948 et
2211 2918 2341 2957 singulis
2363 2918 2469 2957 signis,

1414 2970 1527 3004 utpote
1550 2962 1801 3004 superexcedens
1824 2969 2056 3002 quaecumque·
2070 2961 2255 2992 huiusmodi
2278 2962 2366 3001 signa
2389 2971 2470 3001 quo-

1415 3017 1555 3048 cumque
1578 3007 1678 3038 modo
1701 3006 1792 3037 illum
1810 3005 2027 3046 significantia,
2043 3011 2220 3045 utcumque
2235 3006 2422 3041 innotescat,
2440 3011 2471 3035 et

1414 3053 1448 3083 in
1475 3061 1601 3082 summa
1627 3050 1830 3080 veneratione
1860 3050 2031 3085 habeatur,
2062 3054 2093 3079 et
2121 3054 2191 3079 toto
2223 3048 2318 3079 corde
2349 3048 2470 3079 deside-

1415 3102 1509 3126 retur.

1468 3139 1729 3170 Consentaneum
1753 3143 1859 3168 autern
1881 3138 1996 3167 rationi
2011 3146 2078 3167 esse
2093 3141 2180 3176 patet
2195 3142 2231 3167 ut
2246 3135 2368 3166 diversa
2382 3137 2470 3176 signa

1414 3183 1582 3218 sensibilia,
1606 3187 1638 3212 et
1660 3180 1870 3212 diversimode
1892 3179 2115 3221 significantia,
2139 3179 2179 3210 ad
2200 3189 2303 3210 unum
2326 3180 2470 3220 spiritua-

1414 3227 1478 3258 lem
1499 3225 1703 3266 intelligibilis
1727 3224 1846 3255 ordinis
1861 3224 2000 3255 fructum
2023 3223 2323 3264 repraesentandum
2346 3224 2408 3254 sint
2422 3224 2470 3254 in-

1414 3271 1521 3301 stituta
1539 3280 1557 3300 a
1573 3269 1678 3300 divina
1693 3269 1852 3310 Sapientia
1867 3268 2053 3308 disponente
2068 3268 2177 3298 omnia
2191 3267 2334 3298 suaviter
2348 3268 2375 3297 ⁸².
2392 3267 2470 3298 Sen-

1413 3314 1514 3346 sibilia
1537 3314 1624 3344 enim
1646 3312 1736 3344 valde
1760 3311 1915 3343 defective
1937 3316 2173 3352 repraesentant
2188 3311 2406 3342 excellentiam
2421 3312 2470 3341 in-

1413 3358 1625 3398 telligibilium
1648 3366 1769 3388 rerum:
1795 3362 1826 3387 et
1848 3356 2020 3396 praecipue
2042 3361 2107 3386 tam
2130 3355 2286 3386 excelsam
2304 3364 2372 3385 rem
2387 3364 2470 3395 quae

1414 3408 1461 3432 est
1483 3402 1546 3432 hoc
1569 3406 1766 3432 sacramento
1790 3401 1911 3440 signata
1938 3405 1969 3430 et
1995 3405 2042 3430 est
2068 3399 2152 3430 illius
2182 3398 2317 3434 fructus,
2348 3399 2471 3429 interna

1414 3446 1533 3476 scilicet
1555 3446 1679 3476 satietas
1694 3445 1821 3484 spiritus
1844 3443 2021 3474 secundum
2036 3443 2311 3484 participationem
2326 3447 2470 3473 aeternae

1414 3490 1571 3520 satietatis.
1595 3488 1689 3520 Unde
1712 3498 1780 3519 non
1798 3488 1904 3519 solum
1927 3497 1965 3518 ex
1980 3487 2056 3527 ipsis
2071 3486 2348 3517 sacramentalibus
2363 3486 2469 3526 signis,

2490 339 2500 349 ·
2515 337 2573 359 Vers
2595 344 2619 364 ⁴-

2494 1437 2505 1446 ·
2520 1435 2556 1457 cf.
2572 1435 2639 1462 infra,
2658 1434 2708 1457 Nec

2495 1462 2578 1483 obstat.

2497 2134 2507 2145 ⁸
2522 2134 2560 2155 Al.
2575 2133 2656 2155 Tract.

2496 2223 2507 2234 ·
2522 2221 2588 2243 Vers.
2602 2227 2636 2250 35.

2497 2573 2581 2622 scii:
2589 2579 2688 2622 ¹f.¹0¹÷.¹.⁰.·.
2698 2584 2709 2589 ·

2497 3269 2506 3278 ·
2520 3267 2577 3295 Sap.
2593 3273 2643 3294 cup.
2659 3273 2711 3293 vin,

2497 3299 2555 3315 vers.
2572 3301 2591 3316 ι.
