2918 4088
419 143 467 179 38

1093 146 1357 193 QUAESTIO
1386 147 1521 193 LXIII,
1550 144 1843 182 ARTICULUS
1870 145 1905 181 V

1207 281 1525 324 ARTICULUS
1555 280 1812 333 QUINTUS

944 375 1101 406 UTRUM
1126 374 1396 406 CHARACTER
1419 375 1531 406 INSIT
1554 374 1723 405 ANIMAE
1746 373 2080 404 INDELEBILITER

694 453 769 485 Infra,
789 461 833 486 qu.
852 460 917 484 vat,
938 459 984 478 art.
1003 461 1034 487 93
1053 461 1097 486 qu.
1116 461 1208 485 xxxxii,
1227 459 1274 479 art.
1294 453 1324 484 8;
1343 454 1377 478 IV
1397 454 1480 484 Sent„
1500 454 1558 479 dist.
1577 461 1611 485 iv,
1630 461 1674 486 qu.
1693 461 1710 485 r,
1730 458 1777 479 art.
1797 453 1820 484 3,
1840 453 1889 486 qu²
1907 461 1940 485 4;
1958 453 2001 478 Ad
2019 453 2106 482 Rom„
2126 460 2182 485 cap.
2199 460 2244 485 vu,
2262 453 2321 479 lect.
2339 461 2356 479 ι.

510 553 516 566 5

542 562 595 581 aa<
633 546 655 570 D
676 545 837 576 QumwM
859 545 912 570 Slc
933 545 1169 570 paoeamwa.
1194 533 1356 570 Videtur
1379 533 1486 582 quod

455 550 500 580 δᾴ,

448 570 509 632 ᾖξ’)
553 577 615 647 {EQ
634 587 829 624 character
861 598 942 623 non
969 586 1057 623 insit
1093 585 1245 623 animae
1278 585 1487 623 indelebili-

440 643 463 687 ]
501 656 555 673 v·
577 644 700 678 ter.
732 639 890 686 Quanto
915 638 1019 676 enim
1048 638 1206 688 aliquod
1227 638 1404 676 accidens
1432 645 1487 675 est

441 693 446 698 '
479 668 564 721 ἐξ
633 692 849 742 perfectius,
877 699 983 729 tanto
1011 691 1162 729 firmius
1190 691 1372 728 inhaeret.
1411 690 1488 728 Sed

422 744 540 792 gratia
567 752 623 781 est
649 744 851 795 perfectior
885 757 1005 794 quam
1033 745 1246 782 character:
1281 743 1372 793 quia
1399 744 1487 780 cha-

423 805 544 835 racter
572 798 770 835 ordinatur
797 798 846 835 ad
874 797 1034 846 gratiam
1062 797 1158 834 sicut
1185 797 1234 833 ad
1266 796 1487 833 ulteriorem

423 850 557 888 finem.
574 851 705 888 Gratia
719 858 849 888 autem
869 850 1052 888 amittitur
1065 862 1134 900 per
1150 857 1365 899 peccatum.
1386 850 1488 897 Ergo

424 905 547 941 multo
576 903 697 952 magis
725 904 931 941 character.

479 968 513 994 2.
544 957 783 1003 PRAETEREA,
812 969 882 1006 per
908 956 1168 993 characterem
1203 955 1339 1005 aliquis
1367 955 1488 1004 depu-

424 1017 525 1046 tatur
551 1009 685 1047 divino
713 1009 842 1056 cultui,
872 1008 968 1046 sicut
996 1008 1143 1046 dictum
1171 1016 1227 1046 est
1249 1008 1280 1045 ³¹⁶.
1319 1008 1396 1046 Sed
1424 1007 1488 1044 ali-

425 1062 492 1111 qui
517 1075 540 1099 a
563 1064 668 1099 cultu
694 1062 827 1099 divino
853 1069 1051 1098 transeunt
1074 1061 1124 1098 ad
1150 1060 1385 1098 contrarium
1411 1062 1489 1098 cul·

424 1123 508 1151 tum
542 1127 613 1164 per
645 1114 878 1163 apostasiam
906 1126 928 1150 a
954 1113 1044 1150 fide.
1074 1115 1176 1162 Ergo
1202 1114 1355 1151 videtur
1382 1114 1489 1162 quod

424 1169 516 1204 tales
544 1166 718 1204 amittant
745 1167 1005 1203 characterem
1034 1167 1362 1203 sacramentalem.

480 1219 514 1256 3.
544 1221 776 1266 PRAETEREA,
797 1226 967 1256 cessante
985 1218 1077 1265 fine,
1098 1231 1245 1256 cessare
1265 1218 1378 1255 debet
1397 1226 1434 1255 et
1452 1219 1491 1255 id

424 1272 533 1322 quod
552 1280 607 1309 est
625 1272 675 1309 ad
692 1272 825 1317 finem,
846 1270 1017 1320 alioquin
1035 1271 1172 1308 frustra
1191 1279 1425 1308 remaneret:
1447 1271 1491 1308 si-

425 1334 489 1363 cut
516 1333 603 1375 post
622 1324 940 1362 resurrectionem
959 1336 1040 1361 non
1060 1323 1128 1360 erit
1151 1323 1444 1361 matrimonium
1458 1323 1489 1372 ²¹²,

426 1379 517 1428 quia
545 1378 705 1415 cessabit
732 1377 939 1426 generatio,
968 1377 1016 1414 ad
1046 1389 1166 1426 quam
1197 1376 1491 1414 matrimonium

426 1431 635 1469 ordinatur.
668 1431 803 1468 Cultus
822 1438 953 1468 autem
981 1430 1156 1477 exterior,
1177 1430 1226 1467 ad
1254 1442 1373 1479 quem
1402 1431 1491 1468 cha-

425 1492 546 1522 racter
565 1484 774 1530 ordinatur,
795 1496 876 1521 non
904 1483 1117 1521 remanebit
1144 1483 1184 1520 in
1202 1483 1335 1532 patria,
1355 1483 1395 1520 in
1414 1496 1492 1533 qua

424 1537 520 1575 nihil
538 1545 670 1586 agetur
688 1537 727 1574 in
746 1537 881 1585 figura,
903 1537 971 1574 sed
988 1544 1114 1574 totum
1133 1536 1173 1573 in
1199 1537 1305 1574 nuda
1323 1536 1490 1574 veritate.

426 1591 528 1639 Ergo
548 1591 743 1628 character
762 1589 1044 1627 sacramentalis
1063 1601 1143 1627 non
1158 1597 1331 1626 remanet
1349 1589 1389 1626 in
1407 1602 1492 1639 per-

426 1651 590 1693 petuum
612 1643 652 1680 in
676 1643 816 1681 anima.
847 1643 895 1680 Et
919 1642 970 1680 ita
997 1654 1078 1680 non
1106 1642 1202 1679 inest
1230 1642 1490 1680 indelebiliter.

481 1698 555 1734 SED
583 1708 728 1734 CONTRA
760 1708 826 1733 EST
859 1696 967 1745 quod
994 1695 1233 1744 Augustinus
1266 1695 1367 1742 dicit,
1397 1695 1436 1732 in
1462 1697 1492 1733 II

427 1755 557 1788 contra
575 1750 870 1786 Parmenianum
889 1748 929 1785 *ε
959 1749 1050 1786 Non
1070 1749 1193 1785 minus
1215 1749 1369 1785 haerent
1389 1753 1406 1770 ‘²
1432 1761 1491 1786 sa-

427 1808 619 1840 cramenta
650 1803 862 1839 Christiana
890 1814 1002 1851 quam
1030 1801 1238 1849 corporalis
1273 1807 1360 1838 nota
1395 1801 1492 1838 mili—

427 1856 511 1893 tiae.
551 1855 629 1892 Sed
657 1855 852 1892 character
879 1854 1049 1891 militaris
1081 1866 1162 1891 non
1197 1854 1395 1903 repetitur,
1425 1855 1492 1892 sed

426 1910 575 1959 agnitus
609 1910 849 1958 approbatur,
879 1907 919 1944 in
952 1919 999 1944 eo
1032 1907 1099 1957 qui
1134 1907 1290 1945 veniam
1325 1915 1494 1945 meretur

427 1962 475 1999 ab
503 1961 734 2011 imperatore
761 1968 849 2010 post
876 1961 1042 2010 culpam.
1072 1961 1175 2009 Ergo
1203 1972 1275 1998 nec
1299 1961 1494 1998 character

428 2013 710 2052 sacramentalis
738 2013 855 2051 deleri
882 2021 1018 2064 potest.

480 2069 705 2105 RESPONDEO
729 2079 911 2105 DICENDUM
939 2067 1059 2116 quod,
1089 2066 1185 2104 sicut
1213 2066 1360 2104 dictum
1387 2075 1443 2104 est
1461 2067 1492 2115 ²¹⁵,

427 2123 623 2159 character
649 2119 932 2157 sacramentalis
960 2127 1015 2157 est
1043 2120 1236 2169 quaedam
1255 2120 1493 2170 participatio

428 2173 628 2212 sacerdotii
667 2172 806 2210 Christi
840 2172 879 2210 in
916 2172 1096 2210 fidelibus
1130 2173 1232 2210 eius:
1272 2181 1315 2210 ut
1342 2173 1492 2220 scilicet,

428 2228 524 2265 sicut
553 2226 726 2264 Christus
746 2226 861 2263 habet
880 2227 1035 2276 plenam
1064 2225 1266 2276 spiritualis
1293 2226 1492 2264 sacerdotii

285 2285 299 2318 β
428 2287 667 2330 potestatem,
691 2279 742 2317 ita
768 2279 902 2316 fideles
930 2279 1012 2316 eius
1041 2278 1075 2316 ei
1103 2279 1393 2327 configuremur
1411 2278 1426 2309 β
1453 2280 1493 2317 in

429 2336 505 2371 hoc
533 2333 640 2382 quod
667 2331 893 2382 participant
919 2332 1090 2381 aliquam
1118 2332 1353 2382 spiritualem
1386 2340 1493 2382 pote-

429 2394 565 2424 statem
593 2393 768 2435 respectu
797 2393 1128 2422 sacramentorum
1157 2393 1193 2422 et
1221 2397 1358 2422 eorum
1393 2398 1493 2435 quae

428 2439 619 2490 pertinent
655 2439 704 2475 ad
739 2438 916 2475 divinum
952 2439 1116 2475 cultum:
1150 2439 1198 2475 Et
1225 2446 1383 2488 propter
1418 2440 1494 2477 hoc

429 2492 545 2530 etiam
565 2491 717 2529 Christo
746 2503 827 2528 non
847 2491 1030 2541 competit
1048 2491 1190 2528 habere
1212 2492 1491 2530 characterem:

429 2546 497 2583 sed
524 2552 691 2595 potestas
719 2543 919 2582 sacerdotii
947 2544 1030 2581 eius
1059 2552 1306 2594 comparatur
1332 2545 1382 2582 ad
1405 2546 1493 2583 cha-

287 2611 303 2636 γ
429 2606 611 2636 racterem
640 2603 656 2626 Υ
684 2597 780 2635 sicut
808 2597 847 2635 id
875 2597 982 2646 quod
1020 2605 1075 2634 est
1111 2599 1272 2647 plenum
1309 2606 1346 2635 et
1373 2599 1493 2647 perfe-

428 2661 535 2690 ctum
562 2651 611 2688 ad
639 2650 809 2700 aliquam
842 2650 901 2687 sui
928 2650 1269 2700 participationem.
1309 2651 1494 2689 Sacerdo-

427 2705 525 2742 tium
554 2711 684 2742 autem
705 2703 844 2741 Christi
873 2711 928 2740 est
956 2711 1176 2741 aeternum:
1207 2705 1423 2741 secundum
1452 2705 1493 2742 il-

427 2759 494 2796 lud
523 2756 665 2795 Psalmi
684 2756 720 2794 *z
756 2759 812 2794 Tu
839 2769 876 2794 es
899 2757 1073 2794 sacerdos
1092 2758 1129 2794 in
1150 2763 1342 2794 aeternum
1366 2770 1492 2795 secun-

426 2812 515 2849 dum
552 2811 722 2849 ordinem
758 2810 1044 2848 Melchisedech.
1083 2811 1131 2847 Et
1168 2809 1257 2847 inde
1293 2818 1348 2847 est
1385 2811 1493 2861 quod

184 1018 195 1027 ·
206 1015 317 1037 Articulis
332 1021 398 1042 prae-

186 1043 251 1064 cedd.

185 1333 279 1354 'Martii
288 1338 397 1360 cap.xx11,

185 1366 244 1381 verS.
259 1366 296 1388 30.

186 1758 195 1767 ¹
212 1756 269 1783 Cap.
284 1762 335 1777 xm.

185 2078 194 2088 ·
210 2078 260 2098 Art.
275 2082 295 2103 3.

188 2764 197 2774 “
208 2763 244 2784 Ρε.
254 2768 299 2789 cix,
309 2768 367 2784 verS.
376 2769 398 2789 4.

481 2927 508 2961 α)
527 2927 647 2952 haerent.
664 2940 683 2945 ·-
703 2926 737 2956 P;
757 2925 869 2955 habent,·
887 2925 919 2950 cf.
939 2931 986 2950 art.
1007 2932 1016 2949 ι
1040 2933 1062 2950 ε.

482 2962 507 2996 β)
525 2962 735 2995 configurantur.
752 2975 771 2980 —
791 2962 824 2991 1>;
843 2961 1057 2994 configurantur.

479 3002 506 3031 γ)
525 2998 717 3023 characterem.
733 3011 752 3015 -
770 2996 815 3027 P1;
835 2996 932 3022 addunt
956 2995 1136 3021 sacerdotium
1156 2996 1255 3028 ABCD,
1273 2997 1443 3023 sacerdotum
1462 2998 1493 3030 E,

427 3033 572 3059 sacerdotii
589 3033 718 3058 FGHabc.

1542 532 1668 569 omnis
1688 532 1935 570 sanctificatio
1955 545 2055 582 quae
2073 532 2117 570 fit
2135 544 2205 582 per
2224 533 2481 571 sacerdotium
2509 535 2603 582 eius,

1542 583 1620 621 est⁶
1636 593 1833 634 perpetua,
1855 597 1894 622 re
1914 593 2133 623 consecrata
2152 593 2343 623 manente.
2365 587 2485 634 Quod
2503 595 2606 636 patet

1542 637 1658 674 etiam
1685 637 1725 674 in
1753 637 1868 675 rebus
1888 638 2122 676 inanimatis:
2152 651 2245 676 nam
2273 639 2453 676 ecclesiae
2472 641 2535 677 vel
2557 642 2606 678 al-

1541 690 1630 727 taris
1658 698 1788 727 manet
1816 691 2051 729 consecratio
2080 704 2249 741 semper,
2278 691 2350 728 nisi
2378 692 2605 730 destruatur.

1544 743 1645 780 Cum
1675 742 1788 791 igitur
1815 742 1944 780 anima
1972 743 2018 780 sit
2045 744 2262 782 subiectum
2290 745 2517 782 characteris
2550 757 2606 783 se-

1543 795 1718 833 cundum
1746 795 2015 833 intellectivam
2042 805 2210 846 partem,
2240 797 2280 834 in
2308 810 2387 847 qua
2414 805 2469 834 est
2495 797 2605 846 fides,

1542 856 1585 885 ut
1613 848 1756 885 dictum
1787 856 1843 885 est
1860 848 1900 895 *3
1931 849 2178 887 manifestum
2205 858 2261 887 est
2288 851 2407 900 quod,
2428 851 2524 888 sicut
2552 851 2608 888 in-

1505 912 1508 913 ’
1542 903 1711 939 tellectus
1739 909 1948 951 perpetuus
1977 910 2032 939 est
2059 909 2096 939 et
2114 902 2422 952 incorruptibilis,
2441 903 2492 941 ita
2519 905 2608 942 cha-

1544 962 1665 992 racter
1692 954 1942 992 indelebiliter
1968 963 2100 993 manet
2126 955 2166 992 in
2194 955 2335 993 anima.

1597 1008 1655 1044 An
1683 1020 1819 1046 ptumum
1852 1020 1950 1046 ERGO
1983 1020 2165 1046 DICENDUM
2200 1009 2309 1058 quod
2346 1009 2451 1046 aliter
2487 1017 2543 1046 est
2570 1009 2610 1046 in

1544 1060 1675 1098 anima
1701 1061 1829 1109 gratia,
1851 1068 1887 1098 et
1910 1061 2016 1098 aliter
2042 1062 2247 1099 character.
2277 1063 2382 1099 Nam
2409 1062 2528 1110 gratia
2555 1070 2611 1100 est

1544 1113 1584 1150 in
1604 1113 1733 1151 anima
1747 1114 1844 1151 sicut
1862 1114 2056 1163 quaedam
2074 1115 2199 1153 forma
2218 1115 2365 1152 habens
2389 1127 2472 1152 esse
2505 1127 2611 1153 com-

1545 1167 1693 1215 pletum
1712 1167 1752 1203 in
1771 1179 1832 1203 ea:
1863 1167 2058 1204 character
2076 1174 2207 1204 autem
2226 1175 2282 1204 est
2302 1167 2343 1204 in
2362 1168 2492 1206 anima
2515 1168 2612 1206 sicut

1545 1219 1739 1267 quaedam
1758 1219 1878 1256 virtus
1898 1219 2206 1267 instrumentalis,
2225 1228 2269 1258 ut
2287 1232 2404 1270 supra
2421 1221 2442 1243 ’³‘
2465 1221 2611 1259 dictum

1546 1279 1612 1308 est.
1653 1272 1797 1308 Forma
1824 1279 1955 1317 autem
1983 1273 2175 1321 completa
2203 1280 2258 1309 est
2285 1272 2325 1309 in
2354 1273 2526 1310 subiecto
2554 1285 2611 1310 se-

1546 1324 1721 1361 cundum
1750 1324 2012 1361 conditionem
2031 1324 2201 1362 subiecti.
2232 1325 2280 1362 Et
2299 1325 2390 1374 quia
2409 1325 2539 1363 anima
2557 1333 2613 1363 est

1546 1377 1740 1414 mutabilis
1768 1377 1986 1414 secundum
2012 1376 2177 1414 liberum
2205 1377 2405 1415 arbitrium
2437 1379 2612 1428 quandiu

1547 1438 1602 1467 est
1621 1430 1660 1467 in
1680 1437 1778 1468 statu
1797 1430 1894 1477 viae,
1914 1442 2158 1479 consequens
2177 1438 2232 1467 est
2251 1431 2359 1480 quod
2387 1431 2474 1469 insit
2492 1437 2504 1453 ⁸
2532 1431 2613 1469 ani-

1546 1496 1634 1521 mae
1662 1483 1905 1521 mutabiliter.
1936 1483 2014 1521 Sed
2032 1483 2154 1520 virtus
2172 1483 2471 1522 instrumentalis
2491 1485 2612 1534 magis

1546 1536 1752 1574 attenditur
1766 1536 1983 1574 secundum
1995 1536 2255 1574 conditionem
2269 1537 2487 1586 principalis
2502 1549 2612 1586 agen-

1545 1589 1602 1627 tis.
1632 1591 1681 1627 Et
1708 1589 1796 1626 ideo
1825 1590 2020 1627 character
2046 1589 2296 1627 indelebiliter
2323 1590 2420 1627 inest
2446 1590 2611 1638 animae,

1529 1647 1627 1680 'non
1655 1650 1813 1692 propter
1840 1642 1899 1679 sui
1926 1642 2216 1692 perfectionem,
2248 1643 2315 1680 secl
2342 1651 2501 1693 propter
2526 1655 2613 1694 per-

1545 1695 1751 1733 fectionem
1770 1695 1970 1732 sacerdotii
1991 1695 2142 1743 Christi,
2163 1707 2186 1732 a
2204 1707 2284 1744 quo
2305 1695 2500 1734 derivatur
2524 1697 2613 1734 cha-

1547 1755 1669 1786 racter
1696 1748 1792 1785 sicut
1819 1747 2014 1797 quaedam
2042 1747 2341 1786 instrumentalis
2368 1748 2500 1786 virtus.

1600 1802 1658 1838 AD
1695 1813 1886 1839 SECUNDUM
1918 1813 2100 1839 mCENDUM
2137 1801 2266 1850 quod,
2297 1801 2394 1839 sicut
2421 1801 2567 1840 ibidem
2593 1802 2614 1826 *

1547 1854 1784 1903 Augustinus
1821 1853 1934 1900 dicit,
1965 1866 2032 1891 nec
2059 1855 2157 1904 ipsos
2193 1860 2378 1904 apostatas
2415 1855 2612 1893 videmus<

1547 1920 1679 1945 carere
1705 1908 1942 1958 baptismate,
1972 1908 2102 1957 quibus
2123 1918 2196 1957 per
2221 1909 2484 1957 poenitentiam
2513 1909 2613 1947 rede-

1548 1962 1694 1998 untibus
1722 1973 1797 1998 non
1822 1961 2031 2006 restituitur,
2052 1966 2086 1997 et
2109 1959 2190 1998 ideo
2218 1962 2338 1998 amitti
2358 1973 2433 1998 non
2455 1963 2616 2012 potuisse

1547 2015 1741 2051 iudicatur.
1781 2013 1829 2052 Et
1856 2012 1972 2050 huius
2000 2012 2095 2051 ratio
2124 2021 2180 2050 est
2207 2013 2299 2063 quia
2330 2014 2526 2052 character
2559 2022 2615 2052 est

1546 2067 1667 2105 virtus
1695 2066 2004 2114 instrumentalis,
2037 2073 2081 2103 ut
2108 2066 2255 2104 dictum
2283 2073 2339 2104 est
2356 2066 2394 2104 *z
2424 2067 2519 2105 ratio
2547 2080 2614 2106 au·

1547 2128 1626 2158 tem
1662 2119 1905 2157 instrumenti
1937 2118 2107 2156 consistit
2142 2119 2182 2156 in
2210 2120 2287 2157 hoc
2321 2120 2429 2169 quod
2457 2120 2506 2158 ab
2539 2121 2613 2159 alio

1547 2182 1772 2221 moveatur,
1808 2185 1889 2210 non
1924 2179 2054 2210 autem
2089 2171 2128 2209 in
2166 2173 2243 2210 hoc
2274 2173 2383 2222 quod
2415 2173 2546 2224 ipsum
2574 2186 2614 2212 se

1547 2234 1715 2273 moveat,
1745 2226 1854 2276 quod
1881 2225 2045 2276 pertinet
2072 2225 2122 2263 ad
2149 2226 2399 2264 voluntatem.
2436 2227 2486 2264 Et
2512 2226 2613 2275 ideo,

1547 2288 1910 2330 quantumcumque
1945 2279 2124 2316 voluntas
2156 2286 2361 2316 moveatur
2392 2278 2432 2316 in
2466 2287 2614 2318 contra-

1547 2334 1662 2378 rium,
1693 2334 1889 2370 character
1915 2343 1997 2369 non
2025 2338 2258 2380 removetur,
2285 2339 2443 2382 propter
2475 2332 2615 2371 immo-

1547 2386 1732 2424 bilitatem
1759 2384 1979 2435 principalis
2006 2384 2210 2422 moventis.

1600 2441 1658 2476 AD
1685 2450 1844 2476 TERTtUM
1863 2449 2046 2475 DICENDUM
2065 2438 2184 2487 quod,
2205 2437 2385 2487 quamvis
2408 2445 2496 2488 post
2514 2439 2616 2476 hanc

1546 2492 1667 2530 vitam
1704 2504 1785 2529 non
1822 2498 2019 2528 remaneat
2056 2490 2219 2528 exterior
2256 2492 2380 2528 cultus
2395 2520 2404 2538 ,
2442 2499 2616 2530 remanet

1547 2554 1677 2583 tamen
1705 2544 1793 2582 finis
1822 2543 1920 2581 illius
1948 2545 2082 2581 cultus.
2120 2545 2168 2580 Et
2196 2543 2284 2581 ideo
2313 2551 2400 2593 post
2427 2545 2529 2582 hanc
2559 2544 2615 2583 vi·

1547 2607 1627 2636 tam
1662 2604 1835 2635 remanet
1869 2598 2081 2642 character,
2116 2605 2152 2634 et
2180 2596 2219 2634 in
2247 2597 2361 2634 bonis
2395 2597 2445 2635 ad
2477 2609 2616 2636 eorum

1547 2651 1720 2701 gloriam,
1741 2658 1777 2688 et
1805 2650 1843 2687 in
1866 2650 1976 2687 malis
1995 2650 2045 2687 ad
2064 2662 2203 2687 eorum
2222 2649 2492 2698 ignominiam:
2519 2650 2616 2688 sicut

1548 2705 1663 2742 etiam
1701 2703 1872 2741 militaris
1909 2704 2105 2740 character
2145 2710 2319 2741 remanet
2354 2703 2394 2740 in
2431 2702 2614 2741 militibus

1547 2766 1634 2808 post
1667 2758 1846 2806 adeptam
1874 2755 2095 2803 victoriam,
2125 2763 2162 2794 et
2187 2756 2227 2794 in
2255 2755 2314 2793 his
2340 2755 2408 2806 qui
2440 2755 2616 2793 vicerunt

1547 2811 1596 2849 ad
1628 2810 1801 2860 gloriam,
1822 2817 1859 2847 et
1886 2809 1926 2847 in
1953 2809 2013 2847 his
2041 2808 2109 2859 qui
2130 2817 2219 2847 sunt
2243 2808 2332 2847 victi
2355 2809 2405 2846 ad
2431 2821 2613 2858 poenam.

1601 2926 1627 2959 δ)
1646 2926 1711 2956 eius,
1731 2929 1778 2952 est.
1796 2939 1815 2944 -
1833 2924 1959 2954 PFGlac,·
1977 2927 2018 2950 est
2034 2924 2066 2953 D.
2083 2923 2140 2949 eius
2159 2930 2227 2956 quae
2244 2926 2285 2948 est
2302 2922 2352 2952 Hb,
2370 2925 2411 2947 est
2427 2923 2484 2948 eius
2501 2924 2587 2949 ceteri.

1602 2961 1624 2996 ε)
1645 2962 1716 2987 insit.
1734 2975 1754 2980 —
1770 2961 1863 2994 gratia
1881 2960 1946 2986 insit
1964 2959 2018 2985 PG.

1601 2997 1627 3030 ζ)
1647 2997 1776 3023 videmus.
1793 3010 1813 3015 —-
1830 2995 1896 3028 PF1;
1915 2995 2039 3021 vidimus.
2058 2994 2122 3020 Post
2139 2993 2233 3027 quibus
2250 2993 2270 3018 P
2290 2993 2360 3019 addit
2379 2993 2476 3026 utique.
2501 2995 2551 3020 Pro
2565 3002 2616 3028 po-

1547 3033 1637 3062 tuisse,
1652 3039 1732 3065 posse
1751 3032 1780 3058 P.
1983 3029 1987 3033 “

1102 3112 1440 3146 Commentario.
1461 3112 1715 3146 Cain-dinan-
1736 3110 1939 3144 Caret-,ani

459 3202 479 3222 N
503 3192 612 3228 titulo,
636 3191 762 3222 adverte
786 3190 876 3231 quod
898 3191 930 3232 ly
954 3191 1166 3222 indelebiliter
1194 3196 1301 3231 potest
1324 3191 1492 3231 dupliciter

432 3203 571 3276 Iaccipi.
604 3235 663 3266 Vel
686 3239 744 3275 per
765 3235 971 3275 negationem
995 3235 1100 3265 omnis
1123 3235 1300 3274 potentiae,
1325 3236 1421 3265 etiam
1444 3235 1492 3265 lo-

429 3281 534 3320 gicae,
558 3279 599 3310 ad
622 3279 827 3310 deletionem.
859 3279 902 3309 Et
924 3279 969 3309 sic
993 3284 1075 3309 esset
1097 3287 1226 3309 sensus:
1257 3278 1310 3309 An
1333 3279 1493 3309 character

427 3325 502 3355 insit
516 3323 736 3360 indelebiliter,
759 3324 803 3354 ita
818 3322 908 3364 quod
923 3323 1065 3363 implicet
1084 3322 1371 3353 contradictionem
1386 3323 1493 3363 ipsum

429 3369 536 3399 deleri.
565 3368 607 3399 Et
629 3368 681 3398 hic
705 3376 816 3398 sensus
838 3367 954 3408 procul
977 3372 1024 3397 est
1047 3367 1086 3397 ab
1109 3367 1252 3397 intento:
1276 3371 1383 3407 potest
1406 3367 1492 3397 enim

429 3423 446 3442 a
470 3413 541 3442 Deo
566 3412 673 3448 deleri,
698 3411 873 3442 desinendo
898 3420 1085 3442 conservare
1103 3411 1220 3451 ipsum.
1243 3428 1266 3434 —
1288 3411 1349 3441 Vel
1363 3420 1421 3451 per
1435 3420 1492 3442 ne-

428 3458 592 3497 gationem
624 3456 770 3497 propriae
802 3465 858 3486 seu
889 3455 1053 3496 proximae
1084 3455 1234 3486 naturalis
1260 3456 1423 3496 potentiae
1453 3455 1492 3486 ad

1516 3190 1520 3256 1
1545 3191 1751 3222 deletionem.
1776 3191 1816 3221 Et
1838 3191 1891 3222 hic
1913 3199 2025 3222 sensus
2049 3196 2097 3221 est
2118 3191 2270 3222 intentus.
2306 3190 2383 3222 Non
2407 3191 2493 3222 enim
2516 3199 2616 3232 quae-

1545 3236 1644 3265 rimus
1669 3235 1747 3275 quid
1769 3236 1871 3276 possit
1898 3235 1986 3266 Deus
2016 3234 2136 3265 facere:
2168 3234 2224 3265 sed
2255 3233 2334 3275 quid
2363 3240 2475 3276 suapte
2503 3240 2616 3266 natura

1546 3280 1718 3310 conveniat
1741 3279 1923 3310 characteri.

1601 3323 1638 3353 11.
1661 3323 1697 3353 In
1713 3332 1849 3363 corpore
1865 3328 1912 3357 est
1926 3332 1991 3354 una
2007 3323 2190 3354 conclusio:
2210 3323 2388 3354 Character
2404 3322 2617 3354 indelebiliter

1545 3372 1654 3397 manet
1680 3367 1713 3397 in
1740 3367 1860 3398 anima.
1888 3367 2053 3398 Probatur.
2090 3367 2205 3398 Omnis
2232 3367 2440 3398 sanctificatio
2468 3375 2552 3408 quae
2577 3366 2615 3397 fit

1546 3421 1603 3452 per
1626 3411 1839 3442 sacerdotium
1863 3411 1995 3448 Christi,
2021 3417 2067 3442 est
2089 3416 2258 3452 perpetua,
2282 3420 2317 3442 re
2340 3417 2524 3442 consecrata
2546 3419 2614 3441 ma-

1546 3460 1653 3486 nente.
1673 3455 1736 3486 Sed
1752 3456 1912 3486 character
1927 3456 2160 3487 sacramentalis
2177 3461 2224 3487 est
2240 3455 2399 3496 quaedam
2413 3455 2614 3496 participatio

2635 863 2646 872 ·
2659 860 2711 882 Art.
2725 867 2749 888 4,
2763 860 2792 882 ad
2806 866 2830 890 3.

2639 1229 2649 1238 ·
2663 1227 2715 1249 Art.
2730 1232 2751 1249 ².

2737 1442 2748 1459 ι

2641 1801 2651 1810 ·
2659 1799 2715 1822 boe.
2724 1799 2762 1821 eit.
2770 1798 2794 1821 in
2804 1804 2830 1821 ιι·
2847 1814 2856 1821 .

2640 1825 2689 1847 Sed
2707 1827 2769 1848 cont.
2785 1836 2796 1842 -
2815 1805 2853 1848 ὦ.

2640 1852 2855 1906 satiasset

2641 1911 2692 1933 etp.
2707 1911 2724 1927 1.

2736 1932 2752 1962 t

2642 2073 2652 2082 ·
2666 2071 2704 2093 Ad
2721 2078 2739 2094 i.
