2918 4088
412 184 436 219 4

404 252 543 296 venire,
564 257 605 287 ut
632 258 733 299 patet
761 262 831 299 per
858 249 1133 298 Augustinum,
1163 249 1202 286 in
1229 250 1259 285 II
1288 250 1333 286 de
1358 250 1464 285 Doct.

409 304 538 340 Christ.
568 303 588 324 ²¹⁶
622 304 723 351 Ergo
752 303 903 340 videtur
931 303 1037 351 quod
1071 309 1354 339 sacramentum
1386 313 1466 338 non

405 356 450 392 sit
478 355 517 392 in
544 368 681 403 genere
710 355 815 403 signi.

460 408 492 444 3.
523 409 760 454 PRAETEREA,
791 408 1051 445 iuramentum
1080 407 1316 456 quandoque
1345 418 1466 443 sacra-

404 468 580 498 mentum
615 459 855 498 nominatur:
893 459 1030 496 dicitur
1065 459 1169 496 enirn
1201 459 1240 496 in
1277 458 1466 505 Decretis,

403 514 506 550 XXII
525 525 641 559 caus,
662 525 726 562 qu.
747 526 770 550 v
789 512 825 549 *ε
855 513 1010 550 Parvuli
1028 514 1091 561 qui
1115 514 1195 549 sine
1218 518 1336 549 aetate
1355 514 1466 548 ratio-

404 567 520 603 nabili
535 572 629 612 sunt,
652 579 725 603 non
746 571 931 615 cogantur
950 568 1098 602 iurare:
1118 571 1150 601 et
1170 566 1233 614 qui
1253 565 1366 601 semel
1378 577 1466 613 per-

402 621 542 655 iuratus
551 619 682 666 fuerit,
705 630 772 654 nec
798 620 894 654 testis
911 619 955 654 sit
976 623 1061 666 post
1088 618 1168 663 hoc,
1191 629 1258 654 nec
1276 618 1327 654 ad
1342 629 1466 654 sacra-

402 677 576 716 mentum,
602 671 698 707 idest
725 671 774 707 ad
802 671 1084 714 iuramentum,
1114 670 1275 706 accedat.
1307 670 1383 707 Sed
1412 669 1465 706 iu-

403 731 618 760 ramentum
650 735 729 759 non
758 723 919 772 pertinet
947 723 996 760 ad
1016 722 1204 759 rationem
1226 722 1332 770 signi.
1363 723 1465 770 Ergo

402 776 553 812 videtur
587 776 694 824 quod
732 782 1017 813 sacramentum
1051 786 1132 812 non
1170 774 1215 811 sit
1251 774 1290 811 in
1327 786 1465 823 genere

401 829 507 876 signi.

455 882 528 919 SED
557 893 700 918 CONTRA
729 893 794 917 EST
822 880 928 929 quod
964 879 1200 928 Augustinus
1228 879 1334 926 dicit,
1362 879 1401 916 in
1430 881 1465 916 X

400 935 446 971 a'e
467 936 544 971 Cz'v.
565 935 639 970 Dei
655 933 691 970 *t
722 935 954 981 Sacrificium
982 933 1121 971 visibile
1144 933 1332 970 invisibilis
1349 934 1464 969 sacri-

388 989 476 1035 ficii
500 992 787 1032 sacramentum,
809 986 898 1022 idest
924 997 1074 1022 sacrum
1102 987 1264 1035 signum,
1294 991 1355 1021 est.

452 1041 676 1076 RESPONDEO
696 1051 877 1075 DICENDUM
899 1038 1006 1086 quod
1033 1037 1165 1074 omnia
1193 1049 1293 1086 quae
1321 1038 1466 1074 habent

400 1092 576 1128 ordinem
604 1092 652 1127 ad
681 1103 806 1127 unum
835 1090 989 1139 aliquid,
1011 1090 1095 1127 licet
1123 1089 1394 1135 diversimode,
1415 1091 1463 1127 ab

258 1153 274 1178 τ
398 1145 461 1181 illo
496 1143 736 1180 denominari
761 1150 923 1191 possunt
941 1148 974 1180 Y:
1005 1142 1101 1180 sicut
1128 1155 1149 1179 a
1178 1142 1334 1180 sanitate
1364 1155 1464 1192 quae

399 1204 453 1233 est
481 1197 520 1232 in
548 1195 722 1241 animali,
752 1194 1026 1232 denominatur
1060 1207 1199 1232 sanum
1227 1207 1307 1231 non
1336 1197 1464 1232 solum

399 1249 551 1295 animal,
572 1248 679 1297 quod
708 1255 763 1284 est
791 1247 958 1284 sanitatis
982 1247 1210 1293 subiectum,
1232 1248 1299 1284 sed
1328 1247 1466 1284 dicitur

398 1301 590 1339 medicina
618 1313 710 1337 sana
735 1300 967 1349 inquantum
996 1308 1051 1336 est
1081 1300 1248 1336 sanitatis
1277 1299 1463 1346 effectiva,

399 1355 522 1392 diaeta
549 1366 641 1391 vero
662 1353 893 1402 inquantum
913 1361 967 1389 est
991 1353 1257 1389 conservativa
1276 1352 1463 1395 eiusdem,

398 1416 434 1444 et
462 1407 572 1444 urina
600 1407 832 1455 inquantum
869 1414 924 1442 est
957 1405 1206 1454 significativa
1233 1405 1363 1454 ipsius.
1403 1405 1466 1442 Sic

397 1460 509 1508 igitur
535 1466 810 1497 sacramentum
842 1466 966 1508 potest
999 1459 1142 1508 aliquid
1178 1458 1252 1496 dici
1279 1460 1342 1495 vel
1374 1458 1465 1508 quia

398 1514 437 1550 in
466 1526 505 1550 se
534 1513 649 1550 habet
677 1512 843 1561 aliquam
866 1511 1103 1549 sanctitatem
1132 1513 1334 1556 occultam,
1356 1520 1392 1548 et
1411 1524 1465 1548 se-

398 1566 573 1603 cundum
608 1567 683 1602 hoc
719 1573 1003 1602 sacramentum
1040 1565 1144 1602 idem
1180 1573 1235 1602 est
1272 1566 1379 1614 quod
1407 1578 1465 1602 sa-

398 1632 505 1656 crum
523 1625 725 1655 secretum:
751 1619 814 1655 vel
833 1618 924 1667 quia
952 1618 1067 1655 habet
1091 1617 1259 1667 aliquem
1288 1618 1466 1655 ordinem

399 1673 448 1710 ad
476 1673 576 1709 hanc
595 1671 843 1716 sanctitatem,
864 1672 925 1708 vel
953 1683 1091 1708 causae
1115 1673 1177 1708 vel
1205 1671 1307 1719 signi·
1328 1673 1391 1708 vel
1410 1683 1466 1708 se-

399 1726 573 1763 cundum
601 1737 892 1774 quamcumque
921 1724 1034 1761 aliam
1062 1723 1342 1761 habitudinem.
1373 1724 1466 1774 Spe-

399 1778 539 1816 cialiter
558 1786 687 1814 autem
715 1789 821 1814 nunc
838 1777 1037 1826 loquimur
1065 1778 1112 1814 de
1141 1777 1388 1815 sacramentis
1410 1789 1466 1814 se-

399 1832 573 1869 cundum
601 1831 708 1880 quod
737 1830 945 1880 important
979 1830 1246 1867 habitudinem
1275 1830 1382 1879 signi.
1419 1831 1468 1867 Et

166 314 176 323 ¹
191 311 246 338 Cap.
263 317 277 332 ι.

165 519 174 528 ·
198 517 253 548 Can.
280 517 378 539 Parvuli

163 549 203 571 qut
218 549 275 565 stne.

162 940 172 949 '
187 938 243 965 Cap.
259 945 280 960 v.

449 1945 476 1979 γ)
492 1950 615 1978 possunt.
632 1960 651 1964 -
670 1946 719 1978 IpC
737 1952 754 1970 a
774 1951 799 1970 et
816 1945 955 1976 editiones;
970 1946 1078 1978 possint
1096 1946 1211 1976 ABGsC,
1226 1947 1314 1979 possit
1328 1946 1429 1972 DEFH.

451 1981 476 2015 ὃ)
495 1984 700 2007 sacramentum.
718 1994 737 2000 -
757 1981 841 2010 P1sG;
859 1988 977 2006 sacrum.

451 2017 473 2051 ε)
492 2022 597 2042 sacrum
617 2020 644 2041 et
661 2019 866 2042 sacramentum.
884 2030 904 2035 ·-
921 2024 1027 2042 sacrum
1047 2020 1073 2042 et
1091 2020 1228 2042 sacratum
1247 2017 1276 2047 F,
1295 2021 1425 2043 secretum
1439 2021 1466 2043 et

398 2061 503 2079 sacrum
523 2053 555 2083 G,
574 2056 772 2077 sacramentum
791 2053 824 2082 H,
843 2059 948 2077 sacrum
969 2053 1009 2078 ed.
1028 2060 1053 2082 a,
1073 2056 1099 2078 et
1117 2056 1315 2078 sacramentum
1335 2053 1359 2079 b.

451 2088 476 2122 ζ)
496 2089 586 2113 etiam.
604 2102 624 2106 —
642 2088 703 2113 Om.
722 2087 835 2112 DGHbc.

1489 1944 1495 2103 Ι

1119 171 1380 218 QUAESTIO
1411 171 1499 214 LX,
1529 169 1821 206 ARTICULUS
1850 169 1879 205 Π

1522 248 1738 285 secundum
1767 247 1842 283 hoc
1870 254 2154 284 sacramentum
2188 247 2344 296 ponitur
2375 248 2416 284 in
2447 259 2585 296 genere

1523 300 1629 349 signi.

1576 355 1632 390 AD
1662 366 1795 390 Palmum
1816 365 1913 390 ERGO
1936 364 2116 390 DICENDUM
2137 353 2255 401 quod,
2277 352 2368 402 quia
2395 352 2588 389 medicina

1523 419 1562 443 se
1582 406 1698 443 habet
1717 414 1758 443 ut
1778 418 1893 443 causa
1913 405 2087 442 effectiva
2102 404 2280 451 sanitatis,
2297 405 2386 442 inde
2406 413 2461 443 est
2480 405 2587 455 quod

1523 459 1655 496 omnia
1684 458 1931 496 denominata
1959 471 1981 496 a
2009 457 2206 495 medicina·
2223 457 2404 495 dicuntur
2429 470 2500 507 per
2527 469 2587 495 or-

1522 511 1654 549 dinem
1673 512 1720 548 acl
1749 524 1874 548 unum
1893 510 2065 560 primurn
2091 522 2226 558 agens:
2256 517 2294 547 et
2311 522 2380 559 per
2397 511 2486 557 hoc,
2506 522 2587 547 rne—

1521 565 1784 601 dicamentum
1804 564 1984 613 importat
2000 563 2260 601 causalitatem
2279 563 2488 612 quandam.
2511 563 2588 600 Sed

1521 617 1708 663 sanctitas,
1729 630 1751 654 a
1771 629 1848 666 qua
1867 616 2140 654 denominatur
2163 623 2447 652 sacramentum
2466 613 2491 661 ὅ,
2507 627 2588 652 non

1521 670 1755 717 significatur
1791 682 1860 719 per
1897 670 2062 706 modum
2100 681 2237 706 causae
2273 667 2490 713 efficientis,
2521 668 2588 704 sed

1520 722 1747 772 magis-per
1775 723 1941 760 modum
1979 734 2117 760 causae
2153 721 2323 759 formalis
2351 722 2413 757 vel
2449 720 2586 756 finalis.

1520 775 1568 812 Et
1596 774 1683 812 ideo
1712 787 1792 812 non
1817 783 1967 824 oportet
1995 776 2102 824 quod
2122 782 2407 812 sacramentum
2436 785 2589 822 semper

1519 827 1699 876 importet
1726 828 1995 865 causalitatem.

1538 920 1542 922 ,
1572 882 1629 917 AD
1649 893 1839 918 SECUNDUM
1866 893 2046 918 mcENDUM
2076 881 2183 929 quod
2205 880 2299 917 ratio
2326 880 2387 917 illa
2414 878 2588 928 procedit

1519 933 1734 970 secundum
1761 934 1868 982 quod
1894 941 2178 970 sacramentum
2197 933 2302 970 idem
2322 941 2377 969 est
2404 932 2511 981 quod
2529 944 2587 969 sa-

1518 998 1623 1022 crum
1642 992 1833 1022 secretum.
1863 986 2011 1023 Dicitur
2034 994 2164 1023 autem
2184 998 2263 1023 non
2292 988 2420 1023 solum
2439 985 2511 1023 Dei
2531 997 2587 1022 se-

1518 1046 1678 1084 cretum,
1695 1039 1761 1075 sed
1782 1038 1896 1076 etiam
1916 1039 2024 1087 regis,
2041 1051 2123 1075 esse
2143 1051 2296 1076 sacrum
2316 1046 2352 1075 et
2372 1050 2587 1075 sacramen-

1517 1099 1601 1127 tum
1621 1095 1644 1127 ⁵.
1676 1091 1779 1137 Quia
1798 1092 2015 1128 secundum
2034 1092 2213 1141 antiquos
2233 1099 2362 1129 sancta
2379 1092 2442 1128 vel
2462 1103 2586 1128 sacro-

1518 1151 1647 1181 sancta
1675 1143 1901 1181 dicebantur
1928 1155 2199 1194 quaecumque
2227 1144 2362 1181 violari
2393 1156 2474 1180 non
2501 1143 2587 1180 lice-

1517 1196 1581 1232 bat
1599 1196 1636 1232 *ε
1665 1196 1760 1233 sicut
1780 1196 1894 1233 etiam
1913 1196 2015 1233 muri
2034 1196 2192 1234 civitatis
2211 1197 2263 1243 *ἢ
2286 1205 2321 1234 et
2340 1209 2528 1246 personae
2548 1197 2588 1233 in

1518 1248 1761 1295 dignitatibus
1787 1249 2023 1286 constitutae.
2053 1251 2101 1286 Et
2129 1250 2216 1286 ideo
2245 1250 2306 1287 illa
2332 1258 2487 1295 secreta,
2508 1249 2588 1286 sive

1518 1300 1649 1337 divina
1663 1301 1743 1337 sive
1758 1302 1943 1346 humana,
1960 1314 2060 1350 quae
2084 1314 2165 1338 non
2185 1302 2269 1339 licet
2283 1302 2418 1339 violari
2433 1302 2589 1351 quibus-

1517 1353 1608 1389 libet
1635 1353 1884 1402 publicando,
1906 1354 2087 1391 dicuntur
2113 1366 2219 1391 sacra
2247 1356 2310 1391 vel
2337 1362 2587 1391 sacramenta.

1572 1407 1630 1442 AD
1666 1418 1825 1444 TERTmM
1860 1418 2041 1444 DICENDUM
2071 1407 2177 1456 quod
2215 1407 2331 1444 etiam
2357 1406 2369 1432 ζ
2396 1407 2589 1444 iuramen-

1517 1466 1602 1496 tum
1622 1459 1738 1496 habet
1766 1460 1964 1508 quandam
1984 1459 2252 1497 habitudinem
2280 1461 2329 1497 ad
2354 1472 2414 1497 res
2441 1472 2587 1497 sacras:

1519 1512 1752 1561 inquantum
1781 1512 1921 1549 scilicet
1940 1521 1995 1550 est
2023 1514 2216 1562 quaedam
2241 1513 2465 1550 contestatio
2492 1513 2590 1550 facta

1519 1577 1589 1614 per
1616 1565 1773 1614 aliquod
1802 1577 1967 1603 sacrum.
2011 1567 2059 1603 Et
2093 1567 2310 1604 secundum
2338 1567 2415 1604 hoc
2452 1566 2590 1604 dicitur

1520 1630 1602 1654 esse
1641 1627 1926 1656 sacramentum
1955 1625 1991 1656 ⁷¹:
2035 1631 2116 1656 non
2153 1620 2291 1657 eadem
2327 1619 2474 1657 ratione
2511 1632 2590 1669 qua

1520 1683 1626 1709 nunc
1653 1671 1851 1721 loquimur
1878 1672 1927 1709 de
1955 1672 2222 1719 sacramentis,
2261 1668 2341 1710 non
2369 1681 2499 1710 tamen
2527 1685 2589 1711 ae-

1520 1724 1687 1774 quivoce
1716 1732 1871 1774 sumpto
1900 1725 2059 1762 nomine
2088 1725 2331 1772 sacramenti,
2364 1726 2431 1763 sed
2459 1727 2588 1763 analo-

1520 1777 1611 1826 gice,
1633 1777 1772 1815 scilicet
1794 1779 2012 1816 secundum
2031 1778 2224 1816 diversam
2252 1778 2520 1816 habitudinem
2540 1779 2590 1816 ad

1521 1830 1664 1880 aliquid
1692 1843 1830 1878 unum,
1852 1832 1959 1881 quod
1987 1839 2043 1868 est
2070 1844 2130 1869 res
2158 1844 2275 1869 sacra.

1572 1945 1599 1980 η)
1619 1954 1674 1973 esse
1698 1950 1906 1972 sacramentum.
1923 1961 1943 1965 -
1961 1953 2017 1972 esse
2038 1947 2220 1972 iuramentum
2245 1950 2444 1972 sacramentum
2468 1948 2497 1979 E,
2517 1948 2592 1973 iura-

1519 1986 1635 2008 mentum
1661 1983 1716 2016 pG,
1741 1983 1921 2008 iuramentum
1945 1985 2144 2008 sacramentum
2170 1983 2202 2013 Η,
2228 1982 2410 2008 iuramentum
2435 1986 2476 2009 est
2498 1990 2590 2009 sacra-

1518 2022 1636 2044 mentum
1656 2018 1674 2048 1,
1692 2018 1872 2043 iuramentum
1897 2025 1952 2043 esse
1969 2021 2168 2044 sacramentum
2187 2017 2225 2043 sG
2244 2023 2269 2043 et
2288 2018 2423 2049 editiones,
2442 2025 2498 2044 esse
2517 2018 2591 2044 iura-

1519 2057 1636 2080 mentum
1655 2053 1742 2080 ceteri.

1072 2168 1409 2203 Commentario.
1431 2170 1686 2204 Cardinalis
1708 2169 1911 2203 Caietani

161 2302 171 2311 ·
186 2300 220 2321 Cf.
241 2299 371 2321 Comment.

160 2327 232 2348 Caiet.
247 2326 270 2347 in
282 2326 366 2354 Prolog

455 2260 511 2280 osr
545 2258 836 2279 cousmnmnouam
871 2254 930 2279 etc.
966 2249 1029 2280 Hic
1066 2250 1178 2290 incipit
1219 2250 1359 2281 secunda
1393 2260 1465 2291 pars

403 2261 636 2334 Pprincipalis
669 2293 764 2324 huius
798 2293 886 2323 Libri
916 2294 949 2329 ὕ,
981 2293 1127 2324 distincta
1158 2295 1192 2325 in
1222 2300 1326 2335 partes
1367 2301 1463 2326 octo:

398 2339 545 2379 primam,
567 2337 607 2368 de
629 2337 832 2367 sacramentis
854 2338 888 2368 in
912 2338 1099 2375 communi;
1125 2344 1156 2369 et
1178 2339 1315 2379 reliquas
1342 2345 1465 2380 septem

399 2382 577 2413 secundum
601 2382 724 2421 singula
747 2386 870 2421 septem
900 2387 1105 2412 sacramenta.
1140 2382 1245 2413 Prima
1268 2384 1364 2423 igitur
1386 2385 1465 2414 haec

398 2436 480 2467 pars,
505 2426 621 2457 durans
653 2435 756 2465 usque
787 2425 826 2456 ad
850 2426 1072 2466 quaestionem
1105 2428 1465 2467 sexagesimamsextam‚

398 2472 529 2501 inchoat
544 2481 562 2500 a
577 2470 765 2500 sacramenti
787 2479 914 2510 genere,
930 2471 963 2501 in
980 2471 1085 2510 primo
1101 2471 1235 2502 articulo
1255 2473 1351 2503 huius
1368 2482 1466 2512 quae-

398 2516 509 2546 stionis
532 2515 754 2555 sexagesimae,
778 2520 814 2544 ut
830 2514 912 2545 clare
935 2515 1046 2545 titulus
1069 2521 1235 2546 monstrat.
1256 2516 1301 2547 Ita
1320 2516 1410 2557 quod
1432 2518 1466 2548 in

398 2559 492 2590 titulo
510 2560 605 2589 huius
629 2559 752 2589 articuli
766 2559 961 2589 sacramenti
983 2569 1105 2590 nomen
1128 2561 1264 2591 sumitur
1287 2561 1466 2592 secundum

399 2613 470 2634 eam
492 2602 758 2643 significationem
781 2612 845 2643 qua
868 2603 1067 2642 praedicatur
1090 2603 1130 2634 de
1153 2610 1276 2645 septem
1305 2604 1466 2636 Ecclesiae

398 2648 611 2678 sacramentis.
646 2647 687 2677 Et
710 2652 757 2677 est
780 2648 914 2678 intentio
938 2647 1120 2687 inquirendi
1144 2658 1203 2685 an,
1227 2649 1406 2680 secundum
1429 2650 1467 2680 il-

398 2693 462 2722 lam
486 2691 760 2731 significationem,
785 2692 824 2721 sit
847 2692 880 2721 in
903 2701 1019 2731 genere
1043 2693 1144 2732 signi:
1176 2694 1322 2733 quamvis
1346 2694 1466 2734 absque

399 2736 560 2766 additione
584 2736 689 2775 aliqua
713 2736 857 2775 quaestio
881 2742 1099 2775 proponatur,
1125 2742 1156 2767 et
1182 2743 1351 2778 propterea
1375 2748 1466 2778 argu-

399 2786 507 2811 menta
530 2780 675 2810 absolute
699 2779 737 2809 de
761 2785 959 2810 sacramento
983 2786 1125 2820 arguant.

455 2824 491 2854 11.
516 2824 551 2854 In
568 2834 703 2864 corpore
727 2824 849 2854 articuli
865 2834 929 2854 una
946 2829 993 2854 est
1008 2825 1195 2856 conclusio:
1221 2826 1466 2857 Sacramentum

399 2869 438 2899 de
460 2878 523 2909 quo
548 2873 595 2898 est
615 2878 738 2903 sermo,
763 2873 810 2898 est
832 2868 864 2898 in
892 2878 1013 2909 genere
1038 2869 1135 2910 signi.
1171 2870 1335 2901 Probatur.
1371 2871 1467 2902 Nunc

1518 2252 1684 2291 loquimur
1704 2250 1744 2282 de
1760 2251 1964 2281 sacramentis
1987 2249 2166 2282 secundum
2189 2250 2280 2292 quod
2302 2251 2478 2291 important
2499 2252 2588 2284 habi-

1519 2296 1666 2327 tudinem
1688 2295 1780 2336 signi.
1805 2295 1902 2335 Ergo.

2615 1205 2625 1214 ·
2640 1203 2676 1225 cf.
2685 1203 2739 1235 pig.
2752 1203 2771 1230 1,
2778 1209 2830 1230 vm.

2615 1229 2645 1277 ἕῗ
2658 1229 2750 1284 ⁰¹2¹1iz„
2768 1263 2786 1279 ..

2616 1284 2637 1294 ··
2651 1282 2660 1304 1
2679 1283 2719 1310 id„
2736 1290 2755 1311 ι,
2771 1283 2793 1306 8.

2712 1407 2729 1437 t

1574 2340 1778 2371 Antecedens
1801 2338 2020 2370 manifestatur
2043 2348 2081 2370 ex
2104 2339 2168 2370 hoc
2192 2339 2282 2380 quod
2309 2340 2506 2371 sacramenti
2527 2350 2588 2371 no·
2631 2345 2636 2349 '

1519 2394 1596 2415 men
1620 2390 1667 2415 est
1696 2384 1874 2424 multiplex,
1899 2388 1930 2414 et
1953 2382 2068 2414 dicitur
2099 2389 2165 2414 tam
2195 2384 2326 2421 habens,
2350 2393 2449 2425 quam
2482 2393 2587 2421 causa,

1521 2438 1619 2469 quam
1649 2429 1777 2469 signum
1790 2452 1797 2465 ‚
1823 2433 1855 2459 et
1876 2433 2024 2468 respectu
2054 2428 2226 2458 sanctitatis
2256 2428 2413 2459 occultae.
2449 2428 2491 2459 Et
2519 2438 2588 2459 rur-

1520 2483 1573 2504 sus
1597 2474 1662 2504 hoc
1693 2472 1912 2503 manifestatur
1939 2481 1978 2502 ex
2002 2473 2169 2503 communi
2202 2473 2332 2513 regula:
2369 2473 2445 2513 quia
2478 2474 2589 2503 omnia

1520 2518 1669 2548 habentia
1698 2517 1844 2548 ordinem
1868 2516 1907 2547 ad
1930 2526 2044 2553 unum,
2068 2522 2205 2557 possunt
2231 2517 2445 2548 diversimode
2468 2517 2508 2548 ab
2531 2517 2587 2549 ino

1520 2562 1689 2598 nominari,
1714 2567 1750 2592 ut
1773 2566 1860 2602 patet
1882 2561 1916 2591 in
1938 2562 2078 2592 sanitate
2100 2566 2132 2591 et
2153 2561 2253 2592 sanis.

1576 2606 1665 2636 Haec
1689 2606 1762 2636 satis
1783 2606 1866 2636 clara
1881 2610 1955 2636 sunt
1971 2615 2009 2636 ex
2025 2605 2253 2636 communibus
2275 2606 2392 2646 regulis
2415 2606 2588 2638 nominum

1521 2650 1748 2690 multiplicium
1781 2649 1821 2680 ad
1853 2658 1966 2685 unum,
1990 2650 2041 2681 vel
2073 2650 2107 2680 in
2140 2659 2218 2686 uno,
2242 2650 2294 2680 vel
2326 2651 2365 2680 ab
2384 2655 2474 2687 uno,
2505 2659 2588 2690 quae

1522 2695 1651 2725 abusive
1674 2700 1830 2724 vocantur
1862 2695 2005 2734 analoga.
2041 2693 2134 2725 Unde
2168 2694 2263 2724 etiam
2286 2694 2420 2731 Auctor,
2443 2695 2478 2724 in
2501 2694 2588 2725 calce

1521 2739 1738 2778 responsionis
1758 2738 1798 2769 ad
1813 2739 1952 2775 tertium,
1976 2739 2059 2769 hanc
2082 2738 2272 2769 abusionem
2295 2738 2494 2778 corrigendo,
2512 2747 2587 2769 cum

1521 2783 1658 2819 dixisset,
1688 2783 1745 2813 sed
1777 2783 1960 2824 analogice,
1993 2783 2098 2813 statim
2130 2782 2300 2813 declaravit
2331 2782 2410 2823 quid
2440 2781 2586 2818 intendit,

1520 2827 1680 2858 subdens:
1722 2827 1844 2858 scilicet
1879 2827 2054 2858 secundum
2092 2826 2252 2858 diuersam
2289 2826 2507 2857 habitudinem
2544 2826 2588 2856 ad

1522 2882 1632 2908 unum,
1657 2877 1717 2902 etc.

1164 3016 1482 3060 ARTICULUS
1511 3016 1812 3060 SECUNDUS

877 3108 1034 3139 UTRUM
1052 3109 1184 3161 μΟΜΝΕ
1207 3109 1374 3141 stoNuM
1396 3110 1467 3140 REI
1491 3109 1662 3141 SACRAE
1685 3110 1752 3141 str
1776 3108 2110 3141 SACRAMENTUM

1207 3188 1240 3212 IV
1260 3188 1342 3217 Sene„
1363 3187 1421 3213 dist.
1440 3195 1458 3218 1,
1477 3195 1521 3220 qu.
1540 3195 1557 3219 1,
1578 3192 1625 3213 art.
1645 3194 1668 3218 1,
1687 3188 1736 3221 qu·
1758 3194 1782 3213 1.

491 3284 497 3297 ν
524 3293 566 3317 ‚124
614 3277 637 3302 D
657 3276 846 3302 SECUNDUM
860 3277 911 3302 sm
927 3277 1162 3303 Paocnnrrua.
1183 3266 1345 3303 Videtur
1359 3266 1466 3316 quod

473 3316 480 3324 ⁴
571 3360 587 3374 fl
615 3329 695 3354 non
724 3330 841 3355 omne
858 3317 1013 3367 signum
1042 3318 1095 3355 rei
1115 3331 1242 3356 sacrae
1271 3318 1317 3356 sit
1345 3331 1466 3356 sacra-

455 3373 537 3415 jv»
560 3376 586 3420 ‘ff
616 3378 802 3407 mentum.
833 3371 982 3408 Omnes
1002 3370 1106 3408 enim
1128 3379 1321 3409 creaturae
1351 3371 1466 3409 sensi-

462 3399 559 3458 (323)
575 3416 709 3460 &biles
725 3431 812 3460 sunt
827 3423 932 3471 signa
947 3436 1076 3460 rerum
1096 3437 1310 3461 sacrarum:
1333 3437 1467 3462 secun-

405 3475 500 3512 dum
520 3475 611 3512 illud
628 3478 739 3513 Rom.
756 3489 766 3513 1
783 3476 821 3513 *z
842 3477 1046 3514 Invisibilia
1065 3478 1138 3514 Dei
1148 3490 1221 3527 per
1239 3490 1283 3515 ea
1299 3490 1394 3527 quae
1400 3479 1467 3526 fa-

166 3481 176 3490 ·
191 3479 256 3501 Vers.
272 3484 305 3500 20.

1518 3273 1576 3304 cta
1589 3274 1673 3304 sunt
1691 3269 1872 3306 intellecta
1889 3269 2176 3318 conspiciuntur.
2195 3269 2280 3305 Nec
2297 3276 2428 3306 tamen
2448 3281 2585 3307 omnes

1520 3331 1580 3357 res
1599 3320 1795 3358 sensibiles
1813 3328 1976 3370 possunt
2003 3320 2077 3358 dici
2105 3329 2352 3360 sacramenta.
2382 3323 2475 3360 Non
2495 3335 2584 3372 ergo

1522 3385 1638 3410 omne
1668 3373 1820 3422 signum
1848 3373 1902 3410 rei
1930 3385 2059 3411 sacrae
2088 3382 2143 3411 est
2171 3382 2466 3412 sacramentum.

1577 3438 1611 3462 2.
1641 3427 1873 3473 PRAETEREA,
1905 3426 2038 3463 omnia
2070 3439 2169 3476 quae
2198 3427 2237 3464 in
2265 3428 2383 3465 veteri
2411 3430 2492 3477 lege
2519 3429 2584 3466 fie-

1522 3478 1626 3527 bant,
1649 3478 1845 3516 Christum
1873 3479 2100 3528 figurabant,
2121 3479 2188 3529 qui
2223 3488 2279 3517 est
2307 3483 2462 3519 Sanctus
2490 3484 2584 3520 San-
