2918 4088
203 770 213 782 ·
232 768 276 799 Cf..
296 774 360 790 num.
382 774 414 796 ιι,

203 801 302 823 princip.

203 1030 328 1056 ‘Atilia-b„
336 1036 385 1057 cap.
393 1036 414 1056 v,

203 1062 263 1079 vers.
280 1063 314 1082 ¹4.

203 1084 214 1094 ·
229 1082 264 1104 Cf.
280 1089 343 1104 num.
359 1088 374 1104 ι.

203 1123 214 1133 '
238 1122 361 1153 Num311,
385 1121 417 1142 Et

203 1154 259 1176 quia
271 1154 381 1176 pnmam.

203 1342 214 1352 '
222 1341 256 1363 Cf.
266 1347 328 1362 num.
338 1347 413 1369 praec.

206 1962 216 1972 '
232 1960 266 1982 cf.
283 1966 346 1982 num.
361 1966 376 1981 ι.

206 2185 216 2196 ·
232 2183 266 2205 Cf.
288 2183 345 2211 Sap.
366 2188 416 2210 cap.

204 2216 255 2237 vm,
270 2216 329 2232 vers.
345 2216 364 2231 ι.

207 2362 217 2370 “
241 2359 264 2380 1⁸
289 2359 349 2385 11³⁶,
378 2364 417 2406 rhu.

207 2392 272 2412 exin,
283 2389 325 2406 art.
335 2391 355 2414 3,
366 2396 375 2401 —
402 2384 418 2406 f.

207 2419 247 2440 qu.
266 2418 322 2438 exn,
341 2415 383 2433 art.
398 2417 418 2433 2.

208 2581 219 2592 ·
238 2580 294 2602 Luc.
315 2586 365 2607 cap.
379 2585 421 2606 vu,

209 2613 268 2628 vers.
283 2613 320 2634 47.

209 2635 220 2645 '
234 2633 302 2660 Ibid.,
317 2638 377 2654 vers.
384 2638 420 2660 50-

210 2713 220 2724 ·
230 2711 287 2734 Luc.
298 2717 348 2739 cap.
356 2716 421 2738 xxm,

210 2744 270 2760 vers.
284 2744 319 2765 4²·

452 209 526 234 220

502 279 635 321 Et'haec
652 279 808 318 expositio
826 278 1046 318 amplectenda
1065 278 1199 309 videtur.
1224 279 1389 317 Quoniam
1406 276 1513 318 quoad

444 332 522 357 rem,
536 323 645 352 omnia
661 328 848 353 consonant.
862 322 979 361 Quoad
997 324 1231 363 expositionem
1243 332 1318 353 vero
1331 323 1511 357 nominum,

443 367 531 396 nulla
553 366 589 396 fit
612 368 765 403 extorsi03
791 367 847 398 sed
870 367 1041 407 applicatio
1067 368 1300 398 communioris
1323 367 1450 396 termini
1474 365 1513 396 ad

442 411 617 451 principale
641 412 855 451 suppositum.
875 430 898 434 —
921 412 961 442 Et
984 411 1164 442 secundum
1187 412 1260 447 hoc,
1285 416 1412 450 tempus
1436 419 1513 450 aug-

443 455 543 485 menti
567 455 719 486 coincidit
742 465 818 486 cum
841 461 987 495 tempore
1011 455 1215 495 sumptionis.

498 498 551 529 VI.
576 499 688 530 Posset
711 505 742 530 et
765 505 879 539 quarto
903 499 1004 530 modo
1029 499 1110 529 forte
1134 499 1253 539 exponi
1277 499 1368 530 locus
1391 499 1450 529 iste
1473 497 1513 528 de

443 548 617 583 augmento
640 544 793 574 habituali
816 544 1002 574 extensive:
1024 544 1067 573 ita
1083 542 1173 583 quod
1191 549 1426 573 sacramentum
1449 543 1513 572 hoc

443 588 482 617 sit
506 588 704 618 extensivum
730 589 846 627 gratiae
870 587 910 618 ad
933 593 1022 618 actus
1055 587 1285 618 confortativos
1308 588 1449 627 spin‘tus;
1482 591 1513 616 et

442 632 506 662 hoc
538 632 645 671 ipsum
668 632 707 662 sit
730 633 828 671 gratia
856 632 1107 667 sacramentalis,
1132 640 1230 671 quam
1261 632 1294 661 in
1321 632 1427 661 anima
1456 639 1513 670 per

442 675 578 706 modum
601 677 727 706 habitus
750 681 984 706 sacramentum
1007 676 1070 706 hoc
1095 674 1210 705 efficiat
1233 676 1328 706 etiam
1348 676 1381 705 in
1405 679 1512 705 mente

442 719 596 751 distractis
620 729 658 750 ex
680 725 815 760 peccato
839 720 965 750 veniali.

496 764 564 794 VII.
589 764 638 795 De
654 769 800 804 ternpore
816 769 924 794 autem
940 764 1079 794 actualis
1101 763 1232 805 gratiae
1248 764 1264 780 '⁶
1288 772 1370 803 quae
1387 762 1512 793 homini

442 807 605 838 confertur
628 809 661 838 in
684 809 748 838 hoc
779 813 996 844 sacramento,
1021 807 1109 838 nulla
1136 808 1325 847 ambiguitas
1356 812 1402 837 est
1433 807 1512 846 quin

442 853 481 882 sit
504 858 631 892 tempus
662 852 854 892 sumptionis
884 852 1082 882 sacramenti.
1118 852 1213 882 Tunc
1244 852 1330 882 enim
1362 860 1511 891 praesens

443 896 586 927 Christus
607 897 720 927 excitat
743 901 885 926 mentem
901 896 1087 936 dispositam
1103 895 1143 926 ad
1158 896 1207 926 sui
1223 895 1398 926 ferventem
1422 904 1511 925 amo-
1532 916 1535 918 -

442 950 525 976 rem,
551 945 646 980 atque
671 939 710 970 ad
733 939 932 970 sentiendam
967 939 1171 970 dulcedinem
1199 949 1275 970 suae
1305 939 1510 979 praesentiae.

442 984 505 1015 Sed
522 985 746 1025 perfectorum
762 989 809 1014 est
823 984 947 1014 solidus
970 984 1022 1014 hic
1037 983 1134 1019 cibus,
1152 993 1264 1014 eorum
1281 983 1336 1024 qui
1345 993 1411 1023 pro
1435 992 1511 1013 con-

441 1028 619 1064 suetudine,
645 1033 705 1058 etc.
721 1029 738 1045 ἥ

496 1072 578 1102 VIII.
595 1072 740 1111 Tempus
756 1076 864 1101 autem
876 1071 1075 1101 remissionis
1085 1072 1213 1111 peccati
1228 1071 1377 1101 mortalis
1389 1071 1406 1087 ⁴⁹
1422 1071 1512 1100 coin-

442 1115 518 1146 cidit
535 1125 609 1146 cum
625 1121 771 1155 tempore
795 1115 998 1154 sumptionis,
1016 1120 1052 1145 ut
1067 1120 1176 1154 patere
1199 1120 1306 1155 potest
1329 1124 1367 1144 ex
1386 1123 1481 1153 supra
1495 1115 1512 1130 ⁴*

441 1159 547 1190 dictis:
574 1160 729 1199 quoniam
753 1158 905 1189 coincidit
928 1168 1004 1189 cum
1027 1164 1174 1198 tempore
1197 1158 1367 1188 infusionis
1390 1158 1511 1198 primae

440 1205 568 1244 gratiae.

495 1248 640 1288 Tempus
665 1256 798 1287 quoque
823 1246 1021 1277 remissionis
1044 1247 1220 1277 venialium
1242 1246 1329 1276 idem
1353 1251 1399 1276 est
1423 1244 1512 1285 quod

440 1297 567 1332 tempus
584 1292 792 1331 sumptionis:
811 1292 967 1331 quoniam
983 1290 1136 1321 coincidit
1151 1300 1228 1321 cum
1242 1296 1389 1330 tempore
1405 1295 1512 1320 actua—

440 1336 478 1367 lis
501 1335 634 1366 fervoris
658 1335 792 1366 caritatis
809 1336 835 1365 ἦ

496 1381 537 1410 Et
566 1380 709 1410 similiter
739 1385 860 1419 tempus
891 1379 1089 1410 remissionis
1106 1387 1256 1419 poenae:
1284 1379 1310 1409 si
1338 1384 1446 1409 tamen
1474 1387 1512 1408 ex

441 1425 557 1455 actuali
581 1424 753 1454 devotione
776 1424 883 1464 aliqua
904 1424 1084 1454 remittitur.
1115 1423 1225 1454 Poena
1248 1424 1345 1459 enim,
1370 1423 1445 1463 quia
1463 1432 1512 1452 re-

441 1469 576 1499 mittitur
599 1478 637 1499 ex
660 1469 723 1498 hoc
747 1473 946 1498 sacramento
973 1477 1042 1498 non
1065 1472 1101 1498 ut
1124 1472 1373 1503 sacramentum,
1398 1466 1454 1497 sed
1477 1472 1513 1497 ut

441 1512 632 1544 sacrificium
656 1517 712 1548 est,
736 1517 883 1552 ternpore
909 1513 1008 1552 ipsius
1037 1511 1183 1543 sacrificii
1210 1512 1396 1542 remittitur:
1429 1520 1512 1551 quo-

441 1558 528 1588 niam
551 1563 629 1588 tunc
652 1557 723 1587 Deo
747 1555 867 1587 satisfit.

496 1601 721 1632 Praeservatio
739 1600 872 1631 demum
887 1611 906 1631 a
920 1599 1086 1641 peccando
1110 1599 1242 1631 effectus
1261 1605 1308 1630 est
1323 1599 1512 1630 sacramenti

442 1656 460 1676 a
483 1651 629 1686 tempore
653 1645 845 1685 sumptionis
868 1645 1040 1675 inchoans:
1072 1649 1104 1675 et
1127 1645 1214 1675 iuxta
1236 1644 1434 1675 sumentium
1456 1653 1512 1674 co-

443 1691 681 1730 operationem,
706 1689 778 1730 plus
800 1690 851 1720 vel
874 1690 981 1719 minus
1005 1688 1106 1720 durat.
1141 1689 1231 1719 Sicut
1254 1689 1349 1719 etiam
1372 1697 1512 1728 praeser-

442 1735 527 1765 vatio
553 1744 635 1774 quae
658 1733 694 1764 fit
717 1743 774 1773 per
797 1734 1030 1764 nutrimentum
1053 1733 1221 1773 corporale
1237 1742 1340 1763 unum
1361 1738 1393 1763 et
1414 1731 1511 1768 idem,

442 1779 476 1809 in
499 1778 640 1809 diversae
664 1777 881 1818 dispositionis
897 1778 1083 1808 hominibus
1107 1776 1319 1808 diversimode
1342 1777 1511 1812 invenitur,

442 1833 510 1853 uno
534 1823 634 1863 magis
658 1827 804 1852 sumente
828 1821 902 1852 inde
918 1823 999 1853 vires
1023 1831 1122 1862 quam
1144 1822 1218 1858 alio,
1236 1827 1296 1852 etc.
1319 1839 1342 1843 —
1364 1821 1454 1851 Haec
1473 1819 1513 1851 de

443 1873 599 1907 tempore.

499 1911 551 1941 IX.
587 1911 738 1951 Superest
769 1916 805 1941 ut
839 1909 878 1940 de
912 1909 1012 1941 modo
1048 1909 1227 1941 eorundem
1261 1908 1436 1940 effectuum
1465 1908 1512 1939 di-

444 1961 532 1986 catur
557 1956 584 1985 ³⁶.
620 1954 738 1985 Modus
769 1964 836 1995 quo
865 1954 996 1985 effectus
1024 1955 1075 1985 isti
1102 1955 1135 1985 in
1166 1955 1272 1984 anima
1301 1954 1341 1983 ab
1371 1953 1435 1983 hoc
1465 1962 1514 1983 sa-

444 2005 607 2030 cramento
631 1998 729 2035 fiunt,
755 2005 801 2029 est
824 1998 913 2039 quod
943 2008 1057 2030 omnes
1080 1998 1196 2038 reliqui
1218 1997 1378 2028 mediante
1407 1997 1513 2038 primo

443 2043 535 2074 fiunt.
566 2044 690 2074 Primus
715 2049 822 2074 autern
846 2042 977 2073 effectus
1002 2049 1049 2074 est
1071 2042 1202 2073 actualis
1226 2042 1407 2072 exercitatio
1436 2041 1514 2072 cari-

443 2089 532 2118 tatis:
558 2093 589 2118 et
611 2087 772 2118 mediante
795 2088 868 2123 hoc,
892 2087 1008 2127 reliqui
1032 2087 1163 2118 effectus
1185 2086 1389 2126 proveniunt.
1414 2084 1514 2123 Quod

443 2132 607 2172 tripliciter
634 2137 774 2172 apparet.
806 2132 931 2168 Primo,
957 2141 995 2162 ex
1019 2131 1258 2162 communibus.
1293 2130 1379 2168 Quia
1409 2130 1514 2160 suavis

444 2177 611 2216 dispositio
628 2177 644 2193 ⁴*
667 2176 829 2207 rationalis
862 2181 1023 2206 creaturae
1056 2176 1153 2206 habet
1182 2180 1219 2206 ut
1247 2174 1442 2205 rationaliter
1465 2174 1514 2204 iu-

444 2220 597 2251 stificetur
631 2226 662 2251 et
693 2219 884 2260 perficiatur.
919 2219 1128 2250 Rationaliter
1162 2225 1270 2250 autem
1303 2217 1415 2259 perfici
1449 2223 1513 2254 est,

444 2275 513 2296 non
535 2275 593 2305 per
615 2264 752 2296 modum
784 2263 986 2300 dormientis,
1011 2263 1067 2294 sed
1097 2273 1154 2304 per
1186 2263 1323 2294 modum
1345 2262 1514 2303 vigilantis,

444 2311 508 2340 hoc
532 2315 597 2346 est,
621 2310 744 2340 ratione
772 2309 935 2339 actualiter
964 2309 1100 2344 utentis,
1123 2308 1240 2339 mutari
1264 2313 1295 2338 et
1317 2306 1447 2348 perfici:
1478 2311 1515 2337 ut

444 2360 531 2395 patet
554 2364 592 2385 ex
615 2353 759 2384 doctrina
781 2353 815 2383 in
838 2352 981 2384 secundo
1005 2353 1103 2383 Libro
1125 2353 1142 2369 ⁴*
1165 2352 1271 2382 habita
1294 2350 1333 2382 de
1364 2349 1515 2382 iustifica-

445 2400 534 2430 tione
549 2398 655 2439 impii,
676 2403 707 2428 et
722 2397 947 2428 iustificatione
964 2396 1181 2437 Magdalenae,
1196 2396 1344 2427 Latronis
1359 2401 1392 2426 et
1413 2395 1513 2426 Pauli.

446 2443 579 2483 Semper
611 2443 697 2473 enirn
721 2441 806 2472 dona
829 2451 887 2471 sua
910 2441 1068 2477 Salvator,
1092 2440 1376 2472 intervenientibus
1403 2449 1516 2479 opera-

445 2488 587 2518 tionibus
611 2486 881 2525 consequentium
895 2485 959 2521 illa,
975 2485 1104 2525 largitus
1120 2490 1177 2515 est.
1200 2485 1242 2515 Et
1265 2484 1305 2515 de
1328 2483 1516 2524 Magdalena

447 2531 580 2572 quidem
603 2530 747 2571 operatio
771 2529 847 2560 fidei
870 2535 902 2560 et
925 2530 1061 2560 caritatis
1085 2534 1226 2570 apparet,
1250 2528 1375 2559 dicente
1402 2528 1516 2558 Domi-

446 2585 491 2607 no
507 2576 523 2592 ⁸*
536 2586 542 2606 :
567 2575 710 2605 Dimissa
725 2579 802 2604 sunt
816 2574 846 2604 ei
855 2578 992 2614 peccata
1008 2574 1110 2604 multa
1134 2573 1288 2614 quoniam
1304 2572 1420 2603 dilexit
1434 2572 1515 2603 mul-

447 2625 524 2655 tum,
545 2625 576 2650 et
598 2619 714 2649 iterum
729 2619 762 2648 *2
786 2617 881 2648 Fides
897 2623 953 2648 tua
969 2622 999 2648 te
1014 2618 1138 2648 salvam
1152 2617 1247 2659 fecit.
1272 2617 1419 2647 Latronis
1440 2615 1516 2647 fidei

447 2665 581 2704 speique
605 2668 713 2694 actum
735 2661 897 2692 videmus:
923 2663 1085 2692 Memento
1110 2662 1181 2697 mei,
1198 2661 1347 2697 Domine,
1364 2660 1440 2691 dum
1465 2670 1515 2691 ve-

448 2708 535 2739 neris
551 2709 583 2738 in
601 2717 738 2749 regnum
754 2711 844 2737 tuum
859 2707 885 2736 *.
903 2706 1039 2737 Paulum
1055 2705 1140 2742 fidei,
1155 2705 1354 2736 obedientiae
1371 2704 1516 2735 devotio-

448 2754 563 2793 nisque
578 2753 674 2782 verba
693 2750 910 2791 proferentem
926 2750 1121 2781 audivimus:
1146 2750 1295 2786 Domine,
1312 2749 1389 2790 quid
1405 2759 1454 2780 me
1470 2749 1518 2780 vis

210 2801 221 2811 ·
241 2799 291 2821 Act·
316 2805 366 2827 σει)-
388 2805 422 2826 ΙΧ,
439 2796 586 2839 facere?
600 2797 617 2813 ὓ
640 2796 688 2826 Ex
705 2795 821 2835 quibus
845 2795 996 2825 omnibus
1011 2800 1098 2834 patet
1117 2793 1207 2835 quod
1229 2803 1296 2824 non
1313 2793 1420 2824 solum
1437 2793 1517 2824 dum

210 2832 269 2848 vers.
284 2826 306 2848 6.

448 2841 647 2881 regulariter,
672 2839 728 2870 sed
751 2839 846 2869 etiam
876 2839 955 2870 dum
987 2839 1178 2870 miraculose
1205 2843 1436 2869 convertuntur
1458 2838 1517 2868 ho-

448 2886 551 2917 mines
579 2885 619 2916 ad
641 2885 763 2920 Deum,
789 2883 919 2914 actualis
943 2883 1087 2924 operatio
1118 2883 1276 2914 interioris
1305 2882 1446 2913 hominis
1468 2882 1517 2912 in-

449 2930 593 2961 tervenit.

505 2972 673 3009 Secundo,
704 2977 835 3012 apparet
860 2971 947 3002 idem
970 2981 1008 3002 ex
1031 2972 1167 3012 propriis
1194 2971 1289 3002 huius
1318 2970 1516 3001 sacramenti.

450 3018 535 3057 Quia
558 3021 791 3048 sacramentum
818 3017 882 3047 hoc
905 3015 1044 3046 vivificat
1073 3016 1213 3046 animam
1235 3020 1272 3046 ut
1295 3015 1398 3046 cibus:
1427 3015 1517 3046 cibus

450 3068 568 3098 autem,
592 3067 628 3092 ut
651 3062 706 3097 sic,
729 3070 798 3091 non
820 3060 959 3091 vivificat
981 3061 1042 3091 nisi
1065 3060 1226 3103 viventem
1253 3059 1439 3100 operatione
1462 3059 1518 3090 ali-

451 3116 516 3147 qua
538 3105 626 3136 vitali
647 3106 720 3135 cibo
743 3110 899 3135 utentem.
923 3104 957 3136 Si
973 3105 1060 3135 enim
1084 3105 1168 3134 circa
1190 3104 1298 3134 cibum
1317 3103 1519 3144 corporalem

451 3150 573 3180 nullam
595 3150 726 3179 haberet
748 3149 865 3179 animal
889 3149 1110 3188 operationem
1133 3148 1262 3179 vitalem
1285 3149 1381 3184 intus,
1397 3147 1518 3178 inutilis

453 3199 535 3224 esset
567 3193 657 3223 cibus
680 3193 735 3223 tali
757 3193 894 3223 animali.
927 3193 1030 3223 Immo
1060 3202 1128 3223 non
1160 3198 1241 3223 esset
1270 3192 1360 3222 cibus
1386 3192 1447 3222 nisi
1470 3201 1519 3222 re-

453 3243 552 3272 mote,
569 3246 626 3267 seu
641 3237 675 3267 in
690 3237 852 3276 potentia:
877 3237 1033 3276 quoniam
1049 3237 1138 3267 cibus
1154 3237 1285 3267 materia
1308 3241 1340 3266 et
1355 3236 1519 3267 obiectum

454 3281 679 3321 operationum
702 3281 865 3320 potentiae
887 3281 1082 3320 vegetativae
1106 3285 1162 3311 est.

509 3324 639 3360 Tertio,
663 3329 793 3364 apparet
814 3324 878 3354 hoc
901 3323 987 3354 idem
1017 3323 1224 3355 discurrendo
1252 3323 1433 3364 singillatim
1462 3332 1519 3363 pet

454 3369 542 3409 ipsos
558 3367 698 3398 effectus.
723 3368 919 3398 Eucharistia
934 3367 1093 3407 siquidem
1109 3367 1375 3398 sacramentaliter
1392 3372 1520 3407 sumpta

456 3413 494 3443 ab
517 3412 659 3448 homine,
677 3411 839 3442 Christum
862 3411 1020 3451 corporali
1043 3412 1220 3451 praesentia
1234 3412 1319 3442 intus
1339 3412 1373 3441 in
1387 3411 1519 3442 homine

455 3466 591 3497 ponens,
611 3465 650 3486 ex
672 3460 760 3496 parte
783 3454 915 3495 quidem
938 3455 997 3490 sui,
1013 3464 1072 3494 pro
1092 3455 1197 3495 primo
1221 3460 1373 3486 contactu
1395 3455 1520 3485 animae

456 3501 551 3531 habet
564 3500 786 3530 excitationem
802 3499 946 3535 caritatis,
960 3508 996 3529 ac
1008 3499 1165 3529 actualem
1181 3499 1336 3529 unionem
1348 3507 1406 3529 seu
1420 3503 1520 3529 trans-

456 3543 682 3575 formationem
699 3544 822 3574 animae
838 3543 971 3574 amantis
983 3543 1016 3573 in
1029 3542 1192 3574 Christum
1207 3547 1359 3574 amatum.
1372 3542 1420 3573 Ex
1431 3547 1519 3582 parte

1128 199 1391 246 QUAESTIO
1421 197 1603 243 LXXIX,
1628 197 1920 235 ARTICULUS
1949 198 1963 234 1

1568 286 1643 306 vero
1668 277 1803 312 animae,
1820 277 1941 316 primus
1965 281 2130 307 contactus
2147 282 2194 307 est
2209 277 2277 317 ipsa
2298 276 2504 308 manducatio
2528 281 2634 307 actua-

1568 321 1615 356 lis,
1633 329 1716 360 quae
1732 325 1778 351 est
1794 325 1882 351 actus
1901 321 2036 351 caritatis
2051 321 2082 351 *:
2101 325 2132 351 et
2147 330 2296 360 magnam
2314 320 2514 352 latitudinem
2529 321 2634 357 habet,

1567 366 1654 395 iuxta
1677 364 1877 395 latitudinem
1901 369 2031 395 actuum
2055 365 2189 395 caritatis
2213 370 2244 395 et
2266 365 2424 404 graduum
2446 365 2587 401 illorum,
2604 370 2636 395 et

1568 409 1708 439 extendit
1731 419 1764 439 se
1788 418 1891 448 usque
1916 407 1955 438 ad
1978 413 2086 439 actum
2108 408 2199 439 liberi
2218 409 2345 444 arbitrii,
2359 410 2415 449 qui
2430 409 2559 440 tandem
2583 418 2634 440 ca-

1567 454 1656 483 ritate
1680 452 1857 493 perficitur,
1881 453 1924 483 ita
1947 458 1983 483 ut
2004 462 2079 483 vera
2111 453 2260 483 contritio
2291 453 2339 483 sit.
2370 452 2531 484 Mediante
2558 462 2634 493 ergo

1568 497 1683 528 actuali
1712 497 1960 527 manducatione
1992 496 2161 536 spirituali,
2185 496 2316 527 effectus
2346 497 2461 537 reliqui
2490 496 2572 528 fiunt
2595 497 2634 527 ab

1567 541 1630 571 hoc
1646 547 1856 572 sacramento.
1872 559 1895 563 —
1911 541 1952 571 Et
1967 539 2007 571 de
2022 541 2086 570 vita
2102 540 2234 580 quidem
2250 546 2377 571 aeterna
2391 541 2487 571 verba
2501 541 2635 571 Domini

1567 591 1731 621 testantur,
1756 585 1889 616 dicentis
1905 586 1940 615 *t
1968 584 2033 621 Qui
2050 584 2225 615 manducat
2246 585 2332 615 hunc
2349 594 2479 625 panem,
2495 585 2579 615 vivet
2601 585 2634 615 in

1567 635 1744 660 aeternum.
1767 647 1791 652 -
1813 630 1862 660 De
1885 630 1987 669 prima
2009 638 2086 659 vero
2117 629 2216 668 gratia
2242 634 2273 659 et
2295 629 2482 659 remissione
2511 629 2635 668 peccati

1566 675 1720 710 mortalis,
1745 683 1827 714 quae
1850 679 1958 704 tamen
1982 683 2039 713 per
2062 672 2209 703 accidens
2233 671 2268 703 fit
2291 673 2330 703 ab
2346 673 2410 703 hoc
2425 677 2634 708 sacramento,

1568 728 1606 748 ex
1629 727 1669 748 eo
1692 723 1779 758 patet
1802 717 1902 758 quod,
1926 718 1987 748 nisi
2009 717 2191 747 inchoative
2208 717 2326 747 'saltem
2349 716 2557 748 manducaret
2583 725 2634 747 ca-

1567 772 1639 792 rens
1654 763 1762 802 gratia,
1778 762 1865 793 illam
1888 771 1955 792 non
1972 766 2242 801 consequeretur:
2267 761 2357 791 cibus
2374 761 2461 791 enim
2483 770 2552 791 non
2574 760 2636 791 nisi

1567 805 1778 837 manducatus
1801 805 1949 837 vivificat.
1974 805 2068 836 Unde
2091 810 2123 835 et
2145 805 2284 841 Auctor,
2308 805 2342 836 in
2365 805 2467 835 littera
2489 805 2572 835 tertii
2587 813 2635 834 ar-

1567 850 1657 881 ticuli
1672 851 1699 886 *‚
1717 850 1756 881 de
1778 850 1842 881 hoc
1864 850 2013 890 loquens,
2029 850 2150 889 inquit:
2174 849 2298 880 Devote
2321 854 2352 879 et
2374 853 2559 880 reverenter
2579 857 2633 879 ac-

2663 323 2672 334 ·
2696 322 2733 344 Cf.
2750 321 2783 343 1v
2800 322 2874 350 Sent„

2663 348 2716 371 diat.
2739 354 2770 375 ix,
2792 353 2834 372 art.
2853 355 2874 376 2,

2662 375 2707 403 qu⁸
2720 382 2743 402 4.

2662 587 2672 597 ·
2691 586 2756 608 ioan.
2775 592 2826 615 cap.
2842 593 2874 615 vr,

2661 618 2721 635 vers.
2736 619 2772 641 59.

2663 851 2673 862 ·
2687 850 2712 872 In
2728 856 2834 879 corpore-

1567 894 1681 925 cedens
1704 899 1917 935 consequetur
1932 904 1996 934 per
2017 894 2078 924 hoc
2093 898 2330 924 sacramentum
2352 893 2496 935 gratiam
2515 893 2634 923 carita-
2688 909 2690 911 ·

1567 939 1621 975 tis,
1645 948 1728 979 quae
1752 938 1977 969 contritionem
1994 938 2164 979 perficiet:
2196 938 2252 968 ubi
2274 943 2336 968 tres
2361 937 2564 978 operationes
2586 937 2635 967 in-

1565 983 1721 1014 tervenire
1745 983 1847 1023 ponit,
1869 982 2086 1018 devotionem,
2109 982 2319 1012 reverentiam
2341 986 2373 1012 et
2397 981 2634 1017 contritionem,

1567 1036 1650 1066 quae
1682 1027 1802 1057 scilicet
1829 1036 1915 1057 nova
1937 1026 2064 1056 caritate
2091 1026 2282 1056 informatur
2309 1030 2341 1056 et
2369 1025 2406 1056 fit
2429 1025 2589 1056 contritio.
2612 1043 2634 1048 —

1567 1071 1616 1100 De
1639 1076 1813 1110 augmento
1843 1079 1920 1101 vero
1951 1070 2119 1100 habitualis
2147 1071 2280 1110 gratiae,
2305 1075 2337 1100 et
2366 1079 2405 1100 ex
2429 1079 2518 1100 nunc
2544 1068 2635 1100 dictis

1566 1119 1632 1145 tam
1656 1114 1884 1145 communibus
1900 1123 1998 1154 quam
2013 1114 2161 1154 propriis,
2178 1119 2210 1144 et
2232 1123 2271 1144 ex
2286 1114 2432 1154 superius
2447 1114 2465 1130 ⁴*
2487 1113 2636 1144 discussis

1566 1159 1640 1188 satis
1662 1163 1771 1198 patere
1794 1158 1942 1188 arbitror:
1966 1167 2035 1188 non
2055 1163 2102 1188 est
2125 1158 2212 1188 enim
2226 1157 2423 1198 intelligibile
2447 1157 2556 1188 cibum
2579 1166 2635 1188 au·

1565 1211 1640 1242 gere
1663 1203 1784 1242 absque
1807 1202 1923 1232 actuali
1947 1201 2129 1237 devon‘one,
2149 1210 2248 1241 quam
2271 1202 2392 1241 absque
2415 1201 2531 1232 actuali
2544 1210 2635 1232 man·

1567 1245 1739 1276 ducatione
1763 1246 1858 1276 etiam
1881 1245 2001 1285 fingere
2023 1254 2092 1276 non
2115 1245 2199 1275 licet.
2222 1262 2246 1266 -
2267 1244 2413 1276 Refectio
2441 1250 2550 1276 autem
2571 1245 2636 1285 spi-

1566 1290 1687 1320 ritualis
1710 1289 1917 1320 manducatio
1941 1288 2099 1329 quaedam
2120 1294 2176 1319 est.
2200 1306 2224 1310 —
2245 1289 2404 1319 Remissio
2420 1298 2497 1319 vero
2513 1288 2636 1329 peccati

1567 1334 1709 1370 venialis,
1726 1339 1758 1364 et
1772 1343 1908 1374 poenae,
1925 1333 1952 1363 si
1975 1332 2020 1369 fit,
2038 1342 2114 1364 cum
2136 1338 2353 1372 consequatur
2374 1331 2535 1363 fervorem
2557 1332 2637 1363 cari-

1566 1379 1648 1414 tatis,
1671 1377 1839 1409 manifeste
1855 1376 2139 1408 manducationem
2162 1377 2324 1416 sequitur:
2348 1386 2425 1407 nam
2439 1375 2546 1407 fervor
2566 1377 2637 1416 ipse

1566 1422 1773 1454 manducatio
1798 1427 1854 1453 est.
1881 1440 1905 1444 —
1937 1421 2152 1452 Praeservatio
2181 1421 2314 1452 demum
2337 1421 2377 1451 ab
2401 1420 2531 1452 offensis
2559 1420 2636 1457 Dei,

1567 1467 1643 1507 quia
1675 1466 1794 1498 directe
1824 1465 1864 1496 ad
1891 1465 2171 1496 confirmationem
2197 1464 2320 1501 cordis,
2343 1464 2426 1496 idest
2447 1464 2635 1501 voluntatis,

1566 1516 1687 1552 spectat
1711 1520 1750 1541 ex
1772 1515 1861 1551 parte
1884 1510 2026 1546 animae;
2049 1510 2141 1550 panis
2165 1515 2273 1540 autem
2294 1519 2363 1540 non
2386 1509 2448 1540 nisi
2462 1508 2636 1540 manduca·

1565 1561 1617 1586 tus
1640 1555 1814 1596 confirmat
1828 1564 1887 1586 cor
1901 1554 2041 1585 hominis
2056 1555 2087 1584 *ε
2111 1553 2186 1584 ideo
2202 1553 2363 1585 mediante
2386 1552 2636 1584 manducatione

1566 1599 1720 1640 spirituali
1736 1599 1781 1630 fit.
1806 1599 1879 1629 Dixi
1894 1604 2003 1629 autem
2018 1598 2147 1634 directe,
2164 1602 2196 1628 et
2210 1608 2253 1628 ex
2261 1602 2360 1638 parte
2382 1597 2531 1628 animae:
2553 1606 2636 1638 quo-

1565 1645 1652 1674 niam
1681 1653 1750 1674 non
1773 1648 1820 1674 est
1842 1647 2005 1674 remotum
2038 1643 2118 1683 quin
2141 1651 2179 1673 ex
2201 1647 2291 1682 parte
2314 1641 2432 1673 Christi
2462 1641 2636 1682 praesentis

1566 1689 1625 1719 sub
1655 1693 1873 1724 sacramento,
1897 1687 2110 1727 praeservatio
2141 1687 2299 1717 nonnulla
2327 1685 2384 1717 fiat
2413 1695 2471 1726 per
2498 1684 2636 1717 modum

1567 1732 1752 1768 custodiam
1775 1737 1908 1772 propter
1930 1740 2029 1771 quam
2052 1730 2190 1762 diximus
2205 1731 2222 1747 ⁴*
2246 1730 2312 1762 dari
2327 1730 2520 1771 phreneticis
2534 1730 2569 1760 in
2586 1739 2636 1761 arb

1566 1777 1667 1808 ticulo
1690 1777 1803 1807 mortis
1826 1775 2068 1807 Eucharistiam.

1620 1821 1660 1852 X.
1684 1821 1754 1852 Nec
1769 1830 1807 1851 ex
1822 1821 1872 1851 his
1887 1819 1978 1851 dictis
1994 1819 2130 1860 accipias
2152 1829 2213 1850 nos
2235 1819 2351 1850 sentire
2373 1827 2542 1858 nunquam
2557 1826 2636 1848 con-

1565 1865 1639 1896 ferri
1666 1865 1800 1905 gratiam
1822 1865 1883 1895 nisi
1915 1863 2079 1895 actualiter
2101 1863 2224 1894 ratione
2246 1863 2419 1894 utentibus.
2449 1862 2526 1893 Non
2548 1861 2636 1892 enim

1565 1910 1630 1940 hoc
1654 1909 1809 1940 diximus:
1833 1908 1890 1940 sed
1911 1907 2092 1939 secundum
2115 1907 2303 1939 communia
2325 1907 2430 1937 suavis
2453 1906 2636 1946 dispositio-

1565 1954 1615 1984 nis
1639 1959 1800 1984 creaturae
1833 1952 1994 1983 rationalis
2023 1952 2070 1983 sic
2104 1950 2174 1983 fieri
2206 1951 2354 1982 diximus.
2389 1950 2477 1982 Cum
2499 1958 2566 1990 quo
2589 1954 2636 1980 ta-

1565 2007 1642 2028 men
1665 2003 1725 2028 stat
1748 1996 1848 2038 quod,
1872 1995 2052 2027 secundum
2075 2005 2207 2027 suavem
2229 1995 2475 2036 dispositionem
2501 1993 2636 2025 alicuius

1566 2042 1765 2078 sacramenti,
1789 2041 1879 2072 aliter
1901 2040 2084 2072 conferatur
2105 2040 2205 2080 gratia
2227 2038 2417 2070 iustificans:
2441 2043 2478 2070 ut
2500 2043 2588 2078 patet
2602 2038 2636 2068 in

1566 2086 1737 2126 baptismo,
1755 2086 1822 2126 qui,
1840 2085 1996 2125 quoniam
2012 2084 2182 2124 spiritualis
2205 2089 2253 2114 est
2275 2083 2483 2124 regeneratio,
2507 2092 2546 2113 ex
2560 2091 2636 2123 pro-

1566 2131 1643 2171 priis
1665 2130 1762 2160 habet
1787 2134 1824 2160 ut
1850 2129 1971 2169 absque
2002 2128 2232 2168 cooperatione
2261 2128 2329 2159 eius
2359 2128 2417 2168 qui
2446 2127 2634 2168 baptizatur.

1567 2175 1699 2215 gratiam
1730 2173 1874 2205 conferat
1903 2173 1937 2204 in
1960 2173 2182 2204 remissionem
2212 2177 2429 2213 peccatorum.
2462 2170 2635 2203 Generatio

1568 2219 1655 2250 enim
1679 2223 1726 2249 est
1748 2218 1884 2249 mutatio
1907 2217 1948 2248 de
1971 2226 2036 2248 non
2060 2227 2128 2248 esse
2150 2216 2194 2248 ad
2216 2226 2284 2248 esse
2297 2217 2329 2247 'z
2353 2225 2415 2247 nec
2437 2223 2635 2256 praesuppo-

1567 2264 1669 2299 nitur,
1701 2262 1757 2294 sed
1785 2262 1822 2294 fit
1846 2263 1938 2293 vivus
1968 2262 2026 2302 qui
2054 2266 2233 2302 generatur.
2269 2260 2370 2293 Cibus
2400 2265 2509 2291 autem
2537 2259 2636 2291 vium

1567 2308 1808 2348 praesupponit,
1833 2311 1864 2338 et
1886 2315 1956 2337 non
1977 2306 2039 2336 nisi
2061 2305 2268 2336 manducanti
2290 2303 2431 2345 prodest.

1621 2351 1675 2382 XI.
1687 2351 1780 2382 Dicta
1795 2356 1870 2382 sunt
1885 2355 1992 2381 autem
2007 2349 2087 2380 haec
2099 2349 2139 2380 ad
2150 2348 2323 2389 fugandam
2337 2348 2468 2380 illorum
2483 2347 2636 2379 fiduciam

1568 2396 1625 2436 qui
1647 2400 1762 2436 putant
1783 2405 1817 2426 se
1841 2395 1998 2434 consequi
2020 2403 2147 2434 semper
2168 2403 2293 2424 novum
2322 2393 2438 2433 gratiae
2467 2391 2636 2423 habitualis

1567 2445 1794 2480 augmentum,
1819 2448 1895 2470 cum
1923 2438 2220 2479 quantulacumque
2250 2437 2423 2468 devotione
2455 2436 2635 2472 celebrent,

2662 1113 2673 1124 ·
2686 1111 2758 1134 Num.
2768 1117 2795 1134 ιιι
2808 1117 2861 1141 sqq.

2662 1556 2673 1566 ·
2681 1553 2719 1576 Pa.
2725 1558 2876 1583 erinnem*

2661 1729 2673 1741 ¹
2686 1728 2759 1751 Num.
2774 1735 2812 1757 ιιι,
2827 1729 2876 1752 Nec

2661 1755 2748 1778 oms.

2662 2218 2778 2242 'Ari-tot.
2782 2218 2876 2248 Hyde,

2661 2245 2762 2300 w:
2781 2251 2875 2295 *ἐμπίς
2915 2266 2918 2277 ¹

2661 2299 2716 2322 lect.
2729 2304 2755 2321 u.
2916 2305 2918 2308 ¹

1568 2485 1665 2515 etiam
1681 2483 1842 2515 disti-aete:
1859 2488 1896 2514 ut
1910 2482 1963 2514 vel
1977 2482 2023 2513 sic
2039 2483 2078 2512 ab
2090 2481 2278 2513 huiusmodi
2291 2481 2504 2521 negligentiae
2519 2489 2636 2511 somno
2688 2517 2695 2520 ,

1568 2529 1761 2564 excitentur,
1785 2527 1902 2568 pulsati
1924 2527 2036 2558 saltem
2060 2535 2098 2557 ex
2121 2536 2162 2556 eo
2186 2525 2276 2573 qnod
2297 2525 2503 2556 manducatio
2535 2533 2637 2556 sacra-

1568 2572 1724 2608 mentalis,
1741 2581 1825 2612 quae
1848 2571 2013 2602 actualiter
2028 2570 2074 2607 fit,
2090 2569 2247 2611 significat
2266 2568 2551 2600 manducationem
2573 2569 2637 2609 spi-

1568 2616 1726 2653 ritualem,
1751 2625 1834 2656 quae
1856 2616 1988 2646 interius
2012 2615 2151 2646 exerceri
2173 2613 2278 2646 debet.
2301 2614 2344 2645 Et
2365 2614 2422 2644 ubi
2443 2622 2512 2644 non
2527 2613 2589 2644 nisi
2603 2613 2638 2645 in

1570 2661 1620 2692 sui
1642 2661 1819 2701 principio,
1842 2660 1906 2691 hoc
1929 2665 1977 2690 est
1999 2660 2033 2690 in
2055 2659 2183 2695 habitu,
2207 2658 2354 2694 salvatur,
2378 2658 2452 2688 licet
2474 2656 2515 2688 ad
2535 2657 2638 2689 vitan-

1570 2705 1649 2736 dum
1671 2704 1810 2736 fictionis
1839 2709 2010 2745 peccatum
2032 2703 2167 2734 mortale
2193 2702 2344 2739 sufficiat,
2368 2701 2408 2733 ad
2430 2700 2638 2734 nutriendum

1570 2755 1678 2780 tamen
1701 2749 1841 2781 animam
1863 2748 1942 2779 nihil
1957 2747 2098 2788 prodest.
2122 2747 2226 2778 Immo
2249 2747 2325 2778 hinc
2341 2751 2373 2778 et
2388 2746 2494 2777 anima
2515 2745 2638 2777 malum

1569 2793 1701 2825 venialis
1724 2793 1858 2833 peccati,
1883 2797 1914 2823 et
1937 2801 2055 2832 corpus
2078 2791 2234 2823 damnum
2255 2790 2455 2826 infirmitatis
2470 2788 2638 2821 imbecilli-

1570 2838 1651 2874 tatis,
1676 2843 1730 2868 aut
1753 2838 1849 2868 etiam
1871 2837 1993 2873 mortis,
2018 2835 2216 2877 quandoque
2237 2835 2379 2871 incurrit,
2398 2833 2524 2865 dicente
2546 2833 2638 2875 Apo-

1570 2882 1654 2913 stolo
1670 2883 1701 2912 *z
1725 2881 1804 2912 Ideo
1821 2881 1906 2912 inter
1928 2890 1985 2912 vos
2007 2880 2100 2912 multi
2123 2879 2244 2921 infirmi
2265 2884 2298 2910 et
2318 2878 2500 2914 imbecilles,
2515 2882 2548 2910 et
2560 2877 2637 2909 dor-
2663 2883 2675 2895 ·

1570 2927 1675 2957 miunt
1697 2926 1799 2957 multi.
1823 2925 1917 2956 Hane
1932 2934 1994 2966 ego
2017 2933 2159 2966 poenam
2181 2923 2382 2964 corporalem
2403 2927 2485 2962 puto
2508 2930 2604 2962 saepe
2617 2931 2638 2953 a
2689 2925 2696 2937 ¹

1571 2971 1642 3002 Deo
1666 2969 1767 3010 infligi
1788 2970 1831 3001 ob
1846 2979 1977 3010 parvam
1999 2969 2275 3010 praeparationem
2297 2975 2381 3007 quae
2396 2965 2432 2998 fit
2447 2965 2487 2998 ad
2508 2966 2573 2998 hoc
2587 2975 2637 2997 sa-

1572 3020 1781 3046 cramentum.
2002 3024 2003 3027 ¹

1603 3113 1624 3134 n
1647 3102 1857 3143 responsione
1879 3100 1920 3132 ad
1941 3101 2083 3142 primum
2105 3099 2201 3140 primi
2224 3098 2347 3130 articuli
2370 3097 2516 3129 eiusdem
2538 3107 2637 3139 quae-

1580 3114 1726 3183 Istionis,
1751 3146 1878 3177 adverte
1901 3144 1992 3186 quod
2013 3149 2247 3175 sacramentum
2269 3143 2333 3173 hoc
2355 3147 2463 3183 potest
2489 3142 2637 3174 conside-

1571 3191 1632 3222 rari
1655 3190 1833 3232 dupliciter.
1865 3190 1992 3225 Primo,
2015 3187 2195 3220 secundum
2213 3196 2262 3223 se,
2285 3187 2350 3218 hoc
2373 3191 2433 3223 est,
2456 3185 2638 3218 secundum

1571 3245 1640 3266 rem
1663 3235 1697 3266 in
1719 3235 1790 3275 ipso
1815 3238 2000 3265 contentam
2023 3237 2054 3263 et
2076 3231 2294 3272 significatam.
2325 3231 2367 3262 Et
2389 3231 2434 3262 sic
2456 3229 2637 3263 verificatur

1573 3278 1613 3310 de
1635 3279 1707 3319 ipso
1724 3277 1814 3319 quod
1837 3287 1875 3308 ex
1897 3286 1931 3308 se
1946 3277 2096 3307 virtutem
2118 3275 2214 3307 habet
2237 3275 2418 3306 collativam
2440 3275 2572 3316 gratiae:
2597 3273 2638 3307 ad

1572 3322 1782 3354 differentiam
1797 3322 1996 3362 reliquorum
2019 3324 2300 3356 sacramentorum,
2317 3328 2401 3359 quae
2424 3328 2463 3350 ex
2482 3319 2556 3355 alio,
2572 3319 2637 3351 hoc

1573 3372 1620 3398 est
1643 3376 1682 3398 ex
1704 3367 1768 3397 hoc
1791 3369 2007 3400 sacramento,
2031 3364 2200 3404 acquirunt
2222 3364 2372 3395 virtutem
2398 3363 2515 3404 gratiae
2538 3363 2637 3395 colla-

1573 3411 1680 3442 tivam.
1704 3410 1788 3441 Nam
1811 3418 1861 3440 res
1882 3407 2058 3448 significata
2075 3413 2107 3439 et
2124 3412 2276 3439 contenta
2294 3408 2328 3439 in
2350 3408 2415 3439 hoc
2437 3413 2636 3439 sacramento

1575 3459 1621 3485 est
1646 3454 1715 3495 ipse
1738 3453 1899 3489 Christus,
1924 3453 2016 3484 cuius
2042 3452 2251 3483 instrumenta
2280 3457 2355 3483 sunt
2383 3451 2507 3492 reliqua
2535 3461 2637 3483 sacra-

1573 3503 1681 3529 menta
1703 3506 1779 3528 cum
1801 3496 1969 3528 virtutibus
1991 3496 2065 3527 suis.
2091 3496 2226 3536 Propter
2248 3495 2337 3536 quod
2359 3505 2393 3527 se
2416 3496 2512 3527 habet
2533 3495 2574 3527 ad
2587 3505 2637 3527 re·

1573 3542 1661 3582 liqua
1692 3546 1888 3573 sacramenta
1916 3546 1953 3572 ut
1975 3539 2048 3572 fons
2075 3541 2193 3581 gratiae
2215 3540 2256 3572 ad
2277 3541 2364 3572 rivos
2385 3541 2566 3581 gratiarum.
2595 3540 2638 3572 Et
