2878 4088
0 805 5 821 w
0 669 10 785 “mv-«aum

109 361 119 371 ·
129 360 187 381 Can.
193 359 265 381 Nemo
273 360 322 387 epi-

109 391 321 440 regatis&

108 679 164 727 ἔῐξὲ.
173 685 212 706 qu.
223 685 271 707 xxi,
282 680 320 701 ln-

101 2081 113 2092 ·
122 2069 191 2108 imit„
199 2085 250 2108 up.
263 2069 313 2102 n'a

97 2111 186 2164 mid,
194 2130 314 2162 apd-'on-

101 2160 195 2210 ’ρῗυῗᾶᾖ
204 2184 256 2214 ἀρ.
272 2183 317 2209 &¹4

100 2291 168 2314 Fau.
190 2282 201 2295 ι
307 2282 312 2288 ’

101 2319 112 2329 ·
126 2317 184 2346 Cap.
201 2317 283 2346 Nuper
297 2325 313 2340 a

97 2345 181 2372 nobis,
200 2344 230 2367 de
246 2345 313 2367 sent.

102 2424 155 2446 ’ω
174 2439 181 2446 .
201 2424 314 2452 Quamne

100 2451 313 2500 &cM-deSent.

102 2505 113 2515 ·
131 2503 168 2527 Cf·
189 2503 247 2527 Cn.
265 2504 313 2526 His

100 2530 144 2559 qn·
155 2529 180 2552 ιἰι
193 2532 239 2552 tem
271 2537 299 2552 re

100 2556 222 2615 31:3¹3}
227 2557 254 2606 ῐιιι
257 2563 314 2611 ’0231

97 2610 120 2632 Α
127 2610 201 2637 noina,
210 2610 240 2632 de
247 2610 313 2632 Sent-

97 2635 271 2691 Eissffl'oep.
285 2663 315 2685 Si

102 2689 277 2712 mallentin.

101 2715 221 2765 aazia
235 2722 313 2765 §⁸2¹2

97 2769 214 2800 nocetur.

101 2981 220 3007 'thiana
238 2981 313 3009 p.Su-

95 3013 191 3036 pereo,
226 3009 314 3031 ulier-es

102 3038 126 3056 et
138 3033 176 3056 Ea
189 3035 302 3057 noscitur.

103 3063 113 3073 ·
127 3061 195 3088 ibid„
211 3067 262 3089 eap.
277 3062 315 3084 De

103 3089 191 3110 cetero.

103 3115 113 3125 ·
128 3113 195 3141 ibid„
205 3120 256 3142 cap.
266 3115 313 3136 Su-

97 3145 201 3195 e‘iss‘&
218 3167 240 3189 in
261 3167 314 3189 eod.

102 3199 316 3268 353⁶&sssssz

103 3274 114 3284 ⁸
128 3272 196 3300 ibid„
216 3273 240 3294 iu
262 3273 315 3296 eod.

103 3305 196 3353 ῗἪζίἀη
216 3331 267 3357 cap.
287 3325 317 3347 Si

103 3357 160 3383 ver-9
173 3352 269 3380 aIIquu.

102 3378 316 3433 ...em

103 3435 163 3479 «ρας,
177 3434 236 3458 xcv).

101 3457 269 3522 falaigiiia‘l‘p'
289 3458 315 3516 1⁵„

976 205 1240 252 QUAEST1o
1270 204 1404 251 xle,
1429 204 1721 242 ARTICULUS
1749 207 1774 252 1,
1796 207 1903 252 11,111

403 281 454 310 An
485 291 632 311 GUARTUM
659 292 818 313 mmmmm
846 283 951 323 quod,
978 285 1122 323 quamvis
1146 283 1333 324 participare
1361 292 1413 313 ex—

350 326 589 356 communicato
607 327 646 356 sit
661 333 830 366 peccatum
845 327 979 364 veniale,
992 333 1100 358 tamen
1115 328 1302 368 participare
1317 327 1412 367 perti-

349 369 469 399 naciter
485 375 531 399 est
546 376 715 410 peccatum
731 372 875 402 mortale.
896 372 937 402 Et
952 377 1083 412 propter
1099 373 1161 402 hoc
1177 376 1284 412 potest
1299 371 1413 411 aliquis

350 414 622 444 excommunicari
646 415 825 447 secundum
847 417 916 446 iura
932 417 958 446 *-

520 497 773 540 QUAESTIO
795 497 1247 541 VIGESIMAQUARTA

502 564 547 588 DE
566 564 810 589 ABSOLUTIONE
828 565 873 588 AB
898 563 1257 589 EXCOMMUNICATIONE

410 644 503 664 amm:
527 635 795 666 considerandum
819 640 865 666 est
887 634 926 665 de
948 635 1149 665 absolutione
1165 635 1204 664 ab
1225 643 1411 664 excommu-

352 646 571 710 Dnicatione
587 680 613 709 ⁴².

349 722 442 753 Circa
465 723 554 764 quod
577 724 636 754 tria
659 728 864 764 quaeruntur.

402 767 527 798 Primo:
551 773 659 798 utrum
683 767 816 807 quilibet
839 766 985 797 sacerdos
1005 766 1106 806 possit
1128 766 1292 796 subditum
1315 775 1410 796 suum

435 812 474 842 ab
498 812 832 842 excommunicatione
855 811 1028 840 absolvere.

402 855 570 886 Secundo:
594 861 702 886 utrum
726 855 840 895 aliquis
862 855 963 894 possit
985 855 1103 884 invitus
1126 854 1165 884 ab
1189 854 1410 885 excommuni-

435 900 560 930 catione
583 899 714 929 absolvi.

401 944 530 974 Tertio:
555 948 664 973 utrum
680 943 793 983 aliquis
817 943 917 983 possit
933 942 1054 972 absolvi
1078 943 1116 973 ab
1139 953 1204 973 una
1224 952 1411 973 excommu-

433 987 594 1018 nicatione
618 992 650 1017 et
671 996 739 1017 non
763 987 801 1017 ab
825 986 894 1017 alia.

433 1053 532 1084 ART.
551 1053 573 1083 Ι.
597 1063 702 1083 urium
726 1063 870 1083 oannzT
893 1062 1048 1083 SACERDOS
1068 1063 1220 1083 summm
1244 1064 1323 1084 suun

522 1107 625 1128 Possrr
648 1107 687 1127 AB
711 1107 1028 1128 nxconmmrcuroNE
1057 1108 1234 1128 asservent:

409 1173 429 1193 n
452 1173 569 1194 muium
593 1173 638 1194 sic
661 1173 865 1194 pnocnmrux.
882 1163 1015 1194 Videtur
1038 1163 1128 1204 quod
1153 1164 1287 1204 quilibet
1311 1174 1411 1195 sacer-

346 1177 468 1239 Ados
491 1208 654 1239 subditum
686 1217 782 1238 suum
813 1208 915 1248 possit
937 1209 976 1238 ab
999 1209 1333 1239 excommunicatione
1357 1209 1411 1238 ab-

344 1253 478 1284 solvere.
512 1253 615 1283 Maius
639 1253 725 1282 enim
749 1257 795 1282 est
817 1252 983 1283 vinculum
1015 1254 1137 1293 peccati
1160 1263 1258 1293 quam
1282 1263 1411 1283 excom-

344 1297 583 1328 municationis.
606 1296 670 1328 Sed
685 1297 820 1337 quilibet
842 1297 988 1327 sacerdos
1004 1302 1110 1337 potest
1133 1307 1228 1328 suum
1247 1297 1410 1328 subditum

345 1345 519 1382 apecc‘ato
543 1341 716 1372 absolvere.
747 1341 833 1381 Ergo
860 1341 963 1372 multo
987 1340 1100 1372 fortius
1127 1343 1165 1372 ab
1190 1342 1411 1372 excommuni-

345 1387 481 1416 catione.

402 1440 431 1461 2.
454 1431 650 1466 PRAETEREA‚
667 1435 790 1460 remota
806 1439 900 1460 causa
915 1436 1098 1461 removetur
1113 1430 1253 1461 effectus.
1278 1430 1341 1461 Sed
1357 1440 1409 1461 ex-

345 1475 647 1506 communicationis
670 1484 765 1504 causa
788 1479 834 1504 est
857 1480 1026 1515 peccatum
1048 1475 1192 1505 mortale.
1216 1475 1312 1515 Ergo,
1335 1478 1409 1505 cum

344 1520 445 1560 possit
468 1519 602 1560 quilibet
625 1518 772 1549 sacerdos
795 1529 813 1548 a
835 1524 969 1559 peccato
993 1519 1048 1549 illo
1072 1519 1199 1550 mortali
1229 1518 1407 1555 absolvere,

343 1564 462 1604 poterit
485 1564 524 1594 ab
548 1563 882 1594 excommunicatione
902 1563 1054 1593 similiter.

399 1607 462 1639 San
485 1617 625 1643 commi,
652 1606 795 1638 eiusdem
818 1608 983 1647 potestatis
1006 1613 1053 1638 est
1076 1608 1355 1638 excommunicare
1378 1613 1410 1638 et

343 1651 849 1682 excommunicatumabsolvere.
873 1651 936 1682 Sed
960 1651 1138 1682 sacerdotes
1153 1651 1318 1682 inferiores
1341 1661 1409 1682 non

342 1701 479 1736 possunt
494 1705 570 1726 suos
586 1695 730 1726 subditos
747 1696 1035 1726 excommunicare.
1056 1696 1141 1736 Ergo
1157 1705 1217 1726 nec
1233 1696 1407 1726 absolvere.

389 1735 587 1771 'Rsssrozmxo
611 1748 772 1778 mceNDUM
788 1739 878 1780 quod
901 1749 919 1769 a
940 1741 1059 1770 minori
1075 1741 1408 1770 excommunicatione

343 1784 478 1825 quilibet
499 1789 606 1824 potest
621 1783 784 1814 absolvere
808 1784 864 1824 qui
879 1789 986 1824 potest
1008 1794 1026 1814 a
1045 1790 1178 1825 peccato
1194 1785 1408 1824 participatio-

342 1830 391 1860 nis
415 1829 588 1859 absolvere.
613 1828 646 1859 Si
670 1833 777 1858 autem
801 1833 848 1858 est
869 1829 988 1865 maior,
1014 1834 1068 1859 aut
1092 1835 1138 1859 est
1161 1829 1223 1859 lata
1246 1839 1263 1859 a
1285 1828 1406 1859 iudice:

343 1879 374 1904 et
397 1874 442 1904 sic
457 1873 510 1904 ille
526 1873 582 1914 qui
598 1872 680 1908 tulit,
696 1873 747 1903 vel
771 1873 839 1903 eius
855 1874 1009 1913 superior,
1026 1879 1133 1913 potest
1151 1874 1324 1904 absolvere.
1349 1873 1408 1903 Vel

299 1948 304 1953 ,
342 1923 390 1948 est
411 1918 473 1948 lata
491 1927 510 1948 a
531 1918 617 1948 iure:
642 1922 674 1947 et
688 1922 765 1947 tunc
786 1917 967 1957 episcopus,
983 1918 1034 1948 vel
1051 1918 1146 1948 etiam
1166 1917 1313 1948 sacerdos
1336 1924 1408 1959 pot-

342 1968 390 1993 est
404 1962 577 1998 absolvere,
595 1962 734 2002 exceptis
750 1971 804 1992 sex
828 1962 951 1992 casibus
968 1972 1051 2002 quos
1075 1963 1134 1992 sibi
1149 1963 1226 1992 iuris
1250 1963 1407 1999 conditor,

341 2007 461 2038 scilicet
483 2007 579 2047 Papa,
595 2006 774 2036 reservavit.
798 2006 923 2036 Primus
947 2012 993 2036 est
1017 2006 1147 2046 quando
1171 2007 1285 2047 aliquis
1307 2007 1408 2037 iniicit

341 2061 456 2082 manus
478 2052 512 2081 in
537 2051 689 2081 clericum
712 2051 763 2080 vel
779 2051 964 2090 religiosum
980 2052 1013 2087 *3
1039 2050 1198 2081 secundus
1218 2057 1265 2081 est
1287 2051 1326 2081 de
1350 2051 1406 2082 illo

341 2097 398 2136 qui
421 2094 563 2126 incendit
579 2095 757 2130 ecclesiam,
775 2101 807 2125 et
830 2100 877 2125 est
893 2094 1097 2125 denuntiatus
1113 2096 1148 2132 ’ς
1171 2096 1282 2125 tertius
1306 2101 1353 2126 est
1368 2095 1407 2126 de

340 2140 396 2171 illo
421 2140 477 2180 qui
496 2139 611 2179 frangit
634 2139 811 2174 ecclesiam,
828 2144 859 2169 et
875 2139 1079 2170 denuntiatus
1096 2140 1186 2176 est*;
1208 2145 1338 2179 quartus
1361 2146 1408 2170 est

341 2185 380 2215 de
403 2185 458 2215 illo
484 2185 539 2224 qui
562 2185 595 2214 in
619 2183 733 2214 divinis
757 2184 975 2214 communicat
997 2184 1132 2214 scienter
1148 2184 1407 2214 excommunica-

340 2229 379 2259 tis
402 2228 606 2259 nominaliter
628 2237 646 2257 a
661 2228 747 2268 Papa
762 2229 795 2263 *;
821 2228 962 2268 quintuS‚
979 2227 1019 2258 de
1042 2228 1097 2258 illo
1114 2229 1170 2268 qui
1194 2228 1338 2259 falsificat
1357 2229 1406 2259 lit-

340 2279 422 2303 teras
446 2272 535 2304 Sedis
559 2272 766 2312 Apostolicae
782 2273 816 2308 *ἢ
840 2277 946 2302 sextus
970 2272 1009 2302 de
1024 2273 1080 2302 illo
1105 2273 1161 2313 qui
1185 2274 1405 2303 excommuni-

341 2318 418 2348 catis
436 2312 474 2347 in
498 2317 631 2347 crimine
654 2317 872 2346 communicat
887 2317 913 2346 ὓ.
945 2317 1020 2347 Non
1051 2317 1137 2347 enim
1167 2317 1262 2348 debet
1285 2318 1407 2348 absolvi

340 2362 401 2392 nisi
425 2362 463 2391 ab
479 2371 519 2392 eo
544 2361 600 2400 qui
617 2361 917 2397 excommunicavit,
935 2362 1029 2391 etiam
1053 2362 1078 2391 si
1101 2371 1169 2392 non
1186 2362 1224 2392 sit
1248 2363 1316 2392 eius
1331 2363 1406 2393 sub-

341 2405 443 2436 ditus:
468 2406 538 2441 nisi,
555 2410 687 2445 propter
709 2404 927 2436 difficultatem
951 2405 1123 2437 accedendi
1146 2405 1186 2436 ad
1211 2407 1328 2446 ipsum,
1352 2407 1406 2436 ab·

341 2450 516 2480 solveretur
539 2450 577 2479 ab
602 2450 766 2490 episcopo,
783 2450 834 2480 vel
857 2460 875 2480 a
898 2450 1061 2480 sacerdote
1084 2451 1236 2491 proprio,
1259 2452 1407 2491 praestita

340 2495 491 2525 iuratoria
514 2494 663 2524 cautione
680 2493 770 2535 quod
792 2495 915 2535 parebit
937 2495 1089 2525 mandato
1105 2495 1189 2525 illius
1212 2495 1326 2526 iudicis
1350 2496 1406 2536 qui

307 2547 313 2557 ‘
341 2539 531 2569 sententiam
553 2539 626 2568 tulit
641 2539 667 2568 *.

395 2583 425 2613 A
448 2583 553 2623 primo
578 2588 685 2612 autem
709 2592 784 2613 casu
807 2588 882 2613 octo
914 2584 1124 2623 excipiuntur.
1155 2584 1280 2614 Primus
1304 2590 1351 2614 est
1373 2585 1406 2615 in

341 2627 474 2658 articulo
491 2628 602 2657 mortis
614 2628 641 2663 ὓ,
653 2627 686 2657 in
704 2636 770 2667 quo
788 2637 806 2657 a
824 2627 966 2667 qualibet
984 2629 1318 2659 excommunicatione
1335 2635 1407 2669 pot-

342 2677 390 2701 est
419 2672 491 2712 quis
515 2681 533 2701 a
557 2671 702 2711 quolibet
725 2671 889 2702 sacerdote
917 2672 1039 2702 absolvi
1061 2673 1094 2709 *3
1126 2673 1296 2709 secundus,
1320 2674 1345 2703 si
1368 2674 1408 2703 sit

341 2716 486 2746 ostiarius
510 2716 643 2746 alicuius
666 2717 805 2756 potentis
818 2740 825 2752 ‚
852 2721 883 2746 et
905 2726 973 2746 non
997 2726 1035 2747 ex
1058 2716 1134 2747 odio
1157 2717 1208 2747 vel
1239 2718 1406 2758 proposito

341 2761 496 2800 percussit
511 2761 547 2796 *;
571 2761 692 2796 tertius,
720 2761 746 2790 si
769 2761 950 2800 percutiens
974 2761 1013 2791 sit
1035 2761 1150 2791 mulier
1172 2762 1222 2797 m*3
1259 2768 1405 2802 quartus,

305 2807 312 2811 '
341 2805 367 2834 si
390 2805 430 2834 sit
452 2814 571 2840 servus,
589 2810 620 2834 et
644 2803 795 2835 dominus
818 2804 995 2835 laederetur
1018 2805 1058 2835 de
1082 2806 1149 2836 eius
1173 2807 1323 2842 absentia,
1351 2807 1407 2846 qui

339 2858 408 2879 non
428 2854 474 2879 est
489 2849 522 2879 in
539 2849 634 2889 culpa
650 2850 684 2885 *;
709 2850 849 2889 quintus,
867 2850 892 2879 si
915 2850 1066 2890 regularis
1084 2850 1271 2890 regularem,
1289 2856 1320 2881 et
1339 2861 1406 2881 non

294 2917 300 2924 .
340 2893 380 2923 sit
402 2893 543 2923 enormis
566 2903 712 2923 excessus
727 2894 760 2930 *3
785 2899 901 2929 sextus,
921 2894 946 2924 si
967 2894 1006 2924 sit
1029 2904 1151 2934 pauper
1166 2895 1217 2931 *ἡ
1241 2896 1405 2935 septimus,

292 2940 299 2944 ”
340 2938 366 2968 si
389 2938 428 2968 sit
450 2937 608 2977 impubes,
624 2938 676 2968 vel
699 2947 805 2972 senex,
821 2938 872 2968 vel
895 2937 1140 2969 valetudinarius
1155 2939 1189 2975 *;
1215 2944 1356 2975 octavus,
1381 2940 1407 2970 si

340 2982 454 3012 habeat
477 2982 658 3012 inimicitias
682 2982 830 3022 capitales
846 2983 872 3012 ἢ

397 3025 479 3056 Sunt
502 3027 597 3056 etiarn
613 3027 665 3056 alii
689 3036 780 3056 casus
795 3028 828 3056 in
852 3027 969 3066 quibus
985 3028 1166 3067 percutiens
1186 3028 1338 3058 clericum
1354 3038 1407 3059 ex-

341 3071 670 3101 communicationem
693 3080 761 3101 non
783 3071 925 3101 incurrit.
950 3071 1074 3107 Primo,
1101 3072 1127 3101 si
1151 3081 1245 3102 causa
1268 3072 1407 3112 discipli-

340 3124 411 3151 nae,
428 3120 464 3145 ut
485 3116 634 3155 magister
656 3115 707 3145 vel
730 3111 898 3155 praelatus,
915 3117 1105 3155 percusserit
1127 3117 1162 3152 *;

341 3159 452 3189 iocosa
474 3158 600 3190 levitate
617 3161 652 3196 ’ἢ
677 3160 780 3195 tertio,
798 3160 823 3189 si
839 3161 995 3190 invenerit
1018 3170 1093 3191 eum
1111 3161 1245 3200 turpiter
1260 3166 1406 3201 agentem

342 3211 418 3233 cum
440 3213 541 3234 uxore
563 3204 614 3234 vel
624 3209 730 3238 ‚matre
745 3204 795 3234 vel
818 3214 928 3234 sorore
951 3205 1002 3234 vel
1024 3204 1089 3234 filia
1105 3206 1138 3241 *;
1163 3210 1287 3245 quarto,
1305 3205 1330 3235 si
1346 3210 1407 3235 sta-

342 3247 400 3276 tim
422 3247 488 3278 vim
511 3248 543 3278 vi
566 3248 697 3288 repellat
712 3249 746 3284 *3
772 3249 896 3288 quinto,
923 3249 948 3278 si
971 3249 1096 3289 ignoret
1126 3258 1201 3280 eum
1225 3259 1292 3279 esse
1317 3249 1406 3279 cleri-

343 3299 419 3321 cum
433 3292 467 3327 *3
492 3297 591 3328 sexto,
614 3293 641 3322 si
663 3293 803 3323 inveniat
837 3303 912 3323 eum
935 3294 968 3323 in
1001 3294 1157 3334 apostasia
1179 3299 1254 3334 post
1282 3294 1407 3324 tertiam

343 3334 597 3366 admonitionem
608 3337 643 3372 *3
666 3337 814 3377 septimo,
831 3338 857 3367 si
872 3337 1018 3368 transfert
1034 3347 1067 3368 se
1083 3338 1216 3368 clericus
1241 3337 1280 3368 ad
1300 3343 1407 3368 actum

342 3379 470 3418 penitus
493 3381 705 3417 contrarium,
731 3387 767 3411 ut
789 3382 815 3412 si
838 3381 893 3412 fiat
916 3382 1007 3412 miles
1031 3383 1065 3418 ᾗ
1096 3382 1147 3412 vel
1170 3382 1210 3412 ad
1236 3382 1407 3422 bigamiam

341 3428 479 3453 transeat
493 3423 519 3453 ³.

397 3467 448 3497 An
464 3476 581 3498 PRIMUM
596 3478 679 3499 ERGO
695 3479 855 3500 DICENDUM
870 3469 969 3510 quod,
987 3471 1132 3511 quamvis
1147 3470 1314 3501 vinculum
1333 3480 1408 3511 pec-

343 3511 404 3541 cati
427 3511 466 3542 sit
493 3512 596 3542 maius
628 3513 812 3553 simpliciter
835 3523 933 3554 quam
964 3516 1256 3546 excommunicatio
1269 3539 1276 3552 ‚
1301 3520 1408 3546 tamen

1422 2463 1447 2483 50

1420 2900 1447 2920 6ο

1197 3116 1340 3147 secundo
1350 3141 1357 3153 ,
1381 3117 1407 3146 si
1420 3124 1445 3150 ες

1422 3351 1448 3371 70

2478 222 2528 258 47

1469 288 1625 323 quantum
1648 293 1715 314 non
1739 284 1845 314 solum
1868 285 1987 325 obligat
2017 287 2124 325 quoad
2148 288 2272 324 Deum,
2299 288 2355 319 sed
2378 289 2472 319 etiam
2496 290 2529 319 in

1468 326 1548 357 facie
1571 327 1742 358 Ecclesiae.
1768 328 1808 358 Et
1831 328 1904 358 ideo
1928 330 1961 359 in
1985 330 2179 361 absolvendo
2204 333 2242 362 ab
2271 334 2529 363 excommunica-

1468 372 1556 402 tione
1578 372 1749 412 requiritur
1778 372 1951 402 iurisdictio
1975 374 2008 403 in
2038 376 2182 405 exteriori
2206 375 2294 406 foro:
2325 387 2392 407 non
2422 383 2528 407 autem

1468 416 1501 445 in
1524 416 1726 446 absolutione
1750 426 1767 446 a
1789 422 1941 456 peccato;
1965 427 2025 447 nec
2049 419 2181 458 exigitur
2205 421 2310 450 cautio
2340 422 2527 457 iuramenti,

1435 469 1444 489 5
1468 460 1549 490 sicut
1573 461 1706 500 exigitur
1728 461 1761 491 in
1790 461 1991 491 absolutione
2023 462 2061 491 ab
2093 465 2440 501 excommunicatione;
2472 475 2528 505 per

1467 504 1682 535 iuramentum
1706 505 1792 535 enim
1816 506 2048 535 controversiae
2073 515 2155 545 quae
2178 513 2251 537 sunt
2274 508 2354 538 inter
2381 509 2528 540 homines

1467 549 1686 585 terminantur,
1703 548 1881 579 secundum
1904 549 2099 589 Apostolum
2115 551 2140 580 θ’.

1519 593 1570 622 An
1587 603 1749 623 SECUNDUM
1765 603 1924 623 mmmmm
1941 593 2039 633 quod,
2057 603 2132 624 cum
2151 597 2445 626 excommunicatus
2460 607 2527 627 non

1466 636 1505 666 sit
1528 637 1685 677 particeps
1701 643 1972 668 sacramentorum
1988 637 2159 674 Ecclesiae,
2177 639 2322 669 sacerdos
2341 649 2408 670 non
2423 646 2528 680 potest

1427 688 1452 703 1⁰
1466 681 1629 711 absolvere
1652 682 1967 712 excommunicatum
1990 691 2008 711 a
2032 682 2126 722 culpa
2148 683 2208 712 nisi
2232 683 2270 713 sit
2293 684 2380 723 prius
2403 685 2528 715 absolu-

1437 751 1441 755 .
1466 729 1516 754 tus
1540 725 1578 754 ab
1603 726 1945 756 excommunicatione.

1572 791 1671 822 ART.
1689 791 1725 822 11.
1749 801 1855 822 urium
1878 802 1999 822 ALIQUIS
2022 802 2126 822 POSSIT
2149 802 2278 823 Ansomn
2304 803 2423 824 mvnvs

1469 865 1550 927 AD
1575 865 1736 885 SECUNDUM
1759 866 1804 886 stc
1827 866 2030 887 moenum-ux.
2056 857 2189 888 Videtur
2213 847 2302 899 quod
2325 859 2432 889 nullus
2454 869 2529 900 pos—

1426 908 1448 928 ις

1530 900 1569 929 sit
1593 900 1715 930 absolvi
1738 901 1864 931 invitus.
1898 901 2078 942 Spiritualia
2111 903 2197 933 enim
2224 913 2292 934 non
2322 903 2530 934 conferuntur

1466 943 1566 974 invito
1590 944 1695 975 alicui.
1719 944 1781 975 Sed
1804 946 1963 976 absolutio
1987 947 2025 976 ab
2050 948 2382 978 excommunicatione
2406 954 2452 979 est
2475 949 2529 979 be-

1466 987 1618 1018 neficium
1642 989 1813 1029 spirituale.
1837 990 1923 1030 Ergo
1946 1000 2014 1021 non
2036 997 2142 1031 potest
2164 993 2314 1032 praestari
2336 993 2448 1023 invito.

1523 1042 1552 1063 2.
1572 1033 1767 1070 PRAETERRA‚
1785 1035 2124 1066 excommunicationis
2145 1045 2239 1067 causa
2254 1042 2301 1067 est
2316 1038 2527 1068 contumacia.

1467 1076 1530 1107 Sed
1553 1077 1683 1117 quando
1707 1078 1820 1118 aliquis
1839 1088 1907 1109 non
1930 1079 1998 1109 vult
2014 1080 2144 1116 absolvi,
2162 1082 2528 1112 excommunicationem

1426 1129 1452 1144 ²⁰
1467 1126 1686 1158 contemnens,
1703 1127 1781 1153 tunc
1805 1128 1851 1153 est
1873 1124 2011 1154 maxime
2035 1131 2217 1155 contumax.
2250 1126 2334 1165 Ergo
2358 1135 2426 1157 non
2455 1131 2528 1166 pot-

1467 1170 1514 1196 est
1536 1166 1667 1196 absolvi.

1523 1210 1584 1241 San
1609 1220 1742 1247 cONrRA,
1760 1213 2050 1242 excommunicatio
2075 1219 2185 1243 contra
2211 1214 2411 1244 voluntatem
2434 1215 2528 1245 alicui

1465 1259 1572 1294 potest
1586 1254 1704 1285 inferri.
1729 1255 1792 1286 Sed
1808 1265 1890 1296 quae
1909 1262 2020 1287 contra
2039 1257 2238 1288 voluntatem
2254 1259 2414 1295 eveniunt,
2432 1260 2527 1289 etiam

1467 1304 1577 1329 contra
1599 1300 1798 1330 voluntatem
1821 1301 1962 1331 amoveri
1985 1307 2134 1341 possunt:
2159 1303 2241 1332 sicut
2263 1308 2350 1342 patet
2373 1302 2412 1333 de
2435 1303 2528 1334 bonis

1425 1354 1448 1375 2ς
1466 1342 1623 1374 fortunae.
1640 1344 1725 1384 Ergo
1738 1346 2027 1375 excommunicatio
2040 1351 2146 1385 potest
2157 1346 2227 1377 tolli
2243 1347 2281 1376 ab
2294 1347 2402 1387 aliquo
2415 1348 2526 1378 invito.

1520 1388 1709 1419 RESPONDEO
1732 1399 1892 1419 DICENDUM
1916 1389 2005 1429 quod
2023 1390 2145 1420 malum
2164 1391 2277 1431 culpae
2301 1396 2332 1421 et
2354 1401 2478 1431 poenae
2494 1393 2527 1422 in

1464 1432 1528 1462 hoc
1552 1432 1701 1463 differunt
1724 1433 1813 1473 quod
1837 1434 1949 1473 culpae
1971 1435 2166 1474 principium
2190 1441 2236 1465 est
2263 1436 2296 1465 in
2318 1436 2428 1472 nobis,
2453 1437 2528 1476 quia

1465 1485 1562 1506 omne
1585 1483 1754 1516 peccatum
1784 1477 2000 1508 voluntarium
2025 1483 2087 1514 est;
2118 1488 2242 1519 poenae
2274 1485 2381 1510 autem
2410 1481 2527 1520 princi-

1463 1521 1555 1560 pium
1578 1521 1774 1561 quandoque
1798 1527 1883 1552 extra
1909 1532 1969 1552 nos
1993 1528 2048 1552 est.
2079 1523 2155 1553 Non
2178 1524 2264 1554 enim
2296 1525 2465 1564 requiritur
2489 1525 2527 1555 ad

1424 1575 1450 1596 3⁰
1463 1574 1604 1604 poenam
1627 1566 1716 1606 quod
1735 1567 1774 1596 sit
1796 1566 1990 1596 voluntaria:
2020 1567 2120 1597 immo
2146 1573 2192 1598 est
2220 1569 2319 1608 magis
2343 1568 2382 1598 de
2405 1570 2527 1599 ratione

1463 1618 1588 1648 poenae
1605 1610 1694 1650 quod
1717 1611 1756 1640 sit
1779 1616 1889 1640 contra
1904 1611 2113 1642 voluntatem.
2137 1612 2178 1641 Et
2200 1611 2285 1648 ideo,
2302 1613 2383 1642 sicut
2397 1619 2528 1653 peccata

1463 1662 1531 1683 non
1554 1655 1799 1684 committuntur
1821 1655 1881 1685 nisi
1903 1655 2078 1691 voluntate,
2095 1656 2137 1685 ita
2160 1665 2227 1686 non
2250 1657 2454 1687 remittuntur
2472 1658 2528 1687 ali-

1464 1698 1516 1727 cui
1539 1698 1658 1728 invito:
1684 1698 1739 1729 sed
1763 1700 2052 1730 excommunicatio
2077 1700 2158 1730 sicut
2181 1701 2213 1730 in
2229 1701 2369 1740 aliquem
2392 1702 2527 1732 invitum

1463 1740 1536 1771 ferri
1558 1747 1674 1782 potest,
1690 1743 1734 1772 ita
1758 1748 1789 1773 et
1810 1743 1928 1773 invitus
1952 1744 1990 1773 ab
2015 1753 2052 1774 ea
2075 1744 2195 1774 absolvi
2218 1746 2344 1784 poterit.

1425 1795 1446 1816 ις
1518 1786 1569 1816 AD
1593 1797 1709 1816 mmmm
1733 1797 1815 1817 ERGO
1839 1797 1998 1817 mmmmm
2021 1787 2111 1828 quod
2128 1789 2308 1828 propositio
2331 1789 2426 1819 habet
2448 1791 2528 1820 veri-

1463 1835 1561 1861 tatem
1585 1831 1623 1861 de
1647 1831 1708 1861 illis
1731 1832 1824 1862 bonis
1848 1832 2061 1872 spiritualibus
2078 1842 2160 1872 quae
2183 1833 2216 1862 in
2239 1833 2402 1864 voluntate
2421 1839 2528 1864 nostra

1464 1876 1657 1906 consistunt:
1682 1876 1763 1906 sicut
1779 1882 1853 1906 sunt
1875 1877 2016 1912 virtutes,
2034 1886 2117 1917 quae
2140 1886 2207 1907 non
2223 1883 2358 1917 possunt
2374 1888 2391 1908 a
2414 1878 2528 1908 nolen-

1463 1920 1547 1950 tibus
1570 1920 1670 1960 perdi.
1696 1920 1834 1951 Scientia
1858 1921 1953 1957 enim,
1971 1922 2116 1961 quamvis
2140 1922 2179 1951 sit
2202 1922 2362 1962 spirituale
2385 1923 2526 1959 bonum,

1462 1970 1570 1994 tamen
1593 1970 1700 2004 potest
1723 1975 1740 1995 a
1762 1965 1893 1995 nolente
1915 1975 1973 2005 per
2002 1965 2218 1996 infirmitatem
2245 1966 2355 1996 amitti.
2390 1967 2431 1997 Et
2453 1966 2526 1998 ideo

1421 2009 1542 2038 *iuratio
1566 2018 1633 2039 non
1658 2015 1704 2039 est
1727 2009 1767 2039 ad
1790 2010 2003 2050 propositum.

1517 2053 1567 2082 An
1592 2063 1754 2083 SECUNDUM
1776 2064 1936 2083 melerinum
1959 2053 2058 2094 quod,
2076 2055 2171 2084 etiam
2194 2060 2343 2085 manente
2359 2060 2526 2086 contuma—

1463 2098 1520 2133 cia,
1537 2103 1644 2137 potest
1659 2098 1772 2138 aliquis
1789 2097 1921 2128 discrete
1945 2099 2313 2129 excommunicationem
2331 2100 2412 2129 iuste
2431 2099 2526 2130 latam

1461 2142 1630 2177 remittere,
1647 2143 1673 2172 si
1696 2141 1800 2172 videat
1823 2142 1916 2172 saluti
1939 2142 2022 2172 illius
2046 2142 2194 2183 expedire
2217 2143 2250 2173 in
2274 2144 2364 2173 cuius
2395 2143 2526 2174 medici-

1461 2195 1536 2216 nam
1560 2187 1850 2217 excommunicatio
1874 2186 1936 2216 lata
1960 2192 2015 2217 est.

1421 2243 1444 2262 45

1560 2274 1727 2305 ART.111.
1752 2285 1856 2305 urium
1879 2285 2001 2306 Ames
2024 2285 2127 2307 possm·
2150 2287 2279 2308 ABSOLVt
2302 2288 2340 2307 AB
2364 2288 2425 2308 UNA

1472 2329 1788 2349 xxcommmcmmnn
1812 2323 1878 2350 snm
1902 2330 1965 2350 noc
1990 2330 2075 2351 ouon
2097 2331 2296 2352 Asssorvnux
2319 2332 2357 2352 AB
2382 2332 2513 2353 omanus

1525 2417 1545 2436 n
1570 2417 1703 2437 marum
1735 2417 1780 2437 src
1812 2417 2015 2438 PRocnmrun.
2045 2408 2176 2439 Videtur
2206 2409 2294 2449 quod
2322 2410 2435 2449 aliquis
2458 2420 2526 2440 non

1463 2419 1626 2491 Apossit
1641 2452 1762 2482 absolvi
1783 2452 1821 2481 ab
1843 2462 1907 2482 una
1923 2454 2256 2483 excommunicatione
2272 2454 2332 2483 nisi
2347 2454 2526 2485 absolvatur

1461 2496 1500 2525 ab
1524 2496 1684 2526 omnibus.
1709 2495 1850 2526 Effectus
1873 2497 1960 2526 enim
1983 2496 2078 2527 debet
2100 2498 2337 2538 proportionari
2360 2508 2435 2528 suae
2451 2508 2526 2529 cau-

1462 2549 1524 2570 sae.
1544 2540 1607 2571 Sed
1623 2550 1718 2570 causa
1734 2541 2075 2571 excommunicationis
2092 2547 2138 2571 est
2148 2547 2326 2582 peccatum.
2348 2542 2433 2572 Cum
2449 2553 2525 2583 ergo

1462 2584 1575 2624 aliquis
1598 2594 1665 2615 non
1689 2585 1790 2625 possit
1813 2585 1934 2615 absolvi
1958 2586 1996 2615 ab
2020 2595 2087 2616 uno
2111 2592 2244 2626 peccato
2265 2587 2324 2617 nisi
2347 2587 2526 2618 absolvatur

1462 2629 1501 2658 ab
1526 2630 1686 2666 omnibus,
1711 2639 1771 2659 nec
1801 2630 1834 2659 in
1865 2631 2198 2660 excommunicatione
2221 2631 2284 2661 hoc
2308 2641 2375 2661 esse
2399 2633 2525 2671 poterit.

1422 2685 1444 2705 55
1519 2683 1548 2704 2.
1573 2674 1768 2709 PRAETEREA,
1786 2675 2126 2705 excommunicationis
2150 2675 2308 2705 absolutio
2328 2676 2361 2705 in
2385 2676 2526 2706 Ecclesia

1461 2717 1506 2748 fit.
1532 2717 1595 2749 Sed
1617 2718 1670 2748 ille
1694 2719 1750 2758 qui
1766 2728 1830 2748 una
1854 2720 2187 2749 excommunicatione
2208 2726 2254 2750 est
2276 2720 2424 2756 irretitus,
2442 2726 2527 2751 extra

1461 2762 1638 2793 Ecclesiam
1663 2768 1718 2793 est.
1743 2763 1839 2802 Ergo,
1858 2763 2000 2803 quandiu
2025 2773 2088 2793 una
2111 2770 2234 2800 manet,
2261 2765 2299 2794 ab
2323 2764 2383 2794 alia
2405 2765 2525 2795 absolvi

1461 2817 1528 2837 non
1551 2812 1666 2847 potest.

1517 2851 1579 2883 San
1604 2861 1736 2887 CONTRA,
1754 2853 2044 2883 excommunicatio
2069 2851 2227 2892 quaedam
2249 2862 2355 2892 poena
2379 2858 2433 2883 est.
2463 2853 2526 2884 Sed

1461 2896 1499 2926 ab
1524 2905 1588 2926 una
1610 2905 1716 2936 poena
1739 2896 1852 2936 aliquis
1884 2897 2032 2927 liberatur
2060 2897 2120 2926 alia
2149 2902 2342 2927 remanente.
2377 2897 2462 2937 Ergo
2486 2898 2524 2928 ab

1461 2949 1526 2971 una
1541 2941 1887 2976 excommunicatione,
1904 2941 1963 2971 alia
1979 2946 2172 2977 remanente,
2186 2942 2256 2980 quis
2273 2941 2393 2971 absolvi
2408 2947 2523 2981 potest.

1516 2985 1706 3015 RESPONDEO
1730 2995 1890 3015 mmmmm
1914 2985 2004 3025 quod
2022 2985 2371 3016 excommunicationes
2386 2995 2453 3016 non
2469 2986 2524 3016 ha—

1462 3029 1538 3059 bent
1562 3029 1800 3059 connexionem
1822 3030 1856 3059 in
1880 3030 1998 3070 aliquo.
2032 3030 2073 3060 Et
2096 3029 2169 3060 ideo
2192 3030 2342 3070 possibile
2367 3035 2413 3060 est
2436 3030 2525 3070 quod

1462 3073 1576 3113 aliquis
1599 3074 1637 3103 ab
1662 3083 1726 3103 una
1750 3074 1939 3110 absolvatur,
1957 3080 1988 3104 et
2010 3075 2043 3104 in
2060 3074 2155 3104 altera
2178 3079 2347 3104 remaneat.

1517 3117 1580 3148 Sed
1603 3118 1686 3148 circa
1713 3119 1776 3148 hoc
1799 3118 1966 3148 sciendum
1996 3124 2042 3148 est
2066 3117 2155 3158 quod
2182 3118 2295 3158 aliquis
2328 3118 2523 3159 quandoque

1462 3167 1509 3192 est
1528 3163 1824 3193 excommunicatus
1840 3163 1984 3203 pluribus
2001 3163 2385 3193 excommunicationibus
2401 3163 2439 3192 ab
2456 3173 2523 3193 uno

1461 3205 1577 3236 iudice.
1602 3206 1643 3236 Et
1665 3212 1753 3242 tunc,
1771 3207 1901 3247 quando
1925 3207 2098 3237 absolvitur
2121 3208 2158 3237 ab
2182 3217 2256 3243 una,
2279 3207 2463 3247 intelligitur
2485 3208 2523 3237 ab

1462 3251 1612 3280 omnibus
1635 3251 1772 3281 absolvi:
1797 3252 1858 3281 nisi
1881 3253 2076 3282 contrarium
2100 3252 2306 3291 exprimatur3
2335 3251 2386 3281 vel
2408 3252 2469 3281 nisi
2490 3252 2525 3282 in

1462 3304 1557 3324 causa
1579 3304 1644 3335 qua
1659 3296 1730 3335 quis
1746 3295 1983 3326 absolutionem
1998 3297 2145 3336 impetrat
2168 3295 2207 3325 de
2223 3305 2289 3326 uno
2310 3301 2434 3325 tantum
2450 3305 2525 3326 casu

1463 3339 1814 3375 excommunicationis,
1831 3349 1907 3370 cum
1930 3340 2073 3381 pluribus
2093 3340 2387 3370 excommunicatus
2411 3340 2450 3369 sit
2464 3341 2491 3370 θ’.
2503 3358 2527 3362 -

1462 3382 1668 3423 Quandoque
1693 3389 1740 3413 est
1763 3385 2060 3415 excommunicatus
2083 3395 2101 3415 a
2125 3384 2252 3415 diversis
2281 3383 2450 3414 iudicibus.
2485 3384 2526 3414 Et

1462 3433 1540 3457 tunc
1556 3427 1720 3458 absolutus
1736 3428 1775 3457 ab
1795 3438 1859 3458 una
1874 3430 2218 3464 excommunicatione,
2234 3438 2300 3459 non
2317 3434 2447 3468 propter
2462 3429 2526 3459 hoc

1463 3477 1510 3502 est
1526 3472 1690 3502 absolutus
1706 3472 1745 3502 ab
1761 3472 1872 3502 altera:
1897 3473 1958 3503 nisi
1974 3483 2087 3503 omnes
2104 3474 2165 3508 alii,
2183 3472 2222 3503 ad
2242 3473 2431 3513 petitionem
2447 3473 2524 3508 eius,

1463 3516 1699 3546 absolutionem
1723 3516 1790 3546 eius
1813 3516 2086 3553 confirmaverint;
2111 3517 2160 3548 vel
2184 3518 2244 3547 nisi
2261 3526 2373 3547 omnes
2396 3516 2526 3547 deman-

344 3555 451 3596 quoad
475 3555 595 3596 aliquid
617 3557 782 3588 vinculum
801 3559 1144 3590 'excommunicationis
1165 3565 1212 3590 est
1230 3560 1342 3596 maius,
1359 3560 1407 3590 in·
1422 3573 1446 3594 75
1464 3560 1540 3590 dent
1562 3561 1619 3591 uni
1642 3560 1878 3591 absolutionem
1895 3562 1921 3591 ’ἱ

2556 562 2565 571 ·
2579 560 2617 581 Ad
2628 560 2698 587 Heb„
2715 567 2766 589 cap.

2555 592 2586 612 vi,
2601 592 2660 608 vers.
2678 587 2711 610 26.

2554 3346 2563 3354 ·
2578 3344 2635 3371 Cap.
2651 3343 2705 3365 Cum
2736 3349 2763 3364 ro

2554 3377 2639 3397 causa,
2656 3370 2685 3392 de
2717 3373 2761 3392 ent.

2553 3397 2670 3419 Excomm.
2693 3409 2703 3413 -
2727 3398 2765 3419 Cf.

2555 3424 2632 3447 Gloss.

2547 3537 2766 3590 Jrsssss{‘¹.”c{f⁴&15}{5
