2918 4088
215 778 227 787 ·
242 776 277 798 Cf.
290 781 328 803 qu.
338 781 375 801 Lx,
390 775 428 796 1n-

216 803 276 824 trod.

216 830 226 840 “
243 829 290 856 Qu.
305 834 374 849 Lxxn.

216 874 226 884 ·
242 872 288 926 (gi.
304 877 382 893 Lxxm.

217 901 237 910 '¹
279 904 407 920 u.1.xxx1v.

217 932 226 940 ·
248 930 366 956 Supplem.
389 934 428 956 qu.

218 962 232 977 x
259 962 273 976 x

218 962 299 1003 '‘dbid.
307 988 345 1009 qu.
351 987 427 1003 xxxiv.

216 1010 225 1020 ·
240 1007 298 1030 lbid.
317 1014 355 1034 qu.
373 1013 419 1028 xm.

312 1148 327 1164 α

216 1176 225 1185 ·
241 1174 288 1200 Qu.
304 1179 355 1194 Lxx.

216 1354 225 1363 ·
241 1354 287 1380 Qu.
303 1358 373 1374 υινιι.

216 1404 226 1414 ·
242 1402 288 1457 (ΕΙ.
304 1408 383 1424 ικνιη.

216 1431 237 1440 ··
279 1436 301 1451 u.
315 1435 377 1451 inx.
413 1447 415 1449 ,

219 2193 228 2201 “
243 2190 279 2211 De
288 2189 347 2211 Fide
362 2189 430 2211 Orth.

219 2217 258 2238 lib.
274 2216 314 2243 IV,
332 2222 382 2244 cap.
398 2222 429 2237 ix.

219 2250 228 2258 “
236 2247 271 2268 De
276 2247 381 2268 Sacram.
390 2247 429 2268 lib.

218 2274 247 2301 Π,
255 2278 345 2301 parmi,
353 2279 402 2302 cap.
409 2279 429 2295 2.

317 2407 332 2431 Υ

316 2455 330 2479 ὂ

220 2490 230 2499 ·
243 2488 320 2511 Tract.
338 2488 420 2511 LXXX
425 2506 431 2516 ,

219 2521 241 2536 n.
257 2521 276 2544 3.

318 2566 328 2582 ε

218 2671 228 2681 “
243 2669 309 2692 VerS.
324 2676 360 2698 30.

449 177 497 212 62

1128 177 1390 226 QUAEsrlo
1419 177 1558 222 wa,
1588 171 1879 211 ARTICULUS
1907 172 1921 208 1

903 386 1313 465 QUAESTIO
1360 380 2184 439 SEXAGESIMASEXTA

1117 506 1199 546 DE
1233 502 1650 545 SACRAMENTO
1685 501 1965 542 BAPTISMI

1236 619 1272 644 IN
1298 618 1482 644 DUODECIM
1510 617 1710 643 ARTICULOS
1737 617 1850 643 DrV1SA

540 729 645 754 mum:
681 716 1003 754 considerandum
1038 721 1093 750 est
1127 713 1175 749 de
1209 711 1364 759 singulis
1392 723 1514 748 sacra-

458 727 677 809 Dmentis
703 769 742 806 in
768 767 919 818 speciali
937 767 967 803 ²⁵⁴.
998 767 1046 803 Et
1069 765 1207 814 primo,
1229 765 1276 801 de
1303 763 1514 813 baptismo;

456 823 646 869 secundo,
676 823 723 859 de
751 819 1043 858 confirmatione
1061 819 1099 864 *3
1128 817 1256 863 tertio,
1286 817 1334 854 de
1362 817 1515 854 Eucha—

456 875 558 912 ristia
576 875 614 922 *;
643 882 791 924 quarto,
812 874 859 910 de
878 870 1110 921 poenitentia
1128 870 1189 915 *²¹⁸3
1219 869 1365 920 quinto,
1386 870 1435 907 de
1454 881 1521 907 exe

455 935 576 965 trema
604 926 785 964 unctione
804 926 841 972 *3
866 933 982 971 sexto,
1012 925 1060 961 de
1087 923 1221 960 ordine
1240 923 1300 969 *³⁸3
1330 922 1515 972 septimo,

456 981 504 1017 de
533 979 778 1017 matrimonio
797 978 828 1015 ⁹¹⁸.

483 1054 485 1056 -
511 1032 620 1069 Circa
654 1031 825 1081 primum
862 1029 1026 1067 occurrit
1060 1029 1203 1078 duplex
1240 1028 1514 1066 consideratio:

455 1085 591 1134 prima,
621 1085 668 1121 de
697 1084 781 1133 ipso
809 1083 1018 1132 baptismo;
1048 1082 1229 1130 secunda,
1249 1082 1298 1119 de
1317 1094 1516 1131 praepara-

455 1137 560 1174 toriis
587 1136 766 1186 baptismi
786 1142 803 1158 α
821 1136 851 1173 *.
928 1142 930 1144 ’

509 1189 619 1227 Circa
658 1189 830 1238 primum
865 1196 1032 1238 quatuor
1068 1187 1348 1225 consideranda
1385 1199 1517 1225 occur-

455 1250 562 1279 runt:
593 1241 731 1291 primo,
753 1242 800 1278 de
820 1241 879 1278 his
899 1254 998 1291 quae
1026 1240 1217 1291 pertinent
1235 1241 1286 1277 ad
1304 1252 1517 1277 sacramen-

454 1303 538 1332 tum
573 1294 771 1344 baptismi;
810 1295 1000 1340 secundo,
1030 1294 1077 1331 de
1104 1293 1277 1331 ministro
1306 1293 1422 1330 huius
1460 1305 1517 1330 sa-

455 1347 639 1386 cramenti
657 1347 697 1395 *;
732 1347 859 1395 tertio,
896 1348 944 1385 de
979 1346 1247 1396 recipientibus
1284 1347 1361 1383 hoc
1395 1358 1518 1383 sacra-

455 1400 678 1447 mentum*;
699 1408 847 1450 quarto,
868 1400 916 1437 de
936 1401 1075 1437 effectu
1094 1399 1211 1437 huius
1230 1398 1456 1437 sacramenti
1466 1398 1517 1436 *ἢ

458 1454 567 1491 Circa
595 1453 766 1502 primum
794 1461 1032 1503 quaeruntur
1059 1452 1279 1490 duodecim.

509 1506 660 1544 Primo:
691 1506 784 1556 quid
804 1506 850 1544 sit
868 1506 1092 1556 baptismus,
1112 1504 1273 1543 utrumss
1297 1505 1343 1542 sit
1361 1504 1518 1543 ablutio.

1625 711 1828 748 Secundo:
1858 711 1906 748 de
1934 711 2169 749 institutione
2197 710 2314 748 huius
2332 711 2580 750 sacramenti.

1624 763 1776 801 Tertio:
1806 771 1939 801 utrum
1966 776 2068 814 aqua
2095 764 2141 801 sit
2159 764 2315 814 propria
2333 764 2492 802 materia
2519 764 2636 803 huius

1679 817 1916 854 sacramenti.

1626 869 1796 916 Quarto:
1829 877 1962 907 utrum
1990 870 2207 919 requiratur
2234 883 2336 920 aqua
2363 870 2536 921 simplex.

1626 922 1793 969 Quinto:
1823 931 1955 960 utrum
1977 924 2079 974 *haec
2098 923 2143 960 sit
2163 923 2398 961 conveniens
2415 924 2540 961 forma
2563 924 2636 961 hu-

1678 975 1738 1012 ius
1765 975 2009 1013 sacramenti:
2047 978 2134 1026 Ego
2168 982 2202 1014 te
2236 978 2377 1026 baptizo
2412 978 2450 1014 in
2485 978 2637 1014 nomine

1677 1030 1799 1066 Patris
1826 1034 1860 1066 et
1885 1029 1974 1066 Filii
2000 1035 2033 1066 et
2060 1031 2215 1079 Spiritus
2242 1031 2378 1067 Sancti.

1626 1082 1762 1119 Sexto:
1801 1089 1934 1119 utrum
1966 1082 2039 1119 sub
2074 1083 2147 1119 hac
2183 1082 2307 1120 forma
2342 1082 2462 1132 possit
2498 1081 2636 1131 aliquis

1678 1134 1879 1183 baptizari:
1908 1136 1995 1185 Ego
2022 1141 2057 1172 te
2083 1137 2225 1185 baptizo
2252 1137 2290 1172 in
2315 1137 2466 1173 nomine
2488 1136 2633 1173 Christi.

1628 1187 1821 1236 Septimo:
1859 1195 1992 1225 utrum
2023 1187 2221 1225 immersio
2259 1187 2306 1225 sit
2340 1188 2388 1225 de
2415 1188 2636 1226 necessitate

1679 1240 1869 1289 baptismi.

1627 1293 1797 1330 Octavo:
1827 1300 1959 1330 utrum
1987 1293 2202 1342 requiratur
2228 1292 2327 1330 trina
2353 1292 2563 1331 immersio.

1625 1346 1764 1383 Nono:
1795 1353 1927 1383 utrum
1955 1346 2169 1395 baptismus
2197 1345 2316 1395 possit
2343 1345 2480 1383 iterari.

1626 1398 1808 1436 Decimo:
1838 1398 1886 1436 de
1914 1398 1988 1436 ritu
2016 1398 2206 1448 baptismi.

1626 1451 1864 1490 Undecimo:
1894 1452 1942 1489 de
1971 1451 2212 1489 distinctione
2239 1451 2526 1502 baptismatum.

1627 1504 1893 1542 Duodecimo:
1923 1505 1971 1542 de
1991 1505 2279 1555 comparatione
2298 1504 2585 1554 baptismatum.

1269 1615 1588 1658 ARTICULUS
1619 1615 1826 1658 PRIMUS

1127 1709 1286 1740 UTRUM
1308 1667 1551 1740 B-APTISMUS
1574 1708 1641 1739 SIT
1665 1708 1757 1739 IPSA
1779 1708 1972 1740 ABLUTlo

1263 1787 1297 1812 IV
1316 1788 1400 1817 Sent„
1420 1787 1479 1814 dist.
1497 1795 1535 1825 nr,
1555 1793 1602 1813 art.
1622 1794 1650 1819 ¹3
1669 1787 1766 1820 Expos.
1785 1787 1832 1813 litt.

578 1902 607 1917 ‚l
644 1894 646 1897 v
670 1881 692 1905 D
719 1880 854 1905 PmMUM
881 1880 932 1905 S1c
962 1879 1197 1905 PROCEDITUR.
1227 1867 1388 1904 Videtur
1415 1867 1523 1916 quod

512 1915 534 1930 '¹
669 1921 883 1970 baptismus
910 1933 991 1958 non
1013 1921 1058 1957 sit
1077 1921 1160 1970 ipsa
1178 1920 1335 1958 ablutio.
1364 1920 1521 1958 Ablutio

478 1992 591 2025 ,v-
645 1974 775 2013 enim
803 1973 1012 2023 corporalis
1035 1973 1177 2011 transit.
1207 1973 1426 2023 Baptismus
1455 1986 1521 2011 au-

477 2022 491 2035 ’”
516 2005 576 2055 ζ’·
628 2021 748 2066 Χῐεῐη
766 2034 978 2076 permanet.
1008 2028 1110 2075 Ergo
1134 2026 1348 2075 baptismus
1366 2038 1447 2063 non
1467 2033 1522 2063 est

458 2081 541 2130 ipsa
575 2079 739 2117 ablutio:
779 2080 845 2116 sed
873 2079 1001 2129 potius
1037 2081 1270 2129 regeneratio
1299 2085 1332 2116 et
1357 2079 1522 2129 sigillum

457 2140 492 2171 et
519 2133 682 2170 custodia
711 2138 743 2169 et
775 2132 1010 2178 illuminatio,
1040 2140 1083 2169 ut
1114 2132 1379 2169 Damascenus
1414 2131 1520 2179 dicit,

458 2186 497 2223 in
525 2187 575 2223 IV
603 2185 699 2222 libro
719 2185 749 2221 ³⁶.
995 2208 999 2212 -

513 2251 547 2276 2.
578 2239 810 2285 PRAETEREA,
834 2238 950 2286 Hugo
979 2238 1027 2275 de
1056 2245 1187 2275 sancto
1214 2237 1367 2275 Victore
1396 2237 1485 2275 dicit
1502 2238 1522 2260 ’¹‘

458 2292 565 2342 quod
584 2293 783 2341 baptismus
802 2297 852 2328 est
871 2304 969 2341 aqua
997 2291 1175 2328 diluendis
1194 2293 1410 2328 criminibus
1435 2304 1521 2329 san-

458 2347 615 2393 ctificata
638 2357 710 2394 per
736 2346 890 2382 verbum
919 2345 1001 2381 Dei.
1040 2345 1154 2393 Aqua
1189 2352 1319 2381 autem
1351 2356 1432 2381 non
1467 2352 1522 2381 est

457 2398 540 2447 ipsa
559 2397 714 2444 ablutio,
735 2397 802 2434 sed
821 2396 963 2434 ablutio
983 2404 1039 2434 est
1057 2396 1217 2446 quidam
1236 2409 1330 2434 usus
1349 2409 1473 2446 aquae
1492 2402 1519 2434 Υ.

513 2450 547 2487 3.
568 2451 800 2497 PRAETEREA,
821 2449 1057 2498 Augustinus
1076 2450 1165 2487 dicit
1183 2448 1208 2497 ὅ,
1231 2462 1343 2500 super
1359 2452 1468 2488 Ioan.
1484 2450 1518 2487 *ε

457 2503 608 2540 Accedit
642 2505 795 2540 verbum
830 2503 880 2540 ad
914 2503 1133 2540 elementum
1165 2509 1199 2539 et
1223 2505 1275 2552 fit
1309 2515 1519 2540 sacramen-

458 2562 546 2593 tum.
582 2556 829 2593 Elementum
869 2563 1000 2592 autem
1032 2563 1087 2592 est
1119 2555 1201 2605 ipsa
1235 2568 1336 2606 aqua
1354 2561 1378 2593 ⁸.
1417 2557 1530 2605 Ergo.

457 2608 671 2658 baptismus
699 2616 754 2645 est
781 2608 864 2658 ipsa
891 2621 1008 2658 aqua,
1037 2621 1118 2646 non
1146 2615 1277 2646 autem
1309 2608 1465 2647 ablutio.

512 2662 586 2699 SED
606 2673 750 2698 CONTRA
769 2673 834 2698 EsT
853 2661 961 2710 quod
980 2661 1118 2699 dicitur
1135 2662 1249 2699 Eccli.
1265 2674 1372 2699 xxxiv
1385 2661 1420 2699 *t
1448 2663 1522 2705 Qui

458 2716 662 2764 baptizatur
697 2727 720 2751 a
754 2720 901 2752 mortuo
929 2721 962 2751 et
990 2716 1122 2751 iterum
1157 2717 1276 2764 tangit
1309 2721 1518 2762 mortuum,

458 2768 546 2817 quid
565 2769 716 2817 proficit
743 2767 828 2804 lotio
849 2766 860 2792 ζ
887 2767 992 2804 eius?
1018 2767 1180 2804 Videtur
1206 2779 1296 2816 ergo
1323 2768 1429 2817 quod
1453 2768 1518 2805 ba-

457 2820 619 2870 ptismus
648 2819 693 2856 sit
720 2820 802 2869 ipsa
830 2818 990 2868 ablutio,
1020 2820 1100 2857 sive
1129 2820 1233 2858 lotio.

509 2874 733 2910 Rsspommo
761 2885 943 2910 mcENDUM
975 2874 1083 2922 quod
1115 2873 1155 2910 in
1183 2881 1421 2911 sacramento
1453 2873 1519 2911 ba-

456 2925 584 2975 ptismi
612 2934 667 2963 est
693 2925 763 2962 tria
792 2926 1052 2967 considerare:
1082 2925 1226 2975 aliquid
1254 2925 1393 2963 scilicet
1411 2927 1518 2976 quod

457 2986 511 3015 est
537 2985 811 3016 sacramentum
833 2985 995 3024 tantum;
1023 2978 1167 3028 aliquid
1187 2986 1316 3016 autem
1336 2980 1444 3028 quod
1463 2987 1519 3016 est

458 3044 515 3068 res
549 3038 582 3068 et
608 3038 882 3069 sacramentum
889 3045 902 3077 ;
934 3031 1078 3082 aliquid
1113 3039 1244 3069 autem
1270 3038 1288 3060 η
1323 3033 1430 3082 quod
1464 3040 1519 3070 est

458 3096 515 3121 res
534 3090 686 3121 tantum.
718 3085 1009 3122 Sacramentum
1028 3093 1159 3122 autem
1178 3083 1190 3106 ⁰
1210 3093 1360 3122 tantum
1380 3093 1435 3122 est
1453 3085 1518 3123 ali-

457 3136 550 3185 quid
578 3136 724 3173 visibile
752 3137 915 3174 exterius
943 3138 1127 3185 existens,
1157 3138 1263 3187 quod
1297 3138 1436 3176 scilicet
1463 3145 1519 3175 est

458 3188 610 3237 signum
637 3189 823 3226 interioris
852 3190 1028 3227 effectus:
1059 3192 1135 3228 hoc
1162 3190 1267 3227 enim
1285 3190 1447 3240 pertinet
1469 3191 1518 3228 ad

510 3300 538 3334 α)
557 3300 688 3333 baptismi.
706 3315 725 3319 —
742 3301 779 3326 ad
798 3301 956 3333 baptismum
975 3302 1022 3327 Pa.

511 3335 536 3370 β)
557 3340 657 3362 utrum.
673 3349 692 3355 -
710 3336 811 3362 scilicet
829 3337 925 3362 addunt
943 3338 981 3362 ΡΙ.
1001 3338 1051 3362 Pro
1069 3338 1178 3368 ablutio,
1198 3339 1329 3364 absolutio
1348 3339 1386 3364 bc.

510 3371 537 3405 γ)
556 3379 649 3404 aquae.
666 3386 686 3391 ·-
703 3379 768 3404 ergo
786 3375 835 3397 etc.
854 3372 923 3396 addit
941 3373 969 3397 P.

510 3405 524 3430 ὃ
555 3407 628 3432 dicit.
645 3421 664 3425 —
682 3407 768 3432 Tertia
775 3414 782 3436 3
806 3413 865 3440 post
884 3407 958 3432 Ioan.
978 3407 1051 3440 ponit
1068 3415 1093 3437 a,
1113 3415 1165 3433 om.
1185 3410 1270 3433 ceteri.

511 3406 535 3476 εξ
553 3449 632 3475 aqua.
650 3457 669 3461 -
688 3442 713 3467 in
733 3445 901 3467 sacramento
920 3442 1045 3475 baptismi
1064 3443 1159 3468 addunt
1178 3443 1218 3469 ΡΙ.

1576 1867 1765 1904 rationem
1784 1867 2022 1910 sacramenti.
2050 1867 2227 1905 Exterius
2246 1876 2377 1907 autem
2395 1869 2641 1920 suppositum

1576 1920 1705 1957 sensui
1724 1928 1779 1957 est
1798 1928 1834 1957 et
1852 1920 1935 1970 ipsa
1954 1933 2066 1970 aqua,
2088 1929 2123 1958 et
2149 1933 2243 1958 usus
2262 1921 2356 1966 eius,
2373 1922 2441 1972 qui
2460 1930 2516 1960 est
2533 1922 2640 1961 ablu-

1576 1973 1640 2010 tio.
1671 1973 1844 2020 Quidam
1863 1985 1952 2022 ergo
1979 1973 2292 2012 existimaverunt
2312 1976 2420 2024 quod
2437 1975 2522 2026 ipsa
2539 1988 2642 2026 aqua

1577 2025 1623 2063 sit
1651 2034 1947 2064 sacramentum.
1978 2027 2098 2073 Quod
2117 2026 2277 2076 quidem
2305 2040 2442 2066 sonare
2460 2028 2642 2068 videntur

1575 2079 1695 2116 verba
1723 2079 1899 2128 Hugonis
1927 2079 1973 2116 de
2000 2081 2135 2117 Sancto
2162 2082 2316 2118 Victore.
2359 2082 2465 2119 Nam
2491 2081 2573 2132 ipse
2599 2081 2641 2120 in

1577 2132 1778 2169 communi
1807 2131 2029 2169 definitione
2054 2133 2318 2171 sacramenti*
2337 2134 2426 2172 dicit
2451 2135 2560 2184 quod
2586 2142 2642 2174 est

1576 2185 1769 2222 materiale
1796 2185 2036 2222 elementum:
2063 2193 2099 2223 et
2118 2186 2158 2224 in
2181 2186 2404 2225 definitione
2423 2187 2603 2239 baptismi
2620 2188 2642 2211 '⁸

1577 2237 1666 2275 dicit
1685 2238 1792 2287 quod
1821 2246 1876 2275 est
1903 2251 2013 2288 aqua.

1631 2291 1708 2328 Sed
1737 2292 1813 2328 hoc
1839 2303 1919 2328 non
1948 2299 2004 2329 est
2022 2297 2030 2313 ⁸
2057 2304 2207 2330 verum.
2247 2292 2350 2330 Cum
2377 2293 2483 2331 enim
2517 2306 2640 2332 sacra-

1576 2352 1707 2382 menta
1721 2356 1846 2381 novae
1866 2344 1956 2393 legis
1976 2344 2317 2383 sanctificationem
2331 2346 2530 2395 quandam
2549 2359 2640 2397 ope-

1576 2404 1717 2444 rentur,
1738 2396 1790 2434 ibi
1818 2397 2014 2446 perficitur
2039 2406 2323 2436 sacramentum
2350 2399 2418 2436 ubi
2445 2399 2642 2449 perficitur

1576 2449 1833 2487 sanctificatio.
1862 2451 1905 2487 In
1924 2462 2026 2499 aqua
2044 2458 2174 2488 autem
2193 2463 2274 2488 non
2291 2451 2489 2501 perficitur
2506 2452 2641 2491 sancti-

1574 2502 1721 2540 ficatio:
1751 2503 1819 2540 sed
1839 2510 1894 2540 est
1911 2502 1964 2540 ibi
1983 2504 2176 2553 quaedam
2195 2504 2503 2542 sanctificationis
2521 2505 2641 2544 virtus

1575 2555 1883 2603 instrumentalis,
1905 2568 1985 2593 non
2004 2568 2248 2606 permanens,
2269 2558 2347 2595 sed.
2361 2557 2488 2595 fluens
2507 2558 2547 2596 in
2570 2559 2640 2597 ho-

1575 2609 1734 2656 minem,
1763 2608 1831 2659 qui
1859 2617 1914 2646 est
1939 2621 2053 2647 verae
2075 2610 2383 2648 sanctificationis
2411 2611 2639 2650 subiectum.

1575 2662 1623 2699 Et
1641 2661 1729 2699 ideo
1749 2670 2033 2700 sacramentum
2053 2675 2133 2700 non
2151 2663 2347 2712 perficitur
2365 2663 2406 2701 in
2424 2664 2507 2714 ipsa
2526 2677 2639 2715 aqua,

1575 2715 1642 2752 sed
1666 2715 1705 2752 in
1725 2714 1978 2764 applicatione
2002 2728 2126 2765 aquae
2145 2717 2195 2753 ad
2223 2716 2437 2764 hominem,
2458 2729 2558 2767 quae
2585 2725 2642 2755 est

1575 2767 1730 2805 ablutio.
1768 2769 1816 2805 Et
1843 2767 1931 2805 ideo
1963 2768 2155 2817 Magister,
2184 2769 2224 2806 in
2252 2781 2285 2807 m
2317 2769 2399 2807 dist.
2420 2771 2471 2808 IV
2489 2772 2586 2808 Sent.
2605 2769 2638 2818 ¹⁸²,

1574 2820 1664 2858 dicit
1682 2821 1789 2870 quod
1817 2822 2017 2871 baptismus
2044 2828 2095 2859 est
2120 2822 2256 2860 ablutio
2283 2824 2450 2873 corporis
2477 2825 2641 2861 exterior

1563 2875 1674 2922 sacta
1700 2875 1768 2911 sub
1785 2875 1921 2922 forma
1943 2877 2178 2925 praescripta
2203 2877 2416 2914 verborum.

1627 2928 1704 2964 Res
1732 2934 1863 2964 autem
1891 2935 1927 2964 et
1955 2928 2240 2966 sacramentum
2269 2935 2324 2966 est
2351 2929 2546 2966 character
2572 2929 2638 2967 ba-

1573 2979 1775 3029 ptismalis:
1813 2980 1880 3029 qui
1908 2988 1964 3017 est
1992 2992 2052 3018 res
2080 2979 2288 3029 significata
2314 2993 2384 3030 per
2411 2981 2638 3020 exteriorem

1573 3032 1822 3080 ablutionem,
1852 3040 1888 3070 et
1916 3041 1971 3070 est
2003 3033 2156 3082 signum
2184 3035 2458 3071 sacramentale
2485 3034 2638 3072 interio-

1572 3085 1622 3123 ris
1649 3085 1934 3123 iustificationis
1966 3086 2078 3133 Quae
2107 3093 2162 3122 est
2189 3097 2250 3124 res
2277 3093 2427 3124 tantum
2446 3087 2563 3125 huius
2582 3100 2637 3126 sa-

1573 3138 1775 3176 cramenti:
1812 3138 1970 3190 scilicet,
1999 3137 2207 3187 significata
2235 3146 2271 3175 et
2298 3151 2379 3176 non
2408 3139 2635 3190 significans.

1627 3192 1684 3228 An
1711 3203 1846 3228 PRIMUM
1865 3203 1963 3229 ERGO
1990 3203 2172 3229 memnona
2195 3192 2302 3241 quod
2322 3191 2361 3229 id
2380 3193 2488 3242 quod
2507 3201 2562 3230 est
2580 3206 2638 3231 sa-

1626 3303 1652 3338 ζ)
1672 3305 1745 3331 lotio.
1757 3319 1776 3324 —-
1793 3305 1893 3330 lavatio
1911 3305 1985 3330 tertia
2003 3309 2104 3337 praeter
2123 3305 2170 3336 εΗ,
2190 3305 2288 3331 locutio
2300 3305 2371 3339 DpF.
2385 3319 2404 3325 —
2422 3307 2472 3331 Pro
2490 3307 2545 3332 sive
2563 3307 2637 3339 lotio,

1572 3339 1628 3365 sive
1646 3340 1747 3365 lavatio
1766 3340 1829 3370 PGI,
1847 3341 1902 3365 sive
1921 3340 2018 3365 locutio
2037 3340 2085 3373 pE,
2098 3348 2152 3366 om.
2172 3340 2234 3366 Dbc.
2247 3341 2289 3373 pH
2308 3349 2362 3366 om.
2376 3342 2550 3374 baptismus...
2562 3343 2637 3368 lotio.

1626 3374 1654 3408 η)
1673 3375 1776 3408 aliquia
1796 3378 1894 3400 autem.
1911 3389 1931 3419 -.-
1948 3375 2051 3408 aliquid
2069 3376 2143 3407 BCE,
2162 3379 2189 3401 et
2206 3375 2283 3401 aliud
2301 3376 2330 3408 F,
2349 3377 2452 3409 aliquid
2476 3385 2539 3403 vero
2563 3378 2638 3403 tertia

1572 3411 1770 3479 prazgeradtem.
1786 3459 1805 3464 -—
1824 3445 1885 3470 Om.
1904 3445 1926 3469 D
1946 3450 1971 3470 et
1990 3445 2124 3471 editiones.

1627 3479 1646 3515 ι)
1665 3484 1713 3506 est.
1732 3495 1751 3499 -
1769 3480 1876 3506 videtur
1893 3487 1948 3506 esse
1967 3480 2006 3506 ΡΙ.

2668 2139 2679 2149 ·
2684 2136 2833 2160 DeSacram.
2840 2136 2881 2160 lib.

2667 2163 2883 2219 ewa-20:22:

2667 2223 2688 2240 a.

2668 2741 2881 2797 mmmm...
