2878 4088
167 434 177 442 ¹¹
194 431 288 452 Hieron.
310 430 376 451 Com-

168 459 236 479 ment.
257 458 281 478 in
295 457 378 478 Matth.

169 484 207 506 lib.
224 484 270 509 111,
285 484 313 505 ad
329 490 379 511 cap.

167 517 215 537 xix,
231 517 289 532 vers.
305 516 327 538 9.

169 873 382 900 'tzanldolotatriffi

171 906 232 922 caus.
269 900 381 925 XXVIII,

169 933 239 979 §3123
249 932 298 975 ⁰⁸31·
310 927 382 984 ρ’ἑέζ

169 980 278 1028 8³55th
294 979 323 1001 de
339 980 381 1001 Dt-

170 1402 196 1423 ·1
207 1402 240 1423 ad
254 1401 317 1428 Cor„
328 1407 378 1429 cap.

169 1435 204 1455 ιι,
221 1435 280 1451 vers.
299 1435 323 1457 33
347 1429 381 1450 ad

168 1455 252 1483 Ephes.
276 1461 327 1483 cap.
349 1462 362 1476 v
375 1472 380 1482 ,

169 1488 227 1504 vers.
243 1487 276 1510 23.

168 1583 177 1594 ·
190 1582 229 1604 Aa
248 1582 312 1603 Rom.
329 1588 379 1610 cap.

168 1615 191 1634 ι,
205 1615 265 1632 vers.
281 1614 312 1636 3²-

169 1637 179 1647 ¹¹
186 1635 244 1657 Dist.
253 1641 321 1662 xxxv,
328 1641 379 1666 cap.

168 1661 217 1684 Sed
224 1662 282 1683 haec
292 1668 379 1683 omnia.

168 1720 178 1729 '
193 1718 260 1740 Vers.
277 1718 310 1741 ¹6.

169 1799 178 1809 ·
193 1798 259 1821 Vera.
276 1805 307 1827 ¹5.

168 2161 177 2171 ·
194 2159 250 2181 ord.
265 2159 360 2181 Seduni.

166 2187 189 2198 ··
204 2186 271 2208 Vers.
287 2192 317 2209 ¹2.

168 3395 225 3451 {CR
236 3402 275 3424 qu.
283 3401 328 3423 uv,
339 3400 381 3419 nrt.

169 3553 179 3563 ·
195 3553 251 3579 Arg.
265 3551 315 3574 Sed
326 3557 382 3574 con-

168 3580 207 3600 tra
224 3585 243 3601 ι.

412 214 481 250 126

460 292 511 322 Ao
530 303 665 322 TERTIUM
687 303 847 323 mcaNDUM
870 293 960 333 quod
983 293 1150 324 fornicatio
1167 294 1285 325 directe
1302 299 1347 324 est
1364 298 1474 324 contra

406 337 490 367 bona
514 338 724 367 matrimonii:
751 338 825 377 quia
848 338 970 368 tollitur
993 348 1050 379 per
1078 349 1148 369 eam
1173 338 1328 370 certitudo
1356 337 1472 377 prolis;

407 387 438 411 et
460 380 539 411 fides
563 380 733 422 frangitur;
758 388 789 413 et
812 381 1000 422 significatio
1025 393 1092 413 non
1116 389 1266 418 servatur,
1288 382 1366 412 dum
1390 391 1473 411 unus

407 426 584 465 coniugum
607 426 752 466 pluribus
780 435 911 457 carnem
934 437 1026 458 suam
1057 428 1170 458 dividit
1191 429 1217 458 θ.
1253 427 1294 457 Et
1317 426 1390 456 ideo
1415 425 1474 455 alia

407 470 549 506 crimina,
567 472 712 510 quamvis
735 470 818 502 forte
841 473 904 502 sint
926 472 1047 502 maiora
1070 471 1291 506 fornicatione,
1308 480 1375 500 non
1400 479 1474 500 cau-

407 519 476 544 sant
499 514 682 545 divortium.

463 558 526 590 Sed
550 560 625 599 quia
647 559 827 596 infidelitas,
845 570 928 600 quae
952 560 1066 591 dicitur
1081 559 1260 601 spiritualis
1275 558 1473 600 fornicatio,

409 603 504 633 etiam
528 609 575 634 est
598 609 708 634 contra
723 605 918 635 matrimonii
942 605 1065 635 bonum
1087 604 1175 644 quod
1199 609 1246 634 est
1267 603 1373 643 proles
1397 601 1474 632 edu-

408 647 509 678 canda
531 648 571 678 ad
595 648 718 679 cultum
742 649 812 686 Dei,
830 650 924 679 etiam
948 650 1015 689 ipsa
1039 649 1112 679 facit
1137 648 1319 679 divortium.
1344 646 1406 677 Sed
1429 652 1474 676 ta-

407 701 484 722 men
499 693 587 723 aliter
602 703 700 733 quam
724 694 897 733 corporalis
915 693 1093 724 fornicatio.
1119 693 1204 731 Quia
1219 697 1350 732 propter
1373 700 1475 721 unum

409 742 516 766 actum
540 736 759 767 fornicationis
784 738 915 768 carnalis
938 743 1044 778 potest
1074 737 1205 778 procedi
1229 736 1267 766 ad
1292 735 1474 771 divortium,

409 791 476 811 non
500 787 607 811 autem
632 787 763 822 propter
785 792 888 812 unum
911 788 1018 813 actum
1042 781 1244 817 infidelitatis,
1266 780 1321 811 sed
1345 785 1476 820 propter

409 826 687 862 consuetudinem,
706 836 788 866 quae
807 827 1014 867 pertinaciam
1030 826 1178 862 ostendit,
1195 826 1228 855 in
1253 835 1317 865 qua
1339 823 1475 855 infideli-

408 875 455 899 tas
479 869 641 909 perficitur
656 871 683 900 θ’.

464 914 514 943 Αι)
540 924 687 944 unaarum
710 924 869 944 mmmmm
889 914 978 954 quod
994 915 1089 945 etiam
1113 920 1245 954 propter
1266 914 1380 944 vitium
1397 922 1475 943 con-

409 963 455 988 tra
477 963 623 988 naturam
647 964 752 998 potest
774 958 906 998 procedi
929 958 967 989 ad
992 958 1175 989 divortium.
1200 957 1262 989 Sed
1285 963 1392 988 tamen
1408 967 1476 987 non

408 1001 445 1032 fit
466 1002 509 1032 ita
531 1003 654 1032 mentio
671 1002 710 1032 de
733 1003 822 1042 ipso,
847 1008 917 1032 tum
934 1003 1009 1042 quia
1033 1008 1079 1032 est
1094 1003 1199 1043 passio
1219 1001 1474 1037 innominabilis;

408 1051 477 1076 tum
502 1047 577 1086 quia
600 1047 699 1076 rarius
723 1046 853 1082 accidit;
878 1052 948 1077 tum
968 1047 1043 1087 quia
1066 1056 1134 1076 non
1157 1047 1200 1076 ita
1217 1051 1325 1076 causat
1347 1046 1475 1075 incerti-

408 1089 553 1120 tudinem
575 1090 684 1130 prolis.

462 1163 561 1194 ART.
579 1163 615 1193 II.
640 1173 745 1193 uranii
767 1173 820 1193 vm
842 1173 1004 1193 TENEATUR
1027 1173 1066 1193 ax
1090 1173 1267 1193 PRAECEPTO
1290 1172 1417 1193 UXOREM

736 1217 955 1237 FORNICANTEM
978 1217 1145 1237 uniri-‘maa

792 1258 875 1285 Supra,
891 1264 929 1285 qu.
945 1264 991 1284 ιιι,
1007 1261 1048 1279 art.
1065 1264 1085 1286 3.

471 1320 491 1340 n
516 1319 677 1340 SECUNDUM
698 1320 743 1340 src
766 1319 970 1340 Paocnm‘rua.
994 1309 1128 1340 Videtur
1152 1308 1242 1349 quod
1264 1309 1311 1338 vir
1331 1314 1475 1339 teneatur

409 1325 509 1385 ΑΕΚ
533 1359 704 1395 praecepto
728 1363 863 1384 uxorem
883 1354 1095 1384 fornicantem
1114 1353 1281 1383 dimittere.
1306 1353 1363 1383 Vir
1378 1353 1474 1389 enim,

407 1408 482 1429 cum
505 1399 544 1429 sit
567 1403 664 1439 caput
687 1399 802 1429 uxoris
817 1400 843 1434 ὓ,
860 1404 987 1429 tenetur
1005 1408 1140 1428 uxorem
1157 1398 1323 1438 corrigere.
1348 1397 1411 1428 Sed
1427 1407 1475 1428 se—

406 1444 528 1484 paratio
552 1453 570 1473 a
592 1449 664 1473 toro
689 1448 735 1473 est
764 1442 895 1473 inducta
918 1442 957 1473 ad
981 1443 1214 1473 correctionem
1237 1442 1346 1472 uxoris
1375 1441 1476 1472 forni-

407 1489 516 1518 cantis.
541 1488 626 1528 Ergo
650 1492 776 1517 tenetur
800 1497 871 1518 eam
894 1497 912 1517 a
935 1497 968 1517 se
991 1496 1146 1527 separare.

464 1542 492 1562 2.
518 1533 720 1568 Pani-nam,
746 1533 802 1572 qui
832 1532 992 1562 consentit
1021 1532 1167 1572 peccanti
1196 1531 1382 1567 mortaliter,
1405 1531 1475 1571 ipse

407 1577 502 1607 etiam
525 1577 700 1607 mortaliter
721 1582 834 1616 peccat
849 1577 875 1606 ἢ
901 1576 964 1607 Sed
985 1577 1033 1606 vir
1055 1577 1194 1606 retinens
1217 1585 1352 1606 uxorem
1376 1575 1475 1606 forni-

407 1627 532 1652 cantem
556 1621 738 1652 consentire
761 1621 790 1651 ei
814 1620 949 1657 videtur,
965 1626 1002 1651 ut
1024 1621 1058 1651 in
1081 1621 1183 1651 littera
1198 1621 1215 1637 *
1239 1620 1363 1651 dicitur.
1388 1620 1474 1660 Ergo

406 1671 518 1706 peccat
541 1666 602 1696 nisi
626 1675 696 1696 eam
720 1675 738 1695 a
761 1675 795 1695 se
818 1666 931 1696 eiiciat.

464 1710 493 1741 3.
517 1710 740 1746 Pmaranmst
760 1710 836 1740 Cor.
853 1720 884 1739 VI
900 1710 917 1726 ἣ
940 1709 1070 1740 dicitur:
1105 1709 1170 1746 Qui
1193 1709 1348 1739 adhaeret
1375 1717 1475 1739 mere-

407 1755 490 1790 trici,
508 1764 608 1784 unum
631 1763 749 1794 corpus
765 1754 915 1795 efficitur.
939 1753 1003 1785 Sed
1025 1763 1093 1784 non
1116 1759 1223 1794 potest
1242 1754 1356 1794 aliquis
1380 1753 1475 1783 simul

408 1809 475 1829 esse
499 1799 673 1829 membrum
697 1799 874 1829 meretricis
898 1804 929 1829 et
953 1798 1089 1833 Christi,
1114 1803 1150 1828 ut
1173 1797 1292 1828 ibidem
1308 1799 1325 1814 ⁴*
1349 1797 1473 1828 dicitur.

408 1843 493 1884 Ergo
509 1844 557 1873 vir
579 1844 672 1873 uxori
689 1842 858 1873 fornicanti
882 1843 1055 1873 adhaerens
1073 1843 1256 1873 membrum
1272 1842 1390 1873 Chn'sti
1407 1851 1475 1872 esse

408 1887 531 1923 desinit,
548 1888 722 1918 mortaliter
744 1897 891 1927 peccans.

462 1941 493 1971 4.
517 1932 712 1968 punitam,
736 1933 818 1962 sicut
842 1931 991 1971 cognatio
1015 1931 1098 1961 tollit
1121 1931 1287 1962 vinculum
1310 1931 1474 1961 matrimo-

406 1977 461 2013 nii,
478 1977 520 2006 ita
543 1975 711 2006 fornicatio
736 1981 860 2016 separat
883 1986 901 2006 a
923 1981 1005 2006 toro.
1031 1975 1094 2006 Sed
1109 1981 1282 2015 postquam
1304 1976 1352 2005 vir
1374 1984 1474 2005 nove-

406 2021 446 2051 rit
476 2021 786 2060 consanguinitatem
819 2020 868 2050 sui
900 2020 939 2050 ad
972 2029 1126 2055 uxorem,
1157 2025 1270 2060 peccat
1299 2019 1475 2049 mortaliter

407 2074 606 2105 cognoscens
631 2074 711 2094 eam.
741 2065 826 2104 Ergo
851 2069 881 2094 et
902 2065 927 2094 si
952 2065 1118 2104 cognoscit
1141 2073 1276 2094 uxorem
1299 2069 1473 2104 postquam

406 2110 464 2139 scit
486 2110 589 2149 ipsam
613 2118 680 2139 esse
704 2108 903 2144 fornicatam,
920 2108 1095 2138 mortaliter
1118 2113 1240 2148 peccat.

461 2153 523 2184 San
549 2163 671 2183 CONTRA
695 2163 748 2183 EST
773 2152 863 2193 quod
879 2152 955 2183 dicit
971 2152 1086 2183 Glossa
1101 2153 1118 2169 ⁴*
1137 2153 1149 2182 1
1169 2152 1245 2182 Cor.
1263 2162 1306 2181 vn
1321 2153 1366 2188 *¹2
1384 2151 1474 2192 quod

405 2198 566 2228 Dominus
582 2197 733 2238 permisit
759 2206 858 2227 causa
873 2196 1113 2239 fornicationis
1144 2206 1280 2227 uxorem
1304 2196 1472 2227 dimittere.

405 2242 490 2282 Ergo
515 2251 583 2272 non
607 2247 654 2272 est
676 2242 710 2272 in
733 2247 916 2282 praecepto.

462 2296 490 2316 2.
515 2287 710 2322 PRAETEREA,
735 2286 869 2326 quilibet
891 2291 998 2326 potest
1029 2285 1187 2316 dimittere
1210 2285 1299 2316 alteri
1327 2284 1418 2326 quod
1440 2285 1474 2315 in

404 2340 438 2361 se
461 2331 614 2371 peccavit.
639 2330 702 2361 Sed
717 2340 799 2360 uxor
822 2330 1011 2360 fornicando
1028 2330 1172 2370 peccavit
1194 2330 1228 2360 in
1247 2330 1361 2360 virum.
1386 2329 1472 2370 Ergo

403 2375 451 2405 vir
474 2380 580 2415 potest
603 2375 632 2405 ei
656 2384 795 2415 parcere,
812 2381 848 2405 ut
870 2384 938 2405 non
963 2374 1099 2405 dimittat
1123 2384 1204 2405 eam.

459 2421 648 2450 Rssspoumzo
673 2429 832 2449 mmmmm
863 2419 952 2459 quod
976 2419 1118 2449 dimissio
1149 2419 1257 2449 uxoris
1286 2418 1473 2449 fornicantis

403 2464 585 2494 introducta
615 2469 661 2494 est
692 2463 732 2494 ad
755 2463 981 2504 corrigendum
1009 2464 1117 2494 uxoris
1147 2463 1269 2494 crimen
1296 2472 1354 2503 per
1375 2463 1472 2493 talem

404 2517 554 2548 poenam.
578 2509 687 2538 Poena
703 2514 811 2538 autem
827 2509 989 2548 corrigens
1012 2517 1080 2538 non
1095 2508 1267 2548 requiritur
1290 2508 1346 2538 ubi
1362 2517 1471 2538 emen-

405 2552 491 2583 datio
515 2554 579 2583 iam
601 2554 780 2593 praecessit.
806 2553 846 2583 Et
862 2552 947 2589 ideo,
964 2553 990 2582 si
1009 2553 1125 2583 mulier
1141 2552 1181 2583 de
1204 2557 1339 2592 peccato
1355 2552 1470 2592 poeni-

404 2602 478 2633 teat,
494 2598 542 2627 vir
564 2607 631 2627 non
650 2602 776 2627 tenetur
800 2606 870 2627 eam
894 2597 1062 2628 dimittere.
1087 2597 1119 2628 Si
1135 2602 1244 2627 autem
1266 2606 1334 2627 non
1357 2597 1472 2637 poeni-

404 2646 484 2678 teat,
511 2647 652 2672 tenetur:
687 2651 728 2672 ne
751 2647 885 2682 peccato
911 2642 978 2672 eius
1002 2642 1183 2672 consentire
1205 2640 1368 2677 videatur,
1394 2640 1472 2671 dum

405 2686 641 2726 correptionem
665 2685 803 2716 debitam
826 2696 894 2717 non
917 2687 1062 2726 apponit.

460 2730 510 2760 An
534 2740 651 2760 pamma
669 2740 752 2761 aimo
776 2741 936 2761 memnon
953 2730 1043 2771 quod
1065 2736 1236 2770 peccatum
1252 2729 1472 2760 fornicationis

403 2775 438 2804 in
460 2784 561 2805 uxore
584 2780 690 2815 potest
714 2776 828 2815 corrigi
851 2785 919 2806 non
938 2780 1064 2805 tantum
1087 2775 1142 2805 tali
1165 2784 1280 2815 poena,
1297 2774 1353 2805 sed
1377 2775 1473 2805 etiam

404 2819 507 2849 verbis
531 2824 562 2849 et
584 2820 724 2849 verbere.
760 2820 801 2850 Et
828 2819 919 2856 ideo,
946 2820 971 2850 si
1003 2820 1077 2850 alias
1101 2819 1141 2850 ad
1165 2820 1402 2850 correctionem
1433 2819 1473 2849 sit

404 2869 521 2903 parata,
538 2873 605 2894 non
627 2869 754 2894 tenetur
776 2866 823 2894 vir
846 2864 1040 2904 praedictam
1070 2873 1212 2905 poenam
1239 2863 1279 2894 ad
1310 2864 1379 2894 eius
1402 2872 1472 2894 cor-

404 2908 581 2938 rectionem
604 2908 763 2939 adhibere.
818 2906 821 2910 '

459 2952 510 2982 An
534 2962 696 2982 SECUNDUM
718 2963 879 2983 mmmmm
903 2952 991 2993 quod
1007 2958 1085 2983 tunc
1107 2953 1155 2983 vir
1178 2953 1271 2983 uxori
1290 2954 1472 2983 consentire

404 2996 529 3026 videtur
552 2996 682 3036 quando
703 3006 774 3027 eam
790 3002 877 3027 tenet
899 3007 967 3027 non
983 3002 1159 3028 cessantem
1183 3007 1201 3027 a
1224 3002 1358 3038 peccato
1381 3006 1472 3037 prae-

405 3041 508 3071 terito.
534 3041 567 3071 Si
590 3046 698 3071 autern
722 3041 889 3072 emendata
912 3041 1017 3077 fuerit,
1033 3051 1102 3072 non
1126 3042 1155 3072 ei
1179 3042 1349 3072 consentit.

460 3085 511 3114 An
535 3095 669 3115 marium
692 3096 851 3120 menumm
876 3085 965 3126 quod
998 3095 1036 3116 ex
1061 3095 1127 3126 quo
1152 3085 1191 3116 de
1214 3091 1349 3126 peccato
1372 3085 1472 3117 forni-

1491 702 1516 716 1⁰

1491 926 1512 945 ¹5

1491 1145 1516 1159 20

1490 1366 1514 1386 ²5

1490 1581 1516 1603 3⁰

1491 1809 1513 1829 35

1488 2030 1515 2050 40

1487 2252 1511 2272 ⁴5

1487 2474 1513 2494 50

1488 2695 1510 2716 55

1485 2914 1513 2934 60

406 3129 538 3159 cationis
562 3130 739 3169 poenituit,
765 3131 913 3160 meretrix
936 3130 999 3161 dici
1021 3140 1090 3161 non
1113 3135 1229 3170 potest.
1265 3130 1306 3161 Et
1328 3129 1402 3161 ideo
1426 3131 1473 3161 vir
1484 3135 1510 3162 65

407 3173 436 3203 ei
459 3182 492 3203 se
516 3173 743 3214 coniungendo
767 3175 949 3205 membrum
972 3175 1146 3205 meretricis
1169 3184 1237 3205 non
1259 3174 1305 3205 fit.

460 3217 519 3247 Vel
536 3217 708 3248 dicendum
732 3218 821 3259 quod
836 3228 904 3249 non
921 3219 1127 3259 coniungitur
1143 3219 1173 3250 ei
1189 3219 1280 3260 quasi
1302 3219 1471 3254 meretrici.

407 3260 462 3291 sed
485 3262 575 3301 quasi
598 3263 699 3292 uxori.

461 3305 511 3335 An
536 3316 683 3336 unaarum
706 3316 865 3337 mem-imm
881 3306 970 3347 quod
993 3317 1061 3337 non
1085 3313 1132 3338 est
1147 3308 1259 3338 simile.
1284 3307 1370 3346 Quia
1394 3317 1472 3338 con-

408 3350 600 3389 sanguinitas
623 3349 698 3380 facit
719 3356 756 3381 ut
777 3360 845 3381 non
868 3351 907 3381 sit
930 3352 1012 3382 inter
1035 3361 1091 3382 eos
1114 3352 1281 3383 vinculum
1307 3352 1473 3382 matrimo-

407 3393 490 3423 niale
505 3394 532 3429 ἢ
549 3399 580 3423 et
595 3393 669 3424 ideo
686 3395 816 3424 carnalis
839 3395 955 3434 copula
979 3401 1061 3426 esset
1075 3396 1193 3427 illicita.
1224 3396 1287 3427 Sed
1303 3396 1472 3427 fornicatio

407 3445 475 3466 non
497 3437 580 3467 tollit
602 3438 769 3468 vinculum
791 3438 1000 3478 praedictum.
1033 3440 1074 3470 Et
1096 3440 1170 3470 ideo
1194 3446 1283 3471 actus
1311 3446 1471 3477 remanet,

410 3486 566 3521 quantum
589 3487 636 3511 est
659 3481 698 3512 de
722 3491 765 3518 se,
782 3482 902 3512 licitus:
927 3483 987 3513 nisi
1010 3493 1068 3523 per
1090 3484 1236 3515 accidens
1254 3485 1383 3515 illicitus
1406 3484 1471 3521 fiat,

408 3525 601 3564 inquantum
623 3526 671 3555 vir
695 3527 873 3556 consentire
897 3527 1085 3566 turpitudini
1109 3529 1216 3558 uxoris
1239 3528 1373 3559 videtur.

1486 3362 1513 3383 70

1051 214 1314 261 QUAESTIO
1343 214 1463 260 LXII,
1485 214 1778 250 ARTICULUS
1807 214 1915 259 11,111

1528 292 1653 332 ligenda
1677 302 1733 332 per
1750 292 1981 332 prohibitionis
1998 292 2227 332 privationem.
2252 292 2293 322 Et
2311 293 2357 322 sic
2380 297 2492 323 contra
2507 302 2597 333 prae-

1529 342 1659 376 ceptum
1683 346 1750 366 non
1775 335 1941 366 dividitur:
1973 336 2047 375 quia
2072 337 2167 366 etiam
2199 336 2288 376 quod
2311 336 2395 367 cadit
2423 338 2483 367 sub
2506 347 2597 377 prae-

1529 387 1624 420 cepto
1648 391 1715 411 non
1740 386 1787 410 est
1810 381 2017 420 prohibitum.

1585 426 1635 454 Ar>
1659 434 1777 455 saxrun
1793 425 1809 441 ⁴*
1833 434 1993 454 nrcnunun
2024 423 2114 464 quod
2144 433 2226 454 uxor
2247 433 2316 454 non
2338 429 2464 455 tantum
2487 430 2599 465 peccat

1528 470 1561 499 in
1585 470 1699 505 virum,
1717 469 1772 499 sed
1796 469 1891 499 etiam
1914 469 1947 498 in
1971 469 2109 508 seipsam
2133 473 2164 498 et
2186 469 2219 498 in
2244 468 2361 499 Deum.
2391 469 2432 499 Et
2454 468 2528 499 ideo
2551 469 2599 498 vir

1529 523 1597 543 non
1620 514 1758 543 totaliter
1781 518 1888 553 potest
1910 522 2051 553 poenam
2075 512 2244 548 dimittere,
2260 513 2321 543 nisi
2345 512 2527 543 emendatio
2551 522 2600 543 se-

1530 563 1655 597 quatur.

1589 624 1688 654 ART.
1707 624 1757 654 111.
1782 633 1886 654 UTRUM
1909 633 2042 654 paopmo
2066 632 2184 653 mmmo
2209 629 2312 653 Possm
2336 633 2388 653 vm
2411 633 2538 653 uxomm

1857 677 2077 698 FORNICANTEM
2104 676 2273 709 Dum-man

1597 745 1618 764 r>
1635 745 1769 764 ram-um
1790 745 1835 765 sn:
1855 744 2060 764 paocam‘rua.
2078 733 2212 763 Videtur
2228 733 2317 773 quod
2334 734 2466 773 proprio
2477 732 2598 763 iudicio

1534 746 1699 819 Apossit
1720 780 1768 809 vir
1795 788 1929 809 uxorem
1958 778 2171 808 fornicantem
2199 777 2368 808 dimittere.
2402 777 2600 808 Sententiam

1530 824 1617 854 enim
1641 834 1658 853 a
1681 823 1787 854 iudice
1804 824 1898 853 latam
1922 823 2042 863 absque
2059 823 2122 853 alio
2145 821 2266 852 iudicio
2290 822 2406 862 exequi
2428 821 2512 852 licet.
2537 821 2599 853 Sed

1530 868 1628 903 Deus,
1646 868 1749 898 iustus
1765 868 1863 898 iudex
1878 869 1905 903 *,
1923 867 2009 897 dedit
2027 867 2110 897 hanc
2126 867 2316 897 sententiam
2335 872 2372 897 ut
2386 872 2520 906 propter
2535 865 2600 896 for-

1529 913 1726 943 nicationem
1741 913 1789 942 vir
1804 921 1939 942 uxorem
1963 911 2121 942 dimittere
2137 911 2238 951 possit
2253 912 2279 941 *.
2304 911 2380 941 Non
2400 920 2476 951 ergo
2493 911 2600 951 requi-

1530 957 1608 987 ritur
1631 957 1671 987 ad
1694 958 1758 987 hoc
1781 956 1867 987 aliud
1889 956 2055 986 iudicium.

1587 1011 1615 1031 2.
1640 1001 1836 1038 palmarum,
1854 1001 1965 1030 Matth.
1982 1011 1993 1030 1
2009 1001 2026 1017 ἢ*
2049 999 2165 1030 dicitur
2188 1000 2278 1040 quod
2301 1000 2432 1040 Ioseph,
2456 1009 2528 1030 cum
2552 1008 2600 1029 es-

1529 1050 1578 1075 set
1600 1045 1712 1080 iustus,
1729 1045 1887 1086 cogitavit
1902 1045 2025 1075 occulte
2048 1045 2208 1075 dimittere
2223 1045 2378 1075 Mariam.
2402 1044 2488 1084 Ergo
2511 1043 2600 1074 vide-

1530 1094 1582 1119 tur
1614 1089 1703 1128 quod
1734 1089 1861 1119 occulte
1883 1089 1931 1118 vir
1954 1089 2055 1128 possit
2085 1088 2258 1119 divortium
2289 1089 2448 1119 celebrare
2479 1089 2600 1129 absque

1530 1132 1650 1163 iudicio
1674 1133 1846 1163 Ecclesiae.

1587 1176 1616 1206 3.
1641 1177 1846 1212 Pmaraaaa,
1870 1177 1897 1206 si
1919 1177 1966 1206 vir
1988 1182 2063 1216 post
2086 1176 2334 1207 fornicationem
2357 1177 2466 1207 uxoris
2489 1178 2600 1217 cogni-

1530 1226 1595 1251 tam
1620 1220 1764 1251 debitum
1789 1221 1818 1251 ei
1841 1219 1953 1256 reddit,
1970 1221 2085 1251 amittit
2108 1221 2269 1251 actionem
2286 1230 2384 1261 quam
2408 1227 2520 1252 contra
2534 1221 2600 1252 for-

1529 1265 1682 1295 nicariam
1705 1265 1842 1295 habebat
1856 1265 1883 1294 *.
1908 1265 1994 1304 Ergo
2011 1264 2180 1305 denegatio
2205 1264 2312 1301 debiti,
2330 1274 2413 1305 quae
2436 1265 2476 1295 ad
2495 1264 2600 1296 divor—

1530 1310 1612 1339 tium
1634 1310 1781 1349 pertinet,
1799 1307 1894 1339 debet
1917 1309 2079 1340 Ecclesiae
2102 1309 2258 1340 iudicium
2281 1308 2481 1349 praecedere.

1585 1362 1616 1393 4.
1640 1354 1836 1389 Pmarnaaa,
1854 1352 1934 1383 illud
1949 1353 2040 1393 quod
2054 1363 2123 1384 non
2146 1358 2253 1394 potest
2267 1354 2406 1394 probari,
2422 1363 2491 1384 non
2506 1353 2602 1384 debet

1530 1397 1570 1428 ad
1593 1398 1755 1428 Ecclesiae
1778 1397 1935 1428 iudicium
1958 1397 2074 1428 adduci
2090 1399 2116 1428 “.
2145 1397 2209 1429 Sed
2231 1397 2452 1428 fomican'onis
2479 1398 2601 1429 crimen

1529 1452 1597 1472 non
1621 1448 1727 1482 potest
1749 1442 1896 1483 probari:
1921 1443 1998 1482 quia
2016 1443 2130 1473 oculus
2153 1442 2295 1473 adulteri
2313 1443 2464 1473 observat
2485 1442 2602 1484 caligi-

1531 1497 1612 1523 nem,
1626 1492 1662 1517 ut
1678 1487 1793 1517 dicitur
1808 1487 1866 1517 Iob
1878 1496 1951 1517 xxxv
1961 1487 1987 1517 ⁴.
2008 1487 2094 1527 Ergo
2110 1496 2179 1517 non
2194 1486 2290 1518 debet
2305 1486 2426 1518 iudicio
2438 1487 2601 1518 Ecclesiae

1529 1531 1729 1572 praedictum
1753 1531 1926 1562 divortium
1949 1530 2028 1562 fieri.

1587 1577 1616 1606 5.
1641 1576 1837 1612 Prummu,
1850 1576 2089 1606 accusationem
2105 1575 2200 1606 debet
2217 1576 2383 1616 inscriptio
2398 1575 2600 1616 praecedere,

1530 1630 1594 1661 qua
1621 1621 1736 1660 aliquis
1759 1630 1793 1650 se
1816 1620 1856 1650 ad
1878 1620 2033 1651 talionem
2059 1620 2180 1660 obliget
2202 1620 2284 1658 si-in
2307 1620 2499 1660 probatione
2522 1619 2601 1651 defi-

1530 1666 1592 1695 ciat
1607 1666 1633 1695 *.
1659 1664 1722 1695 Sed
1737 1665 1801 1695 hoc
1816 1674 1885 1695 non
1908 1670 2015 1705 potest
2031 1674 2099 1695 esse
2121 1665 2156 1695 in
2171 1665 2231 1694 ista
2245 1665 2393 1695 materia:
2418 1665 2504 1705 quia,
2521 1674 2601 1705 qua-

1529 1709 1743 1749 litercumque
1766 1719 1816 1740 res
1839 1710 1916 1745 iret,
1941 1709 1988 1739 vir
2015 1714 2268 1749 consequeretur
2299 1710 2460 1740 intentum
2482 1719 2599 1747 suum,

1529 1754 1596 1784 sive
1617 1754 1687 1794 ipse
1710 1763 1845 1784 uxorem
1861 1753 2044 1788 dimitteret,
2060 1753 2126 1791 sive
2150 1763 2232 1784 uxor
2247 1763 2333 1784 eum.
2358 1754 2444 1794 Ergo
2460 1763 2530 1784 non
2545 1753 2600 1785 de-

1529 1799 1584 1828 bet
1607 1797 1647 1828 ad
1668 1798 1825 1828 iudicium
1848 1797 2011 1828 Ecclesiae
2034 1807 2092 1838 per
2114 1798 2354 1828 accusationem
2377 1798 2503 1828 adduci.

1586 1842 1615 1872 6.
1640 1843 1837 1878 Pam-ranna,
1853 1842 1926 1882 plus
1945 1847 2072 1872 tenetur
2086 1842 2188 1872 homo
2212 1843 2306 1872 uxori
2322 1851 2421 1882 quam
2437 1848 2599 1873 extraneo.

1530 1886 1593 1917 Sed
1615 1887 1717 1917 homo
1741 1888 1862 1917 crimen
1886 1887 2023 1922 alterius,
2041 1887 2137 1917 etiam
2162 1886 2311 1923 extranei,
2327 1896 2396 1917 non
2420 1886 2515 1917 debet
2537 1886 2599 1917 Ec-

1530 1932 1644 1961 clesiae
1660 1931 1781 1961 deferre
1797 1931 1858 1961 nisi
1873 1931 2054 1961 monitione
2070 1931 2242 1971 praemissa
2261 1931 2295 1961 in
2311 1936 2446 1968 secreto,
2462 1936 2499 1961 ut
2513 1936 2601 1971 patet

1530 1976 1641 2006 Matth.
1658 1986 1733 2005 xvm
1749 1977 1775 2005 *.
1800 1975 1885 2015 Ergo
1902 1975 2006 2005 multo
2030 1976 2137 2006 minus
2160 1980 2267 2015 potest
2289 1975 2410 2006 crimen
2429 1975 2538 2006 uxoris
2560 1974 2601 2006 ad

1529 2020 1706 2050 Ecclesiam
1730 2019 1862 2055 deferre,
1886 2020 1911 2050 si
1936 2029 2007 2050 eam
2030 2020 2118 2059 prius
2149 2019 2276 2050 occulte
2307 2029 2376 2050 non
2399 2020 2600 2060 corripuerit.

1584 2064 1646 2094 San
1672 2073 1805 2100 CONTRA,
1828 2063 1936 2094 nullus
1961 2063 2055 2094 debet
2078 2065 2219 2104 seipsum
2242 2063 2403 2094 vindicare
2425 2065 2469 2095 *..
2489 2063 2553 2095 Sed
2574 2064 2601 2095 si

1527 2109 1575 2138 vir
1597 2117 1733 2138 uxorem
1749 2107 1962 2138 fornicantem
1977 2108 2110 2148 proprio
2131 2108 2259 2138 arbitrio
2284 2107 2466 2145 dimitteret,
2482 2109 2552 2149 ipse
2566 2118 2601 2140 se

1527 2152 1711 2183 vindicaret.
1736 2153 1821 2193 Ergo
1845 2153 1909 2183 hoc
1932 2162 2000 2183 non
2024 2151 2119 2183 debet
2140 2152 2219 2183 fieri.

1585 2206 1614 2227 2.
1631 2197 1828 2233 PaAaraRaA,
1841 2197 1950 2227 nullus
1966 2197 1999 2227 in
2016 2196 2128 2227 eadem
2145 2207 2240 2228 causa
2256 2203 2303 2228 est
2315 2202 2404 2228 actor
2416 2202 2448 2228 et
2462 2196 2560 2229 iudex
2570 2198 2598 2228 ⁹.

1529 2240 1592 2272 Sed
1615 2242 1662 2271 vir
1685 2247 1732 2272 est
1748 2247 1837 2272 actor
1859 2241 2018 2282 impetens
2034 2251 2168 2272 uxorem
2192 2241 2231 2272 de
2255 2241 2376 2273 offensa
2398 2242 2432 2272 in
2456 2251 2490 2272 se
2510 2251 2600 2273 com·

1527 2286 1633 2316 missa.
1658 2286 1744 2326 Ergo
1768 2286 1837 2326 ipse
1860 2295 1928 2316 non
1944 2291 2051 2326 potest
2074 2295 2143 2317 esse
2166 2286 2272 2317 iudex.
2297 2286 2338 2317 Et
2353 2287 2398 2317 sic
2421 2295 2490 2317 non
2505 2285 2601 2318 debet

1528 2340 1599 2361 eam
1622 2331 1755 2370 proprio
1779 2331 1908 2361 arbitrio
1933 2330 2101 2361 dimittere.

1582 2375 1773 2405 Rnsponnno
1797 2385 1957 2405 mcizumm
1973 2374 2064 2415 quod
2085 2375 2133 2405 vir
2155 2380 2263 2415 potest
2282 2384 2418 2406 uxorem
2441 2374 2600 2407 dimittere

1528 2418 1706 2459 dupliciter.
1731 2420 1806 2450 Uno
1830 2419 1941 2456 modo,
1959 2425 2117 2459 quantum
2140 2419 2180 2449 ad
2203 2425 2312 2450 torum
2330 2424 2466 2450 tantum.
2490 2420 2532 2450 Et
2554 2420 2600 2451 sic

1526 2469 1633 2504 potest
1657 2473 1729 2494 eam
1752 2463 1925 2500 dimittere,
1950 2473 2049 2504 quam
2072 2464 2137 2494 cito
2161 2464 2221 2494 sibi
2250 2469 2376 2495 constat
2399 2463 2439 2494 de
2461 2463 2600 2496 fornica-

1526 2509 1616 2538 tione
1631 2509 1749 2544 uxoris,
1765 2509 1898 2548 proprio
1914 2509 2054 2539 arbitrio.
2077 2508 2147 2539 Nec
2161 2513 2289 2539 tenetur
2307 2507 2439 2539 reddere
2454 2508 2600 2540 debitum

1527 2553 1665 2592 exigenti
1686 2553 1747 2583 nisi
1769 2562 1827 2593 per
1841 2553 2018 2583 Ecclesiam
2038 2553 2259 2593 compellatur.
2284 2553 2324 2583 Et
2346 2552 2450 2583 taliter
2464 2552 2600 2584 reddens

1526 2597 1654 2627 nullum
1677 2596 1910 2637 praeiudicium
1933 2597 1993 2627 sibi
2016 2596 2100 2628 facit.

1581 2641 1657 2672 Alio
1680 2641 1792 2678 modo,
1810 2647 1968 2682 quantum
1992 2641 2032 2672 ad
2054 2647 2163 2672 torum
2187 2646 2219 2672 et
2241 2641 2525 2673 cohabitationem.
2558 2642 2601 2673 Et

1527 2686 1590 2716 hoc
1613 2686 1714 2716 modo
1738 2695 1807 2716 non
1829 2691 1936 2726 potest
1959 2685 2075 2716 dimitti
2098 2686 2160 2716 nisi
2183 2685 2303 2717 iudicio
2328 2686 2491 2717 Ecclesiae
2506 2687 2534 2717 *.
2557 2687 2600 2718 Et

1527 2731 1553 2760 si
1576 2730 1651 2760 alias
1675 2730 1804 2761 dimissa
1826 2730 1938 2767 fuerit,
1965 2730 2061 2761 debet
2083 2730 2156 2771 cogi
2180 2730 2220 2761 ad
2243 2730 2512 2762 cohabitandum:
2535 2732 2598 2762 nisi

1526 2775 1628 2815 possit
1651 2775 1680 2805 ei
1703 2776 1751 2805 vir
1773 2775 1807 2805 in
1831 2775 2010 2806 continenti
2032 2774 2279 2806 fornicationem
2302 2775 2438 2815 probare
2454 2776 2480 2806 *.
2509 2775 2599 2807 Haec

1527 2824 1636 2849 autem
1659 2819 1802 2850 dimissio
1826 2819 2003 2850 divortium
2030 2819 2154 2850 dicitur.
2191 2819 2232 2850 Et
2254 2819 2328 2850 ideo
2352 2819 2599 2852 concedendum

1527 2869 1574 2894 est
1597 2863 1687 2904 quod
1711 2863 1886 2895 divortium
1908 2873 1976 2895 non
1999 2869 2106 2904 potest
2129 2863 2281 2895 celebrari
2302 2865 2363 2895 nisi
2391 2863 2513 2895 iudicio
2536 2864 2598 2896 Ec-

1527 2908 1651 2938 clesiae.

2626 430 2636 440 '
2650 429 2707 457 Arg.
2722 429 2771 451 Sed
2783 435 2839 452 can-

2627 457 2666 477 tra
2680 461 2700 478 2.

2626 871 2841 927 {1⁹:5¹1'2131‘1T‘0235

2628 930 2651 946 ιν
2674 930 2733 946 ven.
2748 925 2770 948 8.

2627 952 2638 962 ·
2651 941 2731 973 Matth.
2749 957 2800 979 cap.
2815 958 2839 979 v,

2626 983 2686 999 ven.
2692 983 2726 1005 3²3
2733 983 2785 1006 cap.
2793 984 2843 1005 xix,

2627 1009 2725 1053 rrae.-
2735 1037 2770 1057 m.

2627 1269 2793 1293 ·ct.=.n-
2834 1264 2878 1293 .’

2627 1296 2714 1319 Suam.
2730 1295 2772 1319 nb.
2803 1296 2840 1323 V,

2626 1322 2664 1345 tit.
2677 1329 2741 1350 xxu,
2755 1322 2786 1345 de
2798 1323 2842 1346 Dt-

2628 1349 2843 1403 vqrtmtersor-

2628 1382 2710 1429 P‘Efj'
2720 1382 2772 1430 αἶ’.

2628 1438 2676 1459 m
2685 1407 2844 1463 mangi}

2628 1466 2693 1483 eeu.
2707 1459 2747 1488 11,
2760 1467 2800 1490 qu.
2815 1467 2843 1484 u.

2628 1498 2639 1509 ·
2653 1496 2719 1519 Vere.
2736 1503 2768 1525 ¹5.

2627 1671 2639 1682 ·
2652 1669 2711 1692 Can.
2767 1671 2843 1702 squirs,

2627 1700 2650 1718 et
2666 1702 2717 1719 ean.
2748 1699 2779 1719 'uu
2794 1703 2845 1719 crt-

2627 1729 2694 1750 men,
2717 1729 2781 1746 etun.
2804 1724 2842 1750 11,

2627 1756 2667 1779 qn.
2681 1755 2732 1773 vm.

2631 1979 2642 1990 ·
2655 1977 2720 2000 Vere.
2738 1983 2761 2006 ις
2775 1984 2829 2006 sqq.

2628 2067 2638 2078 ·
2650 2066 2689 2088 Ad
2699 2065 2774 2093 Rom,
2789 2071 2842 2094 cap.

2628 2098 2671 2120 ιιι,
2685 2098 2746 2115 vers.
2765 2098 2800 2121 ¹9·

2627 2196 2792 2220 ‘CnmNullru
2799 2202 2843 2219 un-

2626 2230 2705 2279 m
2721 2230 2784 2246 enus.
2799 2223 2842 2251 lv,

2627 2690 2638 2701 ·
2651 2689 2710 2712 ean.
2723 2688 2840 2711 saecuta·

2625 2720 2837 2771 i‘iiffiqaffif·

2625 2774 2839 2830 iss‘izwff·

1582 2953 1634 2983 At>
1657 2962 1775 2983 PRIMUM
1798 2962 1881 2983 aneo
1898 2962 2058 2984 mcannuu
2077 2951 2168 2993 quod
2183 2953 2340 2983 sententia
2362 2958 2410 2983 est
2424 2952 2596 2993 applicatio
2618 2983 2623 2987 ,

1525 2997 1602 3027 iuris
1627 2997 1809 3027 communis
1825 2996 1865 3028 ad
1888 2998 2078 3037 particulare
2097 2997 2228 3028 factum.
2253 2996 2348 3028 Unde
2371 2997 2532 3028 Dominus
2547 2998 2597 3028 ius

1525 3041 1752 3081 promulgavit,
1770 3041 1949 3072 secundum
1973 3041 2063 3082 quod
2086 3042 2243 3072 sententia
2265 3041 2299 3071 in
2321 3040 2442 3072 iudicio
2466 3040 2596 3073 formari

1527 3085 1631 3116 debet.

1582 3130 1633 3160 An
1657 3139 1820 3160 sacunnuu
1850 3139 2011 3160 mcnumm
2041 3128 2132 3170 quod
2161 3129 2277 3169 loseph
2305 3129 2409 3160 voluit
2430 3130 2597 3170 Virginem

1526 3173 1695 3210 dimittere,
1711 3183 1779 3204 non
1803 3174 1895 3213 quasi
1910 3179 2092 3214 suspectam
2116 3172 2156 3204 de
2171 3172 2394 3210 fornicatione,
2410 3173 2467 3205 sed
2489 3174 2532 3205 ob
2547 3184 2596 3206 re-

1525 3219 1701 3249 verentiam
1724 3218 1897 3249 sanctitatis
1921 3219 1999 3254 eius,
2015 3219 2132 3249 timens
2155 3218 2186 3248 ei
2209 3218 2390 3248 cohabitare
2406 3219 2432 3249 ¹.

1584 3262 1653 3293 Nec
1676 3268 1785 3292 tamen
1809 3267 1856 3292 est
1878 3262 1991 3293 simile.
2016 3262 2102 3300 Quia
2124 3267 2203 3293 tunc
2226 3271 2265 3292 ex
2280 3261 2437 3294 adulterio
2459 3271 2529 3294 non
2543 3272 2597 3294 so-

1525 3307 1595 3338 lum
1617 3306 1851 3347 procedebatur
1873 3306 1913 3337 ad
1936 3306 2120 3343 divortium,
2137 3305 2194 3337 sed
2213 3306 2345 3337 ulterius
2369 3306 2408 3337 ad
2428 3307 2596 3348 lapidatio-

1526 3361 1603 3382 nem
1614 3352 1642 3382 “.
1658 3351 1734 3382 Non
1746 3356 1854 3381 autem
1869 3361 1967 3387 nunc,
1981 3350 2112 3391 quando
2124 3351 2229 3391 agitur
2242 3351 2276 3382 in
2288 3350 2409 3382 iudicio
2422 3351 2595 3383 Ecclesiae.

1581 3396 1632 3426 An
1655 3405 1791 3426 'ramum
1813 3400 1900 3436 patet
1922 3395 2042 3426 solutio
2066 3404 2104 3426 ex
2128 3395 2219 3426 dictis
2234 3396 2261 3426 “.

1581 3441 1632 3471 An
1657 3449 1805 3470 amarum
1834 3449 1994 3470 meaumm
2025 3439 2116 3480 quod
2147 3439 2344 3480 quandoque
2372 3439 2436 3477 vir,
2460 3449 2596 3471 uxorem

1525 3490 1708 3525 suspectam
1723 3484 1854 3520 habens,
1867 3484 1896 3514 ei
1911 3483 2087 3520 insidiatur,
2099 3489 2131 3515 et
2147 3483 2386 3524 deprehendere
2401 3490 2509 3525 potest
2523 3493 2595 3516 eam

1527 3538 1603 3559 cum
1626 3529 1758 3559 testibus
1781 3529 1815 3559 in
1838 3528 1970 3559 crimine
1986 3527 2217 3559 fornicationis.
2241 3529 2283 3560 Et
2297 3529 2343 3560 sic
2357 3534 2465 3569 potent
2487 3528 2528 3560 ad
2543 3538 2595 3560 ac—

464 3568 514 3598 An
540 3579 678 3599 oumrtm
693 3570 709 3586 ⁴*
733 3579 892 3600 mcmmum
922 3571 1010 3610 quod
1040 3573 1205 3611 permissio
1229 3572 1282 3603 illa
1311 3578 1358 3603 est
1380 3573 1472 3604 intel·
1485 3583 1510 3604 ἰς
1527 3574 1727 3604 cusationem
1750 3572 1934 3613 procedere.

2624 3219 2635 3230 ·
2653 3217 2688 3241 cr.
2708 3218 2742 3241 ιν
2755 3218 2837 3247 sm„

2623 3245 2746 3299 ἓὲἓῗῖῗᾶ
2757 3251 2798 3301 ‘⁵¹:²-
2809 3251 2836 3274 ¹¹·

2623 3357 2634 3367 “
2647 3355 2713 3378 Iona.
2725 3361 2777 3384 cap.
2785 3361 2837 3383 viu,

2622 3387 2789 3438 aram...
