2918 4088
187 556 199 566 ·
212 554 259 581 Qu.
270 558 348 579 ιινιιι,
359 556 401 575 art.

187 586 209 606 a:
218 585 325 608 qua-xix,
332 583 373 601 nrt.
382 586 401 606 n,

188 606 217 628 ad
227 613 253 632 2;
263 610 303 628 nrt.
312 613 336 633 4,
344 606 372 628 nd
381 611 402 628 ².

425 151 500 190 336

424 240 502 269 tem
522 232 684 281 pertinet
702 232 751 269 ad
771 231 1045 280 poenitentiam
1065 230 1302 273 exteriorem,
1323 227 1484 275 inquan-

424 294 510 322 tum
545 285 683 322 scilicet
719 285 886 334 implicat
923 283 1164 333 propositum
1206 278 1412 318 confitendi
1450 285 1486 313 et

427 337 689 375 satisfaciendi.

480 391 537 428 AD
561 403 750 428 SECUNDUM
769 402 949 428 DtCENDUM
978 388 1084 438 quod
1114 384 1312 423 satisfactio
1341 382 1486 419 confert

427 443 587 492 gratiam
623 451 738 493 prout
773 451 827 480 est
864 443 903 479 in
939 440 1155 491 proposito,
1192 445 1228 474 et
1260 443 1371 494 auget
1399 446 1485 471 eam

428 504 543 545 prout
571 503 625 533 est
643 496 682 533 in
702 495 944 533 executione:
975 494 1070 530 sicut
1089 489 1301 539 baptismus
1321 499 1359 523 m
1379 487 1485 524 adul-

428 549 486 596 tis,
515 557 557 586 ut
585 561 702 598 supra
722 549 742 571 ’¹‘
770 548 914 585 dictum
943 553 1008 582 est.

482 603 539 639 Ao
567 614 725 639 TERTIUM
753 611 932 638 DICENDUM
965 596 1070 646 quod
1099 593 1299 631 satisfactio
1321 600 1376 629 est
1399 604 1486 641 pars

427 654 683 703 poenitentiae
707 652 949 696 sacramenti;
979 651 1121 686 fructus
1141 654 1270 684 autern
1289 645 1486 695 poeniten-

428 715 501 745 tiae
530 715 689 744 virtut1s.

1125 149 1387 198 QUAESTIO
1417 147 1504 193 XC,
1535 142 1826 182 ARTICULUS
1854 142 1900 178 lll

1591 225 1647 259 Ao
1670 233 1842 264 QUARTUM
1870 232 2052 258 monimum
2080 221 2188 269 quod
2215 221 2326 269 plura
2354 219 2602 269 requiruntur

1538 276 1586 312 ad
1606 276 1768 320 bonum,
1790 274 1897 323 quod
1916 273 2087 322 procedit
2106 286 2155 310 ex
2173 274 2320 322 integra
2340 284 2464 318 causa,
2481 282 2602 321 quam

1538 328 1588 364 ad
1607 329 1767 373 malum,
1788 326 1895 376 quod
1920 325 2091 375 procedit
2110 337 2159 363 ex
2176 326 2429 375 singularibus
2455 325 2602 373 desecti-

1538 382 1616 426 bus,
1637 379 1855 417 secundum
1873 378 2117 429 Dionysium,
2138 391 2172 415 1v
2191 391 2274 428 cap.
2295 378 2340 415 de
2353 379 2438 415 Diu.
2454 378 2570 415 Nom.
2583 376 2603 398 ’¹‘

1539 434 1587 470 Et
1615 432 1718 480 ideo,
1748 432 1833 470 licet
1864 439 2066 481 peccatum
2094 431 2312 480 perficiatur
2343 430 2383 467 in
2411 442 2604 468 consensu

1539 486 1683 533 cordis,
1721 486 1770 523 ad
1798 485 2072 534 perfectionem
2100 492 2231 521 tamen
2259 483 2514 533 poenitentiae
2546 493 2604 519 re·

1539 539 1703 588 quiritur
1730 546 1766 576 et
1794 538 1970 576 contritio
1999 537 2140 585 cordis,
2169 545 2206 574 et
2233 536 2422 574 confessio
2450 535 2539 583 oris,
2569 542 2606 571 et

1540 591 1741 629 satisfactio
1775 591 1913 641 operis.

1593 646 1651 682 Au
1681 657 1913 682 CONTRARmM
1941 652 2044 694 patet
2065 642 2205 681 solutio
2233 654 2303 693 per
2321 654 2366 679 ea
2386 653 2486 691 quae
2506 640 2607 678 dicta

1542 706 1631 735 sunt
1649 698 1679 735 *.

1099 813 1434 846 Commentario.
1457 811 1711 845 Cardinalis
1734 812 1934 845 Caietam

459 924 478 944 N
502 914 645 944 eiusdem
668 913 862 953 quaestionis
886 911 1018 941 articulo
1043 909 1200 947 secundo,
1224 910 1258 940 in
1281 909 1490 950 responsione

431 927 497 988 lad
520 959 670 998 primum,
695 956 829 987 dubium
853 955 991 985 occurrit
1015 955 1098 985 circa
1116 955 1219 994 ipsam
1234 955 1489 994 responsionem,

427 1011 486 1042 pro
510 1007 631 1041 quanto
655 1000 731 1030 dicit
754 999 843 1039 quod
867 999 1016 1029 contritio
1040 998 1219 1029 secundum
1238 999 1406 1028 essentiam
1422 1007 1490 1027 non

427 1051 473 1075 est
496 1055 566 1084 pars
590 1045 786 1079 sacramenti,
811 1043 995 1073 virtualiter
1010 1048 1117 1073 autem
1134 1043 1278 1083 pertinet
1292 1042 1335 1072 ad
1351 1043 1491 1072 exterio-

427 1099 494 1119 rem
511 1088 764 1128 poenitentiam,
788 1087 883 1123 idest,
909 1093 955 1117 est
982 1097 1054 1127 pars
1084 1087 1271 1117 sacramenti
1301 1087 1490 1127 inquantum

427 1133 569 1173 implicat
585 1132 789 1172 propositum
813 1131 987 1172 confitendi
1003 1136 1034 1162 et
1046 1131 1279 1173 satisfaciendi.
1304 1129 1491 1161 Secundum

427 1177 512 1207 enim
534 1177 779 1216 responsionem
802 1176 884 1206 hanc
906 1185 975 1206 non
998 1181 1073 1206 sunt
1095 1181 1174 1212 tres,
1202 1175 1258 1206 sed
1281 1175 1364 1205 duae
1386 1179 1491 1214 partes

426 1221 656 1261 poenitentiae:
682 1220 837 1259 quoniam
854 1219 1014 1256 contritio,
1039 1225 1074 1250 ut
1098 1219 1301 1260 distinguitur
1323 1229 1341 1249 a
1364 1218 1490 1249 confes-

426 1265 517 1295 sione
540 1270 571 1295 et
593 1264 824 1299 satisfactione,
856 1273 923 1294 non
947 1269 994 1294 est
1016 1273 1088 1304 pars
1115 1263 1342 1304 poenitentiae.
1378 1262 1418 1292 Et
1446 1263 1490 1292 sic

426 1309 549 1339 Auctor
571 1309 630 1338 sibi
652 1309 712 1348 ipsi
736 1309 912 1338 contrarius
935 1309 1105 1338 invenitur.

482 1353 518 1383 11.
542 1352 595 1382 Ad
617 1353 680 1382 hoc
704 1351 818 1382 dicitur
841 1351 931 1392 quod
946 1353 979 1382 in
996 1353 1189 1383 contritione
1212 1352 1304 1392 plura
1322 1351 1490 1381 inveniun-

426 1403 487 1427 tur.
512 1397 595 1426 lnter
618 1405 701 1436 quae
724 1405 828 1426 unum
847 1402 894 1427 est
909 1396 991 1427 velle
1007 1406 1251 1436 recompensare
1272 1395 1311 1426 ad
1327 1395 1491 1425 arbitrium

426 1440 608 1471 sacerdotis.
632 1441 673 1470 Et
695 1441 819 1470 ratione
843 1440 938 1471 huius
961 1441 1093 1480 ponitur
1111 1441 1214 1481 prima
1228 1449 1300 1480 pars
1323 1439 1491 1479 poeniten-

426 1485 488 1515 tiae
511 1484 708 1520 sacramenti,
725 1490 879 1525 tanquam
905 1485 1032 1515 initium
1054 1486 1136 1515 eius:
1160 1485 1203 1515 ita
1223 1483 1313 1524 quod
1329 1489 1417 1514 actus
1433 1484 1491 1513 iste

426 1529 566 1565 interior,
590 1529 665 1559 licet
679 1529 859 1559 secundum
875 1538 908 1559 se
931 1538 999 1559 non
1015 1534 1137 1569 spectet
1152 1528 1192 1559 ad
1208 1528 1397 1558 exteriorem
1413 1537 1491 1567 poe-

426 1574 603 1610 nitentiam,
627 1578 663 1604 ut
686 1578 732 1603 est
754 1579 862 1604 tamen
885 1574 965 1604 ratio
989 1579 1021 1604 et
1043 1574 1171 1604 initium
1195 1573 1357 1603 exterioris
1378 1572 1491 1613 poeni-

426 1618 553 1654 tentiae,
578 1617 618 1648 ad
641 1618 830 1648 exteriorem
853 1623 975 1658 spectat
996 1618 1239 1658 poenitentiam.
1264 1617 1353 1648 Sicut
1375 1617 1408 1646 in
1424 1616 1492 1646 aliis

427 1661 582 1698 videmus,
599 1667 664 1692 tam
688 1662 781 1692 bonis
805 1671 903 1702 quam
926 1662 1027 1698 malis,
1045 1661 1135 1702 quod
1157 1661 1322 1692 interiores
1346 1666 1434 1692 actus
1462 1665 1493 1691 et

427 1706 600 1746 passiones,
624 1711 660 1736 ut
682 1711 757 1736 sunt
779 1707 918 1737 rationes
942 1707 1145 1742 exteriorum,
1169 1705 1209 1736 ad
1232 1706 1406 1736 extrinseca
1421 1713 1492 1744 spe-

428 1755 513 1781 ctant
528 1750 660 1781 iudicia:
683 1750 772 1780 aliter
787 1751 874 1781 enim
889 1750 1047 1781 iudicatur
1062 1750 1228 1781 offendens
1244 1759 1282 1780 ex
1299 1749 1386 1786 odio,
1403 1749 1493 1779 aliter

428 1794 594 1825 offendens
618 1804 656 1825 ex
678 1795 734 1831 ira,
751 1800 810 1825 etc.

483 1839 524 1869 Et
546 1845 670 1879 praeter
693 1849 903 1870 communem
918 1840 1001 1870 hanc
1016 1840 1184 1875 rationem,
1208 1838 1353 1879 specialis
1368 1838 1402 1868 in
1418 1847 1493 1878 pro-

427 1884 535 1924 posito
558 1884 727 1914 intervenit
745 1884 836 1920 ratio,
861 1893 944 1924 quae
960 1893 998 1914 ex
1015 1883 1191 1914 differentia
1206 1884 1287 1913 inter
1303 1891 1493 1922 recompen—

428 1928 585 1958 sationem
608 1937 706 1968 purae
729 1928 876 1964 iustitiae,
901 1933 933 1958 et
954 1928 1288 1968 recompensationem
1309 1927 1445 1957 iustitiae
1462 1932 1494 1957 et

428 1973 595 2007 amicitiae,
620 1971 712 2002 facile
727 1977 824 2012 patet.
849 1973 1120 2013 Recompensatio
1137 1973 1224 2003 enim
1239 1971 1376 2002 iustitiae
1393 1976 1493 2001 atten-

429 2016 513 2047 ditur
535 2016 713 2047 secundum
737 2016 962 2057 aequalitatem
983 2017 1183 2052 exteriorem,
1207 2017 1272 2046 sive
1288 2021 1404 2056 sponte
1427 2016 1493 2046 sive

427 2062 525 2091 invite
548 2060 603 2091 fiat
625 2062 899 2101 recompensatio:
930 2066 967 2092 ut
989 2066 1076 2102 patet
1102 2066 1167 2091 tarn
1195 2061 1228 2091 in
1251 2059 1414 2090 solutione
1436 2068 1492 2100 pe-

429 2106 559 2139 cuniae,
591 2115 689 2146 quam
712 2106 746 2136 in
768 2106 962 2136 abscissione
985 2105 1204 2136 membrorum
1234 2114 1292 2135 seu
1314 2103 1493 2144 vapulatio-

428 2160 484 2185 ne,
505 2155 582 2186 etc.;
606 2149 802 2181 satisfactum
833 2155 879 2180 est
908 2150 995 2181 enim
1022 2150 1159 2180 iustitiae
1192 2149 1288 2180 etiam
1319 2149 1346 2179 si
1375 2149 1494 2179 invitus

428 2204 501 2225 reus
524 2194 654 2225 solverit
677 2200 732 2225 aut
755 2204 866 2235 passus
889 2194 993 2225 fuerit.
1020 2194 1290 2234 Recompensatio
1314 2197 1422 2223 autem
1445 2193 1494 2223 iu-

429 2239 530 2269 stitiae
554 2244 586 2269 et
608 2239 775 2274 amicitiae,
799 2239 860 2269 nisi
875 2244 990 2279 sponte
1006 2237 1061 2268 fiat
1077 2248 1094 2268 a
1109 2247 1176 2274 reo,
1193 2237 1272 2268 nihil
1287 2237 1386 2267 valet:
1412 2246 1494 2277 quo-

429 2284 515 2313 niam
538 2293 606 2313 non
630 2289 677 2314 est
699 2283 943 2314 reconciliativa,
968 2282 1008 2312 Et
1028 2283 1183 2323 quoniam
1205 2281 1244 2312 ad
1259 2287 1494 2312 sacramentum

429 2328 646 2368 poenitentiae
669 2332 791 2367 spectat
813 2327 1069 2367 recompensatio
1085 2326 1329 2362 reconciliativa,
1352 2325 1438 2362 ideo,
1455 2325 1494 2356 ad

429 2372 494 2402 hoc
517 2371 751 2407 denotandum,
781 2372 909 2402 initium
932 2377 964 2402 et
986 2371 1065 2401 ratio
1091 2371 1159 2401 eius
1189 2371 1320 2410 ponitur
1341 2370 1423 2400 velle
1446 2379 1494 2400 re-

430 2425 650 2456 compensare.
674 2415 773 2454 Quod
788 2415 869 2446 velle
885 2416 961 2456 quia
976 2414 1134 2446 clauditur
1149 2415 1182 2445 in
1199 2415 1402 2450 contritione,
1419 2413 1493 2444 ideo

430 2460 580 2491 contritio
610 2460 742 2500 ponitur
768 2461 871 2500 prima
893 2470 965 2501 pars
987 2459 1175 2490 sacramenti
1197 2459 1430 2499 poenitentiae:
1463 2464 1495 2488 et

432 2503 546 2535 dicitur
576 2505 610 2534 in
632 2504 734 2534 littera
764 2503 804 2534 de
828 2514 865 2535 ea
888 2503 993 2544 quod,
1021 2513 1089 2534 non
1111 2502 1290 2533 secundum
1314 2503 1493 2539 essentiam,

430 2547 487 2579 sed
509 2548 702 2584 virtualiter,
726 2548 790 2578 hoc
814 2553 869 2584 est,
894 2554 930 2579 ut
949 2554 995 2578 est
1017 2548 1144 2578 initium
1161 2552 1192 2578 et
1207 2547 1287 2578 ratio
1303 2555 1493 2587 recompen-

430 2593 571 2628 sationis,
588 2597 635 2623 est
649 2602 721 2633 pars
736 2593 923 2624 sacramenti
941 2593 1167 2632 poenitentiae.
1192 2592 1315 2622 Auctor
1331 2591 1417 2621 enim
1438 2600 1495 2631 per

430 2637 484 2667 illa
506 2638 615 2672 verba,
643 2637 834 2678 inquantum
861 2637 984 2668 scilicet
1005 2637 1149 2677 implicat
1165 2636 1371 2676 propositum
1395 2635 1495 2676 confi-

429 2681 517 2712 tendi
540 2686 572 2712 et
592 2681 833 2723 satisfaciendi,
861 2681 1127 2721 circumloquitur
1149 2680 1348 2711 voluntatem
1371 2689 1495 2710 recom-

1542 909 1707 949 pensandi,
1732 919 1830 950 quam
1853 910 1887 940 in
1911 919 2046 950 corpore
2077 909 2200 939 articuli
2228 908 2427 939 concluserat
2455 916 2523 938 esse
2545 906 2608 947 pri-

1543 963 1630 984 mam
1645 959 1768 994 partem
1784 954 2010 994 poenitentiae.
2035 953 2128 984 Unde
2148 958 2235 993 patet
2258 952 2347 993 quod
2363 952 2524 987 contritio,
2540 961 2608 981 non

1544 998 1650 1028 solum
1674 998 1853 1028 secundum
1876 1007 1928 1034 se,
1953 997 2009 1028 sed
2032 1002 2068 1028 ut
2091 1003 2138 1028 est
2159 998 2262 1037 prima
2284 1006 2356 1037 pars
2379 996 2608 1036 poenitentiae,

1544 1041 1746 1082 distinguitur
1776 1052 1794 1072 a
1817 1041 2020 1072 confessione
2044 1047 2075 1072 et
2098 1041 2325 1072 satisfactione:
2362 1050 2437 1070 nam
2460 1040 2609 1070 voluntas

1542 1085 1809 1126 recompensandi
1832 1086 2035 1126 distinguitur
2058 1096 2075 1115 a
2091 1086 2289 1116 subiectione
2306 1091 2337 1115 et
2353 1085 2391 1114 ab
2408 1085 2607 1115 executione.

1599 1131 1640 1160 Et
1662 1140 1719 1170 per
1742 1131 1820 1160 haec
1850 1135 1937 1170 patet
1966 1130 2133 1170 responsio
2164 1129 2203 1160 ad
2233 1129 2368 1160 Scotum
2388 1130 2405 1145 ⁴*
2429 1134 2460 1159 et
2482 1128 2608 1159 Duran-

1544 1173 1623 1204 dum
1638 1175 1655 1190 ἢ
1677 1179 1804 1204 utentes
1827 1174 1891 1204 hoc
1915 1179 2115 1214 argumento.

1599 1218 1651 1248 ΙΙΙ.
1677 1218 1712 1248 ln
1736 1218 1852 1248 eodem
1880 1218 2029 1254 articulo,
2056 1218 2091 1248 in
2113 1218 2323 1257 responsione
2350 1216 2390 1247 ad
2412 1215 2608 1251 secundum,

1543 1267 1620 1292 nota
1643 1261 1809 1302 diligenter
1833 1267 1864 1293 et
1887 1262 2034 1302 praedica
2058 1261 2236 1292 doctrinam
2259 1262 2352 1297 hanc,
2377 1260 2467 1301 quod
2490 1259 2610 1290 satisfa-

1545 1307 1609 1337 ctio
1639 1307 1874 1337 sacramentalis
1897 1307 1992 1346 auget
2014 1307 2163 1346 gratiam,
2189 1315 2227 1336 ex
2253 1306 2317 1336 hoc
2348 1304 2437 1346 quod
2465 1310 2512 1335 est
2539 1313 2611 1344 pars

1543 1352 1742 1381 sacramenti.
1777 1351 1819 1381 Et
1847 1356 1940 1391 potes
1970 1351 2033 1381 hoc
2060 1350 2236 1390 intelligere
2259 1359 2297 1380 ex
2321 1348 2498 1380 differentia
2527 1357 2611 1388 quae

1545 1401 1591 1425 est
1620 1396 1702 1426 inter
1724 1394 1973 1426 satisfactionem
1996 1395 2256 1425 sacramentalem
2288 1399 2319 1424 et
2341 1403 2409 1424 non
2432 1401 2611 1423 sacramen-

1544 1440 1651 1470 talem.
1676 1439 1759 1470 Nam
1782 1438 1953 1470 satisfactio
1977 1439 2212 1470 sacramentalis
2235 1438 2319 1469 valet
2341 1447 2409 1468 non
2432 1437 2539 1468 solum
2562 1446 2611 1468 se-

1545 1484 1689 1514 cundum
1712 1493 1755 1520 se,
1780 1483 1836 1514 sed
1859 1484 1955 1514 etiam
1979 1493 2016 1514 ex
2039 1484 2155 1514 virtute
2179 1483 2334 1514 clavium:
2359 1481 2532 1513 satisfactio
2554 1491 2611 1512 au-

1545 1534 1611 1559 tem
1634 1538 1701 1558 non
1717 1528 1951 1559 sacramentalis
1966 1528 2049 1558 valet
2064 1527 2171 1558 solum
2193 1526 2372 1558 secundum
2387 1535 2431 1562 se,
2455 1525 2612 1567 quoniam

1545 1583 1563 1602 a
1587 1573 1728 1603 clavibus
1750 1581 1819 1603 non
1842 1573 2010 1603 emanavit.
2035 1572 2198 1610 Quocirca
2220 1571 2294 1612 plus
2315 1570 2447 1611 prodest
2466 1579 2551 1601 unus
2565 1570 2612 1601 ie-

1545 1617 1626 1647 iunii
1649 1617 1715 1647 dies
1743 1622 1798 1647 aut
1821 1626 1924 1648 unum
1947 1617 2132 1657 psalterium
2156 1625 2194 1646 ex
2216 1615 2424 1658 impositione
2448 1613 2614 1646 confesso-

1545 1662 1586 1692 ris
1610 1671 1709 1701 quam
1732 1662 1800 1692 sine
1823 1661 1878 1692 tali
1900 1661 2117 1701 impositione.

1600 1705 1642 1736 Et
1670 1706 1746 1736 hine
1775 1711 1954 1746 sequuntur
1985 1705 2062 1736 duo.
2096 1705 2257 1740 Primum,
2289 1703 2379 1744 quod
2409 1703 2612 1744 poenitentes

1547 1755 1650 1781 errant
1678 1759 1808 1791 parvam
1840 1749 2088 1780 satisfactionem
2114 1749 2259 1779 volentes
2291 1748 2351 1779 sibi
2381 1758 2399 1778 a
2428 1746 2613 1778 confessore

1546 1795 1682 1834 imponi.
1705 1813 1729 1816 —
1752 1793 1948 1830 Secundum,
1972 1793 2063 1834 quod
2080 1792 2279 1824 confessores
2301 1792 2410 1823 minus
2432 1793 2515 1823 bene
2537 1800 2613 1832 pro·

1546 1839 1656 1869 vident
1678 1839 1919 1879 poenitentibus
1942 1838 2072 1878 (paratis
2088 1837 2209 1878 tamen)
2230 1836 2336 1868 dando
2353 1837 2398 1867 eis
2413 1836 2518 1867 levem
2533 1844 2614 1876 poe-

1545 1884 1722 1914 nitentiam.
1747 1883 1818 1923 Ipsa
1837 1883 1924 1913 enim
1938 1882 2123 1923 prorogatio
2139 1880 2363 1912 satisfactionis
2377 1880 2614 1911 sacramentalis

1546 1929 1662 1958 virtute
1686 1927 1824 1958 clavium
1848 1932 1879 1957 et
1901 1936 2018 1966 augere
2040 1932 2113 1958 nata
2129 1931 2176 1957 est
2191 1926 2340 1966 gratiam3
2365 1930 2398 1955 et
2419 1924 2494 1965 plus
2507 1924 2614 1955 valete

1547 1971 1587 2002 ad
1610 1970 1867 2002 satisfaciendum
1890 1980 1950 2011 pro
1973 1971 2122 2011 peccatis.
2607 2006 2615 2010 .

1602 2016 1654 2046 IV.
1679 2016 1714 2046 In
1739 2015 1850 2046 eadem
1880 2015 2090 2055 responsione
2123 2013 2277 2045 solvenda
2306 2013 2445 2044 occurrit
2471 2013 2612 2043 obiectio

1547 2060 1700 2096 Durandi,
1713 2061 1748 2090 in
1763 2059 1897 2098 Quarto,
1914 2058 1984 2089 dist.
2001 2069 2063 2095 xw,
2081 2068 2135 2099 qu.
2152 2069 2173 2094 1,
2191 2063 2302 2089 contra
2316 2056 2573 2088 satisfactionem
2584 2058 2612 2087 “.

1547 2104 1633 2142 Quia
1647 2104 1680 2135 id
1696 2113 1764 2134 non
1780 2109 1827 2134 est
1841 2112 1913 2143 pars
1929 2103 2117 2134 sacramenta·
2139 2103 2209 2134 sine
2232 2111 2300 2143 quo
2315 2106 2550 2133 sacramentum
2566 2106 2614 2132 est

1548 2148 1766 2189 completum:
1783 2166 1806 2170 —
1820 2148 1881 2184 vel,
1898 2147 2068 2178 deficiente
2091 2157 2156 2178 una
2178 2152 2268 2188 parte
2291 2146 2489 2182 sacramenti,
2510 2155 2613 2177 sacra-

1546 2199 1694 2223 mentum
1710 2192 1836 2223 nullum
1852 2197 1909 2222 est.
1925 2191 1989 2223 Sed
2005 2192 2072 2222 sine
2088 2192 2258 2222 subsecuta
2280 2190 2497 2223 satisfactione
2510 2199 2614 2221 sacra-

1547 2242 1694 2268 mentum
1717 2236 1935 2277 poenitentiae
1957 2236 2022 2267 iam
2037 2235 2097 2266 fuit
2111 2245 2223 2266 verum
2247 2240 2492 2266 sacramentum.
2515 2234 2613 2275 Ergo.

1602 2280 1654 2312 Ad
1676 2282 1739 2312 hoc
1763 2280 1877 2311 dicitur
1907 2280 1997 2320 quod
2019 2289 2091 2320 pars
2115 2286 2162 2311 est
2185 2279 2320 2320 duplex:
2345 2279 2537 2315 essentialis,
2561 2279 2615 2310 vel

1547 2325 1717 2366 integralis.
1751 2324 1793 2355 Et
1822 2325 1890 2355 sine
1917 2330 2006 2365 parte
2035 2323 2167 2365 quidem
2197 2323 2355 2355 essentiali
2379 2328 2615 2354 sacramentum

1547 2370 1675 2401 nullum
1698 2375 1763 2400 est:
1789 2369 1871 2399 sicut
1892 2378 1954 2399 nec
1976 2369 2076 2399 homo
2093 2373 2141 2399 est
2155 2369 2181 2399 si
2196 2367 2278 2399 desit
2292 2368 2398 2398 anima
2413 2372 2469 2398 aut
2484 2375 2614 2408 corpus».

1549 2413 1612 2445 Sed
1634 2414 1703 2444 sine
1726 2423 1790 2444 una
1813 2418 1902 2453 parte
1925 2413 2069 2453 integrali
2084 2417 2319 2443 sacramentum
2341 2421 2454 2443 verum
2470 2411 2614 2452 quidem,

1548 2458 1605 2489 sed
1626 2456 1862 2498 imperfectum,
1887 2467 1954 2488 esse
1977 2462 2099 2498 potest:
2124 2458 2207 2488 sicut
2228 2458 2331 2487 homo
2354 2457 2422 2487 sine
2445 2465 2544 2486 manu
2568 2461 2616 2486 est

1547 2512 1642 2533 verus
1665 2502 1777 2538 homo,
1802 2501 1857 2532 sed
1879 2511 2023 2532 mancus.
2059 2500 2237 2533 Satisfactio
2261 2506 2370 2532 autem
2392 2510 2460 2531 non
2483 2500 2616 2540 ponitur

1549 2557 1621 2588 pars
1638 2546 1812 2576 essentialis
1828 2547 2016 2577 sacramenti
2031 2546 2259 2587 poenitentiae,
2273 2544 2329 2576 sed
2343 2544 2504 2585 integralis
2516 2545 2548 2575 ⁴':
2569 2549 2616 2575 est

1550 2592 1636 2622 enim
1659 2599 1731 2630 pars
1758 2595 1890 2620 actuum
1912 2591 2124 2631 poenitent-is,
2156 2590 2213 2630 qui
2240 2595 2315 2620 sunt
2340 2594 2377 2620 ut
2399 2589 2530 2620 materia
2557 2597 2616 2620 seu

1549 2644 1622 2676 pars
1645 2634 1819 2666 essentialis
1842 2636 2046 2672 sacramenti:
2071 2635 2154 2666 sicut
2175 2643 2290 2665 manus
2314 2639 2361 2664 est
2375 2642 2448 2673 pars
2471 2633 2616 2673 corporis

1550 2679 1693 2714 humani,
1718 2678 1808 2718 quod
1831 2684 1878 2709 est
1900 2680 2031 2710 materia
2054 2685 2085 2710 et
2108 2689 2180 2720 pars
2203 2678 2378 2710 essentialis
2401 2677 2553 2708 hominis.

1237 2870 1557 2914 ARTICULUS
1585 2870 1816 2913 TERTIUS

764 2984 921 3016 UTRUM
944 2983 1195 3015 PRAEDICTA
1219 2984 1323 3014 TRIA
1347 2983 1444 3015 SINT
1468 2982 1636 3014 PARTES
1659 2981 1935 3013 INTEGRALES
1957 2980 2284 3020 POENITENTIAE

1219 3080 1253 3105 IV
1273 3080 1355 3110 Sem„
1375 3080 1434 3105 dist.
1453 3087 1503 3111 xw,
1522 3087 1568 3112 qu.
1588 3087 1606 3110 1,
1625 3083 1671 3104 art.
1692 3085 1716 3110 ι,
1735 3078 1786 3112 qu*
1806 3077 1831 3104 3.

521 3194 605 3226 l'rl2<

574 3248 589 3256 ς.

575 3260 608 3288 NJ!
631 3278 635 3282 .

647 3190 668 3214 n
696 3189 854 3216 Tannum
877 3190 929 3215 s1c
955 3190 1190 3216 Paocssnrrua.
1210 3178 1371 3215 Videtur
1389 3178 1496 3227 quod
1521 3176 1525 3216 Ι
1549 3177 1641 3228 quia
1668 3185 1872 3227 peccatum
1908 3176 1956 3213 de
1985 3174 2157 3224 quolibet
2184 3175 2329 3211 horum
2360 3173 2616 3223 praedicatur.

580 3234 616 3269 *fd
648 3230 839 3278 praedicta
866 3231 935 3268 tria
963 3243 1042 3268 non
1062 3231 1135 3268 sint
1153 3240 1279 3281 partes
1298 3231 1497 3280 integrales
1549 3232 1651 3280 Ergo
1681 3229 1796 3267 etiam
1815 3229 1855 3266 in
1873 3227 2108 3278 poenitentia
2127 3226 2303 3265 contritio
2324 3226 2450 3264 cordis
2469 3234 2506 3264 et
2524 3238 2617 3264 con-

456 3285 479 3328 ',
502 3321 504 3325 ,
541 3297 575 3324 r,
596 3286 617 3321 (ι
650 3283 914 3331 poenitentiae.
957 3284 1195 3322 poenitentia
1222 3285 1342 3332 enim,
1372 3292 1414 3322 ut
1442 3284 1497 3321 di·
1549 3284 1662 3322 fessio
1691 3283 1767 3321 oris
1802 3290 1838 3319 et
1865 3281 2066 3319 satisfactio
2094 3279 2221 3330 operis
2255 3292 2335 3318 non
2368 3287 2458 3317 sunt
2490 3287 2618 3329 partes

444 3385 520 3422 Sed
547 3395 746 3434 peccatum
774 3389 910 3437 cordis,
939 3390 1014 3427 oris
1043 3399 1078 3427 et
1104 3391 1230 3440 operis
1258 3399 1347 3429 sunt
1373 3399 1499 3441 partes

443 3441 671 3479 subiectivae
704 3442 846 3490 peccati
868 3442 905 3490 ²¹⁸,
945 3451 980 3479 et
1008 3455 1086 3480 non
1122 3452 1247 3492 partes
1280 3444 1497 3493 integrales:

496 3348 506 3361 ‚t
529 3326 592 3366 23⁶)
607 3325 639 3367 N
651 3343 756 3372 ctum
775 3344 829 3372 est
847 3336 877 3382 ³¹⁶,
907 3345 1038 3374 contra
1057 3346 1258 3387 peccatum
1286 3337 1495 3375 ordinatur.
1550 3338 1762 3385 integrales.

1608 3402 1642 3426 2.
1673 3390 1904 3434 PRAETEREA,
1934 3388 2038 3425 nulla
2065 3399 2153 3437 pars
2181 3386 2369 3436 integralis
2397 3386 2437 3424 in
2456 3396 2496 3423 se
2524 3397 2616 3423 con-

1552 3443 1645 3480 tinet
1664 3442 1779 3480 aliam
1798 3441 1869 3478 sibi
1884 3439 2135 3478 condivisam.
2157 3440 2234 3478 Sed
2253 3439 2428 3477 contritio
2448 3438 2618 3479 continet

2586 3590 2601 3607 s

2528 3631 2557 3649 s

2629 382 2639 392 ·
2645 380 2670 403 8.
2675 379 2721 403 Th.
2727 380 2779 402 leet.
2785 385 2843 403 xxn.

2631 698 2642 710 ·
2656 696 2683 720 In
2698 702 2808 726 corpore.

2634 1137 2645 1146 ·
2659 1134 2692 1156 tv
2705 1133 2781 1183 ,ἕνεῖη
2794 1133 2852 1156 din.

2634 1167 2694 1210 ξ’ῐιῦἰ
2711 1202 2728 1214 .,
2741 1192 2781 1215 qu.
2796 1192 2813 1210 ι.

2636 2063 2646 2074 ·
2658 2062 2695 2085 Cf.
2707 2065 2752 2085 ert.
2767 2067 2858 2090 praee„

2638 2088 2862 2141 fixam:

2641 2550 2651 2561 '
2665 2549 2719 2572 Art.
2733 2553 2785 2576 neq.
