2918 4088
4 311 6 314 ’
22 319 120 367 Ιῆδιωιιιη
134 326 163 349 ια
179 332 197 349 ι.

53 3311 56 3314 ἢ
73 3277 111 3303 α.
123 3263 188 3302 aum.
202 3284 254 3302 vm.

930 183 1194 229 QUAESTIO
1222 184 1398 230 LXXVI,
1427 183 1719 221 ARTICULUS
1747 185 1777 222 11

263 278 339 316 pus
367 264 506 303 Christi
534 276 582 302 ex
608 263 647 300 vi
676 260 913 308 sacramenti,
941 261 1094 309 sanguis
1122 265 1253 297 autem
1281 273 1327 297 ex

2364 187 2429 225 181

1435 261 1637 306 Secundo,
1667 262 1743 298 hoc
1770 269 1825 298 est
1852 264 2085 301 conveniens
2121 265 2206 302 usui
2236 265 2350 302 huius
2378 278 2435 302 sa-

265 318 355 356 reali
383 316 699 355 concomitantia:
730 315 826 352 sicut
849 325 965 363 supra
983 315 1004 335 ’¹‘
1031 313 1174 350 dictum
1206 320 1260 349 est
1279 313 1326 349 de
1381 313 1585 349 eramenti:
1615 320 1657 349 ut
1684 325 1860 350 seorsum
1894 315 2116 353 exhibeatur
2149 317 2325 355 fidelibus
2353 330 2435 355 cor-

265 371 395 410 anima
422 378 458 408 et
485 369 679 407 divinitate
709 366 859 405 Christi.
895 365 977 404 Sub
1006 365 1206 416 speciebus
1234 376 1327 401 vero

264 423 345 461 vini
373 431 430 461 est
447 422 607 473 quidem
635 420 788 470 sanguis
808 418 947 457 Christi
966 430 1012 455 ex
1030 418 1070 455 vi
1089 416 1326 464 sacramenti,

264 488 407 526 corpus
434 483 565 513 autem
593 473 733 513 Christi
760 485 807 510 ex
835 471 926 510 reali
953 469 1261 516 concomitantia,
1282 469 1328 506 si-

265 537 330 567 cut
356 529 487 566 anima
514 536 551 565 et
587 527 783 565 divinitas:
823 537 870 563 eo
898 524 1006 574 quod
1034 535 1139 560 nunc
1175 522 1328 570 sanguis

266 581 407 619 Christi
434 593 514 619 non
543 588 598 618 est
626 580 674 618 ab
702 580 785 617 eius
813 589 975 628 corpore
1004 583 1212 626 separatus,
1234 575 1330 612 sicut

264 635 335 672 fuit
361 642 536 684 ternpore
564 632 752 684 passionis
780 639 817 669 et
843 629 988 668 mortis.
1017 628 1149 674 Unde,
1180 628 1210 665 si
1237 635 1330 665 tunc

265 687 396 726 fuisset
413 688 490 725 hoc
517 693 802 724 sacramentum
823 684 1069 730 celebratum,
1090 682 1162 719 sub
1187 681 1329 730 specie-

265 740 340 778 bus
367 740 478 790 panis
512 739 643 778 fuisset
675 750 817 788 corpus
846 735 985 775 Christi
1013 735 1094 773 sine
1123 734 1329 782 sanguine,

266 801 304 830 et
330 794 404 831 sub
431 793 557 843 specie
577 798 595 820 η
622 791 703 829 vini
731 789 884 839 sanguis
913 789 993 826 sine
1022 799 1204 838 corpore:
1234 787 1331 824 sicut

266 853 347 883 erat
374 846 414 883 in
441 845 496 882 rei
522 844 691 882 veritate.

319 900 377 935 An
397 910 532 936 prunum
555 909 654 935 ERGO
673 907 855 934 mci-:noun
881 894 1000 944 quod,
1021 892 1201 944 quamvis
1228 899 1330 930 totus

269 950 424 989 Chistus
452 950 498 988 sit
525 950 598 988 sub
625 958 789 999 utraque
811 948 959 998 specie,
988 959 1069 984 non
1096 954 1228 984 tamen
1254 946 1331 983 fru-

267 1011 353 1042 stra.
382 1004 488 1042 Nam
514 1002 642 1053 primo
671 1002 843 1052 quidem,
872 1002 948 1038 hoc
975 1001 1076 1038 valet
1103 999 1152 1037 acl
1180 1010 1331 1048 reprae-

267 1057 495 1096 sentandam
521 1055 742 1106 passionem
781 1053 941 1098 Christi,
970 1053 1010 1090 in
1042 1065 1121 1103 qua
1155 1064 1331 1090 seorsum

267 1109 422 1159 sanguis
463 1108 532 1147 fuit
572 1121 595 1147 a
635 1120 797 1158 corpore
826 1106 850 1144 θ.
897 1107 1009 1145 Unde
1051 1114 1088 1143 et
1128 1106 1167 1142 in
1207 1106 1332 1142 forma

267 1161 565 1200 consecrationis
593 1161 787 1211 sanguinis
814 1160 858 1198 fit
885 1159 1030 1198 mentio
1059 1159 1107 1197 de
1132 1158 1214 1196 eius
1238 1159 1331 1195 effu-

265 1227 387 1254 sione.

285 1379 290 1381 ‚
362 1348 458 1381 speeie.
474 1360 494 1366 -
510 1347 644 1380 speciebus
661 1347 735 1371 tertia
752 1343 811 1379 (sed
829 1346 853 1370 H
872 1353 926 1371 om.
939 1345 1021 1377 panis
1033 1345 1159 1378 suisset...
1177 1344 1283 1378 specie).

298 1382 315 1385 '⁷
335 1384 346 1419 )
364 1391 382 1409 a
399 1390 519 1416 corpore.
537 1397 556 1402 —
574 1385 715 1414 separatus
733 1381 804 1406 addit
820 1381 894 1406 tertia
911 1386 1013 1414 praeter
1030 1380 1048 1406 1.
1170 1387 1185 1397 ²

1382 377 1455 414 pus
1485 364 1623 402 Christi
1651 365 1689 401 in
1718 365 1860 412 cibum,
1881 375 1916 403 et
1944 368 2096 415 sanguis
2115 368 2154 404 in
2181 378 2328 418 potum.

1435 417 1578 463 Tertio,
1599 424 1786 466 quantum
1809 419 1856 455 ad
1877 419 2074 456 effectum:
2097 422 2311 458 secundum
2330 423 2435 471 quod

1381 481 1499 518 supra
1521 469 1542 491 ’¹‘
1569 469 1715 506 dictum
1753 477 1807 506 est
1840 472 1948 519 quod
1984 484 2118 521 corpus
2152 474 2342 510 exhibetur
2363 488 2436 523 pro

1381 523 1498 559 salute
1524 523 1703 571 corporis,
1723 525 1877 572 sanguis
1899 536 1972 572 pro
1999 525 2115 560 salute
2142 527 2301 562 animae.

1435 575 1493 611 AD
1521 586 1710 611 SECUNDUM
1738 586 1920 612 memnon
1941 577 2049 624 quod
2077 576 2115 612 in
2134 576 2310 625 passione
2331 577 2438 614 Chri·

1383 627 1438 674 sti,
1460 626 1570 664 cuius
1597 627 1673 663 hoc
1701 635 1984 665 sacramentum
2012 636 2066 665 est
2093 628 2330 676 memoriale,
2360 641 2439 666 non

1382 679 1536 717 fuerunt
1563 679 1657 716 aliae
1676 687 1802 728 partes
1829 680 1999 729 corporis
2023 681 2070 717 ab
2099 681 2264 718 invicem
2291 694 2439 731 separa-

1383 740 1455 778 tae,
1476 732 1572 769 sicut
1599 731 1770 780 sanguis,
1797 733 1865 769 sed
1893 745 2033 782 corpus
2061 733 2329 771 indissolutum
2356 746 2439 783 per-

1384 785 1542 822 mansit:
1573 785 1789 822 secundum
1809 786 1915 834 quod
1935 786 2069 833 legitur
2086 787 2208 823 Exod.
2229 799 2274 823 xu
2293 793 2300 808 ι
2318 787 2358 823 *z
2393 788 2441 824 Os

1384 851 1458 875 non
1493 839 1748 875 comminuetis
1780 850 1830 874 ex
1857 850 1912 875 eo.
1951 839 1999 874 Et
2027 838 2113 875 ideo
2143 838 2181 875 in
2210 839 2285 875 hoc
2321 851 2441 876 sacra-

1384 898 1516 928 mento
1552 902 1728 928 seorsum
1756 897 2000 928 consecratur
2033 891 2185 939 sanguis
2213 903 2235 928 a
2262 902 2440 940 corpore,

1384 957 1465 982 non
1493 951 1623 982 autem
1652 943 1725 980 alia
1743 949 1759 964 ²
1785 955 1874 992 pars
1903 943 1951 980 ab
1980 943 2063 981 alia.

1438 998 1496 1034 As>
1529 1009 1690 1034 Ti-:R‘rmM
1707 1008 1889 1034 DICENDUM
1908 996 2027 1045 quod,
2048 996 2144 1033 sicut
2166 996 2312 1034 dictum
2339 1004 2394 1033 est
2411 996 2442 1043 *,

1385 1062 1527 1100 corpus
1556 1049 1696 1087 Christi
1723 1062 1804 1086 non
1832 1057 1887 1086 est
1915 1049 1987 1086 sub
2015 1049 2139 1098 specie
2159 1049 2238 1086 vini
2266 1061 2312 1086 ex
2330 1049 2368 1085 vi
2387 1061 2444 1086 sa-

1386 1103 1582 1149 cramenti,
1604 1103 1671 1140 sed
1690 1115 1737 1140 ex
1760 1102 1850 1139 reali
1869 1102 2175 1139 concomitantia.
2206 1103 2253 1139 Et
2272 1102 2358 1139 ideo
2377 1114 2446 1151 per

1386 1156 1715 1195 consecrationem
1742 1155 1824 1193 vini
1851 1167 1932 1192 non
1967 1154 2010 1192 fit
2044 1154 2096 1192 ibi
2130 1166 2269 1205 corpus
2307 1155 2445 1192 Christi

1386 1222 1456 1261 per
1483 1222 1536 1257 se,
1556 1209 1624 1246 sed
1652 1208 1965 1246 concomitanter.

1440 1342 1459 1377 ι)
1478 1342 1542 1367 ΧΠ.
1561 1355 1580 1360 —-
1599 1341 1656 1373 PE;
1675 1346 1741 1374 spat.
1760 1341 1859 1373 Anci),
1872 1349 1926 1366 om.
1938 1341 1959 1366 F
1972 1346 1998 1366 et
2010 1346 2094 1366 cetera
2112 1342 2193 1371 tertia,
2206 1342 2280 1366 XIII
2295 1343 2335 1366 ed.
2348 1349 2380 1374 a;
2400 1351 2447 1375 pro

1389 1378 1451 1404 Os...
1470 1385 1509 1407 eo,
1529 1378 1585 1403 Nec
1603 1384 1632 1402 os
1652 1377 1724 1402 illius
1739 1377 1917 1411 confringetis
1937 1377 1965 1402 P.

1438 1413 1464 1448 κ)
1482 1413 1547 1438 alia.
1564 1427 1584 1432 -
1599 1413 1692 1446 aliqua
1708 1413 1765 1437 alia
1781 1413 1864 1443 tertia,
1882 1413 1974 1445 aliqua
1992 1413 2078 1438 ceteri.

940 1506 1276 1539 Commentario»
1297 1495 1550 1536 Gar-ainans
1573 1503 1774 1536 Caieta-sni

290 1606 320 1630 'u
342 1596 486 1630 secundo
510 1596 654 1633 articulo,
679 1597 763 1627 circa
785 1595 818 1626 id
841 1594 931 1636 quod
953 1595 988 1625 in
1011 1594 1097 1625 calce
1117 1594 1260 1633 corporis
1284 1591 1331 1623 di-

271 1610 396 1679 lcitur,
419 1642 503 1673 sicut
524 1645 596 1672 erat
618 1641 650 1671 in
676 1641 724 1671 rei
747 1640 895 1674 veritate,
920 1639 1079 1669 chimaera
1101 1638 1210 1678 potius
1234 1645 1332 1677 quam

269 1686 426 1719 dubitatio
450 1695 488 1716 ex
511 1685 622 1722 scoto,
645 1685 679 1715 in
702 1684 772 1715 dist.
789 1694 819 1718 x,
844 1693 899 1724 qu.
915 1692 947 1722 4,
964 1683 1078 1721 Quarti
1096 1682 1194 1718 Sem„
1219 1690 1332 1711 occur-

267 1732 326 1768 rit,
347 1735 478 1761 tenente
507 1728 598 1770 quod
618 1738 687 1759 non
710 1728 855 1769 sequitur
877 1727 1063 1768 simpliciter
1085 1726 1283 1761 necessario,
1307 1725 1334 1755 si

267 1785 387 1816 corpus
410 1774 529 1806 Christi
550 1773 646 1804 habet
660 1778 765 1813 partes
779 1778 811 1803 et
833 1772 1043 1813 proprietates
1061 1780 1133 1801 suas
1157 1770 1216 1800 sub
1232 1768 1333 1800 modo

267 1818 496 1854 sacramentali,
513 1816 604 1858 quod
618 1817 733 1847 habeat
749 1826 801 1847 eas
816 1817 875 1847 sub
892 1816 1056 1846 existentia
1075 1814 1220 1845 naturali.
1244 1814 1286 1844 Et
1300 1814 1334 1843 in

267 1867 395 1895 tantum
408 1861 554 1904 procedit
569 1861 660 1902 quod
674 1862 767 1902 ponit
779 1860 869 1901 quod
884 1866 957 1891 ante
972 1860 1226 1890 incarnationem
1237 1858 1335 1888 Verbi

269 1908 342 1945 Dei,
356 1907 464 1949 potuit
486 1907 529 1937 ita
550 1915 624 1937 vere
643 1906 841 1936 Eucharistia
862 1904 960 1935 fuisse
983 1905 1065 1934 sicut
1088 1909 1119 1934 et
1141 1912 1229 1933 nunc
1245 1903 1278 1932 *t
1304 1907 1336 1932 et

268 1952 334 1984 hoc
357 1957 423 1982 tam
446 1955 603 1991 quantum
626 1949 666 1980 ad
689 1949 969 1990 significationem,
993 1957 1091 1989 quam
1114 1952 1272 1988 quantum
1295 1945 1335 1977 ad

269 2005 339 2028 rem
362 1996 517 2037 signatam
540 2000 571 2026 et
594 1999 788 2025 contentam.
812 1993 854 2024 Et
875 2003 999 2029 rursus,
1025 1993 1050 2023 si
1073 2002 1190 2032 corpus
1218 1991 1336 2022 Christi

270 2040 498 2072 annihilaretur
526 2038 706 2070 secundum
735 2047 831 2068 suum
858 2047 926 2068 esse
950 2037 1110 2073 naturale,
1137 2035 1336 2067 Eucharistia

269 2090 380 2116 tamen
401 2093 476 2115 vere
498 2088 607 2124 posset
629 2092 775 2118 manere,
803 2083 899 2112 etiam
923 2087 1080 2122 quantum
1103 2080 1144 2111 ad
1165 2089 1234 2111 rem
1257 2089 1335 2110 con-

271 2134 403 2160 tentam.
420 2128 454 2159 Si
468 2133 576 2159 tamen
592 2136 710 2167 corpus
722 2126 840 2157 Christi
856 2131 1114 2166 corrumperetur
1128 2125 1336 2165 corruptione

271 2173 416 2209 naturali,
439 2177 518 2213 puta
541 2172 616 2212 quia
638 2171 742 2202 forma
765 2171 985 2210 corporeitatis
1008 2174 1205 2210 separaretur
1228 2179 1246 2199 a
1268 2178 1335 2199 ma-

271 2218 351 2249 teria
372 2217 492 2258 prima,
519 2225 588 2247 non
610 2220 788 2246 remaneret
811 2215 1008 2246 Eucharistia
1035 2213 1144 2254 quoad
1166 2222 1235 2244 rem
1258 2222 1337 2243 con-

271 2266 404 2293 tentam.

327 2305 366 2336 11.
389 2305 432 2336 Et
454 2303 701 2336 fundamentum
723 2303 813 2334 Scoti
829 2308 875 2334 est
890 2304 917 2333 ⁹.
943 2302 1083 2341 Quando
1101 2302 1266 2332 existentia
1281 2301 1337 2332 ali-

274 2359 339 2392 qua
361 2355 408 2381 est
429 2348 612 2380 indifferens
635 2347 674 2378 ad
697 2347 779 2378 duos
794 2347 921 2384 modos,
945 2352 1052 2387 potest
1075 2346 1260 2387 simpliciter
1282 2346 1337 2376 ha-

273 2395 342 2430 beri
364 2394 423 2425 sub
446 2391 630 2432 unqmodo
654 2393 699 2423 sic
723 2391 812 2432 quod
834 2401 902 2423 non
918 2392 977 2422 sub
993 2391 1067 2422 alio.
1091 2391 1155 2422 Sed
1174 2390 1338 2422 existentia

275 2438 419 2479 corporis
442 2437 560 2469 Chr'isti
583 2436 777 2477 simpliciter,
802 2445 858 2467 seu
881 2436 1015 2472 realiter,
1039 2435 1221 2466 indifferens
1237 2440 1284 2466 est
1299 2434 1339 2465 ad

273 2483 352 2514 istos
383 2481 464 2513 duos
494 2480 627 2516 modos,
659 2480 779 2511 scilicet
805 2480 982 2511 naturalem
1009 2485 1040 2511 et
1066 2479 1337 2511 sacramentalem.

274 2526 361 2568 Ergo
384 2530 491 2567 potest
512 2525 622 2556 haberi
643 2525 702 2555 sub
725 2534 793 2555 uno
817 2525 885 2555 sine
908 2524 1017 2555 altero.

330 2571 372 2601 Et
394 2571 420 2600 si
443 2569 574 2606 dicatur,
590 2569 696 2609 inquit
718 2568 844 2605 Scotus‚
861 2568 951 2609 quod
973 2569 1076 2600 maior
1093 2568 1274 2609 propositio
1290 2568 1339 2598 in-

274 2615 426 2655 telligitur
453 2613 584 2654 quando
606 2618 720 2644 neuter
741 2613 859 2644 modus
883 2612 1043 2654 dependet
1065 2613 1104 2643 ab
1128 2613 1244 2650 altero;
1267 2621 1339 2642 mo—

275 2659 336 2691 dus
366 2664 475 2690 autem
497 2657 731 2689 sacramentalis
761 2657 920 2698 dependet
949 2667 968 2688 a
995 2657 1149 2688 naturali:
1173 2675 1196 2679 -
1219 2662 1339 2688 contra.

237 2727 240 2730 »
275 2703 451 2735 Existentia
472 2702 531 2733 sub
554 2701 654 2732 modo
677 2701 813 2732 naturali
834 2711 902 2732 non
919 2707 965 2732 est
988 2701 1028 2732 de
1047 2702 1182 2732 essentia
1205 2702 1340 2732 existen-

274 2748 339 2779 tiae
361 2746 419 2778 sub
443 2745 543 2777 modo
563 2746 790 2782 sacramentali,
806 2755 867 2776 nec
891 2750 938 2776 est
961 2745 1029 2776 eius
1045 2755 1149 2777 causa.
1172 2746 1258 2786 Ergo
1282 2746 1341 2776 ista

275 2800 344 2824 non
364 2790 524 2832 dependet
545 2790 584 2820 ab
606 2789 669 2820 illa.
685 2808 707 2812 —
729 2790 835 2820 Prima
849 2798 921 2830 pars
936 2790 1032 2820 huius
1054 2789 1269 2820 antecedentis
1284 2799 1341 2830 pa-

274 2841 331 2867 tet.
357 2835 443 2874 Quia
461 2844 511 2865 res
527 2834 743 2865 Eucharistiae
759 2843 834 2864 vnon
856 2833 952 2864 habet
973 2834 1018 2864 ibi
1036 2833 1172 2865 modum
1188 2833 1342 2864 existendi

275 2880 470 2916 annualem,
493 2879 614 2910 scilicet
644 2879 852 2909 extensivum.
886 2878 1028 2908 Haberet
1055 2884 1179 2914 autem,
1203 2879 1230 2908 si
1259 2883 1342 2909 esset

277 2924 319 2956 de
348 2924 484 2955 essentia
512 2923 597 2954 illius
620 2923 818 2953 existentiae:
849 2922 926 2962 quia
957 2931 1055 2954 omne
1078 2923 1198 2954 habens
1221 2922 1342 2963 aliquid

275 2969 373 3006 habet
387 2967 467 2999 illud
487 2967 577 3008 quod
600 2972 647 2998 est
666 2966 706 2998 de
723 2967 858 2998 essentia
879 2967 957 2997 eius.
973 2984 997 2989 -
1016 2966 1165 2998 Secunda
1179 2976 1251 3008 pars
1266 2976 1341 3008 pro-

277 3013 379 3044 batur.
412 3011 498 3050 Quia
521 3011 609 3042 Deus
633 3017 680 3042 est
703 3020 797 3041 causa
819 3009 1004 3041 immediata
1029 3011 1113 3052 illius
1141 3011 1341 3048 existentiae,

277 3057 399 3088 scilicet
421 3056 565 3097 corporis
589 3054 707 3086 Christi
729 3056 763 3085 in
786 3060 994 3086 sacramento.
1176 3059 1179 3062 ·

333 3100 386 3132 111.
409 3099 574 3132 Praeterea
588 3100 616 3136 *,
639 3099 838 3130 Eucharistia
859 3109 928 3129 non
952 3098 1112 3140 dependet
1130 3108 1148 3129 a
1169 3098 1270 3130 modo
1285 3109 1342 3130 na-

277 3145 371 3177 turali
386 3150 422 3175 ut
437 3155 455 3175 a
470 3149 679 3180 sacramento,
696 3143 747 3174 vel
762 3153 795 3174 re
814 3144 1012 3174 sacramenti.
1028 3161 1051 3166 -
1074 3142 1174 3181 Quod
1191 3143 1342 3174 ultimum

276 3190 442 3231 probatur.
462 3188 548 3227 Quia
570 3198 619 3219 res
635 3188 823 3219 sacramenti
838 3193 885 3218 est
901 3188 1065 3218 existentia
1087 3188 1147 3218 sub
1163 3187 1226 3219 alio
1241 3187 1343 3218 modo

279 3233 327 3266 dis
351 3238 449 3270 arato,
472 3232 555 3264 idest
577 3232 805 3264 sacramentali.

380 3300 388 3308 .
410 3276 576 3308 Praeterea
590 3277 618 3314 ⁴,
638 3275 726 3307 Deus
749 3281 856 3316 potest
881 3276 949 3306 sine
975 3285 1185 3316 quocumque
1213 3281 1342 3306 causato

280 3321 457 3352 extrinseco
481 3320 587 3357 alicui,
602 3320 683 3351 illud
706 3329 844 3351 causare.
869 3319 932 3351 Sed
956 3320 1120 3351 existentia
1134 3319 1235 3351 modo
1251 3325 1343 3350 natu-

279 3365 336 3397 rali
358 3375 427 3396 non
450 3369 498 3395 est
519 3365 690 3396 intrinseca
712 3365 940 3395 Eucharistiae.
968 3364 1064 3404 Ergo,
1082 3369 1142 3395 etc.

335 3409 377 3440 Et
399 3409 426 3440 si
447 3408 532 3440 dicas
555 3408 646 3450 quod
667 3409 770 3439 maior
793 3413 840 3439 est
861 3418 936 3440 vera
957 3408 998 3439 de
1021 3408 1192 3444 absolutis,
1222 3413 1254 3439 et
1275 3417 1343 3438 non

243 3451 246 3454 ”
281 3453 322 3484 de
343 3458 509 3494 respectu,
539 3453 615 3494 quia
637 3458 799 3493 respectus
827 3453 894 3483 sine
917 3451 1128 3483 fundamento
1152 3458 1184 3483 et
1206 3453 1342 3482 termino

280 3496 350 3528 fieri
370 3498 502 3538 nequit,
534 3497 731 3528 Eucharistia
760 3502 869 3528 autem
891 3496 1026 3527 includit
1048 3502 1229 3537 respectum
1253 3496 1343 3526 cuius

1385 1593 1540 1622 terminus
1557 1598 1603 1623 est
1620 1593 1784 1623 existentia
1799 1591 1900 1623 modo
1916 1592 2067 1623 naturali:
2083 1611 2106 1614 —
2122 1598 2241 1623 contra.
2266 1593 2446 1630 Existentia‚

1386 1636 1460 1667 licet
1483 1637 1523 1666 sit
1547 1636 1659 1667 eadem
1682 1637 1741 1667 sub
1766 1636 1894 1667 duobus
1917 1636 2032 1672 modis,
2056 1637 2175 1667 scilicet
2197 1638 2332 1668 naturali
2355 1644 2386 1668 et
2401 1648 2448 1669 sa-

1387 1681 1580 1717 cramentali,
1603 1686 1711 1711 tamen
1733 1690 1801 1711 non
1825 1686 1872 1711 est
1894 1682 2048 1711 terminus
2063 1681 2223 1712 relationis
2243 1691 2325 1722 quae
2347 1683 2449 1714 inclu-

1387 1724 1472 1755 ditur
1501 1725 1535 1755 in
1563 1725 1761 1756 Eucharistia
1788 1724 1847 1755 sub
1870 1724 1970 1755 modo
1998 1726 2148 1761 naturali,
2179 1725 2234 1756 sed
2264 1727 2322 1756 sub
2350 1726 2448 1758 modo

1388 1769 1557 1810 disparato.
1573 1787 1597 1792 -
1619 1768 1719 1807 Quod
1742 1770 1905 1810 probatur.
1930 1769 1979 1800 Eo
2003 1769 2104 1800 modo
2127 1775 2173 1800 est
2188 1780 2236 1800 res
2253 1776 2402 1801 contenta
2417 1772 2450 1802 in

1388 1813 1596 1850 Eucharistia,
1613 1823 1679 1854 quo
1703 1812 1804 1844 modo
1828 1819 1875 1844 est
1898 1814 2038 1854 primum
2062 1815 2220 1854 signatum
2242 1815 2336 1845 huius
2359 1816 2448 1855 signi.

1388 1857 1451 1888 Sed
1475 1858 1639 1888 existentia
1662 1858 1721 1888 sub
1744 1857 1844 1888 modo
1861 1858 1996 1888 naturali
2018 1868 2086 1888 non
2107 1859 2288 1890 continetur
2309 1860 2361 1890 hic
2384 1869 2450 1890 rea-

1388 1902 1475 1938 liter,
1500 1902 1556 1932 sed
1579 1902 1638 1932 sub
1662 1901 1762 1932 modo
1791 1902 1854 1932 alio
1885 1901 2057 1943 disparato,
2082 1903 2202 1933 scilicet
2224 1904 2449 1934 sacramentali.

1388 1946 1432 1977 Er
1455 1955 1486 1977 o.

1433 1955 1547 2021 gMulta
1569 1991 1630 2021 alia
1652 1990 1742 2021 affert
1765 1990 1890 2027 Scotus,
1908 2000 1991 2031 quae
2014 1991 2108 2021 etiam
2131 1991 2246 2022 referre
2269 1991 2385 2032 pudet,
2409 2002 2450 2023 ne

1388 2040 1477 2066 tanto
1501 2040 1648 2076 tempore
1671 2036 1704 2065 in
1728 2035 1895 2066 chimaeris
1918 2045 2032 2065 verser.

1443 2080 1483 2110 V.
1507 2079 1559 2110 Ad
1582 2079 1754 2120 aliqualem
1786 2080 1959 2110 claritatem
1981 2080 2114 2115 horum,
2139 2079 2373 2123 scito-dignum
2396 2080 2450 2111 ad-

1389 2124 1558 2155 miratione
1589 2133 1657 2154 esse
1688 2123 1794 2164 quod,
1827 2134 1902 2154 cum
1930 2124 2044 2155 Scotus
2072 2134 2167 2164 supra
2194 2134 2310 2164 corpus
2334 2124 2451 2155 Christi

1388 2177 1502 2199 verum
1525 2168 1615 2208 quod
1638 2173 1685 2199 est
1707 2169 1741 2198 in
1764 2168 1864 2204 caelo,
1888 2169 1967 2198 nihil
1990 2167 2104 2198 addere
2126 2174 2226 2208 ponat
2249 2178 2316 2198 esse
2339 2169 2371 2199 in
2387 2169 2450 2199 hoc

1389 2218 1588 2243 sacramento
1618 2213 1680 2243 nisi
1701 2213 1876 2243 terminum
1899 2213 2090 2243 extrinsecus
2114 2211 2349 2248 advenientem,
2374 2218 2451 2253 puta

1389 2262 1571 2298 respectum
1589 2257 1786 2297 praesentiae
1809 2256 1849 2287 ad
1871 2258 1993 2297 species
2015 2257 2104 2297 panis
2120 2257 2146 2293 ἢ
2162 2275 2184 2279 —
2201 2257 2367 2297 quomodo
2391 2267 2451 2298 po-

1389 2302 1485 2332 tuerit
1508 2302 1604 2332 etiam
1627 2300 1764 2341 fingere,
1789 2301 1815 2331 si
1838 2300 2013 2332 auferretur
2036 2310 2153 2341 corpus
2177 2300 2293 2331 Christi
2315 2311 2372 2341 per
2395 2311 2450 2331 an-

1390 2346 1622 2381 nihilationem,
1646 2355 1810 2376 remanere
1834 2345 1929 2382 aliud,
1954 2346 2049 2376 etiam
2072 2355 2129 2385 per
2147 2345 2285 2375 divinam
2302 2346 2450 2386 omnipo-

1389 2391 1539 2426 tentiam,
1572 2399 1670 2430 quam
1699 2389 1791 2421 illum
1813 2395 1995 2430 respectum
2022 2390 2235 2429 praesentiae,
2267 2390 2337 2420 Deo
2359 2390 2451 2420 illum

1391 2440 1609 2466 conservante.
1633 2434 1728 2470 Nam,
1752 2435 1778 2465 si
1800 2434 1880 2465 nihil
1903 2433 1989 2465 aliud
2011 2439 2187 2464 remaneret
2208 2434 2268 2464 nisi
2287 2433 2388 2464 dictus
2403 2443 2451 2464 re-

1391 2485 1530 2520 spectus,
1554 2478 1724 2519 quomodo
1747 2477 1826 2519 fingi
1848 2484 1955 2518 potest
1978 2477 2067 2518 quod
2089 2483 2273 2509 remaneant
2293 2483 2397 2518 partes
2421 2483 2452 2508 et

1391 2525 1601 2566 proprietates
1625 2523 1770 2563 corporis
1794 2520 1930 2553 Christi?
1952 2522 1994 2552 Et
2009 2523 2036 2552 si
2051 2522 2171 2563 aliquid
2187 2521 2272 2552 aliud
2288 2531 2384 2562 quam
2399 2522 2452 2552 ille

1391 2573 1554 2609 respectus
1577 2572 1731 2603 remanet,
1755 2572 1884 2607 oportet
1903 2566 1993 2607 quod
2008 2576 2075 2597 esse
2094 2567 2152 2596 sub
2168 2571 2364 2597 sacramento
2380 2566 2452 2606 plus

1392 2612 1487 2643 addat
1509 2621 1605 2652 supra
1628 2621 1745 2652 corpus
1769 2611 1885 2642 Christi
1910 2620 2007 2651 quam
2029 2611 2119 2641 illum
2143 2616 2332 2650 respectum.
2360 2610 2451 2648 Quo-

1393 2658 1491 2693 circa,
1515 2657 1542 2687 si
1566 2661 1805 2696 conservaretur
1836 2666 1854 2685 a
1877 2655 1948 2686 Deo
1976 2660 2138 2695 respectus
2161 2655 2214 2685 ille
2236 2664 2304 2685 non
2326 2664 2452 2685 conser-

1392 2707 1467 2732 vato
1492 2701 1610 2732 Christi
1633 2709 1769 2741 corpore
1795 2701 1829 2730 in
1852 2708 1958 2730 rerum
1981 2705 2108 2735 natura,
2139 2708 2206 2729 non
2229 2704 2310 2728 esset
2336 2708 2452 2738 corpus

1394 2745 1511 2778 Christi
1533 2745 1593 2776 sub
1617 2749 1831 2776 sacramento:
1857 2743 2141 2784 quemadmodum,
2166 2743 2191 2773 si
2215 2748 2453 2773 conservaretur

1393 2795 1556 2830 respectus
1571 2789 1704 2819 ubicalis
1720 2798 1786 2828 quo
1803 2797 1920 2828 corpus
1939 2787 2056 2818 Christi
2079 2792 2126 2817 est
2140 2787 2172 2816 in
2189 2787 2276 2816 caelo
2292 2795 2360 2816 non
2375 2795 2452 2816 con-

1394 2839 1518 2865 servato
1542 2842 1678 2873 corpore
1703 2832 1829 2868 Christi,
1853 2841 1921 2862 non
1938 2836 2019 2861 esset
2038 2840 2155 2870 corpus
2172 2830 2288 2860 Christi
2301 2830 2335 2859 in
2352 2829 2450 2859 caelo.

1394 2878 1493 2910 Aliud
1515 2878 1637 2918 quippe
1656 2882 1703 2907 est
1726 2876 1904 2907 conservari
1919 2880 2081 2915 respectus
2096 2875 2173 2904 istos
2189 2874 2396 2904 extrinsecos:
2421 2878 2453 2903 et

1395 2922 1482 2955 aliud
1498 2921 1677 2954 conservari
1696 2929 1832 2960 corpora
1847 2928 1987 2959 quorum
2003 2924 2085 2950 sunt.
2111 2918 2291 2957 Magnaque
2306 2916 2451 2955 differen->

1395 2968 1439 2998 tia
1461 2972 1509 2998 est
1531 2967 1612 2996 inter
1634 2965 1785 3005 requisita
1811 2969 1842 2994 et
1864 2963 2112 2993 concomitantia
2141 2961 2180 2991 ad
2203 2960 2452 2991 verificationem

1395 3016 1601 3052 respectuum
1623 3007 1868 3039 tantummodo:
1901 3012 1932 3036 et
1953 3007 2035 3036 inter
2056 3005 2206 3046 requisita
2234 3010 2265 3035 et
2287 3005 2452 3035 concomi-

1395 3055 1494 3086 tantia
1516 3054 1556 3085 ad
1578 3053 1828 3084 verificationem
1851 3049 2130 3081 denominatorum
2146 3057 2319 3089 corporum
2337 3048 2376 3078 ab
2391 3047 2452 3078 illis

1395 3099 1601 3140 respectibus.
1633 3096 1684 3127 Ad
1710 3094 1937 3126 verificandum
1968 3092 2125 3133 siquidem
2155 3097 2336 3132 respectum
2361 3092 2452 3122 illum

1397 3148 1638 3176 conservatum,
1671 3139 1787 3170 sufficit
1813 3138 1902 3179 quod
1927 3141 2089 3177 respectus
2117 3137 2186 3177 ipse
2209 3137 2262 3166 sit:
2296 3145 2356 3166 nec
2377 3135 2452 3166 inde

1396 3188 1540 3228 sequitur
1563 3184 1652 3226 quod
1674 3193 1722 3214 res
1746 3192 1828 3222 quae
1851 3181 2126 3217 denominabantur,
2149 3180 2284 3220 amplius
2307 3179 2452 3211 denomi—

1396 3238 1499 3263 netur.
1528 3231 1562 3261 Si
1585 3229 1670 3259 enim
1692 3231 1853 3267 respectus
1875 3225 2071 3266 praesentiae
2091 3225 2179 3255 solus
2205 3229 2452 3260 conservaretur,

1398 3281 1479 3307 esset
1501 3272 1675 3314 praesentia
1705 3271 1772 3301 sine
1796 3279 1930 3311 corpore
1954 3269 2062 3310 aliquo
2089 3273 2272 3310 praesente:
2305 3269 2403 3304 sicut,
2427 3269 2454 3298 si

1397 3329 1464 3350 esse
1487 3319 1521 3348 in
1537 3316 1625 3347 caelo
1649 3320 1773 3345 tantum
1789 3318 2035 3349 conservaretur,
2060 3317 2141 3343 esset
2158 3321 2224 3343 esse
2240 3313 2273 3342 in
2288 3311 2362 3342 loco
2386 3312 2453 3342 sine

1397 3364 1505 3403 aliquo
1529 3362 1680 3391 existente
1704 3360 1737 3389 in
1760 3358 1845 3388 loco.

1451 3407 1492 3437 Et
1514 3406 1591 3435 haec
1615 3404 1676 3434 sint
1696 3402 1780 3433 dicta
1795 3401 1834 3433 ad
1850 3402 2022 3433 claritatem
2038 3400 2210 3436 doctrinae,
2227 3405 2258 3430 et
2276 3398 2453 3430 secundum

1396 3451 1541 3481 veritates
1571 3447 1819 3482 conditionales,
1848 3455 1916 3477 non
1943 3444 2083 3477 curando
2114 3444 2153 3475 de
2175 3443 2381 3484 possibilitate
2403 3442 2454 3472 vel

1397 3492 1648 3534 impossibilitate
1672 3490 1928 3521 antecedentium
1952 3495 1983 3520 et
2006 3488 2281 3528 consequentium.

2464 484 2474 493 ·
2489 482 2536 509 Qu.
2547 487 2620 509 mxiv,
2631 486 2674 504 nrt.

2466 515 2491 532 ι.
2514 514 2542 530 ex
2563 509 2672 530 Pseudo-

2464 535 2573 556 Ambros.

2567 796 2574 811 ῑ

2470 820 2479 830 ·
2489 818 2554 841 νοτε.
2561 820 2602 846 46:
2613 820 2674 842 Ioan.

2469 851 2518 872 cap.
2524 851 2570 873 xix,
2576 852 2635 868 vers.
2640 847 2676 875 36.

2569 957 2584 973 κ

2470 1002 2480 1011 ·
2495 1001 2519 1022 ln
2535 1006 2639 1028 corpore.

2476 2263 2488 2273 '¹
2501 2261 2564 2284 Scor.
2579 2262 2624 2283 loc.
2639 2261 2686 2287 cit„

2477 2294 2516 2316 qu.
2536 2294 2551 2310 ι.
2566 2299 2576 2305 -
2590 2287 2626 2309 Cf.
2648 2294 2686 2315 qu.

2476 2321 2543 2341 Lxxv,
2549 2317 2591 2336 nrt.
2599 2313 2690 2339 neom-

2478 2345 2548 2363 ment.
2562 2346 2626 2362 num.
2640 2346 2679 2362 xn.
