2878 4088
461 204 542 230 XVIII

459 277 514 301 art.
533 272 561 301 5.
580 270 618 301 ad
636 280 665 307 2,
682 271 737 301 ubi
754 270 1029 301 Commentarius:
1057 283 1071 296 α
1092 269 1131 300 de
1149 270 1265 310 quibus
1281 278 1377 309 supra
1392 267 1462 298 dist.
1480 276 1520 296 rx.

460 316 581 346 dictum
612 320 658 345 est
677 328 704 351 »,
728 315 909 346 invenimus
937 328 951 341 ι
971 314 1009 345 de
1034 323 1097 354 qua
1125 314 1271 354 superius
1302 313 1446 343 habitum
1477 315 1523 340 est

459 370 517 390 suo
539 360 613 389 loco
633 372 661 389 ».
686 359 750 398 Qu.
766 369 861 389 xnvm
878 359 986 399 (xux).
1004 364 1060 389 art.
1082 366 1108 388 1.
1137 371 1151 384 α
1171 358 1220 388 De
1236 365 1395 388 consensu
1412 356 1521 385 beatae

458 410 488 434 et
503 404 661 444 gloriosae
676 404 805 444 virginis
822 404 940 434 Mariae
956 409 1068 444 postea
1085 402 1208 432 dicetur
1227 415 1240 428 »
1269 401 1337 441 (ubi
1354 399 1437 430 dicat
1452 407 1520 427 non

458 450 582 484 inveni3
608 447 648 478 cf.
665 457 696 478 n.
720 447 781 487 ¹7)-
798 466 821 470 —
837 448 957 478 Textus
974 448 1043 477 libri
1061 446 1274 480 Coloniensis,
1292 444 1349 474 etsi
1366 453 1382 473 e
1408 441 1520 472 codice

460 493 690 523 Commentarii
715 492 901 532 descriptus,
918 501 987 521 raro
1011 491 1110 530 magis
1135 490 1174 519 ad
1197 493 1318 519 textum
1345 486 1520 516 Commen-

458 538 526 567 tarii
564 537 685 567 accedit
716 546 813 577 quam
844 542 946 566 textus
979 534 1200 575 Supplementi
1236 532 1319 572 typis
1352 530 1518 569 vulgatus,

458 582 559 612 immo
582 581 710 612 liberius
739 582 777 611 ab
803 589 842 610 eo
866 581 972 611 variat.

515 626 670 655 Maximae
686 631 793 656 tamen
809 625 887 654 ratio
905 622 1099 654 differentiae
1118 626 1149 650 et
1171 617 1412 650 convenientiae
1437 616 1519 655 Sup-

457 670 693 710 plementorum
717 670 749 699 in
774 668 952 708 analysibus
977 667 1033 696 sita
1058 670 1112 695 est.
1146 662 1343 693 Introductio
1367 665 1518 710 tractatus

458 714 497 744 de
519 714 763 744 Resurrectione
788 712 850 752 (cf.
875 722 905 741 n.
930 711 972 750 7)
1006 709 1190 749 simpliciter
1214 714 1382 746 suppressa
1415 709 1462 733 est
1484 713 1517 733 1n

458 768 560 794 novo;
585 759 656 788 alibi
680 758 774 787 etiarn
799 757 831 786 ni
854 754 946 785 fallor
969 754 1162 784 divisionum
1187 752 1251 781 hiat
1274 755 1386 779 catena
1410 746 1518 787 (apud

1632 263 1683 292 52.
1699 280 1721 284 -
1744 262 1888 292 Exclusis
1912 266 2020 292 autem
2036 261 2130 292 Petro
2154 261 2194 292 de
2215 261 2366 292 Alvernia
2384 269 2416 293 et
2434 263 2578 295 Henrico
2603 264 2642 295 de

1577 306 1731 341 Gorcum,
1747 311 1842 336 restat
1865 305 2041 335 videndum
2057 305 2128 345 quis
2151 305 2282 336 tandem
2300 304 2396 337 fuerit
2417 317 2512 338 verus
2531 314 2643 340 auctor

1576 350 1798 390 Supplementi
1819 348 1908 389 quod
1924 349 2059 379 edimus.
2084 348 2125 379 Et
2140 349 2204 379 iam
2221 350 2259 380 ab
2275 350 2367 380 initio
2389 350 2525 383 fatemur
2541 352 2642 383 docu-

1574 400 1681 423 menta
1704 393 1854 423 historica
1876 393 1969 422 nobis
1993 392 2146 429 deficere,
2171 398 2207 423 ut
2230 403 2351 424 nomen
2379 397 2518 427 auctoris
2541 398 2643 428 mani-

1573 437 1736 468 festemus.
1761 436 1928 476 Quidquid
1952 437 2034 468 circa
2055 446 2228 477 personam
2249 439 2454 478 probabiliter
2477 442 2642 472 coniectu-

1573 481 1722 517 rabimus,
1739 481 1854 511 iterum
1879 490 1897 510 a
1920 481 2032 511 codice
2048 481 2080 519 Q
2102 482 2196 512 nobis
2218 484 2397 522 praebetur.

1628 525 1780 555 Summae
1811 525 2023 564 complendae
2054 526 2226 556 consilium
2257 527 2365 558 iniisse
2395 529 2489 558 nobis
2516 529 2643 560 videtur

1572 574 1684 598 auctor
1707 574 1803 598 notae
1820 569 1947 599 criticae
1963 571 2098 610 scriptae
2120 571 2202 601 inter
2217 576 2340 602 textum
2357 576 2388 602 et
2403 572 2545 603 tabulam
2561 574 2641 604 Ter-

1570 613 1633 642 tiae
1656 613 1755 642 Partis
1778 613 1812 642 in
1836 612 2002 644 codicibus
2025 615 2181 645 Brixiensi
2205 620 2237 645 et
2259 616 2474 647 Ambrosiano
2498 618 2563 658 (R).
2593 619 2642 649 De

1571 656 1630 685 ista
1645 662 1722 686 nota
1737 657 1771 686 in
1786 657 1986 688 Praefatione
2002 659 2074 689 Vol.
2091 659 2144 690 XI.
2166 660 2184 698 §
2201 659 2239 690 V.
2256 660 2438 700 longiorem
2457 670 2640 693 sermonem

1570 700 1760 736 habuimus,
1785 711 1853 732 non
1882 703 2079 742 suspicantes
2109 709 2275 734 auctorem
2299 706 2368 735 eius
2390 705 2485 735 nobis
2507 706 2542 736 in
2557 706 2640 747 Sup-

1571 744 1735 783 plemento
1752 745 1861 777 denuo
1876 748 2094 778 obventurum
2113 757 2191 779 esse.
2216 749 2318 779 Multa
2333 750 2422 789 signa
2439 756 2641 791 convergunt

458 802 712 842 Compilatorem
733 800 830 830 semel
854 805 993 833 tantum;
1019 796 1058 827 cf.
1076 806 1108 826 n.
1130 795 1194 834 πο).
1230 794 1350 824 Multae
1374 792 1518 832 analyses
1542 790 1546 830 Ι
1569 789 1604 818 in
1626 789 1718 820 illum
1742 790 1910 822 hominem
1939 792 2199 829 innominatum,
2224 794 2281 833 qui
2303 794 2448 834 pluribus
2476 794 2641 826 codicibus

459 846 683 886 Compilatoris
699 845 797 874 nostri
821 853 887 873 non
903 843 1107 882 placuerunt;
1133 840 1207 869 alias
1231 839 1275 868 eis
1293 836 1455 887 substituit
1470 845 1518 866 re-

458 900 579 924 censor‚
601 890 714 930 partim
738 898 776 918 ex
800 886 1053 920 Commentario,
1076 884 1191 924 partim
1215 891 1253 912 ex
1272 890 1404 921 propno
1428 889 1517 919 mge-

457 936 521 964 nio.
547 935 602 964 Ex.
619 943 664 972 gr:

509 1021 563 1054 Qu.
586 1018 892 1046 xxrx.00mp11.m0n:
917 1025 931 1040 ‹<
949 1016 1017 1042 Post
1045 1015 1115 1041 haec
1137 1011 1380 1041 considerandum
1410 1017 1454 1038 est
1480 1011 1516 1038 de

455 1065 631 1086 sacramento
653 1063 794 1085 extremae
815 1053 967 1083 unctionis.
986 1065 1000 1079 »

506 1099 669 1125 HEchus:
699 1107 712 1121 e:
731 1097 887 1131 Postquam
910 1094 938 1121 in
960 1092 1155 1129 superioribus
1181 1098 1277 1119 actum
1303 1096 1345 1118 est
1365 1091 1402 1118 de
1423 1089 1515 1126 bapti-

452 1147 515 1165 smo
537 1137 585 1173 qui
601 1143 641 1163 est
662 1141 871 1163 sacramentum
887 1132 1054 1161 intrantium
1076 1138 1103 1160 et
1125 1132 1159 1159 de
1175 1130 1395 1159 confirmatione
1411 1131 1516 1158 eucha-

452 1177 528 1204 ristia
549 1183 576 1204 et
591 1175 773 1212 poenitentia,
790 1183 863 1211 quae
878 1179 944 1201 sunt
962 1178 1140 1201 sacramenta
1159 1170 1414 1208 progredientium,
1429 1176 1516 1198 restat

451 1222 658 1252 consequenter
679 1221 710 1242 ut
737 1213 959 1242 determinemus
986 1213 1021 1240 de
1051 1218 1176 1240 extrema
1201 1210 1353 1246 unctione,
1377 1220 1451 1247 quae
1473 1217 1516 1238 est

451 1262 659 1284 sacramentum
686 1253 850 1282 exeuntium
874 1265 898 1281 ».
928 1254 983 1280 Ista
1003 1258 1149 1280 mutuatus
1177 1258 1219 1279 est
1240 1260 1274 1279 ex
1295 1250 1515 1279 Commentario

450 1296 512 1323 dist.
529 1303 609 1323 xxm.
632 1294 661 1322 in
684 1294 830 1322 Divisione
851 1299 951 1321 textus

503 1336 557 1370 Qu.
579 1343 634 1362 th.
657 1335 853 1362 Commmron
873 1333 918 1367 (cf.
934 1333 982 1360 nm
1009 1334 1068 1367 10):
1100 1343 1114 1357 «
1132 1330 1243 1359 Deinde
1269 1330 1514 1359 considerandum

450 1382 491 1402 est
512 1376 547 1402 de
569 1373 779 1410 impedimentis
801 1382 874 1410 quae
900 1371 1104 1409 superveniunt
1132 1370 1329 1399 matrimonio.
1361 1371 1398 1399 Et
1418 1370 1514 1407 primo

449 1416 484 1442 de
511 1414 718 1450 impedimento
747 1414 826 1451 quod
854 1412 1017 1449 supervenit
1045 1411 1232 1440 matrimonio
1261 1411 1514 1444 (inconsummate

448 1455 557 1482 addunt
578 1454 733 1482 modernae
755 1453 925 1488 editiones),
948 1452 1055 1481 scilicet
1076 1452 1111 1480 de
1132 1457 1202 1480 voto
1224 1450 1362 1486 solemn'13
1385 1451 1513 1479 secundo

449 1495 484 1521 de
499 1493 705 1529 impedimento
721 1494 800 1530 quod
816 1492 979 1529 supervenit
994 1491 1180 1520 matrimonio
1196 1497 1410 1520 consummato.
1430 1490 1514 1520 Circa

447 1534 572 1570 primum
587 1540 763 1570 quaeruntur
776 1533 830 1561 tria
847 1545 872 1561 ιο.
896 1534 951 1567 Qu.
967 1541 1039 1560 an:
1057 1543 1071 1558 α
1087 1531 1196 1559 Deinde
1212 1530 1456 1560 considerandum
1471 1538 1514 1559 est

448 1575 483 1601 de
504 1573 710 1610 impedimento
733 1574 811 1610 quod
833 1573 996 1610 supervenit
1018 1572 1205 1600 matrimonio
1227 1577 1441 1606 consummato,
1459 1571 1515 1600 sci-

447 1614 510 1642 licet
531 1614 566 1641 de
581 1613 776 1645 fornicatione,
792 1622 866 1650 quae
880 1612 1000 1649 impedit
1015 1612 1233 1640 matrimonium
1247 1612 1423 1648 praecedens
1438 1621 1512 1648 quo-

447 1654 482 1681 ad
504 1660 608 1688 actum,
624 1655 744 1681 durante
765 1653 879 1681 vinculo
901 1652 1115 1681 matrimoniali.
1137 1654 1174 1680 Et
1194 1651 1269 1680 circa
1290 1652 1347 1680 hoc
1367 1660 1512 1688 quaerun-

447 1700 493 1721 tur
514 1702 561 1721 sex
579 1705 604 1721 ».

499 1734 650 1761 HENchus
664 1735 732 1768 (Qu.
747 1735 842 1767 an.):
865 1743 879 1758 ‹
893 1734 961 1761 Post
974 1732 1122 1769 praedicta
1135 1737 1244 1760 restant
1257 1730 1355 1768 aliqua
1369 1731 1405 1759 de
1419 1731 1512 1767 impe-

447 1772 574 1801 dimento
594 1774 653 1802 voti
675 1773 810 1802 solemnis
824 1779 1004 1809 pertractare.
1027 1773 1110 1801 Unde
1131 1771 1170 1800 ibi
1189 1778 1345 1800 occurrunt
1365 1771 1421 1800 tria
1441 1780 1511 1800 con-

446 1812 569 1841 siderare
587 1825 611 1842 ».
633 1815 701 1849 (Qu.
717 1815 806 1848 mn.)
829 1824 843 1838 <‹
861 1813 1003 1850 Deinceps
1025 1813 1061 1841 de
1082 1812 1292 1849 impedimento
1312 1811 1511 1840 fornicationis

446 1859 474 1880 et
495 1854 530 1881 de
552 1853 674 1882 divortio
695 1853 876 1882 considerare
897 1859 1020 1890 oportet.
1044 1853 1229 1888 Quaeruntur
1249 1859 1346 1880 autem
1368 1861 1416 1880 sex
1433 1863 1460 1879 ι.

500 1927 653 1968 Analyses
668 1933 775 1957 tamen
791 1927 915 1967 aliquae
932 1925 1122 1957 reformatae
1137 1925 1188 1956 vel
1205 1931 1410 1956 conservatae
1426 1931 1511 1956 certa

446 1973 533 2011 signa
548 1977 621 2002 sunt
637 1977 800 2001 auctorem
812 1971 938 2001 alterius
955 1970 1180 2011 Supplementi
1193 1979 1290 2001 usum
1303 1979 1371 2000 esse
1386 1975 1508 2001 nostro:

499 2046 538 2071 Ex
569 2043 676 2080 analysi
708 2042 912 2079 Compilatoris
937 2045 973 2071 n⁰
1001 2044 1029 2071 8.
1060 2042 1200 2079 exscripta
1231 2041 1372 2070 Heni-icus
1403 2042 1511 2071 omittit

449 2097 461 2109 «
480 2084 606 2120 quinque
623 2095 647 2118 ιι,
664 2090 692 2111 et
714 2095 728 2109 ι
746 2083 963 2112 matrimonium
981 2083 1120 2120 impediat
1137 2094 1151 2109 ι
1174 2091 1235 2110 non
1249 2082 1313 2110 solo
1334 2081 1430 2118 primo
1444 2083 1510 2111 loco

446 2125 496 2152 sed
517 2123 668 2161 quinquies
690 2124 783 2151 habet.

501 2166 556 2198 Qu.
579 2172 678 2191 xxvm.
700 2173 753 2200 pro
778 2175 790 2189 ‹<
807 2163 916 2198 Tertio,
931 2170 1028 2191 utrum
1049 2162 1165 2200 publica
1186 2162 1222 2190 sit
1242 2162 1422 2198 imponenda
1441 2172 1511 2199 poe-

447 2204 564 2232 nitentia
581 2215 594 2229 »
618 2203 758 2231 Henricus
779 2203 875 2232 scribit
898 2215 913 2230 ‹
929 2203 1038 2238 Tertio,
1053 2210 1151 2231 utrum
1173 2201 1310 2231 solemnis
1334 2201 1513 2238 poenitentia

447 2244 482 2272 sit
503 2244 677 2280 imponenda
697 2243 862 2271 mulieribus
879 2255 892 2269 ³>
903 2266 910 2279 ,
933 2253 965 2271 ex
981 2253 1040 2280 quo
1055 2250 1132 2280 patet
1146 2242 1303 2271 Henricum
1325 2240 1412 2270 etiarn
1427 2243 1511 2272 dece-

446 2291 525 2321 ptum
548 2283 632 2311 fuisse
654 2283 767 2311 insolita
789 2290 929 2312 structura
950 2283 1183 2320 quaestiunculae
1205 2283 1241 2311 de
1263 2291 1321 2319 qua
1342 2286 1378 2309 n⁰
1412 2292 1456 2310 rx.

501 2325 563 2358 QQ.
586 2332 646 2351 xm.
663 2330 689 2351 et
710 2332 748 2351 m.
765 2323 905 2351 Henricus
927 2323 1048 2351 servavit
1061 2324 1192 2360 analyses
1207 2322 1423 2359 Compilatoris,
1439 2332 1511 2360 quas

447 2366 488 2391 τιιιι
510 2374 536 2400 9.
552 2371 579 2391 et
604 2373 646 2391 ιο.
669 2363 894 2400 reprobavimus.

499 2403 629 2439 Analysis
651 2413 698 2440 qu.
721 2412 770 2431 xix
792 2403 963 2440 peculiarem
989 2403 1195 2440 Compilatoris
1224 2404 1419 2432 characterem
1442 2412 1510 2439 prae

447 2452 477 2470 se
498 2444 549 2471 fert
570 2444 615 2479 (cf.
631 2444 681 2471 nm.
702 2445 768 2480 43):
793 2455 807 2470 «
823 2444 920 2472 claves
941 2444 1066 2472 habeant
1086 2444 1133 2472 vel
1153 2453 1238 2472 usum
1260 2453 1360 2472 earum
1378 2455 1404 2472 ».

501 2527 548 2557 Ex
571 2527 666 2563 hisce,
683 2528 842 2558 schemate
862 2527 935 2558 dico
952 2533 984 2558 et
1006 2522 1198 2568 analysibus,
1217 2532 1340 2558 certum
1364 2533 1411 2558 est
1427 2537 1510 2568 opus

448 2571 587 2601 Henrico
604 2572 789 2602 attributum
811 2581 994 2612 supponere
1018 2572 1289 2613 Supplementum
1309 2571 1511 2612 Compilato-

447 2616 487 2645 ris
503 2616 611 2646 nostri.
629 2616 662 2646 Si
677 2626 752 2646 vero
769 2622 937 2656 quaeratur
953 2626 1018 2657 qua
1033 2616 1073 2648 de
1089 2627 1184 2647 causa
1200 2618 1272 2656 quis
1287 2626 1412 2647 novum
1428 2617 1510 2658 Sup-

448 2660 646 2699 plementum
671 2670 866 2700 componere
890 2661 1036 2698 voluerit,
1053 2662 1222 2702 responsio
1246 2661 1420 2701 probabilis
1444 2661 1511 2692 dari

447 2714 541 2744 posse
564 2704 696 2736 videtur.
721 2705 783 2735 Res
807 2707 979 2736 certissima
1002 2711 1058 2742 est,
1076 2715 1189 2737 omnes
1215 2705 1439 2746 Supplemenn'
1455 2716 1510 2737 co-

449 2748 533 2779 dices
554 2749 694 2780 iuniores
722 2749 937 2790 multipliciter
959 2751 1076 2781 habere
1098 2751 1253 2781 lectiones
1277 2749 1511 2781 Commentarii

449 2803 506 2832 pro
530 2793 667 2824 lectione
695 2793 932 2834 Compilatoris.
966 2795 1102 2825 Constat
1132 2796 1244 2831 etiam,
1270 2796 1460 2836 scriptorem
1483 2795 1510 2825 L

449 2847 504 2877 per
527 2837 637 2868 decem
666 2838 877 2876 Quaestiones
901 2839 940 2870 de
963 2839 1203 2879 Impedimentis
1227 2839 1425 2870 Matrimonii
1442 2848 1511 2870 non

449 2882 614 2913 ostendere
629 2889 751 2913 textum
764 2885 930 2923 petiarum.
951 2884 1086 2915 Constat
1100 2885 1205 2920 tertio,
1219 2884 1366 2915 codicem
1381 2884 1411 2914 N
1427 2884 1511 2915 solas

449 2927 590 2966 analyses
613 2927 841 2968 Compilatoris
865 2928 1083 2968 descripsisse,
1108 2935 1140 2960 et
1162 2934 1286 2960 textum
1309 2929 1341 2960 S.
1363 2928 1511 2959 Thomae

449 2972 615 3010 proprium
638 2982 676 3002 ex
692 2972 802 3003 codice
820 2972 1061 3003 Commentarii.
1080 2973 1112 3004 Si
1135 2974 1183 3004 his
1199 2974 1299 3004 tribus
1313 2974 1512 3014 phaenome-

449 3016 497 3044 nis
514 3017 722 3047 substruimus
744 3016 861 3047 famam
885 3023 916 3047 et
939 3018 1168 3048 conscientiam
1183 3018 1405 3049 mendositatis
1428 3018 1511 3058 Sup-

450 3060 600 3098 plementi
624 3061 808 3097 exsistentis,
826 3061 961 3092 eandem
984 3063 1141 3092 rationem
1160 3063 1229 3093 iure
1245 3063 1435 3094 continuare
1449 3071 1510 3103 po-

450 3104 579 3134 terimus
596 3104 635 3134 ad
651 3111 800 3144 quartum
812 3106 1072 3145 phaenomenon,
1086 3107 1356 3146 Supplementum
1368 3106 1512 3138 funditus

450 3148 587 3178 revisum
610 3149 750 3186 Henrici,
767 3150 817 3180 vel
841 3151 984 3190 quisquis
1008 3157 1120 3181 auctor
1143 3152 1182 3181 sit
1206 3151 1430 3192 Supplementi
1446 3151 1512 3182 Co-

451 3192 610 3223 loniensis.

506 3236 625 3267 Eadem
647 3238 839 3268 bibliotheca
871 3238 1013 3277 possidet
1042 3238 1205 3275 codicem,
1231 3239 1298 3270 GB.
1323 3239 1345 3270 f.
1371 3240 1431 3276 26,
1455 3240 1513 3279 qui

452 3278 534 3309 foliis
555 3281 659 3320 1—339
675 3291 743 3311 non
757 3282 791 3311 in
807 3282 972 3312 columnas
989 3282 1095 3313 divisis
1114 3284 1259 3314 continet
1273 3294 1373 3324 opus:
1400 3297 1415 3312 ‹
1433 3284 1513 3316 liber

453 3328 483 3352 et
506 3323 623 3354 lectura
646 3326 785 3365 magistri
809 3326 930 3356 henrici
954 3326 992 3357 de
1015 3328 1202 3366 gorinchem
1225 3329 1278 3368 pie
1307 3330 1464 3360 memorie
1482 3341 1511 3360 ›.

452 3367 575 3397 Primus
596 3378 704 3399 versus
727 3370 772 3398 sic
788 3369 881 3399 dicit:
909 3382 923 3396 ‹
950 3370 1099 3409 (D)lvino
1116 3371 1257 3402 confisus
1279 3372 1434 3413 dirigente
1456 3383 1513 3404 au-

453 3410 528 3441 xilio
556 3413 712 3452 propositi
735 3413 799 3442 mei
831 3419 878 3443 est
906 3413 1023 3444 librum
1053 3416 1303 3455 ewangeliorum
1333 3417 1513 3449 textualiter

454 3464 528 3484 cum
545 3455 648 3486 dubiis
671 3456 883 3487 incidentibus
910 3457 1067 3488 declarare
1083 3472 1110 3489 ›.
1141 3459 1190 3490 De
1217 3460 1374 3498 Henrico,
1399 3460 1512 3493 defun-

455 3504 506 3528 cto
535 3499 627 3538 1431.
651 3500 723 3530 vide
739 3500 877 3531 Damna
894 3500 1139 3533 chartularium.
1157 3503 1199 3534 IV
1215 3513 1246 3543 p.
1264 3505 1327 3535 510
1347 3511 1378 3536 et
1393 3506 1513 3537 Aucta-

454 3543 537 3573 rium
560 3544 618 3573 sub
643 3543 842 3574 Gomorram.

1571 835 1772 873 comparatis,
1796 835 2022 875 phaenomena
2046 837 2218 877 quaedam,
2243 838 2277 868 in
2300 837 2436 869 decursu
2460 839 2641 870 collationis

1569 878 1652 908 circa
1675 879 1776 911 varias
1795 879 1950 911 lectiones
1974 882 2149 918 observata,
2175 883 2353 922 posteritati
2376 882 2500 913 tradere
2524 884 2637 915 voluit.

1626 922 1670 953 Ut
1693 929 1801 954 autem
1824 925 1863 954 ab
1887 925 1947 955 hac
1969 931 2047 956 nota
2070 926 2110 956 ad
2133 926 2390 967 Compilatorem
2417 927 2641 968 Supplementi

1568 965 1704 1005 gradum
1727 967 1891 1005 faciamus,
1912 970 2197 1001 reconsiderandae
2221 977 2295 1002 sunt
2318 972 2557 1003 observationes
2579 983 2641 1003 no-

1567 1011 1687 1048 tatoris,
1700 1021 1768 1043 non
1789 1012 1898 1052 quoad
1912 1015 2078 1046 veritatem
2093 1015 2145 1046 vel
2161 1015 2331 1046 falsitatem
2347 1022 2550 1054 assertorum,
2564 1027 2640 1048 cum

1570 1055 1654 1085 circa
1675 1057 1739 1086 hoc
1762 1057 1827 1087 iam
1849 1058 1923 1088 satis
1955 1059 2060 1099 ample
2089 1059 2327 1091 consideratum
2356 1061 2396 1091 sit
2418 1061 2494 1092 loco
2524 1062 2639 1098 citato,

1569 1098 1626 1130 sed
1648 1100 1758 1140 quoad
1772 1101 1961 1133 relationem
1982 1112 2066 1143 quae
2081 1113 2130 1134 res
2146 1110 2281 1135 assertae
2296 1105 2416 1136 habent
2431 1115 2506 1136 cum
2527 1106 2640 1137 codice

1568 1144 1783 1184 Neapolitano
1800 1145 1823 1182 1,
1835 1146 2052 1178 Ambrosiano
2067 1148 2106 1183 R,
2123 1153 2155 1178 et
2170 1149 2210 1179 ad
2225 1153 2327 1180 totam
2343 1155 2482 1180 ceteram
2498 1150 2641 1182 traditio-

1568 1197 1645 1219 nem
1662 1189 1789 1220 Tertiae
1804 1190 1904 1221 Partis
1927 1197 2014 1222 extra
2036 1192 2181 1223 codicem
2204 1193 2412 1224 Brixiensem.

1626 1233 1677 1264 53.
1694 1251 1717 1255 —
1732 1234 1818 1264 Nota
1834 1235 1958 1266 obtinet
1973 1236 2181 1267 solummodo
2197 1237 2231 1268 in
2244 1237 2276 1275 Q
2291 1243 2323 1268 et
2337 1237 2376 1268 R.
2388 1238 2540 1269 Versatur
2556 1238 2640 1269 eirca

1568 1278 1804 1318 autographum
1817 1278 1945 1310 Tem'ae
1960 1280 2069 1317 Partis,
2082 1286 2118 1311 ut
2132 1286 2220 1321 patet
2230 1291 2288 1322 per
2302 1282 2501 1312 locutiones:
2525 1296 2540 1310 ι
2555 1282 2640 1314 Nota

1568 1322 1659 1361 quod
1675 1331 1728 1362 qu.
1745 1333 1820 1353 xxn.
1838 1329 1894 1355 art.
1909 1325 1939 1355 2.
1964 1324 2071 1356 deficit
2093 1326 2212 1356 solutio
2238 1326 2268 1357 3.
2285 1326 2464 1366 argumenti
2485 1327 2520 1357 in
2543 1327 2640 1367 origi·

1567 1366 1632 1396 nali
1647 1367 1737 1397 istius
1752 1368 1843 1398 tertie
1858 1370 1954 1408 partis
1971 1368 2072 1400 fratris
2088 1371 2200 1401 thome
2215 1383 2229 1397 »
2242 1380 2250 1406 ;
2277 1384 2291 1398 ‹
2311 1370 2406 1402 frater
2421 1371 2548 1402 thomas
2563 1371 2640 1403 dicit

1567 1410 1631 1441 Sed
1653 1417 1769 1442 contra
1792 1418 1839 1444 est
1860 1414 1948 1453 quod
1970 1414 2049 1445 dicit
2069 1415 2274 1456 Augustinus
2301 1421 2332 1446 et
2354 1424 2423 1446 non
2445 1415 2507 1447 fuit
2529 1425 2639 1456 prose·

1567 1461 1662 1486 cutus
1688 1457 1911 1488 auctoritatem
1940 1458 1996 1489 sed
2026 1459 2146 1490 dimisit
2174 1460 2314 1500 spatium
2342 1460 2377 1491 in
2407 1461 2554 1500 originali
2582 1461 2639 1492 ubi

1565 1506 1676 1540 posset
1703 1502 1824 1541 apponi
1843 1513 1878 1539 »ς
1913 1515 1926 1529 «
1950 1502 2091 1534 deletum
2123 1504 2183 1535 fuit
2214 1504 2253 1535 de
2283 1505 2429 1544 originali
2459 1504 2639 1537 secundum

1566 1552 1793 1585 argumentum
1809 1556 1884 1577 cum
1901 1557 1958 1578 sua
1978 1548 2151 1585 solutione,
2169 1553 2200 1579 et
2222 1549 2298 1579 loco
2326 1549 2395 1580 eius
2410 1548 2472 1580 fuit
2494 1549 2639 1581 additum

1567 1589 1693 1665 (kaliud)
1718 1597 1945 1631 argumentum
1968 1601 2045 1624 cum
2073 1602 2130 1624 sua
2159 1593 2340 1629 solutione,
2363 1603 2426 1624 nec
2455 1599 2503 1624 est
2534 1594 2637 1626 fratria

1565 1641 1578 1665 t
1602 1644 1678 1665 ome
1696 1647 1724 1666 ›.
2620 1665 2622 1667 .

1621 1679 1711 1710 Loca
1733 1684 1817 1709 tacta
1839 1685 1914 1710 sunt
1936 1689 2073 1711 numero
2091 1686 2184 1712 octo:
2209 1682 2330 1712 solutio
2353 1682 2481 1718 omissa,
2499 1687 2639 1722 quatuor

1566 1725 1668 1764 spatia
1690 1723 1848 1764 (duarum
1870 1725 2028 1756 linearum
2050 1725 2102 1756 vel
2123 1726 2274 1766 minora),
2295 1732 2359 1757 tres
2381 1726 2536 1758 lectiones
2558 1726 2638 1760 deli-

1566 1769 1674 1799 berate
1690 1776 1869 1809 corruptae.
1901 1769 2038 1806 Solutio‚
2056 1779 2112 1810 qu.
2128 1780 2202 1802 xxn.
2220 1776 2276 1801 art.
2294 1780 2325 1802 2.
2341 1770 2383 1801 ad
2397 1770 2429 1807 3,
2445 1771 2604 1803 omittitur
2618 1781 2638 1803 a

1565 1818 1634 1844 tota
1648 1813 1828 1850 traditione,
1845 1813 1902 1845 sed
1917 1814 2011 1845 multi
2026 1815 2197 1854 scriptores
2220 1824 2317 1856 supra
2331 1815 2509 1855 marginem
2525 1816 2638 1847 absen-

1565 1858 1643 1888 tiam
1665 1857 1842 1889 notificant.
1868 1858 2052 1898 Spatiorum
2076 1859 2142 1890 duo
2165 1859 2314 1891 testificat
2335 1859 2462 1891 traditio
2486 1860 2636 1900 antiqua,

1565 1902 1622 1933 sed
1644 1911 1712 1933 non
1735 1908 1810 1933 sunt
1832 1903 1866 1932 in
1890 1903 1912 1933 Ι.
1936 1903 2045 1934 Ambo
2068 1904 2169 1944 span'a
2192 1909 2366 1935 cernuntur
2389 1909 2464 1944 post
2481 1904 2638 1936 lectiones

1565 1952 1710 1977 truncas:
1734 1956 1790 1987 qu.
1806 1957 1911 1978 vam.
1928 1953 1985 1978 art.
2001 1956 2033 1986 4.
2061 1961 2076 1975 ι
2095 1948 2159 1979 Sed
2174 1954 2287 1980 contra
2301 1953 2349 1980 est
2371 1947 2555 1988 quoddicit
2567 1949 2638 1981 Au-

1565 1992 1711 2031 gustinus
1730 2004 1758 2028 ›‚
1776 2001 1830 2032 qu.
1847 2001 1952 2022 Lxxm.
1969 1997 2025 2022 art.
2040 1991 2070 2023 3.
2084 2002 2173 2033 corp.
2200 2006 2214 2020 ‹
2230 1993 2317 2025 unde
2332 1993 2401 2025 Leo
2417 2001 2502 2033 papa
2517 1993 2594 2025 dicit
2607 2005 2637 2025 ι.

1565 2036 1641 2066 Duo
1665 2036 1788 2076 reliqua
1803 2037 1926 2067 suntin
1949 2037 1962 2066 Ι
1985 2036 2073 2067 solo:
2099 2047 2154 2078 qu.
2173 2047 2278 2069 Lxxm.
2295 2043 2351 2069 art.
2373 2045 2423 2069 12.
2438 2042 2514 2077 post
2539 2051 2554 2065 ‹
2572 2036 2639 2071 Sed

1566 2086 1678 2111 contra
1693 2087 1740 2112 est
1756 2080 1846 2121 quod
1862 2080 1938 2111 dicit
1949 2082 2150 2121 Augustinus
2168 2095 2182 2109 υ
2195 2092 2203 2118 ;
2227 2092 2284 2123 qu.
2300 2092 2394 2115 Lxxn.
2409 2087 2468 2112 art.
2481 2081 2512 2112 8.
2525 2091 2590 2123 ang.
2606 2089 2636 2115 1.

1565 2131 1640 2166 post
1666 2138 1680 2152 ‹
1699 2131 1736 2156 ut
1759 2126 1835 2157 dicit
1865 2134 1972 2156 canon
1990 2139 2018 2156 ι.
2047 2126 2081 2157 In
2106 2127 2167 2164 QR
2189 2136 2258 2158 non
2281 2127 2397 2159 adsunt
2419 2127 2536 2167 spatia,
2561 2127 2638 2168 quin

1568 2183 1582 2197 ‹
1602 2171 1654 2200 hic
1671 2170 1766 2210 (idest
1780 2171 1814 2201 in
1829 2170 1911 2200 libro
1927 2171 2095 2206 amatoris,
2111 2171 2186 2202 inde
2209 2172 2244 2202 in
2266 2171 2341 2212 QR).
2360 2172 2471 2203 omnia
2485 2172 2546 2203 hec
2561 2177 2637 2204 sunt

1565 2215 1712 2255 apposita
1731 2228 1758 2251 ι,
1782 2214 1903 2245 scilicet
1929 2228 1943 2242 ‹
1962 2215 2075 2246 eadem
2091 2216 2142 2247 vel
2157 2216 2337 2247 consimilia
2355 2229 2370 2244 »
2397 2225 2481 2256 quae
2495 2216 2528 2247 S.
2545 2216 2637 2247 Tho-

1564 2269 1652 2290 mam
1672 2260 1896 2300 appositurum
1913 2258 2010 2290 fuisse
2025 2265 2155 2291 notator
2170 2261 2328 2292 credebat.
2351 2261 2546 2292 Lectionum
2572 2273 2586 2288 α
2601 2261 2636 2292 in

1566 2304 1712 2344 originali
1731 2317 1745 2331 »
1772 2303 1948 2335 deletarum
1972 2314 2037 2335 una
2059 2305 2199 2336 occurrit
2222 2313 2277 2345 qu.
2303 2315 2375 2336 nvn.
2401 2310 2457 2336 art.
2479 2314 2518 2344 4:
2542 2314 2638 2346 argu-

1564 2354 1677 2380 mento
1693 2348 1837 2379 secundo
1854 2354 1886 2379 et
1909 2349 1977 2379 eius
1992 2349 2147 2380 solutioni
2170 2350 2358 2381 substitutae
2374 2355 2480 2382 essent
2495 2350 2636 2383 obiectio

1566 2400 1598 2424 et
1626 2393 1746 2424 solutio
1777 2393 1922 2433 spuriae3
1945 2394 2102 2433 genuinas
2131 2394 2226 2424 habet
2255 2394 2344 2425 solus
2367 2394 2397 2431 1,
2420 2395 2543 2434 spurias
2564 2399 2634 2426 tota

1565 2438 1689 2479 reliqua
1704 2437 1841 2474 traditio,
1858 2443 2009 2477 utrasque
2032 2437 2102 2476 QR.
2127 2438 2291 2479 (obiectio
2307 2439 2321 2470 I
2337 2448 2375 2469 ex
2391 2438 2636 2473 Commentario

1565 2488 1728 2523 assumpta
1752 2487 1815 2519 est;
1839 2482 2010 2513 solutionis
2025 2482 2124 2513 dictio
2146 2488 2177 2514 et
2193 2482 2314 2514 factura
2329 2484 2474 2514 moribus
2496 2483 2528 2514 S.
2545 2483 2636 2515 Tho-

1565 2537 1637 2558 mae
1660 2533 1726 2558 tam
1741 2536 1856 2567 parum
1879 2527 2036 2567 congruit,
2053 2533 2089 2557 ut
2104 2527 2138 2557 in
2159 2528 2311 2559 omnibus
2331 2528 2400 2559 eius
2420 2528 2572 2568 operibus
2594 2528 2636 2559 si·-

1564 2572 1676 2603 milem
1698 2571 1813 2602 frustra
1828 2571 2021 2611 quaereres.)
2052 2571 2188 2602 Duabus
2207 2572 2349 2613 reliquis,
2366 2581 2421 2613 qu.
2437 2582 2511 2603 mm.
2528 2577 2584 2603 art.
2602 2571 2634 2603 6.

1565 2616 1605 2647 ad
1630 2616 1660 2653 3,
1677 2626 1732 2656 qu.
1748 2626 1818 2646 Lxx.
1835 2621 1891 2646 art.
1912 2625 1944 2655 4.
1966 2625 2068 2655 corp„
2084 2617 2186 2656 agitur
2209 2616 2249 2647 de
2271 2617 2372 2648 modo
2397 2626 2465 2657 quo
2487 2622 2636 2657 tempore

1564 2662 1643 2702 legis
1659 2661 1820 2691 Mosaicae
1835 2661 1869 2690 in
1885 2661 2130 2691 circumcisione
2145 2660 2499 2702 conferebatur‚gratia;
2516 2661 2635 2692 deletas

1566 2706 1693 2736 exhibet
1708 2705 1731 2741 1,
1748 2705 1804 2735 sed
1819 2714 1928 2740 unam,
1945 2714 2022 2735 mox
2038 2705 2288 2742 describendam,
2305 2711 2430 2737 tantum
2446 2706 2633 2746 partialiter;

1565 2750 1783 2790 supposititias
1796 2754 1960 2780 attestatur
1971 2755 2039 2780 tota
2054 2750 2176 2790 reliqua
2191 2750 2318 2781 traditio
2330 2761 2337 2788 ;
2361 2751 2396 2781 in
2408 2750 2468 2788 QR
2480 2750 2541 2780 illis
2556 2750 2635 2781 istae

1565 2796 1742 2835 iunguntur
1764 2804 1821 2835 per
1837 2794 2010 2825 formulam
2039 2795 2093 2825 Vel
2114 2794 2294 2826 dicendum.

1621 2839 1754 2870 Summa
1768 2841 1814 2870 rei
1829 2845 1886 2875 est,
1900 2838 1991 2880 quod
2008 2839 2163 2870 notatoris
2180 2839 2418 2870 observationes
2434 2839 2482 2869 bis
2498 2846 2633 2868 concor-

1566 2883 1642 2914 dant
1665 2893 1740 2914 cum
1764 2893 1804 2914 eo
1828 2884 1918 2924 quod
1941 2889 1989 2914 est
2011 2884 2044 2914 in
2068 2889 2172 2915 cetera
2194 2884 2364 2915 traditione
2387 2882 2444 2914 sed
2465 2891 2533 2913 non
2550 2882 2586 2912 in
2608 2881 2631 2918 1,

1565 2928 1664 2958 semel
1688 2937 1764 2959 cum
1787 2938 1826 2959 eo
1843 2928 1934 2969 quod
1957 2933 2004 2959 est
2026 2929 2060 2958 in
2075 2933 2143 2959 tota
2165 2928 2345 2964 traditione,
2363 2927 2535 2968 quinquies
2556 2935 2633 2957 cum

1565 2982 1605 3003 eo
1623 2972 1712 3012 quod
1735 2977 1782 3003 est
1797 2974 1831 3003 in
1847 2973 1918 3004 solo
1934 2973 1958 3010 1,
1972 2973 2071 3003 semel
2086 2982 2173 3010 vero,
2191 2973 2312 3004 scilicet
2326 2972 2379 3003 illa
2394 2971 2533 3002 lectione
2549 2980 2632 3011 quae

1565 3017 1736 3058 partialiter
1759 3022 1884 3048 tantum
1907 3022 1955 3048 est
1977 3018 2019 3048 in«
2034 3017 2064 3054 Ι,
2091 3017 2272 3048 discordant
2295 3027 2312 3047 a
2334 3021 2402 3047 tota
2423 3014 2632 3052 traditione,1

1564 3071 1633 3092 non
1649 3061 1790 3092 excluso.

1623 3106 1674 3145 54.
1686 3124 1709 3129 —
1724 3105 1912 3136 Notandum
1923 3106 2055 3144 insuper
2067 3110 2123 3141 est,
2137 3104 2227 3145 quod
2237 3110 2341 3136 textus
2353 3103 2505 3135 codicum
2517 3103 2548 3142 Q
2561 3108 2592 3134 et
2603 3103 2632 3134 R

1565 3155 1689 3191 praeter
1703 3150 1776 3181 loca
1790 3155 1874 3181 tacta
1888 3150 1923 3180 in
1937 3155 2016 3180 nota
2037 3155 2069 3180 et
2091 3150 2156 3188 Qu.
2172 3159 2262 3181 axxv.
2279 3148 2361 3180 anal.
2380 3158 2413 3184 α,
2429 3158 2498 3180 non
2514 3157 2632 3179 conve-

1565 3195 1659 3225 niunt
1682 3204 1757 3225 cum
1781 3194 1804 3225 1.
1834 3195 1897 3225 Hic
1921 3193 2023 3225 codex
2051 3193 2091 3224 ad
2120 3195 2215 3225 aliam
2243 3193 2467 3225 recensionem
2495 3193 2634 3234 pertinet

1566 3248 1664 3279 quam
1686 3239 1748 3270 illi:
1774 3239 1864 3279 quod
1886 3239 1970 3269 clare
1988 3243 2075 3279 patet
2090 3248 2128 3269 ex
2150 3239 2214 3269 hoc
2230 3237 2320 3278 quod
2342 3243 2566 3278 praeterquam
2583 3237 2633 3267 his

1565 3284 1665 3314 tribus
1688 3284 1768 3314 locis
1791 3282 1846 3325 (et
1869 3283 1922 3314 illa
1944 3283 2098 3324 peculiari
2121 3282 2264 3324 analysi)
2287 3291 2355 3313 non
2380 3283 2483 3313 existit
2506 3282 2631 3313 combi-

1565 3329 1653 3358 natio
1686 3329 1837 3368 siglarum
1867 3327 1942 3365 IQR
1956 3328 2018 3358 nisi
2039 3328 2135 3358 intret
2158 3327 2253 3358 etiam
2269 3327 2301 3357 H
2318 3326 2421 3367 (alius
2446 3327 2632 3367 Neapolita-

1565 3372 1612 3414 ni)
1630 3378 1662 3403 et
1676 3373 1722 3404 W
1745 3371 1979 3413 (Oxoniensis)
2004 3377 2035 3402 et
2055 3371 2134 3402 aliae
2156 3372 2252 3402 huius
2275 3371 2470 3402 recensionis
2495 3371 2534 3412 (e
2557 3380 2632 3412 qua,

1565 3417 1726 3448 mediante
1744 3417 1772 3453 b,
1790 3417 1936 3448 oriuntur
1959 3425 2072 3447 omnes
2096 3415 2252 3447 editiones
2267 3416 2396 3447 Tertiae
2418 3415 2517 3446 Partis
2541 3425 2632 3446 exce-

1565 3462 1627 3502 ptis
1642 3462 1788 3502 principe
1805 3466 1835 3492 et
1850 3459 1982 3501 nostra).
2004 3460 2094 3492 Patet
2117 3469 2193 3501 ergo
2218 3460 2300 3492 clare
2324 3459 2414 3501 quod
2433 3465 2496 3491 tres
2519 3459 2631 3491 lectio-

1565 3516 1622 3537 nes
1638 3505 1651 3536 1
1666 3506 1700 3537 in
1716 3506 1748 3544 Q
1763 3511 1795 3537 et
1809 3506 1838 3538 R
1854 3505 1894 3536 de
1909 3504 1986 3536 foris
2001 3505 2190 3546 importatae
2206 3510 2296 3537 sunt:
2316 3510 2446 3536 notator
2461 3503 2548 3535 enim
2563 3513 2632 3535 non

1564 3551 1671 3590 potuit
1686 3560 1738 3581 eas
1753 3551 1896 3581 invenire
1917 3550 1951 3581 in
1976 3550 2163 3581 recensione
2186 3549 2228 3587 H,
2243 3559 2306 3580 nec
2324 3549 2494 3590 scriptores
2509 3547 2542 3586 Q
2556 3553 2589 3579 et
2602 3548 2631 3579 R
