2878 4088
88 252 99 263 ·
112 251 164 272 Art.
180 247 286 277 praeced.

89 340 211 391 1913ὸέ
213 340 305 389 ³²62}

2 390 6 391 ⁷
34 407 35 410 =
89 394 202 422 redempt.

90 696 102 707 ·
123 693 160 717 ef.
182 693 204 715 n
223 693 305 719 Sext„

91 721 233 770 {tim
245 726 306 768 313:

95 1313 188 1337 'Vn
201 1319 222 1343 5.

97 1491 108 1503 ”
121 1489 192 1517 bid..
203 1494 298 1516 ’.1.4.

129 1578 311 1608 fficium-in

40 1611 58 1659 f
99 1620 312 1662 *commas-55

97 1659 312 1714 &¹:33¹ssss

99 1885 313 1914 ‘man-prum

103 2374 114 2385 ‘
125 2370 319 2421 ⁰⁸thssss

99 2405 320 2453 {frodo-emm.

108 2907 120 2920 ⁶
133 2906 195 2930 Vide
210 2907 284 2935 glou.
296 2906 323 2938 jn

319 3211 326 3222 ‚
352 3175 428 3206 ideo
457 3176 511 3206 alii
525 3177 542 3193 ¹¹
565 3176 762 3216 probabilius
785 3175 897 3206 dicunt
921 3173 1011 3215 quod
1033 3178 1185 3204 neutrum
1208 3179 1315 3213 potest
1337 3184 1422 3205 unus

929 164 1193 213 QUAESTIO
1222 163 1355 209 Lxlv,
1381 161 1674 199 ARTlcULUS
1702 163 1748 208 v,
1768 163 1830 207 Vl,
1851 164 1915 199 vn
2447 175 2459 199 1
2470 162 2490 199 3
2501 174 2513 198 1

331 246 371 277 ad
394 246 494 278 debiti
509 246 716 281 solutionem,
733 251 770 276 ut
786 245 909 276 dictum
925 250 971 275 est
986 245 1013 274 “.
1037 243 1101 275 Sed
1118 243 1242 274 licitum
1259 247 1305 272 est
1320 242 1400 277 viro,

331 291 428 322 en‘am
450 299 551 321 uxore
566 290 768 330 prohibente,
785 290 929 330 accipere
946 298 1076 319 crucem
1094 289 1128 318 in
1144 286 1323 317 subsidium
1338 291 1400 315 ter·
1455 286 1555 317 ART.
1571 287 1611 317 V.
1635 296 1740 317 unum
1763 296 1954 317 ‘reuponmus
1978 298 2080 318 samus
2099 299 2219 319 DEBEAT
2242 300 2365 320 3110015
2383 300 2520 321 mmmm

331 345 384 366 rae
407 341 534 365 sanctae
549 335 576 365 ⁵.
602 335 687 374 Ergo
709 335 805 365 etiam
828 334 892 364 hoc
907 334 1031 364 licitum
1055 339 1102 363 est
1124 332 1227 362 uxori.
1252 331 1293 361 Et
1315 329 1400 366 ide0‚
1813 341 1887 361 oum
1912 341 2047 362 1111011011
2070 343 2166 363 PETAT

332 389 408 411 cum
423 389 480 420 per
495 380 559 409 hoc
582 384 696 409 votum
712 378 847 409 redditio
867 378 966 408 debiti
983 376 1186 418 impediatur,
1202 380 1309 416 potest
1325 374 1403 404 alter

332 425 510 464 coniugum
521 424 590 454 sine
602 433 763 454 consensu
775 423 901 453 alterius
911 427 1025 452 votum
1036 420 1235 462 praedictum
1248 419 1401 450 emittere.
1425 428 1434 448 ς
1522 430 1542 450 11
1574 429 1714 450 amm-tm
1742 429 1788 450 510
1815 429 2020 450 vaccam-rim.
2048 420 2182 450 Videtur
2205 421 2295 461 quod
2324 423 2522 462 temporibus

389 478 419 499 2.
443 469 642 504 Pallanum,
658 477 727 498 non
751 473 798 498 est
813 466 1028 507 expectandus
1051 466 1085 496 in
1100 465 1210 504 aliquo
1228 469 1307 494 voto
1325 472 1403 493 con·
1459 432 1616 494 Asacris
1631 473 1699 494 non
1724 463 1837 495 debeat
1857 464 1971 504 aliquis
1993 464 2141 504 impediri
2162 466 2240 504 quin
2260 466 2402 496 debitum
2426 473 2521 507 petat.

333 522 444 544 sensus
468 513 602 543 alicuius
619 513 675 552 qui
697 521 766 542 non
781 516 888 552 potest
906 511 974 541 sine
990 515 1124 551 peccato
1141 508 1315 539 dissentire.
1340 506 1404 538 Sed
1458 509 1553 539 Tunc
1578 509 1663 539 enim
1689 514 1735 539 est
1765 508 2021 539 subveniendum
2044 509 2160 538 morbo
2191 510 2321 548 quando
2350 511 2522 541 invalescit.

332 567 417 588 unus
448 557 627 597 coniugum
656 566 724 587 non
753 561 860 596 potest
882 556 950 586 sine
977 559 1111 595 peccato
1136 552 1300 583 dissentire
1325 551 1403 591 quin
1458 552 1521 583 Sed
1544 553 1696 593 possibile
1725 558 1772 583 est
1800 552 1890 593 quod
1921 553 1955 582 in
1979 552 2029 583 die
2060 552 2141 583 festo
2172 554 2342 584 invalescat
2370 556 2523 595 concupi-

333 602 411 632 alter
435 602 665 632 continentiam
689 606 815 636 voveat,
838 600 889 630 vel
912 599 1098 639 simpliciter
1119 597 1172 627 vel
1195 596 1235 627 ad
1257 602 1402 635 tempus:
1458 598 1587 627 scentia.
1613 597 1698 637 Ergo
1714 602 1792 627 tunc
1809 597 1903 627 debet
1919 598 1947 627 ei
1964 597 2124 627 subveniri
2140 607 2196 636 per
2212 598 2309 628 debiti
2325 599 2523 638 petitionem.

334 647 410 687 quia
432 645 589 686 impedire
604 644 788 686 profectum
811 643 1008 684 spiritualem
1027 648 1075 673 est
1090 646 1260 682 peccatum
1283 641 1316 670 in
1332 639 1403 679 Spi-
1419 652 1445 667 xo
1515 651 1545 671 2.
1570 641 1767 677 PRAETEREA,
1783 651 1852 672 non
1877 647 1923 672 est
1946 641 2007 671 alia
2029 642 2109 671 ratio
2134 651 2231 681 quare
2261 652 2329 672 non
2353 644 2391 672 sit
2414 649 2525 683 peten-

333 692 431 721 ritum
459 690 613 722 Sanctum
628 690 656 719 ⁹.
691 689 777 729 Ergo
806 698 891 719 unus
914 692 1022 728 potest
1043 691 1157 716 votum
1188 684 1404 715 continentiae
1459 685 1538 716 dum
1567 685 1710 716 debitum
1742 686 1775 715 in
1806 686 1918 716 diebus
1942 685 2061 715 festivis
2085 686 2145 715 nisi
2178 686 2252 726 quia
2285 692 2360 716 sunt
2389 688 2527 717 orationi

334 735 520 776 simpliciter
542 734 594 764 vel
617 733 658 764 ad
679 739 808 773 tempus
836 733 904 762 sine
928 740 1089 762 consensu
1119 730 1246 760 alterius
1275 738 1404 758 vovere.
1459 729 1612 770 deputati.
1638 729 1701 760 Sed
1723 730 1756 760 in
1780 730 1841 760 illis
1858 729 1970 760 diebus
1993 735 2068 760 sunt
2090 730 2188 760 horae
2209 730 2434 761 determinatae
2458 741 2527 761 ora-

391 780 420 810 3.
445 779 642 814 Pium-mana,
659 778 742 808 sicut
759 777 794 807 in
817 782 890 807 actu
914 774 1141 806 matrimoniali
1156 774 1327 814 requiritur
1351 772 1405 802 de·
1458 775 1550 804 tioni.
1575 774 1662 814 Ergo
1686 774 1753 804 aliis
1777 774 1864 804 horis
1887 774 1997 805 liceret
2020 774 2163 804 debitum
2187 780 2305 815 petere.

334 824 392 854 biti
414 823 561 859 redditio,
578 823 622 852 ita
645 821 743 852 debiti
766 821 890 861 pen'tio.
915 819 978 850 Sed
1001 828 1085 850 unus
1104 823 1212 859 potest
1234 818 1302 847 sine
1327 826 1406 847 con-
1515 818 1578 848 San
1602 828 1736 855 CONTRA,
1753 819 1835 849 sicut
1854 819 1961 859 aliqua
1984 819 2055 849 loca
2079 824 2153 849 sunt
2169 829 2255 850 sacra
2279 820 2355 860 quia
2377 819 2528 860 deputata

334 877 432 899 sensu
459 867 587 898 alterius
616 875 734 896 vovere
758 864 849 905 quod
871 864 1016 895 debitum
1045 873 1114 893 non
1143 867 1247 903 petat:
1273 871 1348 892 cum
1371 861 1405 903 in
1421 873 1444 893 ις
1460 868 1535 893 50111
1557 863 1661 899 sacris,
1678 863 1722 893 ita
1744 863 1851 903 aliqua
1873 869 2019 904 tempora
2042 868 2116 893 sunt
2132 873 2218 894 sacra
2240 869 2371 904 propter
2394 864 2530 895 eandem

334 913 398 943 hoc
421 912 461 942 sit
483 920 560 942 suae
583 910 758 951 potestatis.
782 909 879 950 Ergo,
899 909 968 949 pari
990 908 1124 944 ratione,
1148 906 1239 947 quod
1261 906 1406 937 debitum
1460 908 1628 938 rationem.
1664 907 1727 938 Sed
1758 908 1791 938 in
1824 908 1900 938 1000
1924 918 2014 938 53010
2046 917 2113 938 11011
2136 907 2211 939 11001
2233 914 2342 949 901010
2373 908 2528 940 debitum.

334 966 403 987 uon
426 955 546 986 reddat.
1460 952 1546 992 Ergo
1570 962 1631 982 nec
1654 952 1687 982 in
1711 958 1857 992 ternpore
1880 962 1980 983 sacro.

389 1009 422 1039 4.
437 1000 636 1035 Primnum,
651 998 760 1029 nullus
775 1003 883 1038 potest
898 1007 936 1028 ex
952 1002 1126 1037 praecepto
1143 995 1316 1036 superioris
1332 995 1407 1035 cogi
1516 997 1706 1027 Rrspommo
1726 1007 1886 1027 mmmmm
1903 996 1993 1037 quod
2009 1002 2098 1028 actus
2113 997 2365 1034 matrimonialis,
2383 999 2529 1038 quamvis

335 1044 375 1076 ad
398 1044 431 1075 id
454 1043 544 1084 quod
566 1053 635 1074 non
657 1043 768 1074 liceret
793 1043 853 1073 sibi
876 1042 1062 1082 simpliciter
1089 1050 1207 1071 vovere
1231 1045 1262 1070 et
1285 1039 1405 1070 facere:
1462 1041 1557 1081 culpa
1580 1046 1693 1077 careat,
1710 1046 1818 1071 tamen
1842 1042 1918 1081 quia
1940 1042 2097 1072 rationem
2130 1042 2279 1082 deprimit
2309 1047 2441 1082 propter
2464 1052 2530 1073 car-

335 1090 412 1130 quia
433 1089 468 1119 in
487 1088 604 1119 illicitis
627 1097 696 1118 non
720 1092 767 1118 est
790 1086 1019 1118 obediendum.
1044 1085 1108 1116 Sed
1129 1085 1288 1126 praelatus
1312 1093 1407 1124 supe·
1423 1097 1448 1111 20
1461 1085 1567 1116 nalem
1592 1085 1848 1122 delectationem,
1865 1086 2032 1116 hominem
2049 1086 2151 1117 reddit
2165 1088 2313 1126 ineptum
2329 1085 2369 1116 ad
2384 1087 2530 1127 spiritua-

335 1134 401 1164 rior
422 1138 533 1174 posset
555 1133 740 1173 praecipere
769 1132 838 1162 viro
862 1137 899 1162 ut
921 1131 1015 1161 uxori
1038 1129 1078 1160 ad
1107 1135 1235 1170 tempus
1263 1128 1408 1159 debitum
1461 1130 1513 1160 lia.
1547 1130 1588 1160 Et
1618 1129 1693 1160 ideo
1717 1131 1750 1160 in
1775 1130 1886 1161 diebus
1910 1131 1943 1160 in
1968 1131 2084 1171 quibus
2115 1131 2329 1171 spiritualibus
2359 1132 2531 1172 praecipue

334 1187 404 1209 non
419 1177 575 1214 redderet,
592 1176 785 1217 occupando
810 1185 886 1206 eum
901 1176 935 1206 in
952 1175 1061 1215 aliquo
1078 1175 1217 1205 servitio.
1241 1174 1328 1214 Ergo
1343 1174 1408 1203 hoc
1463 1180 1510 1205 est
1532 1174 1723 1211 vacandum,
1740 1184 1808 1205 non
1831 1175 1905 1205 licet
1927 1180 2036 1215 petere
2056 1175 2210 1206 debiturn.

337 1223 433 1254 etiam
448 1222 518 1262 ipse
534 1226 643 1263 posset
666 1231 724 1262 per
739 1231 772 1252 se
789 1220 894 1251 facere
917 1225 948 1251 et
963 1229 1081 1250 vovere
1096 1229 1154 1260 per
1170 1218 1261 1259 quod
1276 1228 1294 1248 a
1310 1217 1409 1248 debiti
1517 1219 1568 1249 An
1592 1229 1710 1249 antm
1733 1229 1816 1249 111100
1840 1229 2000 1250 mmmmm
2029 1219 2118 1259 quod
2141 1225 2288 1260 tempore
2315 1220 2371 1250 illo
2395 1225 2532 1260 possunt

324 1264 757 1313 redditione-impediretur.
1463 1263 1524 1294 alia
1547 1262 1690 1293 adhiberi
1706 1263 1745 1294 ad
1762 1264 2057 1303 concupiscentiam
2077 1264 2331 1304 reprimendam:
2356 1265 2439 1295 sicut
2462 1274 2531 1294 ora-

393 1311 456 1342 Snn
473 1320 597 1341 com-Ra
612 1320 667 1340 nsr
683 1309 774 1350 quod
793 1309 908 1340 dicitur
931 1309 944 1339 I
963 1308 1040 1339 Cor.
1056 1318 1100 1338 vn
1114 1308 1149 1338 *t
1175 1307 1225 1337 Ne
1239 1306 1409 1348 fraudetis
1423 1318 1446 1338 ος
1462 1309 1509 1338 tio
1534 1313 1565 1337 et
1588 1308 1690 1338 multa
1712 1308 1909 1345 huiusmodi,
1927 1318 2010 1348 quae
2027 1309 2122 1339 etiam
2146 1309 2191 1339 illi
2215 1308 2367 1339 adhibent
2389 1309 2445 1349 qui
2461 1318 2532 1349 per-

337 1365 396 1387 vos
411 1356 557 1390 invicem,
570 1354 634 1385 nisi
649 1364 691 1385 ex
706 1354 870 1385 communi
884 1363 1043 1384 consensu
1058 1353 1102 1383 ad
1117 1357 1249 1392 tempu-³,
1267 1356 1303 1382 ut
1317 1360 1409 1382 vace-
1462 1357 1564 1392 petuo
1589 1353 1766 1382 continent.
2255 1378 2258 1382 .

338 1400 380 1431 tis
402 1399 558 1430 orationi.
1398 1434 1400 1436 ‚
1515 1396 1567 1426 AD
1580 1406 1743 1427 szmmmm
1753 1407 1913 1427 mmmmm
1926 1396 2026 1437 quod,
2037 1398 2183 1437 quamvis
2194 1407 2262 1427 non
2274 1403 2419 1427 teneatur
2431 1398 2533 1428 omni-

395 1454 426 1476 2.
449 1445 656 1479 Pmnm,
680 1443 789 1474 nullus
812 1447 919 1483 potest
949 1441 1053 1472 facere
1076 1446 1190 1471 votum
1221 1440 1261 1470 de
1291 1440 1407 1470 alieno.
1463 1441 1524 1471 bus
1547 1441 1634 1471 horis
1651 1451 1751 1477 orare,
1768 1447 1876 1472 tamen
1892 1447 2019 1472 tenetur
2042 1447 2110 1472 tota
2128 1441 2179 1472 die
2203 1451 2236 1472 se
2253 1451 2440 1472 conservare
2462 1442 2533 1473 ido-

338 1489 403 1520 Sed
424 1489 486 1520 *vir
508 1498 574 1519 non
596 1488 692 1518 habet
715 1492 908 1528 potestatem
930 1487 983 1517 sui
1013 1486 1175 1526 corporis,
1199 1485 1256 1516 sed
1279 1494 1367 1515 uxor
1381 1485 1408 1514 ³.
1462 1495 1562 1516 neum
1586 1484 1625 1515 ad
1649 1485 1817 1516 orandum.

338 1534 426 1574 Ergo
449 1534 518 1564 sine
541 1533 610 1563 eius
634 1542 795 1563 consensu
826 1541 895 1562 non
918 1536 1026 1571 potest
1047 1536 1162 1560 votum
1193 1529 1410 1560 continentiae
1425 1543 1451 1563 ,ο

339 1578 453 1614 facere,
469 1577 521 1608 vel
544 1577 729 1617 simpliciter
750 1576 802 1606 vel
825 1586 843 1606 a
844 1575 865 1606 d
887 1580 1016 1615 tempus
1031 1575 1058 1605 *-
1609 1551 1710 1582 ART.
1727 1552 1780 1582 VI.
1805 1562 1910 1582 urium
1933 1562 2047 1582 Pri-rims
2070 1562 2102 1582 m
2125 1562 2268 1582 TEMPORE
2292 1562 2389 1583 SAcRo

394 1623 585 1653 Responnno
609 1630 770 1651 mcmmtm
793 1619 884 1660 quod
904 1628 1021 1650 vovere
1051 1617 1228 1649 voluntatis
1257 1622 1304 1648 est
1318 1618 1351 1647 *t
1375 1622 1412 1647 ut
1828 1606 2026 1626 MORTALITER
2049 1607 2174 1627 mecm·

339 1667 437 1698 etiam
459 1667 566 1706 ipsum
589 1674 711 1696 nomen
735 1663 884 1695 ostendit.
908 1663 1003 1694 Unde
1027 1662 1066 1693 de
1085 1663 1146 1693 illis
1168 1667 1294 1692 tantum
1318 1661 1412 1691 bonis
1468 1672 1551 1735 AD
1576 1672 1695 1692 saxum
1719 1672 1764 1692 510
1785 1672 1990 1692 moenum-tm.
2014 1662 2149 1692 Videtur
2168 1662 2257 1703 quod
2277 1669 2388 1703 petens
2404 1663 2437 1693 in
2455 1669 2535 1693 tem-

339 1715 446 1752 potest
461 1719 530 1741 esse
545 1715 659 1740 votum
683 1718 767 1749 quae
789 1714 917 1738 nostrae
941 1708 1107 1738 subiacent
1129 1706 1298 1736 voluntati.
1323 1705 1412 1743 Qua·
1531 1715 1611 1746 pore
1632 1716 1722 1736 sacro
1745 1707 1920 1736 mortaliter
1943 1712 2066 1746 peccet.
2092 1706 2266 1747 Gregorius
2292 1708 2378 1737 enim
2402 1707 2486 1743 dicit,
2503 1709 2537 1738 in

338 1755 382 1786 lia
403 1764 472 1785 non
494 1759 570 1784 sunt
592 1763 629 1784 ea
651 1754 685 1783 in
709 1753 826 1793 quibus
845 1762 930 1782 unus
953 1752 1042 1782 alteri
1063 1756 1200 1781 tenetur.
1225 1750 1266 1780 Et
1288 1749 1363 1780 ideo
1378 1750 1413 1779 in
1428 1763 1451 1783 35
1468 1750 1480 1780 1
1496 1750 1586 1780 Dial.
1603 1751 1630 1786 *‚
1655 1749 1745 1790 quod
1767 1751 1883 1780 mulier
1911 1760 1995 1790 quae
2017 1751 2051 1781 in
2074 1756 2171 1781 nocte
2196 1752 2323 1791 cognita
2347 1757 2393 1782 est
2417 1762 2434 1781 a
2457 1752 2536 1788 viro,
2564 1758 2575 1770 ·
2590 1758 2647 1785 Cap.
2661 1764 2684 1779 x.

338 1799 455 1830 talibus
477 1808 546 1829 non
575 1803 683 1838 potest
705 1797 819 1838 aliquis
846 1802 960 1827 votum
984 1796 1129 1826 emittere
1152 1795 1221 1825 sine
1252 1803 1414 1825 consensu
1466 1804 1563 1825 mane
1579 1794 1619 1825 ad
1642 1795 1883 1835 processionem
1907 1795 2039 1825 veniens
2055 1804 2072 1824 a
2089 1794 2218 1825 diabolo
2242 1801 2289 1825 est
2312 1801 2444 1836 arrepta.
2475 1796 2538 1827 Sed

341 1844 410 1875 eius
433 1843 487 1874 cui
502 1848 639 1873 tenetur.
663 1841 768 1878 Unde,
785 1851 861 1872 cum
877 1841 1032 1881 coniuges
1048 1840 1107 1870 sibi
1127 1840 1266 1870 invicem
1282 1844 1414 1869 tenean-
1467 1839 1532 1870 hoc
1555 1849 1623 1869 non
1647 1844 1729 1869 esset
1751 1839 1812 1869 nisi
1835 1839 2011 1869 mortaliter
2033 1845 2205 1879 peccasset.
2230 1840 2326 1880 Ergo,
2345 1846 2404 1871 etc.

340 1893 393 1920 tur
410 1889 446 1918 in
467 1887 648 1930 redditione
664 1886 762 1917 debiti
777 1887 804 1922 *,
821 1895 879 1926 per
901 1895 1000 1925 quarn
1016 1885 1213 1915 continentia
1229 1883 1413 1924 impeditur,
1526 1894 1555 1914 2.
1573 1884 1770 1920 annnm,
1788 1883 1988 1924 quicumque
2004 1883 2079 1914 facit
2102 1889 2213 1914 contra
2228 1890 2436 1925 praeceptum
2460 1884 2538 1915 divi-

339 1942 410 1965 non
439 1937 546 1973 potest
568 1941 654 1962 01105
681 1931 802 1971 absque
832 1939 994 1961 consensu
1024 1929 1151 1960 alterius
1182 1929 1415 1959 continentiam
1468 1938 1565 1964 num,
1590 1928 1766 1958 mortaliter
1789 1933 1911 1968 peccat.
1951 1927 2014 1963 Sed
2037 1928 2198 1959 Dominus
2225 1930 2404 1969 praecepit,
2429 1929 2540 1960 Exodi

338 1987 470 2008 vovere.
502 1976 544 2007 Et
566 1977 592 2006 si
615 1976 755 2011 voverit,
777 1980 905 2016 peccat:
930 1983 991 2005 nec
1015 1973 1109 2004 debet
1136 1982 1259 2004 servare
1282 1978 1414 2009 votum,
1429 1985 1456 2005 40
1469 1983 1520 2003 xtx
1537 1974 1563 2009 ¹³,
1581 1973 1692 2003 Nolite
1707 1973 1970 2014 appropinquare
1986 1973 2145 2003 uxoribus
2161 1973 2292 2004 vestris:
2308 1973 2438 2014 quando
2455 1974 2538 2004 scili·
2567 1980 2576 1990 ”
2592 1978 2658 1999 vers.
2674 1983 2704 2006 ¹⁵·

342 2021 399 2053 sed
421 2030 515 2062 agere
538 2021 771 2061 poenitentiam
795 2019 835 2050 de
858 2019 944 2050 malo
968 2024 1046 2049 voto
1070 2017 1167 2049 facto.
1244 2055 1250 2058 ,
1470 2023 1521 2048 001
1536 2023 1625 2048 013111
1641 2017 1746 2058 legem
1762 2018 1933 2058 accepturi.
1958 2017 2044 2058 Ergo
2060 2018 2163 2048 multo
2187 2019 2287 2058 magis
2303 2024 2438 2058 peccant
2452 2028 2539 2049 mor-

397 2067 450 2097 An
472 2075 591 2096 PRIMUM
605 2075 690 2095 111100
706 2074 868 2094 mmmmm
884 2063 975 2104 quod
990 2065 1064 2093 satis
1079 2062 1309 2103 probabile‘est
1325 2061 1416 2102 quod
1469 2063 1572 2093 taliter
1595 2063 1621 2092 si
1643 2067 1790 2102 tempore
1818 2071 1885 2102 quo
1910 2063 2113 2092 sacramentis
2143 2072 2246 2092 novae
2270 2063 2347 2102 legis
2371 2063 2539 2094 intenden-

343 2121 426 2142 uxor
448 2110 563 2141 debeat
583 2109 666 2140 velle
697 2110 863 2140 continere
886 2108 925 2138 ad
952 2113 1081 2148 tempus
1104 2117 1164 2148 pro
1194 2106 1415 2137 subveniendo
1471 2107 1549 2137 dum
1573 2112 1630 2143 est,
1648 2116 1723 2137 cum
1747 2107 1900 2137 uxoribus
1923 2107 1981 2137 viri
2005 2107 2282 2137 commisceantur.

342 2155 523 2187 necessitati
545 2154 708 2184 Ecclesiae
731 2153 896 2193 generalis.
920 2152 962 2183 Et
979 2151 1054 2182 ideo
1077 2152 1112 2182 in
1135 2151 1279 2182 favorem
1294 2152 1417 2192 negotii
1526 2151 1589 2182 San
1614 2161 1748 2188 con-rim,
1764 2151 1853 2182 nulla
1876 2152 2112 2182 circumstantia
2142 2157 2288 2191 aggravat
2310 2152 2342 2181 in
2366 2151 2538 2183 infinitum.

344 2210 407 2241 pro
435 2208 502 2240 quo
533 2208 610 2229 crux
629 2198 689 2228 sibi
712 2197 822 2234 datur,
849 2197 1030 2228 institutum
1054 2202 1102 2227 est
1124 2195 1214 2236 quod
1245 2197 1294 2226 vir
1316 2196 1417 2237 possit
1430 2207 1454 2227 45
1471 2195 1534 2227 Sed
1557 2195 1737 2226 indebitum
1765 2201 1894 2236 tempus
1918 2201 1965 2226 est
1988 2197 2223 2226 circumstantia
2250 2196 2418 2236 quaedam.
2454 2197 2539 2237 Ergo

345 2245 468 2284 absque
483 2252 645 2274 consensu
667 2243 776 2273 uxoris
792 2251 921 2272 crucem
945 2242 1106 2281 accipere:
1131 2241 1213 2271 sicut
1229 2242 1324 2271 etiam
1341 2250 1417 2282 pos-
1469 2250 1539 2271 11011
1555 2246 1703 2281 aggravat
1718 2241 1751 2270 in
1767 2240 1940 2276 infinitum,
1953 2245 1989 2271 ut
2005 2240 2098 2270 faciat
2113 2240 2247 2270 mortale
2264 2240 2353 2281 quod
2369 2241 2443 2271 alias
2460 2247 2540 2271 esset

345 2293 394 2319 set
416 2287 551 2318 domino
566 2296 627 2317 suo
650 2292 788 2322 terreno,
805 2296 823 2316 a
847 2295 914 2326 quo
930 2285 1064 2316 feudum
1087 2291 1185 2321 tenet,
1202 2286 1323 2326 absque
1348 2286 1416 2316 eius
1470 2285 1604 2316 veniale.

346 2341 521 2370 consensi&
530 2332 676 2362 militare.
700 2331 770 2361 Nec
792 2336 901 2361 tamen
924 2331 958 2360 in
980 2331 1044 2361 hoc
1068 2331 1204 2360 omnino
1223 2331 1418 2361 subtrahitur
1526 2330 1717 2360 Ruspounzo
1734 2339 1894 2359 DICENDUM
1917 2328 2007 2369 quod
2026 2328 2169 2359 debiturn
2185 2335 2293 2369 petere
2309 2330 2342 2359 in
2359 2328 2409 2359 die
2426 2328 2539 2360 festivo

346 2377 440 2408 uxori
462 2377 512 2407 ius
535 2385 648 2406 suum:
673 2376 750 2416 quia
767 2385 850 2406 uxor
871 2380 979 2415 potest
994 2384 1070 2405 eum
1090 2375 1181 2414 sequi
1197 2375 1224 2405 *.
1240 2393 1263 2397 -
1286 2375 1355 2405 Nec
1371 2380 1418 2405 est
1471 2384 1539 2405 non
1564 2379 1611 2404 est
1635 2374 1871 2404 circumstantia
1900 2374 2027 2404 trahens
2057 2374 2090 2403 in
2118 2373 2211 2403 aliam
2235 2374 2376 2414 speciem
2406 2374 2539 2414 peccati.

346 2421 450 2452 simile
473 2420 514 2451 de
536 2429 638 2451 uxore
661 2419 702 2450 ad
723 2420 839 2450 virum.
872 2419 974 2458 Quia,
1002 2429 1078 2449 cum
1101 2419 1149 2449 vir
1172 2418 1286 2449 debeat
1309 2429 1418 2460 regere
1433 2429 1458 2450 50
1472 2418 1566 2450 Unde
1582 2428 1650 2449 non
1673 2424 1780 2459 potest
1794 2419 1829 2448 in
1847 2417 2010 2448 infinitum
2025 2427 2203 2458 aggravare.
2228 2418 2269 2448 Et
2291 2418 2365 2448 ideo
2382 2428 2449 2449 non
2465 2428 2541 2459 pec-

346 2475 484 2497 uxorem
499 2470 531 2496 et
545 2474 612 2495 non
633 2474 651 2495 e
667 2474 834 2500 converso,
850 2465 951 2504 magis
966 2469 1094 2494 tenetur
1108 2473 1191 2494 uxor
1206 2464 1298 2504 sequi
1313 2465 1418 2495 virum
1472 2469 1523 2494 cat
1545 2463 1721 2494 mortaliter
1743 2473 1825 2494 uxor
1847 2463 1899 2493 vel
1921 2463 1969 2492 vir
1992 2463 2017 2492 si
2040 2463 2074 2493 in
2097 2462 2149 2493 die
2172 2462 2254 2493 festo
2278 2462 2421 2493 debitum
2444 2469 2540 2503 petat.

347 2519 447 2551 quam
471 2519 488 2540 0
511 2518 679 2540 converso.
704 2509 746 2539 Et
759 2514 922 2548 praeterea
937 2518 1019 2538 uxor
1042 2517 1118 2538 cum
1140 2509 1254 2539 maiori
1272 2509 1418 2549 periculo
1473 2508 1536 2539 Sed
1558 2513 1666 2538 tamen
1682 2508 1808 2548 gravius
1833 2513 1879 2538 est
1894 2512 2064 2548 peccatum
2080 2508 2105 2537 si
2121 2507 2189 2537 sola
2208 2507 2426 2537 delectationis
2448 2517 2542 2538 causa

348 2554 498 2586 castitatis
526 2553 715 2584 discurreret
736 2563 794 2593 per
816 2558 913 2583 terras
937 2562 1035 2593 quam
1057 2553 1122 2589 vir,
1148 2558 1179 2583 et
1202 2562 1278 2583 cum
1300 2554 1419 2584 minori
1472 2558 1608 2593 petatur,
1626 2562 1724 2593 quam
1747 2553 1773 2582 si
1797 2557 1928 2592 propter
1951 2553 2100 2582 timorem
2120 2561 2187 2592 quo
2212 2552 2283 2592 quis
2307 2552 2367 2582 sibi
2389 2553 2480 2582 timet
2503 2551 2542 2582 de

347 2599 510 2631 Ecclesiae
544 2598 689 2629 utilitate.
724 2598 766 2628 Et
796 2597 871 2628 ideo
894 2607 976 2628 uxor
997 2606 1066 2627 non
1095 2602 1202 2637 potest
1232 2597 1420 2628 huiusmodi
1471 2597 1733 2633 lubricocarnis,
1751 2596 1895 2627 debitum
1918 2602 2015 2637 petat.

347 2650 463 2675 votum
486 2642 590 2673 facere
613 2643 682 2673 sine
704 2642 763 2672 viri
786 2651 956 2672 consensu.
1433 2657 1457 2677 55
1527 2642 1579 2672 Α11
1603 2651 1720 2672 ramim
1743 2651 1826 2671 111100
1843 2651 2003 2671 mmmmm
2020 2640 2109 2681 quod
2132 2651 2199 2671 non
2225 2640 2284 2670 fuit
2301 2641 2413 2681 punita
2429 2641 2543 2671 mulier

403 2688 455 2718 An
471 2697 634 2718 suctmmm
649 2696 810 2717 mmmmm
828 2686 918 2726 quod
934 2686 1012 2716 alter
1035 2686 1212 2726 coniugum
1231 2685 1418 2717 dissentiens
1472 2686 1525 2716 illa
1548 2692 1680 2727 propter
1714 2686 1778 2716 hoc
1811 2686 1902 2726 quod
1925 2685 2069 2716 debitum
2093 2685 2244 2716 reddidit:
2276 2685 2331 2715 sed
2356 2686 2430 2725 quia
2453 2691 2541 2725 post-

348 2738 427 2763 voto
451 2731 668 2762 continentiae
692 2731 819 2761 alterius
842 2740 910 2761 non
933 2735 1061 2771 peccat:
1086 2730 1162 2770 quia
1184 2740 1252 2760 non
1276 2730 1420 2761 dissentit
1472 2730 1609 2761 modum
1632 2740 1666 2761 se
1689 2736 1809 2761 temere
1825 2729 1864 2760 ad
1889 2729 1995 2760 divina
2018 2731 2148 2770 ingessit
2172 2735 2282 2760 contra
2303 2730 2541 2760 conscientiam.

348 2783 386 2808 ut
408 2777 532 2807 bonum
555 2776 640 2806 illius
662 2775 826 2815 impediat,
843 2774 899 2805 sed
921 2784 963 2805 ne
986 2775 1046 2804 sibi
1066 2774 1300 2814 praeiudicium
1322 2785 1419 2815 gene·
1528 2776 1579 2806 An
1613 2785 1776 2805 sncmmm
1805 2785 1965 2804 mmmmm
1999 2774 2088 2815 quod
2112 2784 2150 2805 ex
2174 2774 2360 2804 auctoritate
2392 2774 2444 2804 illa
2474 2784 2541 2804 non

347 2827 445 2853 retur.
1473 2825 1580 2860 potest
1602 2820 1731 2860 probari
1755 2819 1845 2859 quod
1869 2825 1950 2849 esset
1965 2825 2135 2859 peccatum
2159 2819 2303 2854 mortale,
2321 2818 2376 2849 sed
2399 2818 2487 2858 quod
2503 2819 2541 2848 sit

405 2866 456 2896 An
479 2874 615 2895 marrim
642 2870 804 2894 mmmmm
833 2863 924 2904 quod
947 2863 1030 2893 circa
1052 2863 1116 2893 hoc
1135 2868 1183 2893 est
1206 2862 1325 2903 duplex
1348 2865 1419 2904 opi·
1432 2871 1460 2892 60
1472 2865 1699 2904 incongruum.
1724 2863 1826 2894 Multa
1849 2864 1936 2894 enim
1960 2863 1999 2894 ad
2015 2863 2206 2894 munditiam
2230 2864 2331 2893 carnis
2354 2863 2541 2903 pertinentia

349 2911 416 2941 nio.
441 2909 582 2948 Quidam
598 2910 615 2926 ⁴*
639 2910 725 2939 enim
749 2908 860 2939 dicunt
887 2907 978 2948 quod
1000 2917 1085 2938 unus
1109 2908 1229 2947 absque
1259 2917 1419 2939 consensu
1474 2909 1680 2948 exigebantur
1703 2907 1743 2938 de
1766 2908 1953 2938 necessitate
1983 2909 2145 2948 praecepti
2169 2908 2201 2937 in
2224 2908 2322 2938 veteri
2345 2907 2432 2947 lege,
2459 2917 2541 2947 quae

313 2977 322 2987 ,
349 2955 478 2985 alterius
494 2959 600 2994 potest
623 2963 741 2984 vovere
757 2952 848 2993 quod
863 2962 929 2982 non
946 2957 1033 2992 petat
1055 2951 1210 2987 debitum,
1226 2961 1295 2982 non
1311 2958 1420 2983 autem
1474 2953 1652 2983 carnalibus
1669 2952 1811 2988 dabatur,
1829 2962 1911 2993 quae
1927 2953 1960 2983 in
1977 2963 2062 2983 nova
2085 2953 2155 2993 lege
2179 2962 2247 2982 non
2264 2953 2441 2992 exiguntur,
2460 2961 2541 2991 quae
2570 2975 2579 2985 .
2593 2972 2630 2994 Ad
2640 2972 2704 2994 Rom.
2729 2978 2779 3000 cap.

316 3002 323 3009 ’
351 2999 441 3039 quod
456 3008 524 3029 non
539 2997 666 3029 reddat:
691 2998 767 3038 quia
785 2998 819 3027 in
841 2998 947 3037 primo
971 3002 1108 3036 uterque
1124 3001 1171 3026 est
1194 2997 1243 3026 sui
1261 2997 1348 3033 iuris,
1365 2997 1421 3028 sed
1474 3003 1521 3028 est
1544 2997 1599 3027 lex
1622 2997 1754 3037 spiritus
1769 2998 1796 3026 *.
2569 3006 2617 3026 vm,
2633 3005 2690 3020 vers.
2705 2989 2727 3021 Ξ.

350 3053 419 3074 11011
433 3044 468 3073 111
483 3042 638 3074 secundo.
655 3061 677 3064 —
693 3042 756 3073 Sed
772 3043 858 3082 quia,
876 3042 901 3071 si
917 3041 995 3071 alter
1009 3049 1179 3080 nunquam
1194 3046 1317 3080 peteret
1333 3041 1420 3072 debi-

350 3093 432 3124 tum,
449 3097 487 3118 ex
502 3088 566 3118 hoc
582 3087 672 3118 alteri
686 3087 929 3117 matrimonium
945 3094 1120 3116 onerosum
1136 3084 1329 3122 redderetur,
1343 3085 1421 3116 dum
1434 3093 1459 3119 ες
1518 3063 1619 3094 ART·
1635 3063 1703 3093 VH·
1728 3072 1833 3092 UTRUM
1855 3073 2018 3093 TENEATUR
2040 3073 2182 3093 REDDERE
2206 3073 2347 3093 TEMPORE
2370 3071 2496 3092 FESTWO

352 3137 516 3172 oporteret
530 3141 634 3162 unum
649 3141 776 3171 semper
792 3130 1019 3161 confusionem
1038 3129 1135 3159 debiti
1151 3129 1281 3169 petendi
1297 3130 1420 3167 subire;
1477 3140 1560 3202 An
1585 3139 1737 3159 SEPTIMUM
1760 3139 1806 3159 510
1828 3139 2033 3160 PROCEDITUR.
2058 3129 2192 3160 Videtur
2215 3129 2304 3169 quod
2327 3139 2394 3159 non
2417 3134 2542 3159 tenetur

1540 3173 1671 3204 reddere
1698 3179 1844 3213 tempore
1873 3173 1997 3204 festivo.
2027 3174 2112 3212 Quia
2142 3180 2310 3214 peccantes
2342 3179 2372 3203 et
2407 3182 2541 3203 consen-

353 3220 422 3250 sine
446 3229 607 3250 consensu
629 3220 757 3251 alterius
780 3229 907 3250 vovere.
1475 3219 1590 3248 tientes
1613 3218 1729 3258 pariter
1751 3218 1945 3258 puniuntur,
1970 3223 2006 3248 ut
2029 3224 2115 3258 patet
2138 3219 2231 3248 Rom.
2247 3229 2259 3247 1
2274 3219 2300 3248 *.
2325 3217 2386 3248 Sed
2410 3217 2461 3247 ille
2480 3217 2540 3257 ,qui
2570 3220 2578 3228 '
2595 3218 2661 3240 vffl.
2676 3223 2711 3246 3²·

408 3263 460 3294 An
485 3274 634 3294 ananum
655 3274 815 3294 mmmmm
839 3263 938 3304 quod,
955 3263 1038 3294 sicut
1060 3263 1307 3303 mulierssaccipit
1329 3268 1422 3303 pote·
1475 3262 1578 3293 reddit
1602 3262 1757 3298 debitum,
1774 3262 1934 3292 consentit
1948 3264 2080 3302 petenti,
2097 3264 2153 3303 qui
2169 3268 2290 3303 peccat.
2314 3262 2399 3302 Ergo
2424 3267 2454 3291 et
2473 3261 2541 3301 ipse

353 3313 468 3338 statem
490 3308 525 3338 in
547 3317 684 3348 corpore
705 3309 765 3339 viri
787 3308 875 3339 salvo
898 3309 962 3339 hoc
985 3308 1019 3338 in
1043 3317 1110 3348 quo
1132 3308 1180 3338 vir
1202 3312 1329 3337 tenetur
1351 3317 1422 3338 cor·
1435 3319 1463 3340 70
1475 3312 1598 3347 peccat.

354 3352 428 3392 pori
450 3361 521 3388 suo,
536 3352 580 3382 ita
603 3352 699 3387 etiam
714 3353 802 3384 salvo
825 3353 939 3384 hocin
963 3362 1030 3392 quo
1053 3358 1180 3382 tenetur
1199 3351 1252 3381 alii
1276 3351 1421 3382 domino.
1453 3354 1455 3357 ’
1533 3361 1561 3381 2.
1582 3351 1787 3386 Puerum,
1812 3359 1850 3380 ex
1872 3357 2045 3391 praecepto
2077 3351 2263 3381 affirmativo
2295 3350 2473 3389 obligamur
2502 3348 2541 3379 ad

355 3396 397 3427 Et
419 3395 505 3432 ideo,
521 3396 604 3426 sicut
617 3405 700 3427 uxor
721 3406 790 3427 non
805 3402 912 3438 potest
934 3397 1078 3427 debitum
1094 3402 1202 3436 petere
1218 3406 1236 3426 a
1258 3396 1327 3426 viro
1345 3406 1423 3426 con·
1477 3395 1654 3430 orandum,
1679 3400 1711 3425 et
1733 3396 1775 3425 ita
1799 3394 1838 3424 ad
1862 3395 1993 3435 aliquod
2016 3401 2144 3436 tempus
2168 3395 2421 3426 determinatum.
2455 3393 2540 3433 Ergo

355 3446 403 3471 tra
424 3440 559 3471 salutem
582 3440 632 3470 sui
655 3442 809 3481 corporiS,
824 3442 868 3472 ita
890 3451 951 3472 nec
974 3441 1015 3471 ad
1036 3440 1279 3481 impediendum
1303 3441 1367 3471 hoc
1389 3441 1422 3470 in
1476 3449 1536 3480 pro
1560 3445 1706 3480 tempore
1729 3439 1784 3469 illo
1801 3440 1833 3469 in
1859 3449 1925 3479 quo
1950 3440 2021 3480 quis
2038 3450 2127 3470 orare
2151 3445 2285 3475 tenetur,
2306 3438 2448 3468 debitum
2472 3437 2540 3467 red-

357 3494 424 3526 quo
448 3484 583 3515 domino
599 3489 734 3515 tenetur.
759 3484 822 3515 Sed
837 3490 962 3525 praeter
978 3486 1042 3516 hoc
1058 3495 1126 3516 non
1149 3490 1256 3526 potest
1272 3484 1423 3515 dominus
1477 3484 1551 3515 dere
1574 3494 1640 3514 non
1666 3483 1775 3514 debet:
1800 3484 1882 3514 sicut
1904 3493 1964 3514 nec
1988 3494 2028 3515 eo
2052 3490 2197 3524 tempore
2221 3493 2287 3524 quo
2315 3487 2440 3513 tenetur
2462 3487 2541 3511 tem-

356 3529 527 3569 prohibere
551 3529 630 3569 quin
651 3528 798 3574 debitum
820 3529 939 3560 reddat.
1437 3543 1461 3564 75
1477 3528 1579 3569 porali
1603 3528 1736 3558 domino
1761 3527 1800 3558 ad
1823 3528 1960 3568 speciale
1984 3530 2188 3569 obsequium.
