2878 4088
109 1042 278 1092 ffifflfftim,
292 1043 324 1065 de

111 1094 162 1124 ω’ρ.
169 1101 241 1119 xxm.
245 1105 255 1112 -
261 1085 324 1119 lutei:

109 1122 175 1152 opp.
188 1124 251 1151 Aug.

645 176 1018 235 QUAESTIO
1059 179 1145 230 DE
1187 180 1428 232 POENA
1469 181 1884 234 ORIGINALIS
1925 183 2234 236 PECCATI

703 294 767 329 Ex
789 294 1074 332 Commentariis
1090 307 1118 332 s.
1144 298 1179 333 Τ
1176 296 1310 333 homae
1329 298 1365 333 in
1386 297 1446 334 lib.

354 425 481 498 Girca
503 425 566 455 hoc
590 424 656 455 duo
680 431 886 465 quaeruntur.

417 469 540 499 Primo:
565 474 674 499 utrum
693 475 826 509 peccato
844 470 990 510 originali
1005 476 1079 510 post
1100 476 1238 501 mortem
1262 470 1413 501 debeatur

441 522 548 553 poena
571 514 726 544 sensibilis
749 514 782 544 in
806 513 866 544 illis
891 515 947 554 qui
969 515 1003 544 in
1027 515 1172 555 originali
1195 521 1320 545 tanturn
1338 525 1413 555 pec-

442 562 513 588 cato
537 557 708 588 decedunt.

408 601 570 638 Secundo,
594 607 703 632 utrum
727 602 868 642 aliquem
890 602 1076 632 interiorem
1099 602 1246 633 dolorem
1278 604 1414 633 sentiant

440 646 474 675 in
497 647 604 676 anima
627 646 823 685 spiritualem
848 647 904 686 qui
927 656 986 686 pro
1011 652 1144 686 peccato
1169 647 1314 686 originali
1345 652 1414 677 tan-

439 695 510 720 tum
534 691 722 730 puniuntur.

451 783 550 814 ART.
573 783 595 813 1.
620 793 724 813 unum
746 792 886 813 peccaro
909 776 1074 812 omonunr
1095 792 1257 812 SECUNDUM
1281 792 1314 813 sa

650 836 812 856 DRBRATUR
834 836 936 857 POENA
955 836 1116 857 SENSIBILIS

456 873 488 895 lv
502 873 576 900 Sent„
592 873 646 895 dist.
661 879 708 900 xvi,
724 879 763 901 qu.
778 879 793 899 ι,
808 877 849 895 ιη.
865 879 884 898 2.
901 875 945 901 qu·
959 880 985 899 23
999 874 1035 895 De
1050 874 1122 900 Malo,
1139 880 1177 901 qu.
1193 880 1215 901 v,
1230 877 1271 895 nrt.
1287 881 1306 895 2.

416 961 436 981 n
459 961 577 982 numm
600 961 646 982 sic
669 961 876 982 mmeramme.
908 951 1044 983 Videtur
1068 953 1159 992 quod
1181 959 1316 993 peccato
1351 954 1414 984 ori-

352 963 512 1036 Aginali
539 995 719 1026 secundum
749 1006 782 1026 se
811 995 964 1027 debeatur
993 1006 1102 1037 poena
1133 997 1298 1028 sensibilis.
1329 998 1415 1028 Dicit

350 1040 437 1071 enim
460 1040 670 1080 Augustinus,
686 1040 726 1071 de
740 1040 821 1071 Fide
843 1040 887 1071 ad
908 1041 1039 1071 Petrum
1055 1042 1086 1071 *ε
1110 1041 1309 1072 Firmissime
1333 1047 1413 1078 tene,

349 1089 381 1115 et
396 1085 581 1115 nullatenus
608 1084 740 1121 dubites,
750 1086 911 1125 parvulos
933 1086 989 1126 qui
1003 1086 1074 1116 sine
1094 1092 1297 1116 sacramento
1313 1087 1414 1127 bapti-

349 1130 461 1160 smatis
476 1129 516 1160 de
537 1129 598 1159 hoc
623 1130 752 1160 saeculo
777 1130 986 1166 transierunt,
1011 1135 1144 1161 aeterno
1167 1131 1323 1171 supplicio
1351 1141 1414 1171 pu-

351 1174 495 1204 niendos.
517 1173 580 1204 Sed
594 1174 786 1214 supplicium
802 1184 943 1214 poenam
958 1175 1140 1205 sensibilem
1156 1175 1311 1205 nominat.
1328 1175 1414 1215 Ergo

349 1218 484 1259 parvuli,
501 1219 557 1258 qui
579 1227 639 1258 pro
667 1218 738 1249 solo
763 1218 907 1258 originali
929 1219 1114 1258 punientur,
1131 1219 1312 1249 sensibilem
1335 1229 1414 1259 poe-

350 1272 425 1294 nam
449 1263 661 1294 sustinebunt.

407 1300 658 1343 firmianum,
681 1307 795 1337 maiori
819 1307 932 1347 culpae
949 1305 1082 1337 debetur
1097 1307 1199 1337 maior
1213 1316 1329 1347 poena.
1352 1307 1415 1337 Sed

351 1351 504 1391 originale
534 1356 581 1382 est
610 1351 713 1381 maius
743 1356 914 1391 peccatum
944 1360 1042 1391 quam
1071 1351 1210 1381 veniale:
1243 1352 1318 1391 quia
1341 1352 1414 1391 plus

350 1395 446 1425 habet
468 1394 508 1426 de
531 1395 697 1425 aversione
710 1418 717 1430 ,
742 1404 783 1425 eo
814 1395 904 1435 quod
931 1395 1063 1435 gratiam
1093 1396 1266 1431 subtrahit,
1290 1396 1414 1426 veniale

351 1445 459 1469 autem
474 1439 607 1479 gratiam
622 1448 734 1469 secum
749 1439 952 1479 compatitur.
977 1439 1018 1469 Et
1033 1440 1149 1470 iterum
1165 1444 1292 1469 aeterna
1308 1437 1414 1479 poena

349 1483 482 1523 punitur
505 1483 675 1522 originale:
701 1482 757 1513 sed
786 1483 910 1513 veniale
940 1484 1119 1524 temporali.
1145 1483 1231 1514 Cum
1261 1493 1337 1523 ergo
1360 1494 1414 1514 ve-
1429 1496 1440 1509 ε

349 1527 426 1558 niali
457 1532 590 1567 peccato
621 1526 774 1557 debeatur
801 1537 908 1567 poena
939 1528 1111 1563 sensibilis,
1142 1528 1247 1558 multo
1277 1528 1414 1568 amplius

351 1571 505 1612 originali.

406 1615 436 1646 3.
460 1615 658 1651 Pinarum,
671 1615 806 1655 *gravius
829 1616 1009 1656 puniuntur
1031 1622 1162 1655 peccata
1177 1622 1252 1656 post
1266 1616 1348 1647 hanc
1368 1617 1414 1646 vi-

349 1665 416 1690 tam
440 1669 538 1700 quam
561 1660 594 1690 in
617 1660 682 1690 vita
703 1660 773 1695 ista,
796 1660 853 1690 ubi
877 1665 923 1690 est
950 1660 1186 1702 misericordiae
1216 1660 1318 1691 locus.
1352 1660 1415 1691 Sed

350 1704 384 1735 in
415 1704 476 1734 hac
508 1705 572 1735 vita
603 1703 777 1744 respondet
807 1704 953 1744 originali
982 1713 1090 1744 poena
1116 1705 1289 1735 sensibilis:
1323 1705 1415 1744 pueri

350 1749 448 1785 enim,
465 1748 521 1789 qui
538 1748 644 1779 solum
668 1748 820 1788 originale
836 1748 964 1784 habent,
981 1748 1098 1779 multas
1114 1758 1236 1788 poenas
1251 1749 1415 1779 sensibiles

350 1794 517 1829 sustinent,
534 1802 594 1824 nec
610 1793 738 1823 iniuste.
762 1793 847 1833 Ergo
865 1798 896 1823 et
910 1798 985 1833 post
1000 1793 1083 1823 hanc
1098 1793 1196 1823 vitam
1219 1803 1326 1833 poena
1343 1803 1414 1824 sen-

351 1837 448 1868 sibilis
471 1837 531 1868 sibi
555 1837 698 1868 debetur.

405 1891 436 1920 4.
461 1881 664 1918 Pam-raam,
689 1882 771 1912 sicut
793 1881 826 1911 in
850 1887 984 1921 peccato
1015 1882 1130 1912 actuali
1161 1888 1207 1912 est
1236 1876 1358 1912 a'versio
1384 1887 1415 1912 et

1430 835 1455 850 10

1430 1056 1451 1076 ¹5

1430 1719 1455 1739 30

351 1926 530 1962 conversio,
554 1926 598 1956 ita
621 1931 653 1956 et
676 1926 709 1956 in
733 1931 866 1966 peccato
891 1926 1037 1966 originali
1053 1925 1173 1966 aliquid
1188 1927 1346 1956 aversioni
1366 1936 1414 1956 re-
1429 1940 1452 1960 35

350 1970 499 2010 spondet,
515 1970 635 2001 scilicet
650 1971 785 2010 privatio
803 1970 963 2010 originalis
980 1971 1135 2007 iustitiae;
1153 1976 1184 2001 et
1199 1970 1320 2011 aliquid
1336 1980 1414 2001 con—

350 2014 499 2051 versioni,
525 2014 645 2045 scilicet
668 2015 939 2054 concupiscentia.
971 2014 1033 2045 Sed
1057 2020 1191 2055 peccato
1220 2016 1336 2046 actuali
1365 2025 1413 2045 ra-

350 2059 440 2090 tione
463 2059 682 2090 conversionis
706 2059 840 2090 debetur
862 2068 968 2099 poena
991 2059 1156 2090 sensibilis.
1184 2059 1275 2100 Ergo
1301 2065 1332 2091 et
1352 2060 1414 2090 ori-

351 2103 448 2143 ginali
470 2104 593 2134 ratione
616 2104 906 2143 concupiscentiae.

409 2148 438 2178 5.
463 2148 660 2184 Plurimum,
684 2157 821 2188 corpora
842 2157 1020 2188 puerorum
1049 2153 1123 2188 post
1149 2149 1415 2179 resurrectionem
1428 2161 1455 2181 4⁰

352 2196 407 2222 aut
430 2197 523 2222 erunt
546 2191 721 2232 passibilia,
746 2197 801 2222 aut
823 2192 1037 2232 impassibilia.
1069 2192 1102 2222 Si
1133 2193 1355 2232 impassibilia;
1385 2198 1416 2223 et

352 2236 479 2267 nullum
503 2246 620 2276 corpus
643 2237 823 2267 humanum
845 2242 952 2277 potest
975 2246 1042 2267 esse
1065 2237 1258 2276 impassibile
1282 2238 1342 2267 nisi
1365 2237 1416 2267 vel

352 2289 409 2320 per
433 2279 543 2311 dotem
565 2281 832 2321 impassibilitatis,
857 2281 939 2312 sicut
962 2286 1009 2311 est
1031 2282 1064 2311 in
1088 2281 1197 2317 beatis,
1220 2281 1269 2311 vel
1294 2282 1416 2312 ratione

353 2325 514 2364 originalis
537 2325 693 2361 iustitiae,
718 2326 800 2356 sicut
827 2326 860 2356 in
891 2331 974 2356 statu
997 2326 1216 2361 innocentiae;
1242 2335 1317 2366 ergo
1347 2335 1417 2356 cor-

351 2378 432 2410 pora
455 2362 631 2410 piretorum
654 2370 704 2400 vel
727 2370 891 2400 habebunt
914 2369 1024 2400 dotem
1039 2370 1308 2410 impassibilitatis,
1326 2376 1357 2400 et
1372 2371 1417 2400 sic
1430 2382 1454 2402 45

351 2413 491 2453 gloriosa
515 2419 617 2450 erunt,
642 2419 674 2444 et
696 2423 765 2445 non
788 2414 846 2445 erit
870 2414 1046 2445 differentia
1069 2415 1150 2445 inter
1173 2424 1292 2455 pueros
1316 2415 1417 2455 bapti-

352 2462 440 2488 zatos
464 2463 494 2489 et
518 2468 586 2489 non
608 2459 796 2499 baptizatos,
821 2458 911 2499 quod
934 2464 982 2489 est
1004 2459 1217 2495 haereticum;
1241 2459 1291 2489 vel
1323 2460 1418 2498 origi-

352 2502 459 2532 nalem
482 2503 635 2533 iustitiam
658 2503 838 2539 habebunt,
863 2509 895 2534 et
918 2504 962 2534 sic
990 2503 1135 2543 originali
1165 2509 1299 2544 peceato
1333 2513 1418 2534 care-

353 2546 444 2583 bunt,
467 2556 528 2578 nec
551 2556 610 2587 pro
634 2553 768 2587 peccato
792 2547 938 2587 originali
961 2548 1154 2588 punientur,
1180 2547 1270 2587 quod
1301 2554 1347 2578 est
1377 2549 1417 2578 si-

354 2591 470 2621 militer
484 2591 691 2622 haereticum.
706 2610 730 2614 —
746 2591 779 2623 Si
795 2597 903 2622 autem
919 2592 981 2622 sint
996 2592 1170 2632 passibilia;
1197 2601 1294 2622 omne
1311 2598 1416 2622 autem

354 2635 502 2675 passibile
535 2635 574 2666 de
606 2636 793 2667 necessitate
824 2637 944 2677 patitur
975 2637 1080 2667 activo
1111 2642 1296 2676 praesente;
1331 2646 1417 2676 ergo,

354 2680 573 2719 praesentibus
589 2680 778 2720 corporibus
793 2681 994 2711 sensibilibus
1010 2681 1129 2717 activis,
1142 2681 1324 2711 sensibilem
1340 2690 1419 2721 poe-

354 2733 430 2754 nam
453 2725 622 2764 patientur.

411 2767 563 2805 CONTRA,
587 2769 786 2808 Augustinus
814 2768 891 2800 dicit
905 2770 922 2786 ⁴*
945 2778 1086 2809 poenam
1115 2770 1338 2810 parvulorum,
1363 2771 1419 2810 qui

355 2812 501 2852 originali
523 2817 648 2843 tantum
671 2818 829 2849 tenentur,
855 2814 998 2844 omnium
1021 2823 1089 2844 esse
1115 2814 1325 2844 mitissimam.
1357 2814 1420 2845 Sed

354 2857 419 2887 hoc
441 2866 510 2887 non
526 2862 608 2887 esset
623 2858 649 2887 si
664 2857 804 2888 sensibili
826 2867 933 2897 poena
955 2863 1196 2898 torquerentur:
1223 2859 1299 2898 quia
1314 2868 1420 2898 poena

354 2901 436 2941 ignis
459 2900 575 2932 inferni
598 2907 645 2932 est
667 2902 859 2941 gravissima.
884 2902 970 2942 Ergo
993 2911 1134 2942 poenam
1155 2903 1338 2933 sensibilem
1352 2913 1420 2934 non

355 2946 568 2976 sustinebunt.

413 2999 442 3020 2.
466 2990 652 3020 Parmam
665 3013 672 3026 ,
698 2990 850 3020 acerbitas
879 2999 1005 3030 poenae
1035 2991 1190 3021 sensibilis
1217 2991 1421 3022 delectationi

358 3033 472 3073 culpae
494 3032 683 3074 respondet:
709 3035 808 3075 Apoc.
825 3044 900 3064 xvm
915 3036 948 3065 *z
976 3034 1141 3071 Quantum
1164 3035 1365 3076 glorificavit
1387 3045 1422 3066 se

358 3081 389 3106 et
403 3077 436 3107 in
460 3077 583 3109 deliciis
596 3079 686 3120 fuit,
712 3084 771 3109 etc.
807 3078 870 3109 Sed
893 3079 927 3109 in
949 3084 1083 3119 peccato
1115 3080 1260 3119 originali
1283 3090 1350 3110 non
1375 3085 1422 3109 est

359 3121 464 3160 aliqua
488 3121 666 3159 delectatio,
683 3123 766 3153 sicut
781 3133 841 3154 nec
865 3124 1028 3163 operatio:
1054 3123 1222 3154 delectatio
1239 3125 1326 3154 enim
1342 3133 1421 3164 ope-

306 3178 331 3188 --
358 3165 516 3195 rationem
540 3168 761 3207 consequitur,
783 3173 819 3198 ut
843 3177 880 3198 ex
903 3168 933 3197 X
954 3167 1058 3198 Ethic.
1075 3169 1092 3184 ⁴*
1114 3173 1211 3208 patet.
1237 3168 1322 3208 Ergo
1346 3177 1421 3207 pec-

306 3209 311 3215 '
360 3213 431 3239 cato
456 3209 601 3249 originali
623 3220 691 3242 non
715 3211 848 3242 debetur
870 3221 978 3252 poena
1001 3212 1166 3243 sensibilis.

414 3253 602 3283 Rsssponnno
626 3264 785 3286 mammon
818 3256 906 3296 quod
938 3265 1045 3296 poena
1068 3255 1162 3287 debet
1186 3266 1254 3287 esse
1286 3266 1422 3296 propor-

360 3297 481 3326 tionata
496 3297 628 3337 culpae:
645 3303 681 3328 ut
696 3298 811 3330 dicitur
826 3300 923 3330 Isaiae
938 3302 1064 3331 xxvn*:
1082 3300 1121 3331 In
1138 3310 1290 3331 mensura
1307 3305 1422 3330 contra

360 3349 555 3376 mensuram,
572 3350 643 3371 cum
660 3342 782 3373 abiecta
789 3344 914 3384 fuerit,
932 3345 1086 3375 iudicabit
1100 3354 1181 3375 eam.
1198 3344 1350 3375 Defectus
1366 3354 1422 3374 au-

360 3389 426 3414 tem
443 3384 499 3423 qui
514 3394 571 3424 per
594 3385 750 3425 originem
770 3387 954 3424 traducitur,
971 3390 1128 3419 rationem
1153 3389 1266 3428 culpae
1291 3389 1420 3424 habens,

360 3437 428 3458 non
445 3433 490 3458 est
513 3437 570 3468 per
585 3429 833 3460 subtractionem
856 3431 906 3461 vel
930 3433 1170 3472 corruptionem
1187 3433 1320 3463 alicuius
1344 3432 1421 3462 boni

361 3471 451 3512 quod
466 3477 612 3502 naturam
627 3473 802 3504 humanam
818 3477 1026 3515 consequitur
1041 3487 1078 3507 ex
1094 3477 1258 3517 principiis
1275 3477 1349 3512 suis,
1366 3476 1421 3506 sed

1433 2602 1458 2623 50

1434 2828 1458 2849 55

1434 3043 1461 3062 60

1434 3262 1458 3287 65

1436 3491 1462 3511 70

1467 298 1513 333 II
1530 298 1701 343 Sentent.‚
1722 297 1799 333 dist.
1821 299 2021 345 XXXIII,
2043 313 2101 348 qu.
2122 302 2175 337 II.

1465 437 1522 468 per
1538 429 1787 458 subtractionem
1810 428 1861 458 vel
1884 429 2124 467 corruptionem
2146 430 2277 460 alicuius
2294 430 2382 469 quod
2397 437 2527 461 naturae

1466 471 1706 512 superadditum
1722 478 1803 502 erat:
1828 481 1888 502 nec
1906 472 1965 501 ista
1988 472 2082 511 culpa
2106 473 2145 502 ad
2167 474 2253 503 hunc
2268 474 2434 504 hominem
2457 484 2527 514 per-

1466 516 1546 546 tinet
1569 517 1628 546 nisi
1652 516 1831 546 secundum
1855 515 1944 556 quod
1967 516 2062 546 talem
2085 522 2230 546 naturam
2253 518 2347 548 habet
2367 527 2449 558 quae
2464 519 2527 548 hoc

1467 560 1567 595 bono,
1593 559 1682 599 quod
1705 561 1739 590 in
1763 569 1802 590 eo
1826 566 1939 590 natum
1969 565 2035 590 erat
2065 569 2132 589 esse
2161 565 2191 589 et
2220 562 2370 599 possibile
2401 571 2528 592 conser-

1467 604 1542 639 vari,
1565 603 1711 633 destituta
1736 609 1791 633 est.
1824 604 1865 633 Et
1895 603 1969 633 ideo
1992 603 2080 633 nulla
2104 603 2163 633 alia
2186 613 2291 643 poena
2315 605 2373 634 sibi
2397 605 2529 635 debetur

1467 647 1528 676 nisi
1551 648 1686 686 privatio
1710 647 1794 677 illius
1817 647 1889 677 finis
1913 647 1952 677 ad
1976 656 2074 686 quem
2098 647 2221 677 donum
2253 648 2448 678 subtractum
2478 658 2528 679 or-

1469 690 1606 726 dinabat,
1623 690 1663 720 ad
1679 691 1769 730 quod
1785 700 1842 730 per
1857 700 1890 721 se
1913 697 2025 721 natura
2040 691 2180 721 humana
2203 692 2355 731 attingere
2370 701 2437 722 non
2458 698 2529 731 pot-

1469 739 1524 764 est.
1550 734 1623 764 Hoc
1648 740 1756 765 autem
1779 740 1826 765 est
1850 735 1955 765 divina
1978 736 2068 765 visio.
2103 736 2144 765 Et
2166 735 2239 765 ideo
2271 736 2408 765 carentia
2436 736 2530 766 huius

1468 778 1599 808 visionis
1623 785 1669 809 est
1692 780 1821 819 propria
1845 785 1876 809 et
1899 779 1966 809 sola
1990 789 2096 819 poena
2119 780 2279 819 originalis
2302 780 2426 819 peccati
2457 785 2531 819 post

1468 828 1616 852 mortem.
1642 823 1674 853 Si
1699 823 1785 853 enirn
1809 824 1869 853 alia
1892 833 1998 863 poena
2021 824 2175 854 sensibilis
2198 833 2257 864 pro
2281 829 2414 863 peccato
2436 824 2530 864 origi-

1467 867 1532 897 nali
1555 872 1628 906 post
1651 874 1789 897 mortem
1812 867 2022 908 infligeretur,
2047 869 2214 908 puniretur
2236 868 2294 898 iste
2317 877 2384 898 non
2416 877 2530 898 secun—

1469 910 1546 941 dum
1570 911 1633 941 hoc
1658 911 1747 951 quod
1771 912 1898 951 culpam
1922 912 2051 942 habuit:
2077 913 2152 952 quia
2166 921 2273 952 poena
2288 912 2442 942 sensibilis
2458 921 2530 952 per-

1467 956 1547 985 tinet
1571 955 1609 986 ad
1632 955 1665 986 id
1689 955 1778 996 quod
1800 966 1957 996 personae
1980 957 2148 996 proprium
2172 962 2228 992 est,
2246 957 2321 996 quia
2336 965 2393 996 per
2407 957 2528 996 passio-

1467 1009 1543 1029 nem
1567 1000 1662 1030 huius
1685 1001 1881 1039 particularis
1904 1001 1973 1030 talis
1996 1010 2103 1040 poena
2126 1006 2182 1030 est.
2207 1000 2310 1036 Unde,
2331 1001 2413 1031 sicut
2435 1000 2529 1040 culpa

1467 1053 1535 1074 non
1559 1043 1618 1074 fuit
1641 1053 1699 1084 per
1722 1045 1943 1084 operationem
1967 1045 2044 1080 eius,
2069 1045 2112 1074 ita
2134 1054 2195 1075 nec
2214 1054 2320 1084 poena
2336 1054 2393 1084 per
2407 1045 2528 1084 passio-

1467 1097 1544 1118 nem
1566 1089 1666 1128 ipsius
1690 1098 1758 1118 esse
1781 1088 1892 1119 debet:
1917 1088 1972 1119 sed
1996 1089 2102 1119 solum
2125 1098 2182 1128 per
2205 1088 2366 1119 defectum
2389 1089 2473 1119 illius
2490 1088 2530 1119 ad

1469 1132 1559 1171 quod
1581 1138 1693 1162 natura
1716 1132 1756 1163 de
1779 1142 1812 1163 se
1835 1132 2030 1163 insufficiens
2061 1138 2136 1163 erat.
2172 1133 2206 1163 In
2231 1133 2298 1163 aliis
2326 1138 2433 1163 autem
2457 1142 2528 1172 per-

1468 1176 1661 1206 fectionibus
1685 1182 1716 1206 et
1740 1177 1945 1212 bonitatibus,
1970 1187 2053 1217 quae
2076 1183 2221 1207 naturam
2245 1178 2419 1207 humanam
2451 1186 2529 1207 con-

1468 1226 1646 1260 sequuntur
1670 1230 1707 1250 ex
1731 1221 1796 1251 suis
1819 1222 1999 1261 principiis,
2022 1221 2149 1251 nullum
2182 1221 2407 1252 detrimentum
2437 1222 2529 1251 susti-

1429 1276 1441 1289 2
1468 1265 1591 1294 nebunt
1614 1274 1673 1304 pro
1697 1271 1830 1304 peccato
1855 1265 1999 1305 originali
2023 1265 2171 1295 damnati.

1523 1309 1574 1338 An
1598 1318 1714 1338 PRIMUM
1737 1319 1820 1339 mmo
1844 1319 2003 1339 mmmmm
2034 1310 2123 1350 quod
2152 1309 2342 1349 supplicium
2373 1319 2441 1339 non
2469 1319 2530 1339 no-

1467 1353 1568 1382 minat
1591 1353 1625 1382 in
1649 1353 1834 1383 auctoritate
1863 1353 1915 1383 illa
1942 1363 2082 1393 poenam
2110 1353 2309 1389 sensibilem,
2338 1353 2394 1384 sed
2424 1354 2529 1384 solum

1468 1406 1608 1436 poenam
1632 1397 1750 1433 damni,
1775 1407 1858 1437 quae
1882 1403 1929 1428 est
1952 1398 2089 1428 carentia
2112 1398 2237 1428 divinae
2260 1398 2410 1428 visionis:
2447 1398 2529 1428 sieut

1469 1442 1564 1471 etiam
1581 1441 1713 1471 nomine
1730 1441 1817 1482 ignis
1832 1441 2014 1482 frequenter
2029 1442 2061 1472 in
2074 1442 2234 1482 Scriptura
2250 1442 2410 1482 quaelibet
2424 1451 2530 1482 poena

1468 1484 1595 1525 figurari
1620 1486 1798 1515 consuevit.

1523 1530 1574 1559 An
1599 1539 1760 1559 SECUNDUM
1783 1540 1943 1560 memnon
1967 1529 2056 1570 quod
2078 1530 2160 1560 inter
2183 1531 2292 1560 omnia
2315 1535 2445 1570 peccata
2469 1530 2530 1560 mi-

1468 1574 1594 1604 nimum
1619 1579 1665 1604 est
1689 1574 1851 1613 originale,
1877 1583 1916 1604 eo
1941 1574 2030 1614 quod
2053 1574 2225 1604 minimum
2248 1575 2343 1604 habet
2359 1574 2398 1604 de
2413 1574 2530 1604 volun-

1468 1619 1565 1647 tario:
1591 1627 1658 1647 non
1683 1619 1768 1648 enim
1793 1624 1839 1648 est
1869 1619 2085 1648 voluntarium
2113 1619 2278 1648 voluntate
2301 1619 2390 1649 istius
2420 1628 2530 1658 perso-

1468 1671 1538 1697 nae,
1555 1661 1611 1691 sed
1625 1662 1790 1692 voluntate
1807 1663 1955 1702 principii
1974 1668 2104 1692 naturae
2128 1667 2262 1692 tantum.
2286 1662 2459 1692 Peccatum
2474 1672 2530 1692 au-

1468 1711 1534 1735 tem
1558 1706 1691 1741 actuale,
1715 1711 1746 1735 et
1770 1707 1865 1736 etiam
1888 1706 2028 1741 veniale,
2056 1711 2102 1735 est
2125 1706 2341 1736 voluntarium
2365 1706 2530 1736 voluntate

1469 1750 1537 1779 eius
1561 1750 1593 1779 in
1618 1759 1684 1789 quo
1709 1755 1765 1780 est.
1800 1750 1842 1779 Et
1863 1749 1937 1780 ideo
1968 1751 2075 1780 minor
2097 1759 2203 1789 poena
2231 1749 2364 1780 debetur
2387 1750 2530 1790 originali

1469 1803 1566 1834 quam
1590 1794 1716 1824 veniali.

1523 1838 1591 1868 Nec
1616 1838 1720 1868 obstat
1743 1837 1832 1878 quod
1856 1838 2009 1878 originale
2033 1847 2099 1868 non
2124 1838 2317 1878 compatitur
2337 1848 2446 1869 secum
2462 1848 2530 1878 gra-

1468 1883 1555 1912 tiam.
1579 1883 1717 1913 Privatio
1743 1883 1828 1912 enim
1857 1883 1974 1922 gratiae
2002 1892 2070 1912 non
2100 1882 2195 1912 habet
2218 1883 2374 1913 rationem
2405 1883 2529 1922 culpae,

1468 1927 1524 1957 sed
1547 1936 1682 1967 poenae,
1706 1927 1767 1957 nisi
1791 1927 1982 1966 inquantum
2007 1936 2044 1957 ex
2067 1927 2232 1957 voluntate
2257 1932 2313 1956 est.
2350 1927 2443 1957 Unde
2472 1927 2528 1957 ubi

1467 1972 1574 2002 minus
1598 1977 1644 2001 est
1668 1971 1706 2002 de
1730 1971 1922 2007 voluntario,
1939 1971 2045 2001 minus
2070 1976 2116 2001 est
2139 1970 2178 2001 de
2200 1971 2303 2011 culpa.

1523 2016 1673 2046 Similiter
1689 2016 1784 2045 etiam
1799 2025 1866 2045 non
1891 2016 1995 2045 obstat
2018 2015 2107 2056 quod
2122 2021 2255 2055 peccato
2279 2015 2393 2046 actuali
2416 2015 2530 2045 veniali

1467 2060 1652 2100 temporalis
1675 2069 1782 2100 poena
1805 2060 1947 2090 debetur.
1973 2059 2057 2097 Quia
2076 2060 2140 2089 hoc
2156 2065 2203 2089 est
2218 2069 2275 2099 per
2297 2059 2458 2090 accidens:
2483 2059 2531 2089 in-

1469 2110 1626 2144 quantum
1651 2104 1807 2134 decedens
1830 2105 1863 2134 in
1887 2104 2002 2134 veniali
2025 2109 2166 2140 tantum,
2187 2105 2318 2144 gratiam
2341 2104 2445 2139 habet,
2471 2104 2531 2133 vir-

1468 2154 1536 2179 tute
1560 2149 1651 2179 cuius
1674 2158 1780 2189 poena
1802 2154 1935 2188 purgata
1960 2154 2015 2178 est.
2040 2148 2073 2178 Si
2088 2153 2195 2178 autern
2218 2148 2340 2178 veniale
2363 2153 2531 2188 peccatum

1469 2194 1536 2223 sine
1552 2194 1650 2233 gratia
1669 2194 1703 2223 in
1727 2193 1835 2233 aliquo
1860 2198 1951 2228 esset,
1975 2193 2163 2232 perpetuam
2187 2202 2326 2232 poenam
2350 2193 2487 2222 haberet.

1524 2238 1575 2267 An
1588 2247 1722 2267 ‘rim-rum
1738 2247 1897 2267 nrcenntm
1914 2237 2003 2277 quod
2018 2246 2086 2267 non
2099 2243 2145 2267 est
2157 2237 2269 2268 eadem
2281 2237 2361 2266 ratio
2374 2236 2414 2266 de
2426 2246 2533 2276 poena

1470 2282 1610 2312 sensibili
1634 2287 1706 2312 ante
1730 2287 1868 2312 mortem
1892 2287 1923 2311 et
1946 2286 2020 2322 post
2035 2287 2183 2312 mortem.
2207 2281 2292 2319 Quia
2308 2286 2380 2311 ante
2395 2286 2532 2310 mortem

1470 2336 1576 2366 poena
1600 2326 1755 2357 sensibilis
1779 2326 1988 2366 consequitur
2002 2326 2152 2356 virtutem
2166 2331 2296 2356 naturae
2312 2326 2445 2365 agentis:
2467 2325 2532 2354 sive

1471 2372 1510 2401 sit
1533 2380 1640 2411 poena
1663 2371 1818 2401 sensibilis
1841 2371 1988 2406 interior,
2013 2375 2050 2400 ut
2074 2370 2167 2400 febris
2197 2370 2247 2400 vel
2280 2369 2399 2409 aliquid
2422 2370 2532 2399 huius-

1470 2415 1576 2452 modi;
1603 2416 1667 2445 sive
1692 2415 1788 2445 etiam
1812 2415 1966 2446 sensibilis
1989 2424 2095 2454 poena
2119 2415 2270 2450 exterior,
2295 2419 2331 2444 ut
2354 2414 2437 2444 ustio
2468 2414 2532 2443 sive

1471 2459 1592 2500 aliquid
1615 2458 1811 2490 huiusmodi.
1837 2458 1901 2490 Sed
1923 2464 1997 2499 post
2012 2464 2150 2489 mortem
2165 2459 2244 2489 nihil
2260 2463 2332 2498 aget
2347 2459 2462 2488 virtute
2478 2467 2533 2487 na-

1471 2510 1577 2538 turae.
1602 2503 1658 2534 sed
1688 2503 1866 2534 secundum
1897 2503 2034 2533 iustitiae
2064 2503 2189 2534 divinae
2213 2503 2359 2533 ordinem
2389 2507 2531 2532 tanturn:

1472 2549 1538 2579 sive
1561 2549 1594 2579 in
1618 2549 1758 2578 animam
1787 2553 1978 2588 separatam,
2002 2548 2036 2577 in
2060 2557 2158 2587 quam
2182 2553 2306 2578 constat
2335 2546 2424 2587 quod
2453 2546 2533 2585 ignis

1471 2593 1655 2629 naturaliter
1679 2602 1770 2633 agere
1794 2602 1860 2622 non
1884 2597 2006 2632 potest3
2040 2592 2106 2622 sive
2130 2593 2225 2622 etiam
2253 2592 2285 2621 in
2321 2600 2438 2630 corpus
2461 2595 2535 2630 post

1472 2638 1756 2672 resurrectionem,
1782 2637 1857 2676 quia
1880 2642 1958 2666 tunc
1981 2637 2086 2666 omnis
2109 2637 2192 2666 actio
2216 2635 2365 2665 naturalis
2390 2635 2532 2670 cessabit,

1473 2687 1614 2712 cessante
1638 2687 1731 2711 motu
1754 2681 1848 2720 primi
1872 2680 2010 2715 mobilis,
2035 2681 2091 2719 qui
2114 2685 2160 2710 est
2179 2689 2274 2710 causa
2298 2679 2403 2709 omnis
2426 2683 2534 2708 motus

1474 2732 1505 2756 et
1528 2726 1720 2756 alterationis
1745 2724 1918 2765 corporalis
1933 2725 1960 2754 *-

1528 2771 1579 2800 Ao
1604 2779 1751 2800 QUARTUM
1774 2778 1933 2798 mmmmm
1957 2767 2047 2808 quod
2070 2767 2163 2797 dolor
2185 2766 2339 2797 sensibilis
2362 2766 2534 2805 respondet

1474 2814 1679 2845 delectationi
1702 2813 1842 2843 sensibili
1866 2822 1948 2852 quae
1973 2817 2019 2842 est
2039 2812 2071 2841 in
2088 2812 2297 2841 conversione
2314 2810 2443 2840 actualis
2459 2819 2534 2849 pec-

1474 2860 1544 2890 cati.
1571 2858 1843 2897 Concupiscenn'a
1866 2862 1973 2886 autem
1996 2855 2164 2885 habitualis
2192 2865 2274 2895 quae
2304 2860 2351 2884 est
2377 2855 2410 2884 in
2440 2855 2534 2894 origi-

1473 2903 1537 2933 nali
1561 2907 1705 2942 peccato,
1730 2901 1975 2931 delectationem
1990 2909 2058 2930 non
2081 2900 2184 2929 habet.
2209 2899 2250 2929 Et
2265 2898 2338 2929 ideo
2355 2897 2448 2928 dolor
2463 2907 2534 2928 sen-

1474 2947 1571 2977 sibilis
1595 2956 1662 2976 non
1686 2944 1858 2985 respondet
1881 2945 1940 2974 sibi
1963 2953 2022 2984 pro
2046 2953 2161 2983 poena.

1528 2991 1579 3020 An
1605 2999 1744 3020 aurnum
1774 2999 1933 3018 mensuum
1967 2987 2056 3028 quod
2090 2997 2226 3027 corpora
2258 2995 2434 3026 puerorum
2466 2995 2533 3016 non

1475 3040 1568 3065 erunt
1590 3033 1795 3074 impassibilia
1819 3043 1856 3063 ex
1880 3032 2008 3062 defectu
2030 3032 2192 3072 potentiae
2217 3030 2255 3061 ad
2285 3030 2471 3070 patiendum
2501 3030 2534 3060 in

1473 3080 1560 3119 ipsis,
1585 3078 1639 3108 sed
1664 3088 1702 3108 ex
1726 3077 1853 3107 defectu
1877 3077 2013 3107 exterius
2037 3076 2156 3115 agentis
2180 3076 2213 3105 in
2240 3075 2325 3114 ipsa:
2360 3075 2434 3113 quia
2461 3079 2535 3114 post

1474 3123 1739 3153 resurrectionem
1762 3121 1888 3151 nullum
1912 3130 2029 3160 corpus
2053 3120 2110 3149 erit
2125 3129 2221 3159 agens
2236 3119 2269 3149 in
2285 3118 2428 3154 alterum,
2445 3127 2534 3158 prae-

1475 3168 1569 3207 cipue
1593 3166 1632 3196 ad
1657 3166 1896 3205 corruptionem
1919 3163 2152 3199 inducendam,
2178 3172 2234 3202 per
2257 3163 2416 3193 actionem
2443 3167 2535 3192 natu-

1474 3221 1537 3247 rae,
1554 3210 1609 3240 sed
1626 3211 1683 3240 erit
1699 3210 1782 3239 actio
1799 3214 1924 3239 tantum
1940 3208 1979 3238 ad
1995 3207 2197 3249 puniendum
2221 3217 2258 3237 ex
2282 3206 2393 3236 ordine
2410 3205 2535 3236 divinae

1474 3255 1611 3285 iustitiae
1627 3255 1653 3284 *.
1678 3253 1771 3284 Unde
1787 3253 1840 3283 illa
1856 3262 1992 3293 corpora
2007 3261 2146 3292 poenam
2162 3261 2229 3281 non
2245 3251 2404 3290 patientur
2420 3251 2535 3290 quibus

1475 3309 1580 3339 poena
1604 3298 1758 3328 sensibilis
1782 3307 1819 3327 ex
1844 3297 1950 3327 divina
1972 3297 2089 3327 iustitia
2116 3305 2183 3325 non
2214 3295 2356 3325 debetur.
2391 3293 2537 3334 Corpora

1475 3349 1582 3373 autem
1607 3347 1791 3372 sanctorum
1815 3346 1907 3372 erunt
1930 3340 2134 3381 impassibilia
2165 3340 2239 3379 quia
2270 3338 2396 3369 deficiet
2425 3339 2458 3368 in
2492 3339 2536 3368 eis

1475 3387 1618 3427 potentia
1642 3385 1681 3416 ad
1697 3385 1883 3426 patiendum
1899 3386 1925 3415 ἦ
1951 3385 1991 3415 Et
2014 3384 2088 3414 ideo
2105 3383 2337 3424 impassibilitas
2361 3383 2418 3412 erit
2438 3383 2471 3412 in
2493 3383 2537 3412 eis

1476 3431 1544 3467 dos,
1570 3440 1637 3460 non
1661 3436 1768 3460 autern
1791 3430 1824 3459 in
1848 3430 1964 3469 pueris.

2560 2727 2571 2738 '¹
2594 2726 2709 2754 Supplem.
2731 2731 2771 2753 qu.

2560 2758 2653 2780 ιωνι,
2666 2755 2708 2774 art.
2719 2758 2740 2778 2,
2749 2758 2770 2780 3.

2563 3258 2573 3268 '
2585 3256 2621 3279 Cf.
2632 3262 2694 3284 resp.
2704 3256 2733 3278 ad
2742 3262 2762 3285 3.

2565 3389 2574 3398 ·
2594 3386 2709 3415 Supplem.
2734 3392 2774 3414 qu.

2564 3419 2650 3439 mxu,
2666 3417 2706 3435 m.
2724 3420 2742 3435 ι.
