2918 4088
110 758 120 767 ·
127 754 321 784 Qu.1.xk11¹,art.5.

45 2074 49 2109 ’Ἴ
110 2073 125 2086 ·
136 2072 206 2096 Vero.
218 2078 243 2101 4,
257 2078 278 2101 5.

114 2955 127 2967 ·
140 2954 208 2977 vm.
224 2960 255 2977 ιη.

987 200 1251 247 QUAESTIO
1281 200 1489 246 LXXXIII,
1518 200 1812 238 ARTICULUS
1841 202 1886 238 111

348 285 464 315 tatem
493 279 746 326 corporalem,
776 279 824 315 ad
852 278 1025 326 litteram,
1046 286 1157 316 natus
1186 287 1241 316 est
1269 279 1316 315 de
1344 290 1413 316 no-

348 338 418 377 cte,
448 330 488 366 in
516 330 668 378 signum
697 331 804 379 quod
823 331 1002 368 veniebat
1029 332 1078 368 ad
1106 331 1280 369 tenebras
1310 331 1414 368 infir-

347 382 487 420 mitatis
519 391 688 419 nostrae:
728 384 832 420 unde
861 392 896 421 et
924 383 963 420 in
991 384 1107 421 missa
1143 392 1331 421 nocturna
1359 383 1414 420 di-

349 435 446 472 citur
473 435 729 483 Evangelium
757 436 805 473 de
833 437 1022 486 corporali
1051 436 1191 474 Christi
1210 436 1413 473 nativitate.

403 488 509 525 Sicut
543 488 659 525 etiam
696 497 733 524 et
760 489 800 525 in
828 489 909 526 aliis
937 489 1073 526 diebus
1107 489 1147 525 in
1181 489 1323 538 quibus
1351 501 1414 526 oc-

349 548 507 578 currunt
541 542 652 590 plura
688 541 826 578 Christi
851 541 863 567 t
890 542 1079 579 beneficia
1114 543 1176 578 vel
1212 542 1415 578 recolenda

348 595 411 630 vel
439 594 663 642 expetenda,
683 595 812 642 plures
840 594 979 631 missae
1007 594 1247 631 celebrantur
1265 594 1305 631 in
1333 594 1412 631 die:

349 653 443 696 puta
470 658 549 683 una
576 659 647 696 pro
675 647 783 694 festo,
813 654 849 683 et
876 647 949 684 alia
974 659 1047 696 pro
1074 646 1217 683 ieiunio
1249 648 1311 683 vel
1342 658 1414 696 pro

349 706 525 736 mortuis.

402 753 460 789 Ar>
487 763 646 788 τεκτιυΜ
680 763 862 788 DICENDUM
897 752 1022 800 quod,
1052 751 1149 788 sicut
1181 763 1297 801 supra
1315 751 1335 773 *
1363 751 1414 788 di-

349 812 453 841 ctum
483 811 550 851 est,
582 803 755 841 Christus
782 804 904 840 voluit
930 804 1067 841 ultimo
1095 805 1172 841 1100
1200 816 1415 841 sacramen-

349 865 432 894 tum
461 856 656 905 discipulis
690 857 856 904 tradere,
886 864 929 893 ut
955 857 1087 893 fortius
1122 868 1260 894 eorum
1292 857 1415 894 cordi-

348 910 422 946 bus
456 909 753 958 imprimeretur.
792 910 841 946 Et
868 909 956 946 ideo
988 917 1076 958 post
1108 921 1245 947 cenam
1273 917 1310 946 et
1328 915 1346 937 ⁷¹
1375 910 1414 946 in

348 962 426 999 fine
455 961 530 998 diei
557 962 634 998 hoc
661 969 946 998 sacramentum
978 962 1214 1000 consecravit
1241 970 1278 999 et
1306 962 1415 1000 disci-

348 1014 448 1064 pulis
484 1013 647 1051 tradidit.
685 1015 720 1050 A
754 1014 866 1051 nobis
903 1022 1034 1052 autem
1070 1016 1282 1052 celebratur
1318 1017 1415 1052 hora

349 1066 576 1104 Dominicae
604 1067 810 1116 passionis:
840 1067 978 1104 scilicet
996 1069 1059 1105 vel
1082 1068 1121 1105 in
1150 1068 1286 1105 diebus
1313 1068 1414 1106 festis

349 1119 390 1157 in
415 1119 542 1166 tertia,
572 1120 730 1168 quando
765 1120 971 1157 crucifixus
1006 1129 1061 1158 est
1093 1121 1230 1170 linguis
1257 1122 1414 1159 Iudaeo-

277 1220 284 1227 .
315 1195 322 1231 3
349 1184 455 1220 rum,
484 1180 527 1210 ut
553 1172 692 1210 dicitur
718 1174 838 1210 Marc.
859 1186 907 1211 xv
925 1173 962 1220 ²¹⁸,
999 1182 1036 1210 et
1063 1175 1221 1224 quando
1251 1174 1414 1224 Spiritus

351 1226 514 1263 Sanctus
532 1226 729 1263 descendit
756 1238 874 1276 super
896 1226 1104 1276 discipulos
1122 1227 1160 1274 *3
1189 1229 1251 1264 vel
1279 1227 1414 1265 diebus

255 1300 262 1307 ·
349 1278 524 1328 profestis
553 1278 591 1316 in
611 1286 726 1326 sexta,
747 1280 905 1328 quando
934 1280 1140 1317 crucifixus
1161 1287 1216 1317 est
1235 1281 1414 1318 manibus

350 1331 528 1381 militum,
555 1339 600 1368 ut
618 1332 782 1369 habetur
808 1333 912 1369 Ioan.
932 1345 992 1369 x1x
1009 1333 1047 1378 *ς
1076 1335 1138 1370 vel
1157 1333 1293 1370 diebus
1321 1333 1414 1371 ieiu-

296 1380 322 1413 ’ἶ
350 1384 507 1421 niorum
535 1384 574 1421 in
602 1397 727 1425 nona.
757 1386 914 1434 quando
946 1398 1036 1424 voce
1070 1398 1213 1436 magna
1247 1387 1416 1424 clamans

299 1459 305 1466 -
351 1439 468 1474 emisit
500 1439 688 1487 spiritum,
717 1445 759 1474 ut
786 1438 924 1475 dicitur
950 1439 1085 1475 Matth.
1106 1451 1199 1476 xxvn
1218 1439 1248 1476 ²¹².

404 1491 533 1527 Potest
551 1497 680 1528 tamen
699 1490 856 1528 tardari:
884 1491 1051 1528 maxime
1071 1492 1228 1541 quando
1248 1500 1336 1529 sunt
1356 1496 1416 1529 oi·-

350 1542 460 1580 dines
489 1543 670 1590 faciendi,
699 1551 735 1580 et
762 1544 968 1593 praecipue
995 1544 1035 1581 in
1064 1544 1231 1582 Sabbato
1256 1545 1415 1591 Sanct03

350 1603 435 1633 tum
453 1603 612 1645 propter
633 1596 887 1645 prolixitatem
916 1597 1050 1642 officii3
1080 1605 1164 1634 tum
1183 1597 1298 1634 etiam
1326 1598 1417 1647 quia

351 1647 506 1686 ordines
523 1648 713 1698 pertinent
731 1650 780 1686 ad
799 1649 904 1686 diem
923 1649 1175 1686 Dominicum
1194 1648 1219 1697 ⁰,
1239 1657 1282 1687 ut
1300 1651 1417 1688 habe-

349 1708 413 1738 tur
430 1700 471 1738 in
489 1702 666 1748 Decretis,
681 1701 764 1738 dist.
785 1703 945 1748 LXXV,
966 1714 1049 1751 cap.
1071 1703 1182 1745 Quod
1198 1715 1222 1739 a
1234 1705 1416 1752 patribus.

404 1755 572 1791 Possunt
597 1761 728 1791 tamen
756 1754 871 1792 etiam
899 1754 1037 1792 missae
1065 1755 1247 1799 celebrari
1275 1759 1312 1793 in
1336 1758 1417 1805 pri-

349 1818 415 1845 ma
435 1813 547 1857 parte
573 1807 647 1844 diei
671 1815 830 1856 propter
856 1807 1026 1856 aliquam
1053 1808 1336 1845 necessitatem:
1375 1817 1418 1846 ut

350 1860 516 1898 habetur
541 1861 588 1898 de
617 1861 806 1907 Consecr.,
827 1860 910 1897 dist.
931 1862 957 1908 I,
978 1873 1060 1910 cap.
1081 1862 1242 1899 Necesse
1269 1867 1320 1898 est
1347 1869 1415 1898 etc.

404 1914 462 1950 An
491 1925 663 1956 QUARTUM
697 1925 880 1951 DicENDUM
914 1914 1022 1963 quod
1054 1913 1274 1962 regulariter
1300 1914 1418 1952 missa

351 1966 466 2004 debet
483 1966 666 2004 celebrari
694 1966 733 2003 in
752 1966 824 2013 die,
846 1974 882 2003 et
901 1978 982 2004 non
1000 1966 1040 2003 in
1059 1975 1189 2004 nocte:
1219 1967 1311 2016 quia
1336 1967 1418 2017 ipse

353 2018 527 2057 Christus
555 2027 611 2057 est
637 2031 820 2069 praesens
839 2019 879 2057 in
898 2021 974 2058 hoc
1002 2027 1254 2067 sacramento,
1275 2020 1343 2070 qui
1362 2020 1418 2058 di-

351 2072 412 2120 cit,
441 2074 596 2110 Ioan.1x
614 2072 654 2109 *z
683 2075 754 2110 Me
772 2079 913 2123 oportet
940 2075 1094 2123 operari
1110 2085 1225 2123 opera
1253 2075 1330 2111 eius
1357 2076 1420 2124 qui

403 2186 430 2221 ζ)
451 2187 560 2212 Gur-isti.
576 2200 596 2206 —
615 2186 668 2212 Dei
685 2187 723 2219 pB
743 2185 866 2220 (scriptor
884 2194 913 2212 se
932 2186 989 2219 ipse
1007 2186 1122 2222 con-igit)
1141 2192 1167 2212 et
1184 2188 1268 2213 tertia.

405 2222 432 2256 η)
451 2226 486 2248 et.
504 2237 523 2241 —
541 2222 603 2248 Om.
622 2222 684 2247 DFa
703 2227 729 2247 et
746 2223 828 2247 tertia.

2447 203 2524 251 273

1471 280 1567 314 misit
1593 290 1664 324 me,
1685 279 1802 315 donec
1821 279 1896 315 dies
1915 286 1975 316 est.
2014 283 2116 317 Venit
2144 295 2232 328 nox,
2254 283 2400 332 quando
2421 294 2529 319 nemo

1465 337 1583 380 potest
1611 333 1770 380 operari.
1807 333 1979 373 Quandiu
2009 335 2045 369 in
2072 335 2210 370 mundo
2234 347 2327 380 sum,
2355 335 2423 372 lux
2448 347 2529 372 sum

1470 384 1611 420 mundi.
1641 385 1694 420 Ita
1712 391 1842 420 tamen
1871 385 1977 432 quod
2001 385 2232 435 principium
2256 387 2329 424 diei
2358 395 2532 424 sumatur

1471 448 1552 472 non
1571 448 1602 477 ¹a
1629 436 1758 472 media
1781 443 1912 482 nocte;
1942 449 2013 474 nec
2033 438 2146 474 etiam
2175 439 2222 475 ab
2243 448 2327 476 ortu
2356 440 2454 486 solis,
2476 440 2531 476 id-

1471 497 1526 525 est
1563 489 1721 537 quando
1755 489 1964 526 substantia
2004 491 2092 527 solis
2130 501 2286 540 apparet
2319 505 2433 541 super
2459 501 2531 528 ter-

1470 553 1574 587 ram;
1605 542 1672 578 sed
1701 542 1858 590 quando
1887 542 2018 591 incipit
2037 555 2219 591 apparere
2240 557 2388 581 aurora.
2418 546 2532 581 Tunc

1471 594 1575 631 enim
1595 594 1890 643 quodammodo
1919 595 2056 632 dicitur
2080 598 2136 632 sol
2165 604 2281 642 ortuS,
2302 597 2531 646 inquantum

1471 647 1617 683 claritas
1650 647 1848 684 radiorum
1884 647 1966 684 eius
1999 657 2166 697 apparet.
2202 650 2313 686 Unde
2343 658 2377 686 et
2411 651 2530 686 Marc.

1470 711 1529 736 xvi
1552 699 1572 721 '¹‘
1604 699 1743 736 dicitur
1771 700 1877 748 quod
1904 701 2084 738 mulieres
2110 710 2299 738 venerunt
2318 702 2365 738 ad
2394 715 2532 739 monu-

1470 759 1648 789 mentum
1668 758 1749 789 orto
1769 754 1844 789 iam
1863 754 1962 796 sole‚·
1985 766 2075 791 cum
2095 762 2224 791 tamen
2244 755 2428 801 venerint,
2449 767 2533 792 cum

1470 805 1592 842 adhuc
1619 807 1792 842 tenebrae
1819 812 1952 852 essent,
1983 807 2031 843 ad
2060 815 2379 850 monumentum,
2410 816 2451 844 ut
2479 807 2533 844 di-

1470 857 1567 894 citur
1594 859 1697 894 Ioan.
1727 871 1774 895 xx
1799 858 1837 905 *3
1867 859 1920 895 sic
1955 859 2059 896 enim
2094 860 2193 897 hanc
2230 860 2533 897 contrarietatem

1471 910 1583 947 solvit
1617 910 1872 959 Augustinus,
1902 911 1941 948 in
1974 912 2069 949 libro
2107 913 2152 949 de
2187 914 2375 950 Consensu
2410 915 2533 950 Evan-

1469 964 1686 1013 gelistarum
1705 964 1736 1000 ³¹².

1524 1016 1744 1065 Specialiter
1779 1025 1908 1054 tamen
1937 1017 1976 1054 in
2005 1026 2115 1055 nocte
2151 1018 2295 1056 Natalis
2332 1019 2447 1056 missa
2475 1031 2534 1056 ce-

1470 1069 1647 1116 lebratur,
1676 1077 1833 1119 propter
1860 1071 1935 1107 hoc
1963 1072 2071 1119 quod
2103 1072 2297 1108 Dominus
2329 1079 2440 1108 nocte
2468 1084 2534 1109 na-

1469 1130 1530 1158 tus
1559 1131 1630 1159 est:
1670 1130 1711 1159 ut
1748 1123 1912 1160 habetur
1953 1125 1997 1160 de
2033 1126 2224 1171 Consecr.,
2267 1125 2348 1161 dist.
2379 1126 2410 1172 I,
2449 1137 2531 1174 cap.

1469 1176 1592 1212 Nocte
1620 1184 1687 1212 etc.
1709 1197 1734 1202 -
1762 1177 1810 1212 Et
1837 1175 2007 1213 similiter
2032 1177 2147 1214 etiam
2174 1177 2214 1214 in
2242 1178 2409 1215 Sabbato
2439 1178 2533 1215 San-

1469 1235 1529 1264 cto
1564 1228 1664 1265 circa
1691 1228 1813 1266 noctis
1840 1229 2092 1279 principium:
2130 1238 2288 1279 propter
2318 1231 2395 1267 hoc
2426 1231 2533 1279 quod

1469 1281 1663 1318 Dominus
1691 1289 1803 1318 nocte
1831 1283 2006 1329 surrexit,
2036 1283 2147 1330 idest,
2177 1296 2261 1320 cum
2289 1284 2410 1321 adhuc
2436 1289 2533 1320 tene-

1470 1336 1561 1371 brae
1588 1341 1716 1381 essent,
1745 1342 1832 1371 ante
1860 1335 2105 1372 manifestum
2134 1336 2222 1373 solis
2251 1344 2390 1373 ortum.

1523 1388 1581 1423 AD
1610 1399 1770 1429 QUINTUM
1802 1400 1983 1426 DICENDUM
2012 1389 2137 1437 quod,
2167 1389 2262 1426 sicut
2290 1390 2453 1426 habetur
2489 1390 2534 1426 de

1475 1441 1663 1486 Consecr.,
1684 1440 1767 1476 dist.
1784 1441 1797 1476 I
1816 1440 1847 1486 ³¹²,
1869 1453 1915 1477 ex
1930 1442 2092 1478 Decreto
2113 1441 2317 1478 Alexandri
2336 1443 2463 1491 Papae
2481 1441 2531 1489 *⁸2

1470 1493 1606 1541 sufficit
1636 1493 1821 1530 sacerdoti
1846 1495 1883 1530 in
1913 1494 1971 1530 die
1998 1507 2112 1531 unam
2144 1497 2295 1532 missam
2330 1495 2534 1532 celebrare.-

1472 1547 1559 1595 quia
1591 1547 1756 1583 Christus
1782 1547 1895 1583 semel
1915 1559 2048 1596 passus
2075 1553 2126 1584 est
2153 1553 2186 1584 et
2212 1554 2326 1584 totum
2353 1547 2533 1584 mundum

1471 1599 1644 1642 redemit;
1679 1605 1711 1635 et
1739 1599 1846 1636 valde
1862 1599 1965 1647 felix
1992 1605 2042 1636 est
2070 1602 2133 1649 qui
2159 1612 2274 1637 unam
2302 1601 2416 1650 digne
2442 1601 2534 1637 cele—

1471 1652 1584 1687 brare
1605 1657 1734 1700 potest.
1770 1652 1930 1693 Quidam
1957 1658 2080 1689 tamen
2103 1666 2178 1702 pro
2207 1653 2386 1700 defunctis
2420 1666 2534 1690 unam

1460 1704 1613 1751 faciunt
1641 1709 1674 1740 et
1701 1704 1857 1741 alteram
1892 1705 1981 1751 diei,
2009 1707 2043 1741 si
2069 1718 2214 1742 necesse
2241 1712 2301 1742 est.
2347 1707 2421 1748 Qui
2446 1718 2535 1743 vero

1469 1768 1540 1805 pro
1563 1758 1726 1805 pecunia
1745 1763 1808 1794 aut
1826 1757 2097 1795 adulationihus
2114 1759 2362 1796 saecularium
2383 1771 2458 1795 uno
2477 1759 2536 1795 die

1444 1822 1445 1836 ¹
1466 1815 1712 1858 praesumunt
1734 1810 1863 1859 plures
1890 1811 2078 1848 celebrare
2105 1813 2246 1857 missas,
2276 1824 2350 1848 non
2383 1813 2535 1849 aestimo

1471 1862 1629 1899 evadere
1662 1863 1938 1900 damnationem
1957 1863 1988 1900 ²¹².
2018 1864 2067 1900 Et
2098 1865 2225 1911 Extra,
2246 1865 2291 1901 de
2321 1864 2462 1901 Celebr.
2481 1864 2533 1911 ³¹³⁸,

1471 1914 1560 1951 dicit
1587 1915 1832 1952 Innocentius
1859 1917 1905 1952 III
1933 1917 2052 1965 quod,
2077 1923 2229 1968 excepto
2249 1918 2307 1954 die
2326 1918 2536 1955 Natiuitatis

1470 1969 1705 2015 Dominicae,
1736 1970 1808 2005 nisi
1833 1980 1947 2006 causa
1975 1972 2193 2007 necessitatis
2219 1971 2404 2017 suaderet,
2432 1972 2535 2019 suffi-

1471 2022 1519 2058 cit
1535 2022 1720 2058 sacerdoti
1735 2022 1849 2059 semel
1867 2024 1904 2059 in
1924 2023 1984 2059 die
2001 2036 2116 2060 unam
2135 2025 2286 2061 missam
2304 2023 2535 2061 solummodo

1443 2094 1446 2121 ¹
1472 2075 1674 2112 celebrare.

1443 2186 1447 2252 Ι
1525 2185 1552 2222 0)
1572 2188 1752 2214 Dominicum.
1770 2202 1789 2207 -
1807 2188 1977 2214 Dominicum
1995 2190 2077 2214 tertia.

514 2428 528 2438 ι
1157 2370 1476 2413 ARTICULUS
1505 2371 1736 2414 TERTIUS

504 2448 509 2450 ⁷
545 2472 704 2504 UTRUM
728 2471 966 2503 OPORTEAT
989 2472 1084 2504 Hoc
1107 2472 1444 2505 SACRAMENTUM
1468 2473 1726 2505 CELEBRARE
1750 2474 1794 2505 lN
1818 2474 1947 2506 DOMO
1971 2475 2029 2506 ET
2053 2474 2172 2507 VAS1s
2196 2475 2344 2508 SACR1s

875 2551 910 2576 1v
928 2552 1015 2582 Sext„
1035 2552 1095 2578 dist.
1111 2559 1166 2582 xm,
1184 2559 1230 2585 qu.
1247 2559 1266 2584 1,
1285 2558 1332 2578 art.
1352 2559 1376 2583 α,
1396 2552 1446 2584 qu·
1468 2552 1490 2583 5,
1510 2551 1541 2583 ὅς
1562 2552 1620 2577 dist.
1640 2560 1706 2582 xx1v.
1725 2561 1769 2586 qu.
1789 2561 1815 2584 11,
1836 2559 1882 2580 art.
1904 2561 1927 2584 2,
1947 2554 1978 2579 ad
1998 2562 2023 2587 9.

390 2648 453 2675 μ’(
476 2661 529 2677 K
567 2643 591 2668 D
609 2642 768 2668 TERTmM
787 2643 838 2668 sm
858 2643 1094 2669 PRocssm'rUR.
1123 2631 1284 2669 Videtur
1311 2631 1418 2682 quod

384 2676 439 2729 '513¹
482 2662 545 2731 {²2}
568 2695 648 2721 non
684 2691 858 2733 oporteat
889 2684 966 2721 hoc
1000 2691 1285 2722 sacramentum
1322 2685 1418 2721 cele-

375 2742 387 2781 )
435 2724 679 2773 v-'brare
699 2742 716 2757 ²
744 2736 784 2773 in
812 2736 932 2774 domo
967 2744 1003 2774 et
1029 2736 1130 2774 vasis
1167 2736 1293 2774 sacris.
1331 2737 1419 2774 Hoc

378 2785 389 2794 ”
413 2767 511 2822 (tufi,
528 2783 675 2826 &enim
715 2797 1000 2826 sacramentum
1040 2797 1096 2826 est
1134 2789 1419 2839 repraesentati-

354 2854 453 2880 vum
480 2842 710 2880 Dominicae
736 2841 936 2892 passionis
966 2842 1043 2879 Sed
1073 2841 1246 2879 Christus
1264 2854 1345 2879 non
1365 2850 1420 2879 est

354 2907 492 2945 passus
519 2894 559 2932 in
587 2895 719 2941 domo,
749 2895 816 2932 sed
836 2903 940 2932 extra
964 2903 1118 2944 portam
1146 2894 1322 2933 civitatis:
1362 2907 1418 2932 se-

355 2947 531 2987 cundum
550 2947 644 2985 illud
661 2949 760 2985 Heb.
781 2949 847 2985 ult.
866 2947 903 2984 *ε
933 2949 1047 2994 Iesus,
1068 2954 1106 2985 ut
1117 2960 1192 2998 per
1207 2960 1316 2984 suum
1333 2960 1419 2985 san-

354 3003 509 3052 guinem
534 3003 782 3050 sanctificaret
802 3001 998 3051 populum,
1027 3006 1136 3038 extra
1157 3006 1311 3050 portam
1330 3013 1419 3051 pas-

354 3066 416 3092 sus
434 3059 495 3092 est.
524 3054 627 3103 Ergo
645 3053 798 3091 videtur
816 3054 924 3103 quod
942 3054 1019 3091 hoc
1036 3061 1320 3091 sacramentum
1338 3066 1419 3091 non

356 3107 494 3145 debeat
520 3107 704 3145 celebrari
731 3107 771 3144 in
799 3107 939 3154 domo,
968 3107 1036 3144 sed
1064 3106 1185 3155 magis
1213 3107 1284 3144 sub
1313 3106 1417 3144 divo.

364 3198 366 3200 ,
411 3171 446 3197 2.
467 3161 700 3208 PRAETEREA,
720 3159 760 3198 in
779 3159 1032 3197 celebratione
1051 3159 1167 3197 huius
1193 3159 1420 3198 sacramenti

357 3212 471 3262 debet
497 3213 667 3251 Ecclesia
693 3212 831 3250 imitari
859 3225 1012 3252 morem
1040 3212 1178 3250 Christi
1200 3220 1237 3250 et
1254 3213 1418 3262 Aposto-

357 3267 496 3303 lorum.
537 3265 613 3303 Sed
641 3266 783 3303 domus
812 3266 850 3303 in
878 3279 956 3315 qua
985 3265 1159 3311 Christus
1186 3265 1314 3315 primo
1343 3267 1418 3303 hoc

358 3325 641 3356 sacramentum
669 3318 840 3367 confecit,
869 3331 950 3360 non
976 3318 1046 3356 fuit
1072 3326 1311 3356 consecrata:
1351 3319 1418 3356 sed

411 3431 439 3466 α)
457 3431 598 3459 celebrare.
621 3446 640 3451 -
664 3432 794 3459 celebrari
811 3433 852 3460 Pl.
869 3447 889 3452 -
907 3433 934 3458 in
953 3433 1032 3458 domo
1050 3437 1077 3459 et
1095 3433 1182 3464 tertia5
1206 3436 1233 3458 et
1251 3433 1277 3458 ἰη
1297 3433 1376 3459 domo
1394 3436 1420 3458 et

357 3467 457 3499 ABCD,
475 3470 502 3493 et
520 3467 546 3492 ἰη
566 3468 645 3494 domo
663 3471 690 3494 et
708 3468 734 3493 in
754 3469 795 3494 ed.
813 3477 838 3497 α,
859 3469 885 3493 in
905 3469 984 3494 domo
1002 3472 1029 3494 et
1047 3469 1073 3494 in
1092 3469 1144 3494 EF.

412 3501 438 3537 β)
455 3503 602 3528 sumebant.
619 3517 638 3523 —
655 3507 681 3529 et
698 3504 837 3529 sumebant
855 3504 940 3529 cibum
961 3504 990 3530 P.

499 3557 611 3582 Smuum
623 3556 725 3582 Timor„
743 3557 776 3583 D.
789 3557 905 3583 'rnonu
924 3558 956 3583 Τ.
970 3558 1012 3583 IX.

1471 2631 1542 2669 fuit
1573 2633 1771 2681 quoddam
1808 2645 2019 2671 commune
2047 2636 2276 2672 cenaculum
2309 2647 2331 2672 a
2363 2636 2535 2685 quodam

1471 2685 1739 2733 patrefamilias
1758 2694 2039 2735 praeparatum,
2060 2695 2102 2724 ut
2124 2687 2287 2724 habetur
2304 2689 2402 2725 Luc:
2419 2701 2489 2726 xxn
2502 2689 2533 2726 ²¹⁸.

1471 2737 1628 2786 Legitur
1655 2737 1769 2775 etiam
1796 2739 1958 2776 Act.-11*
1986 2740 2093 2788 quod
2121 2740 2294 2790 Apostoli
2322 2750 2428 2778 erant
2445 2754 2533 2791 per-

1473 2790 1647 2828 durantes
1661 2793 1887 2828 unanimiter
1898 2794 1938 2828 in
1957 2793 2110 2842 Templo
2117 2806 2131 2837 ,·
2148 2799 2182 2829 et
2188 2794 2416 2843 frangentes
2433 2796 2534 2832 circa

1473 2843 1602 2880 domos
1626 2856 1776 2893 panem,
1804 2842 2030 2882 sumebant?
2057 2857 2143 2882 cum
2168 2847 2402 2883 exultatione.
2431 2848 2533 2895 Ergo

1473 2907 1545 2932 nec
1563 2896 1684 2933 modo
1704 2903 1854 2945 oportet
1872 2897 2012 2934 domos
2035 2910 2117 2935 esse
2137 2906 2376 2936 consecratas
2394 2899 2433 2936 in
2452 2900 2533 2949 qui-

1472 2948 1546 2985 bus
1573 2949 1651 2985 hoc
1678 2957 1962 2986 sacramentum
1989 2950 2211 2987 celebratur.

1529 3001 1563 3037 3.
1593 3002 1831 3048 PRAETEREA,
1865 3001 1961 3039 nihil·
1993 3001 2077 3039 fieri
2115 3003 2252 3040 frustra
2287 3003 2327 3040 in
2365 3005 2534 3043 Ecclesia

1473 3053 1597 3101 debet,
1627 3066 1726 3103 quae
1755 3053 1899 3104 Spiritu
1919 3055 2059 3093 Sancto
2085 3056 2331 3105 gubernatur.
2361 3058 2438 3095 Sed
2456 3059 2533 3095 fru-

1473 3114 1548 3143 stra
1565 3106 1718 3144 videtur
1745 3106 1917 3144 adhiberi
1935 3108 2170 3146 consecratio
2199 3110 2377 3147 ecclesiae
2396 3112 2457 3148 vel
2481 3113 2533 3148 al-

1471 3159 1553 3206 tari,
1583 3167 1619 3196 et
1637 3165 1652 3188 ‘f
1680 3159 1905 3197 huiusmodi
1933 3160 2048 3198 rebus
2075 3161 2303 3210 inanimatis,
2323 3175 2423 3212 quae
2451 3175 2533 3201 non

1473 3220 1561 3254 sunt
1589 3211 1804 3262 susceptiva
1830 3212 1973 3261 gratiae
1987 3215 2050 3251 vel
2068 3214 2270 3264 spiritualis
2287 3215 2444 3254 virtutis.
2474 3218 2532 3254 In-

1473 3265 1746 3302 convenienter
1773 3264 1885 3314 igitur
1911 3265 2135 3304 huiusmodi
2163 3268 2466 3306 consecrationes
2493 3269 2532 3306 in

1473 3318 1643 3355 Ecclesia
1669 3318 1778 3355 fiunt.

1527 3432 1555 3467 γ)
1573 3433 1663 3463 altari,
1679 3436 1713 3458 et.
1725 3447 1743 3452 -
1755 3433 1785 3457 Pl
1793 3440 1800 3463 ;
1819 3433 1916 3458 altaris
1930 3434 1970 3459 vel
1982 3434 2011 3464 B,
2024 3434 2120 3459 altaris
2139 3434 2164 3458 ίη
2185 3434 2270 3459 ceteri.
2282 3448 2300 3452 —
2313 3434 2363 3459 Pro
2377 3435 2531 3467 susceptiva,

1474 3468 1638 3501 susceptivae
1660 3468 1794 3494 editiones.

2360 3559 2391 3583 35

2560 708 2569 716 ·
2585 706 2650 728 Vers.
2666 713 2686 728 2.

2562 865 2570 874 ·
2586 862 2650 884 Vei-s.
2667 870 2685 885 t.

2562 967 2571 975 ·
2590 965 2639 986 Lib.
2660 965 2698 989 111,
2721 971 2774 991 cap.

2561 997 2622 1018 xxiv,
2637 997 2700 1013 num.
2716 991 2749 1019 65.

2561 1446 2571 1455 ·
2585 1444 2640 1466 Can.
2656 1445 2688 1466 Su
2715 1445 2752 1467 cit.

2560 1472 2581 1482 ¹*
2596 1471 2670 1493 Secuu
2690 1478 2703 1492 1.

2562 1867 2572 1877 ·
2587 1866 2614 1888 D.
2628 1866 2666 1894 58¹
2682 1873 2705 1888 a.

2563 1893 2642 1923 '‘glap.
2651 1893 2772 1914 Consului-

2563 1919 2774 1968 ἶῗαῖοἶίἰὲἕαῖῗις.

2562 2694 2571 2703 ·
2587 2692 2652 2713 Vei-s.
2669 2699 2700 2718 ¹¹,
2720 2698 2752 2714 12.

2562 2750 2571 2760 ·
2586 2748 2652 2770 Vers.
2666 2748 2705 2775 46.

2658 2853 2673 2887 β
