2918 4088
174 620 183 629 ·
194 619 240 646 Qu.
250 625 308 642 var.
317 623 357 640 art.
368 626 385 645 ις

174 645 205 665 1V
214 645 286 669 sent..
296 645 347 666 dist.
355 651 386 671 ni,

173 675 215 692 art.
231 678 250 699 5,
266 672 310 699 qu’¹
326 678 344 693 2.

169 1499 178 1508 '
188 1497 279 1519 Comm.
293 1503 356 1518 num.
367 1503 380 1518 v

168 1530 221 1551 sqq.

419 146 465 180 26
1107 144 1370 190 QUAESTIO
1398 146 1517 193 LXII,
1547 146 1839 183 ARTICULUS
1868 147 1902 183 V

415 222 570 252 rationem
601 220 835 261 superadditam
864 222 967 251 motui
999 230 1064 261 quo
1094 227 1242 252 movetur
1269 233 1286 252 a
1308 223 1475 262 principali
1500 221 1503 237 ¹
1528 229 1636 254 menta
1652 233 1717 253 sua.
1735 223 1928 263 Exemplum
1944 224 2111 264 utriusque
2125 230 2234 256 motus
2249 226 2394 266 perspice
2410 227 2444 257 in
2461 226 2591 258 cithara:

416 271 538 305 agente.

470 310 510 339 Et
532 310 596 339 hoc
626 309 743 350 ipsum,
774 309 807 338 in
838 309 967 349 speciali
998 309 1036 340 de
1067 311 1268 341 sacramentis
1298 309 1474 350 loquendo,

414 354 447 383 in
472 354 558 384 calce
587 353 805 394 responsionis
829 353 868 383 ad
891 353 1031 392 primum
1058 354 1154 384 huius
1182 355 1304 384 articuli
1334 354 1474 394 replicat,

414 397 540 428 dicens:
570 398 614 428 Et
642 398 703 428 hoc
733 397 828 427 modo
853 397 900 428 vis
922 397 1101 437 spiritualis
1124 402 1171 428 est
1193 398 1226 427 in
1253 398 1474 433 sacramentis,

415 442 604 482 inquantum
637 441 833 472 ordinantur
859 451 879 471 a
907 441 977 471 Deo
1011 441 1054 472 ad
1085 442 1232 482 effectum
1263 442 1473 482 spiritualem.

414 485 476 515 Ubi
500 485 587 516 vides
610 486 675 515 vim
698 485 894 525 spiritualem
919 486 1090 516 consistere
1114 486 1147 515 in
1170 486 1233 516 hoc
1257 485 1347 525 quod
1375 495 1476 515 sacra-

413 535 520 560 menta
544 529 730 560 ordinantur
753 539 771 558 a
794 529 865 559 Deo
890 528 929 559 ad
952 529 1101 559 effectum
1125 529 1330 569 spiritualem.

468 574 508 603 Et
532 573 738 604 confirmatur
760 573 811 602 hic
835 582 945 603 sensus
969 583 1006 603 ex
1031 583 1070 603 eo
1095 573 1193 613 quod,
1214 572 1392 603 secundum
1407 573 1473 603 Au-

414 623 535 647 ctorem
547 619 573 653 *,
590 622 823 647 sacramentum
846 617 994 656 baptismi
1016 618 1166 647 virtutem
1189 618 1271 647 hanc
1294 617 1474 647 inchoative

413 662 536 701 accepit
550 663 583 692 in
599 662 648 691 sui
670 661 879 696 institutione,
897 661 1016 691 scilicet
1039 661 1169 700 quando
1191 661 1335 691 Christus
1359 666 1406 691 est
1421 662 1475 691 ba-

412 706 557 744 ptizatus.
586 705 681 735 Tunc
705 705 790 734 enim
814 714 896 744 aqua
919 704 1111 734 sanctificata
1134 710 1190 741 est,
1215 704 1402 744 accipiendo
1426 706 1475 735 in-

413 749 558 779 choative
573 749 638 779 vim
653 749 911 788 regenerativam.
937 748 999 779 Sed
1015 754 1138 779 constat
1161 749 1239 778 nihil
1262 754 1340 779 tunc
1358 758 1475 788 aquam

412 794 570 833 accepisse
594 793 654 823 nisi
676 793 871 822 habilitatem
894 797 929 822 ut
953 793 991 822 sit
1013 793 1143 822 materia
1166 793 1329 832 baptismi:
1354 792 1474 823 factum

413 842 459 867 est
483 837 569 867 enim
591 842 668 867 tunc
692 841 728 866 ut
750 846 817 866 non
841 836 960 872 oleum,
985 846 1052 866 non
1075 837 1196 872 vinum,
1222 841 1292 872 etc.,
1313 835 1367 866 sed
1392 846 1475 876 aqua

412 880 528 910 idonea
556 886 636 911 esset
659 880 698 910 ad
722 879 982 920 regenerandum.
1016 881 1057 910 Et
1080 880 1105 910 si
1128 881 1176 910 his
1205 879 1356 920 adiungas
1386 880 1475 920 quod

411 925 458 954 vis
482 925 640 964 quaelibet
668 924 811 954 eiusdem
841 924 971 954 rationis
999 930 1045 954 est
1072 925 1104 954 in
1133 924 1182 954 sui
1210 924 1415 954 inchoatione
1444 930 1475 954 et
1500 959 1502 968 ¹

411 967 618 1008 perfectione,
635 968 814 1008 opinaberis
833 967 922 1007 quod
938 968 984 997 vis
1003 968 1217 1007 regenerativa
1234 977 1325 1007 quae,
1342 968 1375 998 in
1392 977 1475 1007 aqua

411 1013 591 1042 inchoative
614 1012 728 1052 posita,
746 1017 896 1041 contenta
912 1017 958 1041 est
976 1012 1045 1041 sola
1061 1011 1244 1047 idoneitate,
1261 1012 1294 1041 in
1310 1011 1474 1042 ablutione

411 1055 629 1086 sacramentali
659 1061 879 1085 consummate
910 1055 1030 1094 posita,
1056 1060 1205 1085 contenta
1236 1060 1282 1085 est
1310 1055 1380 1085 solo
1413 1065 1474 1086 usu

412 1109 477 1139 quo
494 1101 581 1129 Deus
605 1099 767 1129 actualiter
790 1099 953 1128 ablutione
973 1099 1025 1128 illa
1041 1099 1140 1128 utitur
1156 1098 1195 1128 ad
1210 1099 1472 1138 regenerandum.

411 1144 494 1174 Usus
517 1142 686 1182 siquidem,
703 1152 759 1172 seu
775 1147 883 1172 motus
905 1142 959 1172 ille
983 1151 1049 1182 quo
1066 1142 1154 1172 Deus
1172 1148 1282 1172 movet
1303 1142 1400 1178 illam,
1417 1153 1473 1173 seu

410 1188 509 1217 utitur
531 1187 657 1216 actione
679 1191 787 1216 nostra
810 1185 966 1221 sensibili,
990 1192 1224 1216 sacramentum
1254 1187 1419 1216 constituit
1440 1187 1473 1217 in

410 1241 478 1261 esse
501 1230 646 1260 effectivo
670 1230 786 1269 gratiae
810 1229 1061 1259 sacramentalis:
1087 1230 1163 1269 quia
1186 1235 1233 1260 est
1256 1239 1323 1269 quo
1340 1235 1387 1260 est
1402 1239 1474 1260 rno—

409 1284 486 1305 vens
513 1280 640 1304 motum
668 1284 686 1303 a
712 1273 879 1313 principali
909 1278 1032 1312 agente.
1066 1273 1107 1303 Et
1137 1279 1183 1302 est
1210 1273 1257 1303 vis
1284 1274 1471 1312 spiritualis:

410 1319 485 1359 quia
506 1323 552 1348 est
567 1327 630 1358 quo
646 1322 792 1358 respectu
817 1316 947 1347 effectus
971 1316 1149 1356 spiritualis.
1174 1317 1215 1347 Et
1231 1322 1277 1346 est
1291 1317 1360 1357 ipsa
1375 1318 1473 1357 gratia

409 1362 587 1393 secundum
618 1371 685 1392 esse
715 1361 949 1400 incompletum
974 1366 1004 1390 et
1027 1361 1199 1390 transiens:
1231 1361 1306 1400 quia
1336 1366 1383 1391 est
1405 1371 1473 1392 me-

409 1407 505 1437 diatio
523 1413 554 1437 et
568 1406 671 1436 motio
695 1404 854 1445 quaedam
877 1404 916 1435 ad
939 1405 1081 1444 gratiam.
1105 1423 1127 1426 —
1150 1404 1191 1434 Et
1205 1405 1307 1435 multa
1322 1405 1382 1435 alia
1398 1415 1472 1445 pos-

408 1456 478 1481 sent
506 1451 558 1481 hic
588 1450 668 1480 dici:
702 1450 763 1479 nisi
794 1448 907 1479 diffuse
937 1449 976 1479 de
1006 1449 1065 1479 hac
1094 1449 1210 1479 virtute
1239 1449 1473 1481 instrumentali

408 1496 602 1534 scripsissem
625 1494 771 1534 superius
785 1493 820 1523 in
836 1493 969 1523 articulo
993 1492 1136 1523 secundo
1153 1493 1169 1509 ⁴*
1193 1493 1390 1533 quaestionis
1411 1499 1473 1524 ter-

407 1539 624 1569 tiaedecimae.

462 1584 503 1613 Et
529 1582 759 1613 confirmantur
787 1582 866 1611 haec
897 1581 1015 1617 omnia,
1044 1582 1119 1621 quia
1148 1582 1192 1611 sic
1217 1581 1338 1621 absque
1364 1583 1472 1613 multi-

407 1627 579 1667 plicatione
603 1627 725 1656 entium
755 1626 914 1655 salvantur
937 1625 1134 1655 causalitates
1165 1624 1327 1656 effectivae
1355 1626 1472 1657 instru-

406 1677 600 1707 mentorum,
618 1676 649 1700 et
665 1670 747 1701 dicta
770 1670 930 1700 Auctoris.
954 1669 1008 1699 Ait
1031 1670 1127 1705 enim,
1149 1670 1182 1699 in
1205 1671 1416 1710 responsione
1432 1671 1471 1702 ad

406 1716 557 1756 primum,
575 1715 664 1755 quod
683 1714 715 1744 in
741 1714 809 1754 ipsa
833 1723 910 1744 voce
932 1713 1075 1744 sensibili
1097 1718 1144 1744 est
1166 1713 1214 1744 vis
1236 1714 1394 1754 quaedam
1409 1716 1473 1755 spi-

407 1760 536 1790 ritualis
563 1759 606 1790 ad
633 1758 838 1789 excitandum
870 1758 1063 1788 intellectum
1095 1757 1252 1794 hominis,
1282 1758 1472 1799 inquantum

399 1803 550 1845 procedit
577 1813 598 1833 a
624 1802 831 1843 conceptione
861 1802 984 1832 mentis.
1017 1802 1103 1831 Nihil
1133 1807 1180 1832 est
1212 1802 1299 1832 enim
1328 1803 1363 1833 in
1389 1813 1471 1834 voce

406 1848 547 1878 sensibili
577 1848 770 1887 inquantum
800 1845 945 1886 procedit
974 1855 991 1876 a
1013 1851 1136 1881 mente,
1161 1851 1285 1886 praeter
1314 1846 1472 1886 significa-

406 1893 539 1927 tionem,
562 1889 623 1921 n'isi
645 1901 723 1921 usus
746 1900 812 1931 quo
836 1899 927 1920 mens
949 1890 1003 1920 illa
1033 1890 1132 1920 utitur
1161 1889 1368 1930 significativa
1389 1901 1471 1923 voce

407 1936 446 1967 ad
470 1935 667 1966 excitandam
690 1941 833 1965 mentem
857 1934 1019 1964 auditoris.
1053 1934 1094 1964 Et
1116 1939 1286 1974 propterea
1308 1944 1377 1965 non
1399 1945 1471 1966 mo-

405 1987 498 2011 vetur
528 1979 669 2010 Graecus
696 1989 714 2009 a
741 1979 874 2014 Latino,
904 1979 979 2018 quia
1008 1977 1214 2017 significativa
1243 1988 1306 2008 vox
1336 1988 1399 2018 qua
1422 1980 1471 2010 lo-

407 2034 509 2064 quens
532 2025 640 2059 utitur,
664 2033 732 2053 non
755 2023 900 2062 pervenit
923 2022 962 2052 ad
984 2022 1183 2052 intellectum
1205 2022 1329 2053 Graeci.
1352 2023 1397 2053 Et
1410 2024 1471 2054 hoc

406 2068 512 2099 subdit
535 2068 630 2098 modo
654 2068 787 2102 Auctor,
808 2067 854 2097 vis
877 2066 1057 2106 spiritualis
1080 2071 1127 2096 est
1149 2067 1181 2096 in
1205 2068 1426 2098 sacramentis.

461 2113 513 2143 IV.
537 2112 606 2142 Nec
628 2117 659 2141 te
682 2116 810 2141 moveat
838 2110 926 2150 quod
949 2110 1072 2140 Auctor
1094 2111 1197 2150 iungit
1223 2112 1327 2141 motui
1355 2112 1470 2143 instru-

406 2158 506 2187 menti
538 2157 687 2186 virtutem
717 2165 774 2185 seu
797 2155 872 2190 vim,
905 2164 942 2184 ex
972 2155 1040 2194 ipsa
1071 2154 1276 2185 adiunctione
1306 2155 1470 2186 insinuans

406 2201 614 2232 differentiam
637 2201 719 2229 inter
741 2199 944 2229 instrumenti
967 2204 1104 2234 motum,
1130 2204 1160 2229 et
1182 2199 1332 2229 virtutem
1351 2199 1390 2230 de
1407 2210 1471 2240 qua

406 2252 452 2276 est
476 2245 629 2285 quaestio.
661 2244 826 2281 Quoniam
856 2252 961 2273 sermo
989 2243 1138 2273 Auctoris
1167 2248 1213 2273 est
1240 2242 1382 2274 formalis
1404 2249 1469 2275 tam

406 2290 444 2320 de
468 2290 583 2319 virtute
607 2297 704 2328 quarn
728 2287 767 2317 de
791 2292 892 2317 motu.
918 2286 1016 2324 Quod
1039 2292 1075 2316 ut
1098 2287 1212 2317 melius
1235 2287 1401 2328 intelligas,
1424 2289 1470 2319 di-

404 2335 529 2373 stingue
552 2338 679 2363 motum
703 2341 769 2371 quo
792 2336 898 2371 potest
921 2331 1169 2361 instrumentum
1191 2332 1326 2368 moveri,
1342 2333 1375 2362 in
1398 2342 1470 2363 mo—

405 2384 475 2408 tum
491 2377 679 2416 simplicem,
697 2381 727 2405 et
742 2381 869 2406 motum
892 2375 1082 2405 virtuosum.
1106 2375 1163 2405 Est
1178 2375 1337 2415 siquidem
1353 2377 1468 2407 instru-

406 2422 507 2452 menti
536 2420 670 2460 simplex
702 2425 810 2450 motus
839 2419 893 2449 ille
923 2418 963 2449 ad
993 2428 1090 2458 quem
1122 2429 1160 2450 ex
1190 2425 1279 2459 parte
1310 2422 1471 2452 moventis

406 2465 521 2496 sufficit
544 2464 687 2504 potentia
709 2464 849 2499 motiva;
880 2473 918 2493 ex
940 2468 1029 2502 parte
1052 2473 1128 2493 vero
1152 2464 1296 2500 termini,
1319 2465 1470 2495 naturalis

407 2510 538 2540 effectus
564 2508 775 2538 instrumenti.
810 2508 918 2538 Motus
947 2512 1054 2537 autem
1083 2507 1246 2539 virtuosus
1269 2513 1315 2538 est
1337 2509 1391 2539 ille
1415 2510 1471 2549 qui

407 2564 445 2585 ex
464 2558 552 2594 parte
574 2552 744 2587 moventis,
760 2551 841 2581 ultra
864 2551 1042 2591 potentiam
1064 2552 1229 2588 motivam,
1247 2553 1342 2592 exigit
1361 2559 1470 2590 artem,

407 2608 463 2628 seu
479 2596 600 2636 aliquid
622 2595 862 2636 proportionale
878 2596 954 2631 arti;
979 2604 1017 2625 ex
1033 2601 1122 2635 parte
1137 2606 1213 2627 vero
1229 2597 1367 2633 termini,
1385 2597 1473 2628 ducit

406 2642 447 2672 ad
478 2641 627 2672 effectum
657 2639 838 2680 principalis
868 2640 1004 2679 agentiS,
1030 2645 1107 2679 puta
1137 2641 1227 2676 artis,
1251 2650 1308 2671 seu
1338 2641 1472 2672 alicuius

406 2684 688 2726 proportionaliter
711 2693 744 2714 se
767 2684 911 2714 habentis
940 2684 1021 2713 sicut
1049 2693 1097 2714 ars
1121 2694 1154 2714 se
1176 2685 1272 2715 habet
1295 2684 1335 2715 ad
1357 2686 1472 2716 instru—

1529 268 1620 298 cuius
1643 266 1722 298 fides
1746 267 1771 297 si
1794 272 1984 298 moveantur
2000 278 2018 298 a
2032 269 2250 305 non-musico,
2267 270 2428 300 sonabunt
2449 276 2592 307 tantum;

1529 313 1554 341 si
1577 321 1653 341 vero
1677 315 1868 341 moveantur
1891 321 1909 340 a
1927 311 2063 347 musico,
2084 311 2222 342 efficient
2244 322 2311 343 non
2334 313 2440 344 solum
2464 312 2591 350 sonum,

1529 355 1584 385 sed
1607 364 1724 385 sonum
1747 355 1925 389 musicum,
1950 356 2006 394 qui
2030 360 2077 385 est
2100 354 2231 386 effectus
2254 356 2402 396 proprius
2425 358 2498 387 artis
2520 367 2592 388 mu-

1529 400 1622 429 sicae.
1647 399 1710 429 Ubi
1725 400 1812 439 patet
1836 398 1925 438 quod
1948 399 2082 439 simplex
2105 404 2213 429 motus
2235 399 2349 430 fidium
2373 401 2509 431 citharae
2524 409 2593 431 non

1529 442 1617 473 ducit
1648 444 1709 473 nisi
1741 442 1781 473 ad
1811 442 1987 473 naturalem
2020 442 2170 473 effectum
2201 444 2415 483 percussionis
2446 445 2591 475 illarum:

1528 493 1636 517 motus
1659 497 1736 517 vero
1761 487 1816 527 qui
1839 487 1878 516 ab
1902 491 1967 517 arte
1990 486 2145 526 procedit,
2162 487 2202 519 ad
2225 486 2374 518 effectum
2397 489 2470 518 artis
2493 488 2591 524 ducit,

1528 536 1642 570 utpote
1669 531 1734 560 vim
1763 530 1835 560 artis
1863 531 1897 560 in
1920 540 1953 560 se
1976 531 2114 565 habens:
2147 536 2178 561 et
2201 536 2371 571 propterea
2399 537 2508 563 motus
2531 533 2592 563 vir-

1528 579 1640 604 tuosus
1664 575 1851 614 appellatur.
2492 588 2494 590 ·

1584 618 1660 648 Tria
1683 628 1758 658 ergo
1783 627 1858 648 cum
1881 619 1933 648 hic
1950 617 2202 654 considerentur,
2219 617 2339 649 scilicet
2360 624 2479 655 motus,
2500 625 2531 649 et
2545 620 2592 649 vis

1528 671 1586 692 seu
1608 662 1717 698 virtus,
1742 667 1773 692 et
1795 667 1903 692 motus
1933 663 2109 698 virtuosus;
2139 662 2262 692 ratione
2293 662 2478 692 diversitatis
2509 672 2592 703 quae

1500 706 1503 718 ¹
1530 711 1576 735 est
1598 707 1680 736 inter
1702 712 1830 736 motum
1846 711 1877 736 et
1899 707 1964 736 vim
1987 715 2045 736 seu
2067 706 2227 742 virtutem,
2245 706 2384 746 dispares
2406 706 2498 737 valde
2513 715 2592 737 con-

1529 749 1666 780 ditiones
1696 751 1895 790 assignantur
1924 750 2106 790 utriusque,
2131 756 2210 790 puta
2231 750 2321 790 quod
2344 750 2391 780 vis
2414 759 2471 780 seu
2494 751 2592 781 virtus

1529 799 1576 824 est
1604 794 1644 824 de
1670 803 1787 834 genere
1818 794 1976 834 qualitatis
2007 793 2182 834 (reductive
2212 794 2344 834 tamen),
2376 794 2466 834 quod
2497 794 2593 825 habet

1529 847 1597 868 esse
1629 838 1854 874 intentiona1e‚
1887 837 1976 878 quod
2008 843 2054 868 est
2084 838 2270 878 spiritualis,
2302 843 2380 874 etc.,
2412 847 2494 877 quae
2524 848 2592 869 non

1529 883 1727 918 conveniunt
1754 882 1878 918 motui;
1908 882 2030 912 ratione
2057 891 2134 912 vero
2162 881 2394 912 coincidentiae
2421 891 2479 912 seu
2502 882 2592 912 iden-

1528 926 1623 956 titatis
1646 931 1755 956 motus
1771 931 1803 956 et
1817 926 1941 956 virtutis
1963 926 1997 955 in
2017 926 2121 962 tertio,
2138 926 2201 956 hoc
2220 931 2268 956 est
2282 927 2316 956 in
2330 930 2424 956 motu
2447 927 2590 956 virtuoso

1527 971 1744 1005 instrumenti,
1769 976 1805 1000 ut
1827 969 1949 1000 dictum
1973 975 2033 1005 est,
2058 969 2148 1009 quod
2177 970 2426 1000 instrumentum
2449 966 2513 1010 agit
2534 979 2592 1010 per

1528 1014 1636 1044 solum
1661 1019 1789 1044 motum
1812 1023 1879 1053 quo
1902 1019 2051 1044 movetur
2074 1023 2092 1044 a
2113 1014 2281 1054 principali
2304 1019 2427 1054 agente.
2453 1015 2591 1044 Ratione

1529 1063 1636 1087 autem
1660 1058 1758 1087 solius
1781 1057 1923 1088 formalis
1950 1057 2160 1088 distinctionis
2190 1058 2338 1089 inventae
2360 1059 2442 1089 inter
2464 1063 2592 1088 motum

1529 1107 1560 1131 et
1581 1102 1731 1131 virtutem
1754 1102 1787 1131 in
1811 1106 1903 1131 motu
1926 1101 2069 1131 virtuoso
2092 1102 2305 1138 instrumenti,
2325 1102 2498 1143 apponitur
2520 1111 2591 1132 mo-

1527 1146 1575 1175 tui
1598 1146 1800 1175 instrumenti
1828 1145 1876 1174 vis
1905 1154 1962 1175 seu
1991 1145 2109 1175 virtus:
2143 1150 2175 1175 et
2203 1155 2271 1175 non
2301 1145 2341 1176 ad
2371 1145 2591 1176 denotandum

1529 1189 1619 1229 quod
1653 1190 1715 1219 sint
1749 1188 1830 1219 duae
1861 1198 1928 1224 res;
1962 1188 2019 1218 sed
2049 1188 2138 1228 quod
2171 1189 2250 1219 haec
2284 1189 2350 1219 duo
2382 1189 2532 1220 coeuntia
2557 1190 2592 1220 in

1527 1234 1760 1268 instrumento,
1784 1233 1991 1262 inveniuntur
2022 1233 2248 1263 constituentia
2273 1233 2357 1263 illius
2379 1238 2508 1264 motum
2529 1234 2591 1264 vir—

1527 1282 1669 1306 tuosum.
1705 1276 1746 1306 Et
1778 1276 1831 1306 hic
1865 1280 1912 1306 est
1946 1284 2045 1315 quem
2079 1276 2318 1307 sacramentalia
2349 1277 2438 1316 signa
2470 1287 2488 1307 a
2519 1277 2591 1308 Deo

1527 1321 1712 1355 sortiuntur,
1733 1329 1808 1349 cum
1831 1317 2027 1349 sacramenta
2051 1318 2268 1350 conferuntur.
2292 1319 2376 1350 Nam
2399 1321 2426 1350 si
2448 1321 2520 1361 quis
2535 1321 2592 1352 ali-

1527 1373 1626 1404 quem
1649 1363 1791 1394 ablueret
1814 1372 1906 1403 aqua,
1927 1368 1998 1399 etc.,
2022 1372 2090 1393 non
2113 1363 2221 1394 animo
2245 1362 2383 1394 faciendi
2406 1364 2496 1404 quod
2517 1363 2593 1395 facit

1527 1408 1686 1444 Ecclesia,
1710 1412 1788 1437 tunc
1819 1407 2057 1437 sacramentalia
2085 1407 2175 1447 signa
2204 1412 2236 1438 et
2261 1408 2357 1438 verba
2385 1414 2592 1439 moverentur

1526 1452 1663 1492 simplici
1686 1457 1779 1481 motu
1801 1456 1936 1486 tantum,
1953 1456 2066 1491 utpote
2083 1461 2101 1481 a
2116 1451 2187 1482 solo
2205 1451 2347 1488 homine,
2364 1457 2396 1482 et
2410 1452 2490 1483 nihil
2505 1452 2592 1483 aliud

1527 1496 1688 1527 efficerent
1710 1496 1773 1526 nisi
1793 1495 1994 1535 corporalem
2017 1495 2225 1526 ablutionem.
2250 1495 2336 1526 Cum
2351 1506 2428 1527 vero
2445 1497 2517 1537 quis
2531 1497 2592 1527 ho-

1526 1541 1648 1576 minem
1663 1540 1764 1570 abluit
1778 1540 1907 1570 servatis
1930 1539 2091 1570 servandis
2111 1540 2199 1570 iuxta
2212 1540 2447 1571 institutionem
2463 1541 2590 1578 Christi,

1525 1589 1698 1615 moventur
1719 1589 1797 1614 tunc
1820 1583 2059 1614 sacramentalia
2081 1584 2170 1624 signa
2191 1589 2285 1614 motu
2306 1584 2461 1621 virtuoso,
2477 1590 2590 1625 utpote

1525 1639 1543 1659 a
1566 1629 1637 1659 Iesu
1669 1627 1796 1658 Christo
1821 1627 1903 1668 (ipse
1933 1632 1980 1658 est
2007 1628 2093 1658 enim
2116 1628 2172 1668 qui
2198 1627 2339 1669 baptizat
2352 1629 2395 1669 *),
2419 1634 2451 1658 et
2473 1638 2592 1670 corpus

1526 1672 1690 1714 tangendo
1714 1671 1851 1702 abluunt
1872 1681 1939 1707 cor,
1963 1676 2000 1701 ut
2022 1672 2222 1711 Augustinus
2245 1671 2321 1702 dicit
2335 1673 2362 1703 *.

1579 1717 1628 1747 Ex
1643 1716 1761 1756 quibus
1784 1716 1935 1746 omnibus
1958 1715 2074 1746 habere
2092 1721 2195 1756 potes,
2212 1715 2346 1756 diligens
2361 1716 2488 1753 Lector,
2503 1716 2591 1748 unde

1526 1767 1557 1791 et
1580 1759 1748 1801 quomodo
1771 1760 1856 1790 vatia
1878 1769 1935 1790 seu
1958 1758 2095 1796 dissona,
2111 1765 2148 1790 ut
2165 1765 2305 1800 apparet,
2321 1760 2405 1791 dicta
2420 1760 2460 1791 de
2475 1762 2591 1792 instru-

1525 1811 1710 1836 mentorum
1732 1810 1826 1834 motu
1849 1809 1881 1834 et
1902 1804 2030 1840 virtute,
2053 1813 2128 1834 sane
2150 1804 2327 1844 intelligere
2348 1809 2452 1844 potes.

1579 1849 1619 1879 V.
1650 1848 1686 1879 In
1716 1849 1927 1889 responsione
1953 1847 1993 1878 ad
2020 1848 2185 1884 ultimum,
2209 1849 2355 1888 perspice
2382 1858 2481 1888 quam
2507 1849 2592 1880 bene

1525 1892 1656 1924 definita
1684 1893 1724 1923 sit
1750 1893 1797 1922 vis
1825 1892 2074 1928 sacramentalis,
2099 1898 2130 1922 et
2151 1892 2370 1923 universaliter
2399 1893 2592 1924 instrumen-

1524 1937 1604 1967 talis.
1627 1937 1711 1967 Nam
1727 1937 1809 1967 sicut
1831 1936 1952 1967 diversa
1974 1937 2186 1966 instrumenta
2207 1936 2287 1966 nihil
2310 1936 2397 1967 aliud
2418 1937 2537 1968 habent
2552 1937 2590 1967 ab

1525 1987 1591 2011 arte
1614 1991 1679 2011 una
1700 1981 1761 2011 nisi
1785 1990 1861 2011 suos
1888 1986 1997 2011 motus
2024 1981 2184 2010 virtuosos
2207 1980 2247 2011 ad
2270 1979 2421 2011 effectum
2444 1981 2535 2018 artis3
2560 1986 2592 2023 et

1525 2035 1638 2055 omnes
1661 2025 1707 2055 illi
1730 2030 1854 2060 motus,
1879 2025 1955 2064 quia
1982 2030 2056 2054 sunt
2082 2030 2191 2055 motus
2219 2025 2382 2064 partiales,
2406 2031 2481 2056 sunt
2507 2035 2591 2056 unus

1525 2075 1633 2099 motus
1648 2069 1764 2105 totalis,
1781 2078 1817 2099 ac
1833 2078 1890 2109 per
1905 2069 1968 2099 hoc
1983 2078 2049 2099 una
2063 2069 2110 2098 vis
2125 2069 2308 2108 principalis
2327 2070 2448 2109 agentis
2463 2070 2592 2100 inventa

1523 2113 1807 2143 instrumentaliter
1828 2114 1861 2142 in
1886 2112 2015 2143 diversis
2041 2113 2277 2143 instrumentis:
2308 2113 2352 2143 ita
2378 2114 2412 2143 in
2434 2114 2590 2151 ministro,

1523 2158 1627 2188 verbis
1655 2162 1687 2187 et
1714 2158 1874 2188 elemento
1903 2162 1977 2188 sunt
2003 2157 2119 2197 passivi
2148 2162 2257 2187 motus
2283 2157 2416 2188 virtuosi
2445 2157 2591 2198 partiales

1524 2201 1628 2238 multi,
1644 2211 1719 2232 narn
1736 2207 1767 2232 et
1781 2202 1916 2231 ministri
1940 2201 2138 2241 operatione,
2154 2206 2233 2241 puta
2251 2201 2424 2237 ablutione,
2442 2208 2473 2232 et
2487 2202 2591 2232 verbis

1526 2251 1556 2276 et
1579 2255 1662 2286 aqua
1685 2246 1784 2276 utitur
1807 2245 1952 2276 Christus
1975 2244 2138 2275 movendo
2162 2245 2286 2285 singula
2304 2251 2340 2283 ut
2355 2255 2451 2285 agens
2473 2246 2591 2286 pn‘nci·

1524 2290 1612 2330 pale;
1630 2295 1661 2320 et
1676 2290 1758 2320 sicut
1774 2299 1812 2320 ex
1828 2290 1979 2320 omnibus
1993 2299 2062 2320 non
2078 2290 2241 2329 consurgit
2254 2290 2316 2320 nisi
2331 2299 2434 2320 unum
2453 2300 2590 2322 numero

1524 2339 1770 2370 sacramentum,
1786 2334 1830 2363 ita
1846 2343 1884 2364 ex
1901 2333 2052 2364 omnibus
2076 2333 2260 2373 partialibus
2275 2334 2416 2364 motibus
2431 2335 2590 2371 virtuosis,

1524 2379 1588 2408 hoc
1612 2383 1659 2408 est
1689 2378 1813 2418 passive
1837 2383 1868 2408 et
1891 2378 1991 2408 active
2018 2378 2168 2418 sumptis,
2192 2387 2260 2408 non
2289 2383 2413 2408 constat
2435 2379 2497 2409 nisi
2526 2389 2591 2409 una

1524 2431 1661 2452 numero
1684 2422 1732 2452 vis
1755 2422 2009 2458 sacramentalis;
2040 2421 2317 2462 quemadmodum
2346 2431 2459 2452 omnes
2481 2428 2592 2453 motus

1525 2466 1726 2506 singulorum
1749 2466 1943 2496 trahentium
1960 2475 2076 2496 navem
2090 2475 2158 2496 non
2174 2471 2248 2496 sunt
2262 2466 2324 2496 nisi
2346 2476 2430 2496 unus
2453 2476 2590 2498 numero

1524 2515 1652 2546 tractus,
1669 2519 1734 2540 una
1748 2519 1885 2540 numero
1901 2510 2007 2540 totalis
2024 2509 2118 2546 actio,
2135 2519 2234 2540 unam
2249 2509 2388 2541 inferens
2408 2511 2591 2551 passionem

1525 2564 1694 2594 unumque
1718 2554 1878 2585 effectum.
1902 2554 1970 2584 Nec
1994 2559 2122 2594 oportet
2144 2554 2287 2585 laborare
2306 2554 2346 2585 ad
2360 2554 2591 2586 inveniendum

1526 2597 1695 2638 quomodo
1715 2608 1753 2629 ex
1770 2597 1899 2629 diversis
1922 2597 2034 2629 formis
2056 2598 2320 2629 intentionalibus
2342 2597 2379 2629 fit
2401 2608 2467 2629 una
2488 2598 2593 2631 forma

1525 2642 1660 2683 simplex
1690 2648 1744 2673 aut
1768 2643 1955 2682 composita
1977 2642 2027 2672 vel
2051 2652 2108 2682 per
2131 2643 2398 2683 aggregationem,
2422 2649 2459 2674 ut
2481 2649 2592 2675 contra

1524 2692 1669 2717 tenentes
1692 2686 1878 2717 huiusmodi
1901 2687 2031 2717 virtutes
2059 2686 2284 2717 intentionales
2307 2687 2458 2727 arguitur.

1194 2820 1514 2863 ARTICULUS
1544 2821 1803 2874 QUINTUS

597 2911 753 2942 UTRUM
777 2911 1077 2942 SACRAMENTA
1099 2911 1250 2942 NOVAE
1274 2912 1400 2944 LEGIS
1423 2913 1634 2944 HABEANT
1657 2914 1889 2945 VIRTUTEM
1912 2914 1970 2945 Ex
1992 2913 2200 2945 PAssroNE
2223 2913 2398 2945 cmusn

979 2991 1054 3022 Infra,
1073 2999 1117 3024 qu.
1138 2999 1203 3021 mV,
1223 2996 1270 3016 art.
1290 2999 1313 3021 2,
1333 2993 1364 3017 ad
1385 2999 1415 3023 2;
1435 2993 1469 3017 1V
1488 2993 1572 3023 Sena,
1592 2993 1651 3019 dist.
1669 3001 1687 3023 1,
1707 3001 1751 3026 qu.
1770 3000 1788 3024 1,
1808 2998 1854 3018 art.
1873 3001 1899 3025 4,
1919 2992 1968 3026 qu⁸
1989 2992 2015 3031 3,

442 3077 501 3103 >2⁸

433 3093 599 3175 ⁷51?ssss
620 3123 855 3152 sacramenta
895 3128 1020 3152 novae
1059 3115 1148 3164 legis
1186 3128 1265 3153 non
1303 3116 1469 3153 habeant

422 3163 464 3224 y*
467 3164 799 3245 virtutem
840 3179 886 3203 ex
928 3167 1105 3216 passione
1149 3168 1297 3205 Christi.
1341 3169 1469 3206 Virtus

510 3212 563 3253 '5²9
578 3212 726 3255 &enim
762 3228 1090 3257 sacramentorum
1130 3229 1185 3257 est
1226 3222 1274 3258 ad
1310 3221 1468 3268 gratiam

557 3092 579 3107 κ
618 3074 640 3098 D
669 3074 829 3104 QU1NTUM
849 3075 900 3099 sic
920 3075 1155 3100 PROCEDITUR.
1176 3062 1337 3100 Videtur
1362 3064 1470 3113 quod
1494 3065 1497 3104 Ι
1523 3071 1633 3112 ctum,
1653 3067 1815 3114 vivificat
1832 3077 2005 3115 corpora.
2037 3065 2138 3102 Cum
2157 3063 2270 3113 igitur
2293 3064 2420 3115 passio
2449 3065 2587 3103 Christi

1523 3117 1708 3165 pertineat
1736 3118 1784 3154 ad
1811 3118 1986 3155 Verbum
2022 3117 2238 3154 secundum
2270 3118 2378 3167 quod
2414 3126 2469 3155 est
2497 3131 2586 3166 caro

1522 3170 1676 3216 facturn,
1696 3169 1848 3207 videtur
1875 3170 1982 3220 quod
2016 3181 2097 3206 non
2124 3169 2243 3219 possit
2277 3182 2433 3208 causare
2469 3171 2586 3209 virtu·

1522 3230 1601 3258 tem
1629 3231 1968 3260 sacramentorum.

1578 3286 1612 3311 2.
1632 3276 1862 3322 PRAETEREA,
1883 3275 2002 3312 virtus
2021 3283 2349 3312 sacramentorum
2368 3276 2520 3313 videtur
2539 3289 2585 3314 ex

2617 1634 2628 1643 ·
2650 1632 2715 1655 loun.
2739 1637 2789 1660 cap.
2813 1637 2831 1657 ι,

2617 1660 2828 1713 imizam:

2617 1715 2684 1734 met.
2699 1711 2739 1734 Vl.

2617 1737 2688 1787 2⁰:3st
2711 1744 2759 1767 arg.
2782 1737 2831 1759 Sed

408 3270 643 3308 causandam
670 3271 709 3307 in
737 3271 876 3318 anima,
897 3284 966 3320 per
993 3285 1111 3321 quam
1147 3272 1386 3321 spiritualiter
1412 3273 1468 3309 vi-

169 3328 342 3378 :rffictxix
359 3335 380 3351 ¹¹·
408 3323 472 3360 vit.
504 3323 599 3369 Sed,
630 3323 725 3360 sicut
753 3324 986 3372 Augustinus
1024 3324 1131 3371 dicit,
1160 3337 1271 3374 super
1297 3328 1405 3363 Ioan.
1426 3325 1465 3362 *ε

183 3361 202 3383 5'
247 3372 252 3377 ’
416 3378 574 3413 Verbum
596 3382 711 3426 prout
738 3382 817 3413 erat
844 3378 880 3413 in
905 3378 1091 3426 principio
1120 3378 1222 3427 apud
1247 3379 1388 3425 Deum,
1417 3379 1467 3415 vi-

408 3431 529 3477 vificat
547 3430 715 3466 animas:
740 3429 940 3466 secundum
959 3436 1080 3467 autem
1101 3430 1200 3479 quod
1225 3437 1274 3467 est
1301 3443 1391 3468 caro
1407 3431 1467 3478 fa·

1522 3326 1599 3363 fide
1628 3327 1865 3376 dependere:
1895 3327 1996 3376 quia,
2018 3327 2113 3365 sicut
2139 3328 2374 3377 Augustinus
2402 3329 2501 3376 dicit,
2525 3341 2584 3367 su-

1516 3392 1589 3428 per
1614 3382 1722 3417 Ioan.
1743 3380 1774 3427 *‚
1803 3380 1968 3417 verbum
1996 3380 2069 3418 Dei
2096 3380 2244 3430 perficit
2279 3390 2582 3430 sacramentum,

1523 3445 1596 3469 non
1626 3435 1712 3482 quia
1740 3433 1882 3478 dicitur,
1901 3433 1967 3470 sed
1992 3435 2077 3482 quia
2096 3434 2266 3471 creditur.
2297 3435 2373 3471 Sed
2401 3434 2498 3472 fides
2516 3447 2583 3472 no-

2612 3395 2621 3403 ·
2636 3392 2713 3415 Trnct.
2730 3393 2822 3417 Lxxx.
