2878 4088
0 2392 17 2402 Ι
0 2370 28 2392 ,1

106 949 257 977 'Manliana
262 955 320 976 xxn,

107 981 168 998 ven.
186 981 227 1004 30:
248 975 319 998 Marc.

107 1007 317 1050 ᾖξ”ἕωξῗ

105 1061 168 1077 m
181 1034 245 1084 35,ν-
313 1046 319 1056 ,

105 1169 118 1180 ·
126 1167 163 1191 G.
176 1168 248 1191 Arm.
256 1168 318 1197 Pny-

104 1194 148 1218 εδε.
162 1194 202 1217 lib.
215 1194 249 1218 1v
267 1201 293 1217 ea
311 1211 318 1217 .

107 1227 131 1243 vi
145 1227 198 1250 sqq.
211 1233 222 1238 -
237 1211 262 1244 ἐ.
272 1202 318 1245 Τῇ.

103 1248 318 1304 iffaffcssffi'ap.

105 1307 128 1328 v,
143 1307 203 1324 ven.
219 1308 255 1324 ιο.

102 1657 253 1708 ivm-'xv'
265 1664 292 1681 u
299 1674 315 1707 t.

102 1746 315 1776 wat-mm,

105 1779 165 1797 'ffl-
178 1780 202 1801 4·

101 1880 114 1892 ⁴
124 1878 182 1908 Cep.
193 1885 217 1902 iv
234 1885 296 1902 ven.
302 1885 315 1908 3

101 1911 157 1956 ἐξ.
165 1916 174 1922 -
181 1895 254 1929 3.·ἠι.
261 1906 314 1928 lem.

100 2061 112 2071 ·
122 2059 163 2082 ΑΙ.
173 2059 204 2082 de
211 2059 314 2082 Animal.

104 2085 226 2113 Gener-ae„
235 2086 274 2109 lib.
285 2086 315 2114 ΙΙ,

101 2118 156 2141 enp-
169 2118 200 2141 nv,
210 2113 234 2135 in
249 2112 302 2136 fine.

105 3036 189 3086 {2⁰1⁸ss

204 3042 221 3063 ι,
236 3041 259 3059 n.
274 3042 318 3065 9.-

199 3063 252 3086 leet.
267 3069 291 3085 u.

998 162 1262 209 QUAESTIO
1291 162 1452 208 LXXX,
1482 162 1776 200 ARTICULUS
1805 164 1831 207 I,
1852 164 1882 200 lI

407 236 574 268 Secundo:
599 245 707 269 utrum
731 240 837 280 capilli
861 246 892 271 et
914 250 1048 281 ungues.

407 281 535 312 Tertio:
561 288 669 314 utrum
692 285 854 315 humores.

407 325 550 363 Quarto:
576 333 684 358 utrum
712 334 818 359 totum
841 329 873 360 id
897 329 986 370 quod
1015 329 1075 360 fuit
1101 331 1134 360 in
1158 339 1198 360 eo
1223 329 1262 360 de
1286 329 1415 359 veritate

439 371 598 402 humanae
622 378 763 403 naturae.

405 414 549 452 Quinto:
574 422 681 447 utrum
707 417 865 458 quidquid
887 418 921 448 in
945 427 984 449 eo
1008 418 1209 448 materialiter
1233 417 1336 448 fuerit.

2462 166 2528 202 181

1525 241 1576 270 An
1592 250 1755 270 sncunntm
1774 251 1933 271 memnon
1952 243 2041 283 quod
2065 244 2212 274 intestina
2235 250 2399 284 resurgent
2414 245 2446 274 in
2464 253 2534 274 cor-

1470 293 1559 324 pore,
1580 285 1662 315 sicut
1685 290 1716 315 et
1739 284 1799 315 alia
1822 286 1974 316 membra.
2003 287 2044 317 Et
2067 288 2161 327 plena
2185 294 2286 324 erunt,
2311 298 2378 318 non
2403 287 2533 328 quidem

1469 329 1615 368 turpibus
1639 328 1919 369 superfluitatibus,
1945 330 2000 360 sed
2022 332 2182 362 nobilibus
2205 332 2456 363 humiditatibus.

1525 373 1576 403 An
1600 383 1735 403 ‘rssn‘rnm
1759 383 1918 404 memnon
1934 374 2023 414 quod
2040 381 2128 406 actus
2152 377 2268 416 quibus
2290 386 2451 407 meremur
2466 386 2533 406 non

1438 427 1447 447 ς
1470 422 1554 453 sunt,
1578 418 1705 458 proprie
1729 417 1910 458 loquendo,
1935 428 2050 449 manus
2073 420 2123 449 vel
2146 420 2250 460 pedis,
2274 420 2331 451 sed
2353 422 2451 451 totius
2474 421 2533 451 ho-

1470 462 1565 492 minis
1580 462 1597 478 ³⁹
1609 472 1616 492 :
1641 462 1723 492 sicut
1746 468 1778 492 et
1801 463 1946 502 operatio
1968 463 2040 492 artis
2056 473 2123 493 non
2147 465 2325 495 attribuitur
2348 475 2461 501 serrae,
2478 464 2534 495 sed

1469 505 1591 542 artifici,
1608 511 1644 536 ut
1659 507 1818 547 principio
1834 507 1860 537 ⁴⁹.
1885 507 2041 545 Quamvis
2061 517 2136 548 ergo
2161 509 2341 539 membrum
2357 509 2445 549 quod
2461 514 2533 539 ante

1469 550 1701 589 poenitentiam
1725 557 1772 581 est
1794 551 1994 587 mutilatum,
2019 561 2085 582 non
2109 553 2148 582 sit
2171 559 2380 592 cooperatum
2409 554 2533 583 homini

1469 594 1503 623 in
1523 599 1605 624 statu
1625 595 1681 625 illo
1698 605 1765 635 quo
1781 595 1916 635 gloriam
1939 601 2013 636 post
2035 602 2185 633 meretur,
2209 602 2317 627 tamen
2340 598 2407 637 ipse
2431 598 2531 628 homo

1430 651 1456 665 ιο
1468 644 1609 711 εὗιετεωι-
1637 644 1672 669 ut
1700 645 1806 670 totum
1834 641 2043 680 praemietur,
2073 641 2129 680 qui
2157 650 2195 671 ex
2221 646 2292 672 toto
2320 641 2410 681 quod
2438 642 2533 672 habet

1500 692 1540 712 eo
1565 683 1668 713 servit.

450 499 548 530 ART.
575 500 596 530 l.
621 511 725 531 unum
749 511 847 531 oxma
870 511 996 532 uanam
1019 511 1169 531 eonpoms
1195 511 1316 531 numm

716 555 952 576 RESURRECTURA
975 555 1043 575 SINT

547 595 643 623 Quaen.
661 596 751 643 Dispp„
768 602 807 623 qu.
822 596 852 618 de
866 596 926 623 Poe„
941 602 981 623 qu.
997 603 1018 623 v,
1034 599 1075 617 art.
1093 602 1128 623 ιο,
1143 596 1171 617 nd
1187 602 1213 623 9:

511 621 637 650 Compend.
654 622 718 644 Theo
763 629 813 651 cap.
830 629 902 648 avii:
919 622 1003 650 Quodl.
1019 622 1070 648 VH,
1085 628 1124 650 qu.
1140 629 1161 647 v,
1176 625 1219 643 art.
1235 628 1254 643 ².

350 690 435 754 At>
461 691 579 711 panum
613 691 658 712 sic
689 691 893 712 moenum-ua.
926 680 1059 711 Videtur
1092 679 1182 720 quod
1209 689 1277 710 non
1305 680 1415 710 omnia

414 726 558 756 membra
593 726 736 766 corporis
770 726 903 756 humani
937 730 1110 765 resurgant.
1149 725 1290 755 Remoto
1327 725 1414 754 enirn

349 769 423 806 fine,
448 769 561 800 frustra
584 775 746 810 reparatur
761 769 793 800 id
817 769 906 810 quod
930 774 976 799 est
998 769 1039 799 ad
1062 768 1170 799 finem.
1194 768 1282 798 Finis
1306 773 1414 798 autem

350 814 519 845 cuiuslibet
542 814 678 844 membri
702 820 748 844 est
772 814 840 844 eius
863 818 962 844 actus.
988 812 1074 843 Cum
1098 822 1174 852 ergo
1197 812 1276 843 nihil
1299 811 1414 842 frustra

1513 756 1612 787 ART.
1634 755 1671 787 11.
1695 767 1800 788 uranu
1824 769 1943 788 capam
1967 769 2005 788 ET
2029 769 2147 789 UNGUES
2172 769 2399 790 ansuinum-runt
2422 769 2488 789 smr

1912 813 1944 833 m
1971 813 2090 833 nomm:

349 859 388 888 sit
410 859 444 888 in
467 859 618 898 operibus
649 857 779 894 divinis;
804 863 835 888 et
858 856 1062 897 quorundam
1091 857 1313 887 membrorum
1336 866 1413 887 usus
1429 871 1451 892 ις
1709 852 1768 873 ‘'⁵“-
1786 852 1824 879 Ἠν
1839 859 1878 880 ‘³¹¹-
1894 859 1941 879 Ην»
1956 858 1997 874 ⁸¹⁸·
2012 859 2037 881 3³
2052 854 2077 875 ¹¹¹
2092 853 2185 880 Manu„
2203 859 2253 881 cap.
2270 860 2291 875 ¹·

348 907 422 942 post
444 903 710 933 resurrectionem
731 911 800 932 non
824 907 996 942 competat,
1020 902 1192 942 praecipue
1214 901 1412 941 genitalium,

348 947 424 987 quia
445 951 523 977 tunc
547 955 648 987 neque
671 947 791 978 nubent
813 955 914 987 neque
937 946 1098 977 nubentur
1113 947 1146 982 *3
1175 945 1300 976 videtur
1323 945 1413 986 quod

347 1000 414 1022 non
438 991 548 1021 omnia
569 991 714 1021 membra
735 996 910 1031 resurgent.
1468 996 1498 1020 et
1514 1001 1638 1031 ungues
1662 1001 1700 1022 ex
1723 992 1994 1032 superfluitatibus
2018 994 2080 1024 cibi
2103 1000 2303 1034 generantur,
2320 995 2364 1025 ita
2386 996 2478 1025 urina
2501 1001 2533 1026 et

402 1044 432 1065 2.
456 1035 659 1071 Pium-naua,
688 1036 837 1066 intestina
867 1034 1027 1076 quaedam
1057 1035 1201 1065 membra
1231 1040 1315 1065 sunt.
1349 1034 1412 1066 Sed
1467 1035 1565 1066 sudor
1588 1041 1619 1066 et
1642 1037 1721 1067 aliae
1742 1037 1928 1068 huiusmodi
1952 1037 2065 1068 faeces.
2090 1038 2153 1069 Sed
2175 1039 2254 1069 haec
2277 1049 2345 1069 non
2368 1046 2532 1079 resurgent

346 1088 414 1110 non
436 1085 611 1120 resurgent.
642 1079 740 1110 Plena
764 1080 851 1110 enim
879 1089 1043 1120 resurgere
1066 1089 1134 1110 non
1157 1085 1310 1119 possunt:
1336 1080 1412 1119 quia
1426 1093 1453 1108 20
1466 1089 1542 1110 cum
1565 1090 1712 1121 corpore.
1737 1081 1822 1121 Ergo
1846 1091 1906 1112 nec
1931 1082 2037 1122 capilli
2061 1088 2092 1113 et
2114 1092 2248 1123 ungues.

345 1124 565 1155 immunditias
589 1124 765 1155 continent.
789 1125 857 1155 Nec
873 1134 991 1154 vacua:
1017 1125 1093 1164 quia
1108 1124 1188 1154 nihil
1207 1129 1254 1154 est
1273 1133 1412 1154 vacuum
1523 1133 1552 1154 2.
1577 1125 1780 1161 Pani-zan,
1803 1126 1885 1156 inter
1915 1126 1989 1156 alias
2020 1126 2253 1167 superfluitates
2283 1137 2366 1168 quae
2396 1137 2434 1158 ex
2458 1128 2531 1159 cibo

345 1169 379 1199 in
401 1174 515 1200 natura
529 1170 555 1199 ⁹.
581 1169 667 1209 Ergo
691 1178 758 1199 non
783 1170 892 1199 omnia
915 1169 1059 1199 membra
1082 1173 1260 1208 rusurgent.
1465 1175 1666 1208 generantur,
1682 1171 1821 1201 maxime
1845 1170 1966 1201 accedit
1981 1170 2021 1201 ad
2037 1177 2167 1202 naturae
2190 1172 2349 1203 humanae
2367 1173 2532 1203 veritatem

403 1213 432 1244 3.
457 1214 659 1250 pitanam,
684 1213 723 1244 ad
751 1214 814 1244 hoc
844 1223 961 1254 corpus
989 1219 1130 1253 resurget
1156 1218 1192 1243 ut
1218 1213 1412 1252 praemietur
1466 1222 1586 1249 semen,
1607 1214 1696 1253 quod
1720 1220 1767 1245 est
1788 1216 1989 1255 superfluum
2011 1225 2075 1256 quo
2100 1216 2267 1258 indigetur
2281 1218 2307 1247 *.
2335 1216 2399 1248 Sed
2421 1227 2532 1248 semen

346 1257 387 1288 de
409 1256 622 1298 operer-quod
645 1258 751 1288 anima
773 1267 830 1298 per
852 1259 959 1298 ipsum
982 1258 1078 1298 gessit
1092 1258 1119 1287 ἦ
1144 1257 1207 1288 Sed
1229 1257 1412 1287 membrum
1466 1266 1534 1287 non
1557 1264 1698 1299 resurget
1721 1260 1753 1289 in
1778 1269 1914 1299 corpore
1937 1260 2088 1291 hominis.
2112 1261 2198 1301 Ergo
2222 1261 2326 1292 multo
2349 1262 2457 1292 minus
2481 1271 2531 1292 ca-

346 1308 477 1343 propter
500 1301 622 1333 furtum
645 1308 847 1343 amputatum
875 1302 937 1333 furi
961 1303 1018 1342 qui
1040 1307 1153 1342 postea
1180 1302 1411 1341 poenitentiam
1426 1314 1450 1334 ις
1466 1301 1535 1341 pilli
1559 1308 1589 1332 et
1612 1312 1737 1343 ungues
1760 1310 1935 1344 resurgent.

346 1347 410 1387 agit
433 1352 464 1378 et
487 1347 634 1383 salvatur,
658 1357 726 1377 non
749 1352 855 1387 potest
878 1348 911 1377 in
934 1347 1166 1377 resurrectione
1197 1346 1410 1376 remunerari:
1523 1346 1552 1377 3.
1577 1347 1773 1384 Pataram,
1790 1348 1869 1378 nihil
1885 1354 1932 1378 est
1946 1348 2126 1388 perfectum
2150 1350 2256 1380 anima
2278 1350 2423 1380 rationali
2443 1350 2532 1390 quod

346 1400 453 1432 neque
479 1390 518 1422 de
543 1391 650 1427 bono,
677 1392 752 1432 quia
776 1391 816 1422 ad
838 1392 902 1422 hoc
925 1401 993 1422 non
1017 1396 1228 1431 cooperatum
1261 1395 1324 1426 est:
1355 1399 1412 1420 ne-
1466 1399 1534 1421 non
1557 1391 1597 1421 sit
1618 1391 1798 1431 perfectum
1822 1393 1927 1423 anima
1955 1393 2104 1423 sensibili.
2138 1393 2201 1424 Sed
2225 1394 2331 1434 capilli
2354 1399 2386 1424 et
2408 1404 2532 1435 ungues

346 1445 410 1476 que
437 1435 478 1467 de
500 1435 606 1472 malo,
635 1437 711 1476 quia
733 1445 841 1476 poena
869 1436 1004 1466 membri
1035 1436 1069 1465 in
1099 1444 1240 1475 poenam
1270 1434 1410 1465 hominis
1466 1445 1533 1465 non
1557 1441 1631 1466 sunt
1653 1436 1786 1476 perfecti
1810 1437 1915 1467 anima
1938 1437 2093 1468 sensibili:
2119 1439 2194 1478 quia
2210 1439 2255 1468 eis
2279 1448 2343 1469 non
2367 1439 2531 1475 sentimus,

346 1479 545 1511 redundaret.
570 1480 656 1521 Ergo
680 1490 748 1511 non
772 1481 882 1511 omnia
900 1480 1044 1511 membra
1068 1485 1232 1519 resurgent
1255 1488 1331 1510 cum
1353 1479 1412 1509 ho-
1466 1484 1503 1510 ut
1526 1479 1641 1510 dieitur
1663 1481 1697 1511 in
1721 1481 1788 1512 Ide
1803 1482 1921 1512 Anima
1937 1482 1963 1512 *.
1988 1482 2085 1522 Ergo,
2107 1492 2182 1513 cum
2206 1492 2274 1513 non
2297 1489 2438 1523 resurgat
2461 1493 2531 1514 cor-

344 1525 441 1556 mine.
1428 1535 1454 1555 ιο
1466 1533 1528 1564 pus
1551 1524 1730 1555 humanum
1759 1526 1820 1556 nisi
1850 1531 1981 1566 propter
2004 1527 2067 1557 hoc
2095 1526 2185 1566 quod
2214 1532 2261 1558 est
2290 1527 2469 1567 perfectum
2492 1528 2531 1558 ab

399 1569 463 1600 Sim
487 1578 621 1605 comma,
637 1570 738 1609 magis
762 1569 922 1609 pertinent
937 1568 977 1599 ad
993 1570 1158 1599 veritatem
1182 1569 1341 1598 humanae
1356 1577 1412 1598 na-
1466 1569 1573 1599 anima
1599 1569 1759 1606 rationali,
1787 1570 1912 1601 videtur
1938 1570 2028 1610 quod
2058 1571 2164 1611 capilli
2191 1576 2223 1602 et
2246 1581 2370 1612 ungues
2393 1582 2460 1603 non
2482 1581 2531 1603 re-

344 1619 434 1644 turae
457 1613 518 1644 alia
540 1613 684 1644 membra
707 1623 806 1653 quam
830 1613 936 1654 capilli
960 1618 991 1643 et
1013 1622 1148 1653 ungues.
1173 1612 1236 1643 Sed
1259 1612 1365 1652 capilli
1381 1617 1412 1642 et
1465 1619 1605 1653 surgent.

344 1667 469 1698 ungues
492 1658 698 1688 restituentur
720 1658 846 1688 homini
868 1659 902 1688 in
917 1658 1160 1693 resurrectione,
1177 1662 1212 1687 ut
1227 1657 1261 1687 in
1277 1657 1378 1687 littera
1394 1657 1411 1673 ⁴*
1521 1657 1583 1688 San
1608 1667 1731 1688 conrRA
1758 1669 1812 1689 zsr
1840 1658 1930 1699 quod
1953 1659 2068 1690 dicitur
2091 1660 2170 1690 Luc.
2194 1670 2246 1690 xx1
2262 1661 2296 1690 *t
2324 1660 2470 1701 Capillus
2493 1661 2532 1692 de

343 1701 468 1733 dicitur.
492 1701 578 1742 Ergo
602 1702 707 1732 multo
730 1701 844 1733 fortius
868 1702 927 1732 alia
950 1700 1103 1732 membra.
1465 1702 1569 1742 capite
1592 1707 1698 1733 vestro
1723 1713 1788 1733 non
1806 1704 1935 1743 peribit.

400 1755 429 1777 2.
453 1746 657 1782 Pmn‘rmma,
681 1746 745 1777 Dei
768 1747 918 1788 perfecta
947 1751 1024 1777 sunt
1047 1755 1146 1786 opera
1162 1746 1188 1776 ἦ
1223 1744 1286 1776 Sed
1307 1754 1410 1775 resur·
1426 1755 1448 1775 ις
1522 1755 1551 1776 2.
1575 1746 1772 1783 Pmarmum,
1798 1748 1904 1787 capilli
1927 1754 1959 1778 et
1982 1758 2106 1788 ungues
2129 1755 2204 1779 sunt
2228 1748 2292 1779 dati
2310 1749 2344 1779 in
2362 1758 2532 1780 ornamen-

342 1791 442 1822 rectio
458 1800 557 1831 opere
573 1790 682 1821 divino
706 1790 771 1821 fiet.
796 1791 882 1831 Ergo
905 1791 1007 1821 homo
1031 1790 1228 1831 reparabitur
1250 1789 1410 1830 perfectus
1464 1795 1534 1820 tum
1557 1791 1691 1821 homini.
1716 1791 1780 1822 Sed
1804 1802 1939 1832 corpora
1958 1793 2139 1828 hominum,
2157 1794 2328 1833 praecipue
2344 1793 2531 1830 electorum,

342 1836 377 1866 in
400 1835 551 1866 omnibus
573 1835 735 1866 membris.
1464 1834 1583 1865 debent
1598 1845 1761 1876 resurgere
1777 1846 1853 1867 cum
1869 1837 1960 1867 omni
1978 1843 2103 1867 ornatu.
2128 1837 2214 1878 Ergo
2231 1837 2348 1868 debent
2369 1848 2532 1878 resurgere

397 1880 588 1910 Ruspommo
604 1889 765 1910 mmmmm
778 1879 877 1920 quod,
891 1881 973 1910 sicut
989 1879 1104 1910 dicitur
1119 1880 1153 1909 in
1166 1878 1192 1909 11
1205 1878 1245 1909 de
1256 1879 1374 1909 Anima
1382 1879 1409 1914 *,
1465 1888 1541 1910 cum
1565 1880 1696 1920 capillis.

342 1925 449 1956 anima
468 1933 502 1955 se
521 1925 617 1955 habet
632 1923 672 1955 ad
687 1934 805 1965 corpus
826 1934 894 1955 non
910 1924 1017 1955 solum
1032 1925 1066 1954 in
1082 1923 1269 1954 habitudine
1287 1922 1410 1953 formae
1520 1924 1710 1955 Rnsponnao
1737 1935 1898 1956 menn-nun
1924 1925 2015 1966 quod
2041 1927 2147 1956 anima
2173 1935 2207 1956 se
2233 1926 2329 1956 habet
2352 1926 2392 1957 ad
2415 1936 2532 1967 corpus

343 1974 375 2000 et
403 1968 493 2005 finis,
518 1968 574 2000 sed
604 1969 700 2000 etiam
723 1970 757 2000 in
780 1968 966 2000 habitudine
998 1978 1111 1999 causae
1142 1967 1318 1998 efficientis.
1354 1968 1410 1998 Est
1424 1983 1451 2003 4⁰
1464 1968 1642 1999 animatum
1665 1970 1748 2000 sicut
1770 1979 1818 2000 ars
1842 1970 1882 2000 ad
1905 1970 2117 2007 artificiatum‚
2135 1976 2165 2001 et
2181 1970 2221 2000 ad
2235 1975 2340 2010 partes
2364 1971 2432 2001 eius
2451 1972 2532 2002 sicut

343 2014 430 2044 enim
446 2014 644 2054 comparatio
661 2014 786 2044 animae
809 2013 850 2044 ad
876 2023 994 2054 corpus
1017 2013 1100 2044 sicut
1115 2012 1313 2052 comparatio
1337 2013 1410 2042 artis
1465 2022 1513 2042 ars
1536 2012 1576 2043 ad
1599 2023 1656 2044 sua
1678 2014 1907 2044 instrumenta:
1933 2014 2019 2045 unde
2041 2020 2072 2045 et
2090 2024 2207 2055 corpus
2231 2015 2408 2045 animatum
2432 2025 2532 2057 orga-

343 2057 383 2089 ad
406 2057 625 2094 artificiatum,
653 2063 690 2088 ut
716 2057 832 2089 dicitur
857 2058 891 2088 in
918 2057 989 2088 XIII
1016 2057 1056 2088 de
1082 2057 1234 2087 Animal?
1247 2057 1284 2086 ἐ
1317 2056 1410 2097 quid·
1465 2057 1572 2087 uicum
1597 2057 1712 2088 dicitur
1727 2059 1753 2088 *.
1778 2059 1837 2089 Ars
1853 2065 1962 2089 autem
1984 2060 2084 2089 utitur
2106 2060 2324 2090 instrumentis
2339 2060 2531 2099 quibusdam

343 2102 422 2144 quid
444 2107 554 2133 autem
578 2102 725 2142 explicite
747 2103 780 2133 in
804 2101 970 2133 artificiato
998 2101 1192 2137 ostenditur,
1217 2101 1280 2131 hoc
1304 2106 1410 2132 totum
1465 2100 1504 2131 ad
1528 2102 1634 2142 operis
1656 2103 1770 2133 intenti
1799 2104 2040 2139 executionem,
2065 2109 2096 2134 et
2119 2104 2198 2134 haec
2225 2104 2435 2134 instrumenta
2458 2110 2532 2135 sunt

342 2147 497 2188 implicite
521 2152 552 2177 et
575 2147 770 2187 originaliter
792 2147 826 2177 in
849 2147 918 2187 ipsa
946 2151 1011 2177 arte
1040 2147 1231 2177 continetur.
1259 2145 1300 2176 Et
1323 2146 1410 2176 simi-
1465 2145 1504 2176 de
1527 2147 1631 2186 prima
1652 2147 1831 2178 intentione
1859 2148 1950 2184 artis3
1982 2148 2082 2178 utitur
2105 2149 2200 2178 etiam
2224 2148 2291 2178 aliis
2314 2148 2531 2179 instrumentis

342 2191 413 2222 liter
436 2190 595 2232 quidquid
617 2192 651 2222 in
673 2191 815 2231 partibus
843 2191 988 2231 corporis
1015 2196 1161 2231 apparet,
1185 2196 1291 2221 totum
1315 2191 1410 2230 on'gi-
1424 2204 1448 2224 ⁴5
1465 2189 1504 2220 ad
1528 2192 1804 2222 conservationem
1827 2193 2054 2232 principalium
2077 2193 2373 2228 instrumentorum,
2399 2198 2430 2223 et
2452 2193 2531 2224 haec

343 2236 455 2267 naliter
486 2241 518 2266 et
550 2235 794 2276 quodammodo
827 2236 981 2276 implicite
1013 2236 1046 2266 in
1079 2236 1185 2266 anima
1217 2235 1409 2265 continetur.
1464 2241 1538 2266 sunt
1555 2235 1594 2266 de
1610 2236 1751 2266 secunda
1773 2237 1952 2267 intentione
1975 2237 2068 2273 artis3
2092 2237 2175 2267 sicut
2197 2247 2246 2267 ars
2268 2237 2411 2268 militaris
2433 2238 2531 2268 utitur

344 2280 434 2311 Sicut
463 2289 540 2320 ergo
571 2280 645 2310 artis
676 2290 759 2321 opus
789 2290 857 2310 non
881 2285 963 2311 esset
992 2279 1171 2320 perfectum
1195 2280 1221 2310 si
1244 2278 1409 2310 artificiato
1464 2279 1570 2320 gladio
1595 2280 1634 2311 ad
1658 2280 1789 2317 bellum,
1807 2286 1838 2311 et
1855 2282 1969 2321 vagina
1992 2280 2032 2311 ad
2054 2280 2150 2321 gladii
2174 2282 2461 2312 conservationem.
2487 2282 2532 2312 Ita

344 2324 617 2365 aliquidegleesset
648 2334 762 2355 eorum
791 2334 873 2365 quae
902 2335 951 2355 ars
975 2325 1135 2360 continet,
1159 2325 1202 2354 ita
1224 2333 1285 2354 nec
1308 2324 1410 2354 homo
1465 2330 1496 2354 et
1518 2325 1552 2354 in
1575 2325 1717 2364 partibus
1750 2326 1894 2365 corporis
1927 2326 2057 2356 animati
2089 2325 2247 2365 quaedam
2278 2326 2465 2356 ordinantur
2492 2325 2532 2357 ad

344 2375 453 2410 posset
476 2377 544 2400 esse
567 2368 728 2410 perfectus
751 2370 812 2399 nisi
835 2374 941 2400 totum
965 2368 1055 2409 quod
1078 2369 1111 2399 in
1127 2369 1233 2399 anima
1256 2369 1410 2408 implicite
1465 2370 1668 2409 operationes
1691 2370 1816 2400 animae
1840 2370 2057 2410 exequendas,
2082 2370 2163 2400 sicut
2187 2380 2256 2406 cor,
2281 2371 2393 2410 hepar,
2417 2380 2531 2401 manus

344 2414 543 2450 continetur,
569 2414 705 2444 exterius
733 2414 767 2444 in
795 2423 932 2454 corpore
963 2413 1189 2454 explicaretur:
1223 2422 1284 2443 nec
1315 2414 1410 2443 etiam
1426 2426 1451 2446 ςο
1465 2419 1496 2443 et
1519 2423 1595 2453 pes;
1627 2413 1786 2454 quaedam
1809 2420 1918 2445 autem
1941 2414 1981 2445 ad
2004 2415 2282 2445 conservationem
2305 2415 2438 2445 aliarum
2461 2424 2531 2455 par-

344 2467 462 2498 corpus
492 2459 616 2488 animae
645 2457 685 2489 ad
711 2458 846 2498 plenum
878 2458 1161 2498 proportionaliter
1190 2457 1409 2498 responderet.
1464 2458 1562 2494 tium,
1587 2458 1669 2489 sicut
1699 2458 1776 2489 folia
1805 2464 1880 2489 sunt
1903 2458 1943 2489 ad
1966 2459 2247 2499 cooperimentum
2279 2458 2453 2490 fructuum.
2487 2460 2532 2490 Ita

344 2502 431 2534 Cum
455 2512 531 2543 ergo
556 2508 703 2543 oporteat
725 2503 759 2533 in
781 2503 1014 2533 resurrectione
1037 2512 1155 2543 corpus
1178 2502 1319 2532 hominis
1342 2512 1411 2533 esse
1465 2502 1562 2533 etiam
1585 2502 1691 2543 capilli
1707 2509 1738 2533 et
1754 2513 1879 2543 ungues
1902 2508 1977 2534 sunt
1999 2504 2033 2533 in
2055 2503 2188 2533 homine
2207 2503 2246 2533 ad
2263 2503 2442 2534 custodiam
2458 2504 2532 2534 alia-

345 2547 470 2578 animae
501 2547 640 2577 totaliter
672 2547 944 2587 correspondens,
977 2548 1053 2587 quia
1082 2557 1149 2577 non
1178 2552 1320 2587 resurget
1350 2547 1411 2577 nisi
1464 2556 1536 2577 rum
1553 2547 1702 2587 parn'um.
1727 2547 1821 2578 Unde
1844 2553 1918 2578 sunt
1941 2547 1981 2578 de
2004 2547 2145 2578 secunda
2167 2547 2364 2587 perfectione
2388 2549 2532 2588 corporis

344 2590 524 2622 secundum
554 2591 700 2622 ordinem
729 2601 828 2632 quem
857 2592 953 2622 habet
976 2591 1016 2622 ad
1039 2592 1178 2622 animam
1202 2591 1409 2628 rationalem
1464 2592 1608 2628 humani,
1633 2593 1778 2632 quamvis
1799 2602 1868 2622 non
1892 2592 1932 2623 de
1955 2593 2066 2632 prima.
2100 2592 2141 2622 Et
2164 2593 2240 2632 quia
2267 2592 2368 2623 homo
2391 2599 2533 2633 resurget

345 2641 492 2676 oporteat
516 2636 612 2666 etiam
634 2636 802 2667 hominem
825 2635 1004 2676 perfectum
1027 2645 1200 2676 resurgere,
1217 2641 1330 2676 utpote
1354 2637 1411 2676 qui
1426 2647 1448 2668 55
1464 2637 1498 2666 in
1526 2636 1617 2666 omni
1645 2636 1842 2676 perfectione
1872 2646 1948 2667 suae
1978 2642 2125 2672 naturae,
2150 2642 2282 2676 propter
2310 2637 2373 2667 hoc
2405 2643 2532 2677 oportet

345 2679 385 2710 ad
400 2679 546 2710 ultimam
562 2679 794 2720 perfectionem
809 2679 1072 2720 consequendam
1087 2685 1264 2720 reparatur:
1283 2686 1412 2720 oportet
1466 2680 1556 2720 quod
1579 2681 1684 2720 capilli
1709 2686 1740 2711 et
1763 2690 1888 2721 ungues
1911 2686 2075 2721 resurgant
2097 2681 2131 2711 in
2154 2681 2236 2721 ipso.

345 2723 435 2764 quod
459 2725 568 2754 omnia
590 2725 735 2755 membra
762 2734 846 2765 quae
873 2734 961 2755 nunc
984 2730 1059 2755 sunt
1081 2725 1115 2755 in
1139 2733 1285 2764 corpore,
1306 2725 1338 2755 in
1363 2735 1411 2755 re-
1520 2725 1571 2755 An
1595 2735 1712 2755 Panum
1735 2735 1819 2755 mmo
1843 2735 2002 2755 memnon
2021 2724 2109 2765 quod
2134 2725 2205 2755 illae
2229 2724 2462 2765 superfluitates
2478 2735 2531 2756 ex-

345 2769 541 2799 surrectione
564 2769 704 2799 hominis
726 2774 921 2809 reparentur.
1464 2769 1629 2809 pelluntur
1652 2779 1670 2799 a
1696 2775 1826 2805 natura,
1851 2770 1942 2809 quasi
1969 2768 2009 2799 ad
2036 2769 2174 2799 nihilum
2203 2769 2314 2799 utiles:
2348 2769 2434 2800 unde
2464 2780 2532 2801 non

400 2813 451 2843 An
474 2822 592 2843 Pmmm
615 2822 698 2843 nano
722 2823 882 2843 meantum
905 2812 996 2853 quod
1023 2813 1166 2843 membra
1193 2818 1330 2852 possunt
1352 2812 1410 2844 du·
1464 2814 1624 2853 pertinent
1647 2813 1686 2843 ad
1708 2813 1942 2853 perfectionem
1964 2814 2097 2843 humani
2121 2814 2274 2853 corporis.
2302 2813 2400 2844 Secus
2424 2820 2531 2844 autem

345 2857 469 2897 pliciter
496 2856 689 2888 considerari
712 2857 745 2887 in
769 2857 1009 2897 comparatione
1037 2856 1077 2887 ad
1101 2858 1258 2888 animam:
1288 2857 1339 2887 vel
1362 2867 1410 2888 se-
1424 2866 1452 2886 60
1466 2863 1512 2888 est
1535 2857 1574 2888 de
1598 2857 1658 2887 illis
1682 2857 1954 2898 superfluitatibus
1977 2867 2056 2897 quas
2079 2862 2192 2888 natura
2213 2858 2274 2887 sibi
2292 2858 2407 2888 retinet
2422 2857 2462 2888 ad
2477 2868 2531 2898 ge-

346 2901 490 2932 cundum
513 2901 734 2932 habitudinem
757 2902 907 2932 materiae
931 2901 971 2931 ad
993 2901 1142 2938 formam,
1158 2901 1209 2932 vel
1232 2901 1411 2932 secundum
1464 2902 1664 2932 nerationem
1698 2902 1889 2942 capillorum
1919 2907 1950 2932 et
1980 2902 2156 2942 unguium,
2184 2902 2307 2941 ,quibus
2339 2901 2460 2942 indiget
2490 2902 2532 2933 ad

345 2945 566 2976 habitudinem
597 2947 801 2977 instrumenti
831 2945 869 2976 ad
900 2951 1067 2986 agentem;
1100 2945 1213 2976 eadem
1246 2946 1332 2976 enim
1365 2952 1412 2976 est
1464 2947 1685 2976 membrorum
1709 2947 1996 2976 conservationem.

345 2991 544 3031 comparatio
573 2991 672 3021 totius
696 2991 840 3031 corporis
863 2990 903 3021 ad
926 2995 1027 3020 totam
1055 2991 1195 3020 animam
1219 2995 1251 3020 et
1273 2991 1411 3030 partium
1519 2990 1570 3020 An
1594 3000 1757 3020 sncunmm
1777 3000 1936 3021 meanmm
1960 2989 2050 3030 quod
2073 2990 2195 3020 semine
2218 3000 2286 3020 non
2308 2990 2468 3031 indigetur
2492 2991 2531 3022 ad

345 3033 386 3066 ad
408 3040 522 3075 partes,
538 3040 575 3065 ut
598 3034 714 3066 dicitur
733 3036 767 3066 in
791 3035 818 3065 11
833 3034 872 3065 de
887 3035 1005 3065 Anima
1021 3035 1047 3064 ἦ
1073 3034 1105 3065 Si
1129 3044 1205 3074 ergo
1229 3035 1412 3065 membrum
1465 3033 1698 3074 perfectionem
1720 3034 1887 3071 individui,
1911 3035 1994 3065 sicut
2017 3034 2157 3074 capillis:
2188 3033 2244 3065 sed
2267 3034 2374 3065 solum
2397 3034 2437 3066 ad
2459 3045 2531 3076 per-

345 3079 518 3119 accipiatur
546 3079 726 3110 secundum
756 3080 893 3119 primam
923 3079 1216 3118 comparationem,
1241 3077 1313 3109 finis
1343 3079 1411 3109 eius
1425 3086 1449 3111 ες
1465 3077 1639 3109 sectionem
1662 3079 1791 3119 speciei.
2139 3100 2141 3103 ι

346 3132 415 3154 non
430 3129 477 3154 est
499 3124 655 3164 operatio,
671 3123 728 3154 sed
742 3124 843 3164 magis
866 3123 1045 3163 perfectum
1069 3133 1137 3154 esse
1160 3123 1297 3163 speciei:
1321 3123 1412 3163 quod
1521 3123 1572 3152 An
1596 3133 1731 3153 ren-mm
1754 3133 1915 3153 mmmmm
1934 3122 2023 3163 quod
2039 3123 2146 3163 capilli
2162 3128 2193 3153 et
2209 3132 2333 3163 ungues
2348 3124 2532 3154 nutriuntur

347 3167 443 3197 etiam
465 3173 540 3207 post
562 3169 827 3199 resurrectionem
850 3168 1038 3208 requiretur.
1062 3167 1096 3198 Si
1111 3173 1220 3198 autem
1239 3167 1412 3207 accipiatur
1467 3173 1497 3197 et
1521 3173 1695 3207 augentur:
1720 3173 1752 3197 et
1775 3167 1820 3198 sic
1843 3173 1930 3207 patet
1953 3167 2043 3207 quod
2066 3167 2172 3207 aliqua
2194 3167 2382 3207 operatione
2404 3169 2531 3208 partiei—

347 3210 527 3242 seeundum
555 3212 734 3244 secundam
765 3213 1059 3252 comparationem,
1087 3213 1132 3242 sic
1163 3211 1235 3242 finis
1266 3212 1334 3242 eius
1365 3217 1412 3242 est
1465 3217 1552 3251 pent.
1576 3208 1676 3249 Qu'od
1691 3221 1760 3242 non
1775 3217 1885 3252 posset
1900 3221 1968 3242 esse
1983 3212 2044 3242 nisi
2060 3217 2165 3242 essent
2184 3216 2288 3251 partes
2304 3211 2414 3252 aliquo
2429 3212 2530 3243 modo

348 3255 504 3295 operatio.
533 3255 602 3286 Nec
624 3262 732 3288 tamen
756 3257 900 3297 sequitur
923 3256 1023 3297 quod,
1048 3255 1179 3296 quando
1203 3255 1310 3286 deficit
1333 3266 1412 3296 ope-
1466 3256 1505 3286 ab
1529 3256 1634 3286 anima
1657 3255 1826 3296 perfectae.
1851 3256 1891 3286 Et
1914 3256 1990 3296 quia
2012 3256 2046 3286 in
2069 3256 2202 3286 homine
2224 3265 2293 3286 non
2317 3262 2363 3286 est
2385 3257 2447 3287 nisi
2467 3267 2532 3287 una

348 3299 427 3329 ratio
438 3322 446 3335 ,
470 3298 584 3330 frustra
605 3301 645 3331 sit
666 3302 933 3332 instrumentum:
968 3302 1043 3341 quia
1073 3302 1321 3332 instrumentum
1344 3310 1411 3331 non
1426 3312 1453 3333 70
1466 3301 1582 3336 anima,
1599 3300 1719 3331 scilicet
1734 3300 1896 3330 rationalis
1911 3301 1938 3336 ⁴²,
1955 3305 2080 3331 constat
2095 3299 2186 3340 quod
2204 3300 2243 3330 ab
2262 3301 2368 3331 anima
2386 3301 2531 3332 rationali

349 3343 455 3373 solum
478 3343 572 3374 servit
594 3343 633 3375 ad
656 3345 877 3386 exequendam
901 3346 1123 3386 operationem
1147 3345 1277 3386 agentis,
1294 3345 1350 3375 sed
1372 3345 1412 3375 ad
1466 3343 1606 3385 perfecta
1628 3350 1719 3375 sunt:
1745 3345 1890 3384 quamvis
1913 3354 1981 3375 non
1997 3354 2100 3385 usque
2116 3344 2156 3375 ad
2171 3345 2234 3375 hoc
2258 3344 2348 3385 quod
2371 3346 2532 3386 operatio-

349 3386 580 3418 ostendendam
602 3389 752 3420 virtutem
774 3391 884 3430 ipsius.
909 3389 1003 3421 Unde
1027 3390 1189 3431 oportebit
1208 3389 1298 3429 quod
1314 3390 1412 3420 virtus
1466 3398 1542 3420 nem
1565 3398 1676 3419 sensus
1692 3389 1898 3429 participent3
1922 3389 2004 3420 sicut
2026 3399 2086 3420 nec
2110 3398 2191 3426 ossa,
2209 3388 2248 3419 de
2268 3390 2385 3429 quibus
2409 3396 2532 3421 constat

349 3432 565 3471 potentiarum
589 3433 713 3463 animae
734 3434 769 3464 in
787 3435 1005 3465 instrumentis
1029 3435 1191 3475 corporeis
1215 3433 1411 3464 demonstre—
1467 3433 1556 3474 quod
1579 3439 1743 3474 resurgent
1758 3434 1784 3469 ἡ
1809 3439 1840 3464 et
1863 3439 1937 3464 sunt
1960 3433 2000 3464 de
2021 3434 2200 3474 integritate
2222 3433 2387 3465 individui.

349 3481 410 3511 tur,
428 3475 486 3505 etsi
500 3485 668 3516 nunquam
691 3477 725 3507 in
747 3483 856 3509 actum
877 3479 1044 3519 prodeant,
1060 3485 1097 3509 ut
1112 3489 1150 3510 ex
1166 3479 1229 3509 hoc
1245 3488 1411 3509 commen·

350 3519 442 3550 detur
465 3519 525 3550 Dei
548 3521 710 3560 sapientia.
1427 3534 1451 3555 75

1469 912 1552 975 An
1581 912 1744 933 SECUNDUM
1772 913 1817 934 sic
1846 913 2050 934 Pnocnmwa.
2086 904 2220 935 Videtur
2250 905 2340 945 quod
2370 905 2475 946 capilli
2502 912 2533 937 et

1532 956 1657 987 ungues
1683 957 1751 978 non
1779 954 1943 988 resurgent
1966 949 1999 979 in
2022 949 2165 980 homine.
2195 949 2284 981 Sicut
2312 950 2399 980 enim
2426 950 2532 990 capilli

2561 475 2571 484 '
2588 473 2624 495 Cf.
2639 480 2678 502 qu.
2693 481 2772 502 uxix,

2561 500 2771 558 ffrkris’t.³c0¹dq3⁷Gen.

2561 554 2585 574 et
2599 552 2668 574 Cor-r.
2685 555 2725 575 lib.
2741 555 2769 580 11.

2561 585 2696 628 &g'fin'ffaa‘ssl
2704 587 2773 629 0¹35.

2561 633 2708 679 genas'l'h.
2719 634 2771 656 lect.

2560 1218 2672 1240 ·Aristot.
2680 1218 2710 1239 de
2718 1218 2771 1240 Ani·

2559 1245 2614 1267 mal.
2642 1244 2754 1266 Generat.
2763 1263 2770 1271 ‚

2559 1272 2597 1293 lib.
2609 1271 2627 1298 1,
2637 1277 2688 1299 cap.
2699 1278 2768 1296 xvnt:

2560 1298 2569 1319 1
2584 1298 2643 1320 Part.
2655 1304 2693 1325 qu.
2708 1304 2770 1324 cxix,

2560 1325 2726 1350 art.2;1⁸⁶11³⁸
2749 1332 2770 1347 u.

2560 1357 2620 1378 cun,
2631 1355 2672 1373 art.
2683 1358 2703 1380 3,
2713 1331 2769 1373 agi.

2560 1485 2569 1494 ·
2584 1483 2640 1512 Cap.
2662 1490 2687 1510 v,
2703 1490 2725 1506 n.
2744 1491 2770 1512 9;

2560 1517 2578 1531 s.
2587 1510 2631 1532 Th.
2644 1511 2695 1532 lect.
2706 1517 2747 1532 ιιι.
2760 1523 2769 1527 -

2559 1537 2595 1558 Cf.
2611 1537 2650 1559 lib.
2667 1537 2706 1562 111,
2719 1543 2746 1559 ca
2766 1555 2771 1560 .

2559 1570 2610 1589 xm,
2621 1570 2643 1585 n.
2656 1571 2678 1589 1:
2694 1571 2713 1586 s.
2724 1564 2745 1586 T
2765 1581 2769 1585 .

2559 1591 2612 1612 lect.
2627 1596 2691 1612 xvm.

2560 1666 2569 1675 ·
2584 1665 2651 1687 Vers.
2668 1666 2700 1688 18.

2560 2065 2570 2074 ·
2577 2062 2674 2085 Aristot.
2682 2063 2711 2084 de
2718 2063 2772 2084 Am·-

2559 2095 2605 2116 ma,
2621 2089 2661 2111 lib.
2677 2090 2705 2113 11.
2719 2095 2745 2111 ca
2764 2105 2769 2110 .

2560 2122 2575 2142 1,
2584 2122 2607 2137 n.
2615 2122 2636 2143 5,
2644 2116 2665 2137 6.
2673 2128 2683 2132 -
2691 2116 2715 2138 S.
2725 2096 2769 2137 ΤΕ.

2559 2143 2610 2164 lect.
2627 2148 2642 2164 ι.

2560 3293 2570 3303 '
2585 3292 2632 3319 Qu.
2643 3297 2719 3317 mxxix.
2728 3296 2769 3313 art.

2559 3324 2579 3344 2,
2591 3318 2619 3339 ad
2634 3324 2658 3347 3;
2678 3318 2737 3340 Part.
2754 3318 2770 3341 l.

2560 3351 2591 3373 qu
2609 3349 2687 3370 μανι,
2698 3348 2740 3366 art.
2750 3351 2769 3373 3.

2561 3374 2569 3383 ·
2577 3372 2640 3393 loun.
2650 3377 2700 3399 cap.
2707 3377 2771 3401 xxm:

2671 3406 2726 3452 §.t
2734 3397 2771 3448 (ἓὲ.

2561 3405 2620 3419 vers.

2561 3425 2620 3446 Part.

2560 3456 2602 3473 art.
2617 3457 2637 3479 3.
