2918 4088
47 298 59 309 ·
73 297 138 319 Vers.
152 302 190 324 49.

13 342 17 354 l

10 492 17 506 'q
47 510 59 522 '¹
71 508 138 531 νει-ι.
152 514 186 536 5⁴-

27 1415 29 1419 ·
41 1401 55 1414 '³
67 1400 135 1424 Ven-
152 1407 181 1430 ⁸5·

41 1777 54 1791 ·
66 1776 134 1800 ven.
146 1781 183 1809 ,¹⁷-

983 218 1246 264 QUAEsrlo
1274 217 1397 265 LXV,
1427 217 1719 256 ARTICULUs
1747 220 1761 256 1
2410 225 2456 272 57

285 297 398 336 Unde
418 297 554 334 dicitur
572 296 767 346 discipulis
786 297 865 334 iam
884 297 1091 346 baptizatis,
1111 298 1206 334 Luc.
1227 298 1292 334 ult.
1307 295 1344 332 *ε

285 351 412 388 Sedete
438 352 476 387 in
511 351 655 387 civitate
683 362 869 399 quousque
896 351 1105 387 induamini
1136 352 1268 388 virtute
1299 360 1348 385 ex

285 404 370 440 alto.
399 424 425 429 -
453 402 687 451 Tertio,·per
714 402 973 449 nutritionem,
994 415 1072 451 qua
1099 409 1348 439 conservatur

283 455 323 492 in
351 455 510 492 homine
538 454 617 492 vita
644 463 680 491 et
707 455 837 492 virtus.
872 456 920 492 Et
947 457 1033 492 loco
1062 454 1177 491 huius
1205 454 1244 491 in
1272 452 1346 502 spi-

285 508 408 545 rituali
421 507 499 545 vita
517 515 572 545 est
591 510 836 545 Eucharistia.
856 508 968 545 Unde
987 507 1124 544 dicitur
1141 508 1244 544 Ioan.
1260 519 1295 544 vt
1308 507 1345 544 *2

283 562 371 598 Nisi
395 561 705 598 manducaveritis
727 573 880 601 carnem
898 561 986 597 Filii
1010 561 1169 597 hominis
1192 566 1225 596 et
1250 561 1346 597 hibe-

284 616 362 651 ritis
389 615 466 650 eius
483 616 718 664 sanguinem,
739 626 814 651 non
832 614 1006 650 habebitis
1033 614 1147 650 vitam
1170 614 1208 649 in
1231 614 1345 650 vobis.

337 667 387 704 Et
412 667 490 704 hoc
517 666 682 715 quidem·
714 665 906 703 sufficeret
941 664 1092 703 homini
1129 665 1160 701 si
1187 665 1346 702 haberet

283 728 320 756 et
357 719 605 769 corporaliter
638 727 675 756 et
709 718 949 768 spiritualiter
982 717 1259 767 impassibilem
1292 718 1346 755 vi-

283 781 383 810 tam:
423 772 490 809 sed
518 771 622 821 quia.
636 772 758 808 homo
793 770 949 807 incurrit
976 770 1169 808 interdum
1201 778 1237 807 et
1264 783 1347 807 cor-

283 827 459 875 poralem
485 824 746 862 infirmitatem
774 831 811 860 et
829 822 1075 872 spiritualem,
1096 823 1235 860 scilicet
1259 836 1347 872 pec-

284 886 425 924 catum,
445 877 533 914 ideo
561 876 774 913 necessaria
801 883 857 912 est
875 875 1026 913 homini
1045 876 1190 913 curatio
1219 876 1268 913 ab
1292 876 1347 913 in-

283 930 461 967 firmitate
480 927 504 965 ⁰.
534 929 647 976 Quae
674 928 834 978 quidem
863 936 918 965 est
953 929 1106 978 duplex.
1148 930 1235 966 Una
1263 929 1347 978 qui-

283 983 374 1020 dem
412 989 468 1019 est
503 981 670 1028 sanatio,
709 993 810 1030 quae
847 981 1047 1019 sanitatem
1087 981 1256 1019 restituit.
1300 983 1348 1019 Et

282 1037 369 1073 loco
404 1034 520 1072 huius
547 1034 587 1071 in
615 1033 798 1084 spirituali
824 1034 903 1071 vita
937 1042 992 1072 est
1017 1036 1264 1085 poenitentia:
1291 1047 1347 1072 se-

42 1089 150 1116 '¹'⁸·“·
165 1094 254 1117 ΨΜ·
283 1087 458 1125 cundum
476 1086 570 1124 illud
589 1087 731 1124 Psalmi
744 1086 781 1124 *ε
803 1088 906 1124 Sana
924 1089 1091 1125 animam
1110 1100 1246 1134 meam,
1262 1090 1348 1138 quia

276 1142 435 1192 peccavi
459 1142 533 1177 tibi.
553 1162 579 1167 —
606 1139 691 1177 Alia
709 1147 840 1183 autem
868 1148 924 1177 est
951 1140 1135 1178 restitutio
1164 1141 1348 1178 valetudi-

282 1193 341 1231 nis
369 1193 548 1243 pristinae
576 1204 646 1242 per
673 1192 968 1230 convenientem
996 1193 1162 1230 diaetam
1182 1201 1218 1231 et
1243 1206 1347 1231 exer-

282 1246 426 1284 citium.
469 1247 518 1283 Et
552 1247 638 1283 loco
675 1245 791 1283 huius
819 1245 858 1283 in
886 1246 1068 1295 spirituali
1099 1246 1177 1284 vita
1201 1255 1256 1284 est
1284 1260 1348 1285 ex-

281 1306 402 1337 trema
421 1301 555 1345 unctio,
576 1311 676 1347 quae
698 1307 871 1336 removet
890 1307 1138 1348 peccatorum
1157 1299 1346 1349 reliquias,

283 1360 320 1390 et
338 1352 540 1390 hominem
559 1359 738 1400 paratum
762 1351 884 1388 reddit
903 1352 952 1389 ad
970 1351 1127 1389 finalem
1146 1353 1307 1400 gloriam
1327 1360 1346 1391 ‘.

281 1404 394 1443 Unde
428 1404 566 1441 dicitur
599 1406 670 1441 Iac.
700 1417 724 1440 v
750 1404 786 1441 *ε
815 1406 862 1442 Et
889 1407 922 1442 si
947 1406 984 1441 in
1014 1407 1176 1453 peccatis
1202 1407 1267 1452 sit,
1297 1406 1347 1443 di-

283 1459 443 1495 mittetur
470 1459 514 1494 ei.

336 1510 536 1548 Perficitur
571 1517 701 1547 autem
738 1511 859 1547 homo
897 1510 936 1546 in
974 1510 1107 1547 ordine
1145 1511 1195 1547 ad
1226 1519 1347 1548 totam

264 1563 602 1606 >communitatem
639 1562 848 1610 dupliciter.
888 1563 975 1600 Uno
1009 1563 1146 1608 modo,
1175 1575 1244 1612 per
1271 1565 1348 1601 hoc

282 1616 391 1666 quod
423 1615 559 1664 accipit
591 1622 819 1663 potestatem
855 1614 1010 1662 regendi
1047 1615 1344 1662 multitudinem,

282 1676 320 1707 et
345 1667 548 1705 exercendi
567 1674 672 1704 actus
691 1667 877 1716 publicos.
908 1668 956 1704 Et
975 1668 1061 1704 loco
1077 1667 1193 1704 huius
1212 1667 1251 1704 in
1271 1669 1346 1718 spi—

282 1720 406 1759 rituali
433 1719 511 1757 vita
539 1727 594 1756 est
621 1727 907 1756 sacramentum
934 1720 1094 1756 ordinis:
1129 1721 1346 1758 secundum

281 1773 376 1813 illud
402 1774 503 1811 Heb.
522 1785 569 1810 vu
586 1771 618 1819 ²⁸²,
647 1772 754 1821 quod
774 1772 990 1810 sacerdotes
1015 1772 1159 1810 hostias
1178 1774 1347 1811 offerunt

281 1838 364 1864 non
391 1827 516 1863 solum
546 1837 618 1874 pro
638 1837 690 1872 se,
711 1825 779 1862 sed
807 1825 922 1862 etiam
940 1837 1012 1874 pro
1034 1827 1194 1874 populo.
1223 1849 1250 1853 -
1279 1828 1345 1864 Se-

282 1879 433 1925 cundo,
461 1885 653 1928 quantum
687 1878 737 1915 ad
764 1879 980 1915 naturalem
1014 1879 1344 1928 propagationem.

283 1932 403 1980 Quod
415 1931 460 1969 fit
476 1943 547 1981 per
564 1932 856 1978 matrimonium,
870 1939 950 1968 tam
965 1931 1003 1968 in
1023 1932 1211 1981 corporali
1226 1945 1346 1981 quam

282 1985 324 2023 in
349 1983 534 2034 spirituali
561 1983 657 2021 vita:
688 1996 735 2021 eo
755 1985 863 2033 quod
881 1992 937 2021 est
963 1996 1045 2021 non
1073 1986 1198 2022 solum
1225 1998 1345 2023 sacra-

282 2050 346 2076 me
375 2045 471 2084 tum,
500 2037 568 2074 sed
595 2044 754 2074 naturae
783 2037 968 2075 officium.

370 2104 396 2129 x
421 2090 483 2128 his
509 2089 625 2128 etiam
661 2098 764 2139 patet
800 2098 1130 2128 sacramentorum
1159 2103 1346 2128 numerus

283 2144 500 2182 secundnm
518 2143 625 2192 quod
645 2143 871 2180 ordinantur
898 2151 1030 2181 contra
1048 2144 1240 2181 defectum
1258 2156 1346 2193 pec-

283 2196 367 2235 c'ati.
395 2197 500 2234 Nam
519 2196 734 2245 baptismus
753 2196 952 2233 ordinatur
979 2204 1110 2234 contra
1137 2197 1345 2234 carentiam

281 2249 383 2288 vitae
401 2248 624 2299 spiritualis;
654 2249 897 2287 confirmatio
925 2257 1057 2286 contra
1084 2249 1346 2287 infirmitatem

283 2302 402 2341 animi
429 2314 530 2352 quae
548 2309 566 2324 ²
592 2302 633 2339 in
659 2314 786 2351 nuper
813 2302 910 2339 natis
942 2302 1155 2349 invenitur;
1194 2303 1346 2339 Eucha—

282 2355 386 2394 ristia
422 2362 574 2396 contra
590 2355 810 2392 labilitatem
846 2355 964 2392 animi
1000 2355 1050 2392 ad
1081 2356 1345 2404 peccandum;

282 2408 519 2462 poenitentia
543 2415 676 2446 contra
703 2409 850 2445 actuale
878 2415 1080 2457 peccatum
1111 2416 1199 2457 post
1226 2408 1346 2458 bapti-

284 2473 415 2499 smum
442 2460 717 2507 commissum3
747 2468 917 2498 extrema
944 2461 1075 2498 unctio
1103 2469 1236 2498 contra
1264 2461 1346 2498 reli-

284 2513 395 2564 quias
426 2521 692 2573 peccatorum,
721 2526 821 2563 quae
850 2514 989 2551 scilicet
1015 2525 1097 2551 non
1125 2521 1214 2551 sunt
1242 2514 1347 2551 suffi-

284 2566 427 2604 cienter
452 2578 523 2616 per
549 2566 825 2616 poenitentiam
852 2567 1035 2614 sublatae,
1065 2574 1131 2604 aut
1158 2579 1205 2604 ex
1232 2567 1347 2615 negli-

283 2619 408 2668 gentia
435 2627 501 2656 aut
519 2630 566 2656 ex
584 2619 816 2667 ignorantia;
846 2620 943 2656 ordo
972 2628 1104 2657 contra
1132 2619 1347 2657 dissolutio-

284 2684 377 2710 nem
413 2671 685 2718 multitudinis;
723 2672 1015 2710 matrimonium
1052 2673 1092 2709 in
1130 2673 1344 2710 remedium

284 2733 417 2763 contra
453 2724 804 2773 concupiscentiam
839 2727 1084 2774 personalem
1100 2754 1109 2772 ,
1143 2734 1180 2762 et
1216 2733 1348 2763 contra

284 2779 477 2815 defectum
512 2777 767 2814 multitudinis
803 2777 870 2826 qui
897 2789 967 2827 per
997 2786 1164 2815 mortem
1201 2778 1346 2815 accidit.

337 2830 511 2878 Quidam
529 2830 549 2852 ’¹‘
575 2842 670 2867 vero
689 2829 881 2879 accipiunt
899 2842 1110 2867 numerum
1132 2843 1347 2868 sacramen-

249 2902 256 2914 r
283 2891 415 2922 torum
442 2895 512 2932 per
545 2883 743 2932 quandam
780 2882 1067 2932 adaptationem
1099 2883 1148 2920 ad
1176 2883 1345 2931 virtutes,

284 2944 321 2974 et
347 2937 399 2974 ad
426 2937 595 2973 defectus
614 2937 817 2984 culparum
841 2943 877 2972 et
894 2935 1190 2984 poenalitatum:
1220 2936 1348 2972 dicen-

283 2997 340 3028 tes
367 2989 476 3039 quod
493 2988 585 3026 fidei
605 2989 811 3038 respondet
839 2987 1063 3038 baptismus,
1083 2995 1121 3025 et
1149 2988 1348 3026 ordinatur

284 3050 418 3081 contra
444 3044 601 3091 culpam
629 3041 870 3090 originalem;
900 3041 981 3090 spei
1009 3048 1178 3078 extrema
1200 3040 1346 3087 unctio,

285 3103 322 3133 et
360 3094 559 3132 ordinatur
594 3102 727 3131 contra
763 3096 918 3143 culpam
954 3093 1166 3140 venialem3
1205 3094 1348 3131 caritati

285 3148 535 3195 Eucharistia,
555 3155 592 3184 et
611 3147 809 3184 ordinatur
827 3154 959 3184 contra
978 3146 1248 3196 poenalitatem
1267 3158 1348 3184 ma-

284 3200 384 3239 litiae
396 3214 425 3247 ;-
433 3201 659 3250 prudentiae
680 3201 790 3247 ordo,
811 3208 847 3237 et
865 3200 1064 3237 ordinatur
1082 3207 1215 3238 contra
1242 3199 1348 3248 igno-

285 3254 470 3300 rantiam;
498 3253 659 3291 iustitiae
678 3253 921 3303 poenitentia,
942 3260 978 3290 et
997 3252 1196 3290 ordinatur
1217 3259 1350 3290 contra

285 3314 487 3357 peccatum
515 3307 694 3353 mortale;
732 3305 1006 3356 temperantiae
1041 3305 1348 3353 matrimonium,

337 3419 363 3455 θ)
382 3422 415 3446 ab
433 3421 597 3455 infirmitate.
614 3435 633 3440 —-
651 3421 708 3446 EsF
728 3426 753 3446 et
771 3421 859 3452 tet-tiu
878 3421 916 3446 ad
934 3420 1126 3454 infirmitatem.

340 3455 359 3490 ι)
377 3457 502 3490 gloriam.
519 3471 539 3475 -
562 3457 710 3482 habendam
735 3457 832 3482 addunt
856 3456 948 3481 BCEa.
967 3470 986 3475 -
1004 3456 1055 3480 Pro
1080 3456 1238 3485 dimittetur,
1259 3455 1350 3481 dimit-

286 3495 376 3517 tentur
395 3492 495 3521 PEFla,
514 3492 688 3517 dimittuntur
707 3492 797 3518 GHbc.

339 3526 366 3561 κ)
384 3534 460 3560 quae.
476 3541 496 3546 -
513 3527 594 3556 PF1c‚·
612 3528 741 3559 (animae)
759 3533 828 3560 quae
847 3528 886 3553 ed.
906 3535 931 3558 a,
950 3528 996 3560 qui
1015 3528 1100 3552 ceteri.

338 3561 366 3596 λ)
385 3566 522 3595 operatur.
539 3577 558 3582 —
575 3566 723 3595 operantur
741 3562 765 3587 G
784 3568 809 3588 et
827 3563 962 3589 editiones.

427 3615 536 3640 Sumus
554 3615 655 3641 Timet..
675 3615 706 3641 D.
719 3615 834 3641 Tuomr.
853 3616 885 3641 T.
905 3616 947 3642 IX.

1401 303 1438 332 et
1465 296 1663 333 ordinatur
1690 304 1821 334 contra
1848 298 2214 347 concupiscentiam3
2251 301 2459 339 fortitudini

1401 348 1655 387 confirmatio.
1686 357 1722 386 et
1749 349 1948 387 ordinatur
1975 359 2106 388 contra
2134 352 2403 391 infirmitatem.

1454 403 1511 438 AD
1549 413 1684 439 PR1MUM
1717 414 1815 439 ERGO
1847 415 2029 440 monimum
2066 405 2173 452 quod
2210 405 2310 442 idem
2338 408 2459 455 'agens

1401 454 1610 503 principale
1638 454 1756 491 utitur
1783 454 1941 492 diversis
1969 455 2227 493 instrumentis
2260 459 2308 494 ad
2336 459 2458 496 diver·

1401 518 1464 543 sos
1502 507 1680 554 effectus,
1709 508 1925 544 secundum
1959 509 2246 568 congruentiam
2283 523 2457 559 operum.

1402 560 1451 596 Et
1478 559 1647 596 similiter
1673 559 1794 596 virtus
1821 559 1951 597 divina
1980 568 2016 597 et
2043 561 2168 610 passio
2198 562 2336 599 Christi
2369 575 2458 612 ope-

1402 620 1506 649 ratur
1529 610 1542 634 λ
1570 612 1609 649 in
1644 612 1755 649 nobis
1789 624 1859 661 per
1895 612 2045 650 diversa
2080 623 2315 652 sacramenta
2351 617 2459 665 quasi

1401 677 1471 714 per
1498 665 1648 702 diversa
1675 665 1938 702 instrumenta.

1455 718 1511 754 AD
1532 730 1721 755 SECUNDUM
1739 730 1921 755 D1CENDUM
1940 719 2047 767 quod
2066 721 2179 768 culpa
2206 728 2242 756 et
2263 733 2389 779 poena
2407 721 2459 757 di-

1400 770 1619 807 versitatem
1645 770 1788 807 habent
1817 778 1852 807 et
1871 772 2086 808 secundum
2106 772 2283 820 speciem,
2299 773 2460 822 inquan-

1401 831 1483 860 tum
1523 830 1611 860 sunt
1639 823 1811 860 diversae
1846 823 1991 872 species
2025 826 2228 873 culparum
2255 833 2291 862 et
2318 838 2460 875 poena—

1402 885 1511 921 rum;
1541 883 1578 912 et
1603 876 1819 912 secundum
1847 876 2019 914 diversos
2048 877 2253 915 hominum
2281 886 2398 915 status
2425 887 2461 916 et

1402 928 1656 966 habitudines.
1692 930 1740 965 Et
1776 929 1991 966 secundum
2019 930 2094 966 hoc
2135 930 2302 980 oportuit
2337 932 2461 968 multi—

1402 981 1533 1031 plicari
1562 989 1812 1029 sacramenta,
1842 990 1885 1018 ut
1912 994 1958 1019 ex
1986 982 2093 1019 dictis
2111 983 2131 1004 ’¹‘
2157 990 2270 1032 patet.

1454 1035 1513 1071 An
1540 1046 1699 1072 TERTmM
1726 1047 1908 1072 DICENDUM
1935 1035 2043 1084 quod
2070 1035 2109 1072 in
2137 1035 2350 1074 actionibus
2382 1037 2461 1075 hie-

1402 1086 1580 1124 rarchicis
1608 1087 1898 1124 considerantur
1925 1096 1961 1124 et
1987 1096 2151 1136 agentes,
2172 1096 2208 1125 et
2227 1089 2460 1138 recipientes,

1403 1148 1439 1177 et
1466 1140 1645 1177 actiones.
1679 1142 1843 1188 Agentes
1871 1148 2000 1178 autem
2028 1148 2117 1178 sunt
2143 1141 2304 1179 ministri
2332 1144 2460 1180 Eccle-

1402 1193 1491 1230 siae.
1528 1193 1588 1230 Ad
1622 1205 1721 1242 quos
1748 1193 1909 1242 pertinet
1935 1193 2080 1230 ordinis
2109 1202 2402 1232 sacramentum.
2436 1218 2461 1223 —

1402 1246 1643 1295 Recipientes
1677 1254 1808 1283 autem
1845 1254 1932 1283 sunt
1959 1246 2009 1283 illi
2041 1247 2108 1296 qui
2140 1247 2189 1284 ad
2225 1257 2461 1286 sacramenta

1402 1299 1599 1336 accedunt.
1630 1298 1709 1345 Qui
1734 1299 2003 1347 'producuntur
2021 1311 2091 1348 per
2118 1300 2419 1338 matrimonium.
2435 1324 2460 1328 -

1401 1351 1582 1389 Actiones
1601 1359 1731 1389 autem
1759 1359 1847 1388 sunt
1867 1355 2059 1402 purgatio,
2081 1353 2298 1390 illuminatio
2324 1362 2360 1390 et
2373 1367 2460 1403 per·

1391 1406 1521 1453 sectio.
1556 1405 1632 1442 Sed
1661 1405 1741 1441 sola
1768 1404 1942 1453 purgatio
1970 1417 2051 1442 non
2077 1413 2202 1454 potest
2229 1418 2310 1443 esse
2339 1418 2459 1443 sacra-

1401 1465 1579 1494 mentum
1606 1469 1732 1494 novae
1760 1457 1860 1504 legis,
1882 1457 1988 1506 quod
2016 1457 2174 1506 gratiam
2202 1459 2363 1495 confert:
2394 1460 2459 1496 sed

1388 1510 1563 1559 vpertinet
1599 1510 1647 1546 ad
1676 1510 1868 1558 quaedam
1905 1510 2211 1557 sacramentalia,
2246 1524 2345 1560 quae
2374 1520 2461 1549 sunt

1401 1562 1655 1599 catechismus
1690 1570 1726 1598 et
1758 1562 2004 1599 exorcismus.
2048 1563 2225 1610 Purgatio
2261 1572 2387 1601 autem
2425 1573 2461 1601 et

1400 1667 1493 1703 tinet
1510 1673 1528 1696 μ
1556 1667 1604 1704 ad
1624 1667 1880 1716 baptismum:
1910 1675 1957 1713 et,
1977 1675 2133 1716 propter
2160 1668 2384 1716 recidivum,
2405 1682 2461 1706 se-

1401 1719 1587 1756 cundario
1614 1719 1777 1769 pertinet
1804 1720 1852 1756 ad
1880 1719 2155 1768 poenitentiam
2187 1728 2224 1757 et
2251 1729 2461 1759 extremam

1400 1772 1635 1810 unctionem.
1678 1771 1861 1809 Perfectio
1897 1779 2044 1819 autem,
2079 1781 2269 1822 quantum
2303 1774 2352 1811 ad
2387 1774 2461 1811 vir-

1399 1833 1522 1862 tutem
1550 1825 1722 1874 quidem,
1743 1837 1843 1874 quae
1871 1832 1927 1861 est
1945 1825 2055 1874 quasi
2080 1826 2260 1875 perfectio
2279 1826 2460 1873 formalis,

1400 1878 1562 1928 pertinet
1585 1878 1634 1915 ad
1653 1877 2007 1915 confirmationem:
2037 1886 2227 1927 quantum
2255 1887 2386 1916 autem
2413 1881 2462 1917 ad

1400 1931 1715 1968 consecutionem
1734 1930 1834 1978 finis,
1863 1930 2024 1980 pertinet
2048 1931 2097 1968 ad
2117 1932 2407 1969 Eucharistiam.

1453 1986 1510 2021 AD
1531 1996 1703 2026 QUARTUM
1722 1995 1903 2021 mOENDUM
1922 1984 2029 2032 quod
2049 1984 2088 2020 in
2108 1992 2346 2022 sacramento
2370 1997 2461 2022 con-

1400 2037 1628 2075 firmationis
1652 2037 1764 2074 datur
1781 2036 1980 2086 plenitudo
2001 2036 2162 2086 Spiritus
2182 2037 2309 2075 Sancti
2332 2038 2382 2075 ad
2401 2050 2461 2075 ro-

1400 2091 1491 2136 bur;
1521 2090 1560 2127 in
1588 2097 1757 2127 extrema
1776 2097 1905 2126 autem
1928 2090 2108 2126 unctione
2126 2098 2375 2139 praeparatur
2392 2092 2461 2128 ho-

1400 2155 1467 2180 mo
1496 2151 1538 2180 ut
1557 2142 1711 2192 recipiat
1730 2139 1948 2179 immediate
1967 2142 2146 2190 gloriam3
2175 2155 2346 2191 quorum
2369 2156 2460 2180 neu-

1400 2204 1501 2233 trum
1540 2195 1723 2244 competit
1749 2195 1867 2231 veteri
1894 2202 2132 2232 testamento.
2169 2196 2217 2232 Et
2247 2195 2335 2233 ideo
2367 2196 2461 2233 nihil

1399 2248 1524 2298 potuit
1542 2248 1601 2285 his
1621 2247 1865 2285 sacramentis
1884 2247 1923 2284 in
1942 2247 2061 2285 veteri
2080 2250 2159 2296 lege
2174 2249 2418 2297 respondere.
2434 2271 2460 2276 -

1401 2301 1664 2339 Nihilominus
1691 2308 1821 2337 tamen
1849 2308 2085 2338 sacramenta
2104 2300 2241 2338 veteris
2269 2301 2358 2349 legis
2381 2302 2460 2338 fue-

1401 2362 1490 2392 runt
1516 2356 1627 2404 plura
1662 2365 1826 2390 numero
1839 2383 1848 2401 ,
1877 2361 2034 2402 propter
2060 2353 2316 2390 diversitatem
2350 2354 2461 2391 sacri—

1400 2407 1581 2445 ficiorum
1609 2414 1645 2443 et
1672 2406 2016 2444 caeremoniarum.

1454 2462 1512 2498 An
1532 2471 1693 2503 Qum-rum
1707 2471 1888 2497 DICENDUM
1907 2460 2015 2508 quod
2038 2467 2170 2496 contra
2189 2459 2461 2509 concupiscen-

1401 2514 1494 2551 tiam
1521 2524 1779 2550 venereorum
1807 2512 1976 2561 oportuit
2002 2512 2213 2561 specialiter
2246 2513 2461 2550 remedium

1401 2566 1575 2604 adhiberi
1602 2578 1672 2615 per
1698 2565 1854 2614 aliquod
1883 2573 2184 2602 sacramentum:
2222 2565 2349 2614 primo
2377 2565 2461 2614 qui-

1401 2621 1504 2665 dem,
1533 2618 1625 2668 quia
1651 2630 1721 2667 per
1753 2618 1977 2655 huiusmodi
2005 2617 2354 2667 concupiscentiam
2382 2629 2462 2655 non

1402 2674 1530 2710 solum
1557 2671 1710 2709 vitiatur
1745 2683 1931 2720 persona,
1961 2671 2028 2708 sed
2065 2670 2177 2707 etiam
2214 2678 2367 2716 natura;
2405 2682 2462 2707 se-

1402 2725 1550 2771 cundo,
1579 2731 1736 2774 propter
1769 2723 2055 2760 vehementiam
2090 2723 2182 2771 eius,
2218 2735 2295 2772 qua
2314 2729 2327 2745 ⁹
2354 2723 2462 2760 ratio-

1402 2791 1494 2815 nem
1521 2777 1711 2815 absorbet.

1455 2832 1513 2868 An
1541 2842 1683 2867 snxrnn
1701 2829 1722 2851 ’¹‘
1748 2841 1929 2866 monimum
1949 2829 2056 2878 quod
2080 2841 2182 2878 aqua
2200 2828 2399 2866 benedicta
2427 2837 2463 2866 et

1402 2883 1497 2920 aliae
1533 2882 1838 2920 consecrationes
1879 2893 1959 2918 non
1995 2882 2175 2918 dicuntur
2215 2889 2461 2928 sacramenta,

1402 2935 1494 2985 quia
1521 2947 1601 2972 non
1629 2935 1846 2984 perducunt
1865 2935 1914 2971 ad
1933 2933 2158 2971 sacramenti
2183 2934 2374 2980 effectum,
2394 2934 2461 2983 qui

1403 2996 1458 3025 est
1497 2987 1637 3036 gratiae
1678 2986 1910 3024 consecutio.
1953 2986 2029 3024 Sed
2070 2994 2159 3023 sunt
2194 2986 2462 3035 dispositiones

1402 3041 1596 3090 quaedam
1630 3040 1679 3077 ad
1716 3047 1969 3076 sacramenta:
2007 3040 2068 3075 vel
2102 3039 2341 3075 removendo
2373 3051 2461 3088 pro-

1402 3094 1557 3139 hibens,
1597 3092 1693 3129 sicut
1729 3104 1830 3142 aqua
1867 3091 2066 3128 benedicta
2098 3090 2295 3128 ordinatur
2330 3099 2462 3128 contra

1402 3145 1558 3183 insidias
1585 3146 1843 3192 daemonum,
1872 3151 1910 3181 et
1937 3151 2069 3181 contra
2096 3151 2251 3194 peccata
2277 3143 2459 3190 venialia;

1402 3201 1465 3236 vel
1484 3197 1728 3236 idoneitatem
1750 3197 1947 3247 quandam
1974 3195 2148 3234 faciendo
2168 3196 2217 3234 ad
2236 3197 2462 3234 sacramenti

1403 3251 1691 3302 perceptionem
1709 3248 1742 3297 Ε,
1771 3249 1867 3287 sicut
1893 3256 2138 3287 consecratur
2164 3251 2279 3287 altare
2307 3256 2343 3286 et
2369 3261 2462 3287 vasa

1404 3312 1561 3355 propter
1587 3302 1840 3340 reverentiam
1868 3301 2139 3340 Eucharistiae.

1459 3418 1488 3454 μ.)
1503 3420 1666 3452 pertinet.—
1680 3419 1817 3451 pertinent
1835 3418 1883 3444 Pa.
1902 3418 1990 3442 Altero
2009 3418 2067 3442 loco
2082 3417 2220 3449 pertinent
2237 3417 2266 3441 P.

1458 3455 1481 3489 ν)
1501 3462 1561 3487 qua.
1579 3469 1599 3473 -
1616 3461 1684 3487 quae
1701 3453 1726 3478 H
1745 3459 1769 3478 et
1788 3453 1922 3478 editiones.

1403 3526 1427 3551 H
1447 3489 1482 3551 εἰ)
1491 3490 1734 3551 ὢείἑὲεῃρξοηεγηβ
1748 3489 1937 3522 perfectIonem
1956 3489 2003 3518 Ea,
2018 3487 2208 3521 perfectionem
2227 3490 2253 3512 et
2267 3487 2462 3520 perceptionem

2280 3610 2296 3635 8

2490 986 2498 995 ·
2513 984 2537 1005 In
2553 989 2658 1012 corpore.

1401 1613 1628 1652 illuminatio
1656 1613 1787 1659 simul,
1817 1615 2032 1651 secundum
2059 1615 2292 1664 Dionysium
2309 1617 2348 1663 ²⁸,
2375 1629 2460 1666 per·
2489 1616 2699 1666 JL?⁰‘⁰¹‘·¹³⁸“-¹›

2490 2829 2571 2876 2⁰22.
2589 2835 2596 2850 ι
2620 2827 2669 2849 Sed
