2878 4088
152 488 161 498 '
168 487 223 508 Loc.
233 487 271 507 cit.
281 486 304 508 in
315 492 361 513 arg.

151 1202 160 1211 ·
176 1200 239 1222 Vers.
257 1200 289 1222 18.

115 1390 118 1393 -
151 1377 301 1403 ‘Dist.x1.vn,
311 1382 360 1404 cap.

150 1403 226 1425 Erunt
240 1405 324 1425 autem,

150 1432 159 1442 ²
188 1430 274 1451 Morat.
308 1430 347 1451 lib.

150 1456 285 1484 xxvl‚cap.
292 1462 362 1482 xxvn,

149 1483 213 1505 aliter
223 1490 264 1509 xx;
281 1483 303 1505 in
317 1487 360 1505 vet.

150 1516 212 1531 xxiv.

130 1797 137 1802 .
152 1783 161 1792 ·
177 1780 212 1803 Cf.
228 1783 269 1802 art.
285 1786 362 1808 praec.

156 2939 165 2948 ·
181 2938 246 2959 vers.
262 2937 285 2958 6.

159 3287 168 3295 ·
184 3284 250 3306 Vers.
264 3290 284 3311 3.

161 3455 171 3464 ·
185 3453 250 3474 Vero.
266 3452 300 3474 28.

161 3479 239 3500 ‘Vei-s.
246 3485 281 3506 24;
291 3478 370 3500 matth.

394 202 469 227 210

392 270 498 300 electis
522 278 589 298 non
614 268 672 298 erit
694 266 734 298 ad
756 266 936 297 tollendum
960 267 1183 298 certitudinem
1213 264 1416 296 beatitudinis
1440 272 1457 292 a

392 312 540 343 cordibus
573 313 718 352 ipsorum
754 310 1017 342 iudicandorum:
1052 311 1107 341 sed
1139 316 1175 341 ut
1207 307 1457 350 praeeminentia

391 358 552 387 bonorum
581 357 769 386 meritorum
792 355 831 386 ad
854 355 937 386 mala
961 355 1146 386 ostendatur
1175 354 1325 385 omnibus
1354 351 1455 382 mani-

391 401 478 437 feste,
497 406 527 431 et
550 401 594 431 sic
618 401 678 430 Dei
701 401 819 430 iustitia
843 401 1081 440 comprobetur.

445 446 498 475 An'
519 455 654 475 ram-nm
669 454 829 475 mmmmm
849 444 938 485 quod
955 444 1129 484 Gregorius
1145 442 1288 481 loquitur
1312 440 1351 470 de
1366 439 1456 469 iustis
1478 445 1487 465 5

390 490 423 519 in
447 499 540 519 carne
563 489 690 519 mortali
714 489 929 519 existentibus.
965 488 1057 519 Unde
1082 496 1176 526 supra
1193 487 1209 502 ³*
1233 484 1454 525 praemiserat:

390 533 437 563 Hi
460 534 515 574 qui
539 534 570 563 in
588 534 778 573 corporibus
802 533 938 573 reperiri
948 532 1125 572 potuerint,
1142 529 1287 571 quamvis
1304 529 1369 558 iam
1376 528 1455 569 sor-

390 583 435 609 tes
458 583 553 618 atque
570 578 720 619 perfecti,
744 577 857 612 adhuc,
882 577 958 617 quia
982 576 1014 605 in
1039 584 1138 605 carne
1160 578 1236 604 sunt
1253 573 1364 614 positi,
1389 582 1454 603 non

383 627 523 662 possunt
545 623 576 653 in
602 623 684 652 tanti
700 622 836 652 terroris
860 621 986 651 turbine
1001 619 1093 649 nulla
1107 618 1292 660 formidine
1315 617 1454 647 concuti.

390 666 483 697 Unde
493 672 580 707 patet
596 666 685 707 quod
700 672 800 696 terror
815 665 866 695 ille
882 663 1065 694 referendus
1082 668 1129 693 est
1145 662 1184 693 ad
1198 668 1326 702 tempus
1342 662 1456 692 imme·
1471 670 1497 685 ιο

391 711 473 742 diate
497 711 651 741 iudicium
684 709 894 751 praecedens,
921 707 1124 738 tremendum
1154 706 1286 747 quidem
1317 706 1455 736 maxime

390 756 490 791 malis,
517 765 584 786 non
608 761 715 785 autem
738 755 845 789 bonis,
872 753 988 793 quibus
1011 751 1100 782 nulla
1123 752 1181 782 erit
1203 751 1279 782 mali
1303 751 1454 791 suspicio.

444 800 595 830 Rationes
611 805 718 829 autem
742 807 823 838 quae
844 802 918 827 sunt
941 795 981 826 ad
1004 796 1202 836 oppositum,
1219 794 1400 836 procedunt
1416 794 1455 826 de

390 844 510 874 iudicio
535 849 691 884 quantum
715 842 754 872 ad
777 841 1018 872 retributionem
1042 842 1269 881 praemiorum.

576 908 675 938 ART.
692 907 759 937 VII.
784 916 888 937 UTRUM
912 916 986 936 MAL1
1009 917 1172 936 mmmmm
1195 916 1262 936 smT

438 960 468 980 1V
484 959 555 984 Sent„
572 959 624 979 dist.
641 964 702 979 xuu.
718 962 760 979 art.
778 965 796 982 ι,
812 958 855 985 qu'¹
870 963 890 983 2,
906 956 934 978 ad
951 963 974 982 ις
991 956 1116 984 Compend.
1136 956 1225 983 Theol„
1241 962 1292 983 cap.
1307 961 1405 981 ccxi-11¹:

508 986 532 1007 ln
548 986 632 1006 Psalm.
649 985 671 1010 Ι;
686 985 711 1006 In
726 984 818 1010 Matth„
837 989 888 1011 cap.
902 990 959 1007 xxv:
976 984 985 1004 l
1000 983 1034 1005 ad
1048 983 1113 1010 Cor„
1124 989 1175 1010 cap.
1190 989 1212 1009 v,
1228 983 1280 1004 lect.
1295 989 1336 1008 ιιι;

561 1011 581 1032 11
596 1011 629 1032 ad
644 1011 707 1038 Cor„
723 1017 772 1038 cap.
789 1017 810 1037 v,
826 1011 878 1032 lect.
895 1016 922 1036 ¹¹3
937 1010 973 1031 Aa
986 1010 1059 1037 Heb.,
1076 1016 1126 1037 cap.
1142 1016 1165 1037 x,
1180 1010 1231 1031 lect.
1248 1015 1280 1031 ιιι.

391 1074 473 1136 ΑΒ
497 1072 648 1093 SEPTIMUM
678 1072 724 1092 sm
755 1071 960 1092 PROCEDITUR.
992 1060 1127 1092 Videtur
1155 1060 1245 1101 quod
1272 1060 1352 1091 nulli
1379 1059 1456 1090 mali

453 1107 686 1138 iudicabuntur.
712 1106 801 1137 Sicut
825 1106 911 1136 enim
935 1111 981 1136 est
1011 1111 1096 1136 certa
1121 1104 1301 1135 infidelium
1325 1103 1456 1134 damna·
1471 1112 1497 1126 ²⁰

389 1153 451 1188 tio,
475 1153 517 1182 ita
541 1157 572 1182 et
595 1161 708 1181 eorum
732 1151 787 1191 qui
810 1151 844 1181 in
877 1151 1004 1181 mortali
1032 1149 1202 1180 decedunt.
1239 1148 1301 1180 Sed
1324 1153 1456 1189 propter

389 1196 600 1227 damnationis
624 1195 847 1226 certitudinem
864 1195 978 1225 dicitur
1001 1195 1089 1225 Ioan.
1106 1204 1140 1224 111
1155 1195 1188 1224 ἰ
1217 1193 1281 1230 Qui
1298 1202 1363 1223 non
1388 1201 1456 1223 cre-

389 1241 443 1276 dit,
462 1241 526 1271 iam
550 1240 710 1270 iudicatus
733 1245 788 1271 est.
813 1240 898 1280 Ergo
915 1239 1027 1269 eadem
1051 1239 1174 1269 ratione
1190 1248 1251 1269 nec
1275 1238 1327 1268 alii
1342 1246 1455 1277 pecca-

388 1291 472 1316 tores
496 1285 731 1315 iudicabuntur.

446 1339 474 1360 2.
499 1330 694 1365 Paaareaaa,
710 1339 773 1359 vox
796 1328 910 1359 iudicis
927 1334 973 1359 est
996 1327 1087 1358 valde
1105 1327 1251 1358 terribilis
1267 1327 1312 1357 eis
1329 1326 1385 1366 qui
1400 1335 1458 1366 per
1471 1333 1495 1354 25

389 1374 544 1404 iudicium
568 1373 833 1404 condemnantur.
867 1372 946 1409 Sed,
973 1373 1055 1403 sicut
1077 1373 1111 1403 in
1134 1372 1237 1402 littera
1252 1372 1269 1388 ⁴*
1293 1381 1331 1401 ex
1354 1370 1457 1401 verbis

390 1418 568 1459 Gregorii*
584 1419 727 1454 habetur,
749 1418 788 1448 ad
811 1417 956 1448 infideles
979 1417 1132 1447 allocutio
1163 1416 1277 1447 iudicis
1299 1425 1368 1446 non
1391 1414 1456 1445 fiet.

389 1463 421 1494 Si
446 1473 521 1503 ergo
545 1462 635 1493 fieret
659 1462 698 1492 ad
721 1462 831 1492 fideles
854 1461 1063 1498 damnandos,
1080 1460 1224 1492 infideles
1243 1460 1283 1491 de
1306 1469 1363 1490 sua
1386 1458 1457 1489 infi-

389 1507 516 1538 delitate
540 1506 752 1538 commodum
774 1511 983 1547 reportarent.
1008 1505 1108 1544 Quod
1131 1511 1178 1536 est
1201 1504 1385 1535 absurdum.

444 1552 505 1583 San
531 1562 664 1588 CONTRA,
687 1551 812 1582 videtur
836 1551 925 1591 quod
956 1560 1070 1581 omnes
1093 1550 1169 1580 mali
1192 1550 1254 1580 sint
1284 1547 1456 1579 iudicandi.
1473 1555 1499 1576 3⁰

389 1596 474 1634 Quia
497 1597 647 1626 omnibus
670 1596 761 1626 malis
784 1595 945 1635 infligetur
968 1605 1075 1635 poena
1097 1594 1276 1625 secundum
1299 1593 1458 1634 quantita-

389 1646 454 1671 tem
478 1641 601 1681 culpae.
626 1640 689 1671 Sed
703 1641 767 1671 hoc
790 1641 858 1670 sine
882 1638 1069 1670 definitione
1084 1638 1194 1669 iudicii
1218 1648 1286 1669 esse
1301 1647 1369 1668 non
1385 1642 1458 1677 pot-

390 1691 445 1716 est.
470 1686 555 1725 Ergo
580 1694 693 1715 omnes
716 1684 792 1715 mali
814 1683 1050 1714 iudicabuntur.

444 1730 633 1760 Rasponmzo
649 1739 809 1759 mmmmm
829 1728 919 1769 quod
933 1727 1090 1759 iudicium
1109 1726 1199 1768 quod
1218 1732 1265 1757 est
1280 1735 1459 1767 poenarum

389 1774 554 1804 retributio
571 1783 629 1814 pro
646 1774 784 1813 peccatis
793 1774 820 1808 *,
834 1773 985 1803 omnibus
1000 1773 1091 1802 malis
1111 1771 1282 1811 competit:
1303 1770 1459 1801 iudicium
1475 1779 1498 1799 ³5

390 1823 497 1848 autern
515 1818 603 1858 quod
619 1823 665 1847 est
681 1817 835 1848 discussio
852 1817 1052 1852 meritorum,
1069 1817 1176 1846 solum
1192 1814 1349 1846 fidelibus.
1374 1814 1459 1852 Quia

389 1862 571 1893 infidelibus
587 1871 654 1892 non
670 1867 717 1892 est
731 1861 807 1892 fidei
823 1861 1087 1892 fundamentum:
1112 1870 1179 1900 quo
1195 1860 1332 1896 sublato,
1349 1859 1459 1889 omnia

390 1916 488 1947 opera
521 1907 688 1947 sequentia
721 1905 860 1946 perfecta
895 1905 1084 1936 rectitudine
1118 1905 1305 1935 intentionis
1340 1908 1457 1934 carent.

390 1951 483 1982 Unde
499 1961 566 1981 non
583 1956 629 1981 est
652 1951 685 1980 in
709 1951 753 1980 eis
770 1950 877 1990 aliqua
899 1950 1068 1990 permixtio
1085 1950 1248 1979 bonorum
1269 1949 1458 1978 meritorum

390 1995 429 2026 ad
452 1996 544 2031 mala,
562 2004 644 2035 quae
662 1994 892 2024 discussionem
915 1994 1088 2034 requirant.
1113 1992 1176 2024 Sed
1191 1992 1312 2028 fideles,
1328 1993 1362 2022 in
1386 1992 1458 2031 qui·
1472 2000 1500 2020 ⁴⁰

390 2041 448 2070 bus
471 2045 579 2069 manet
602 2038 676 2069 fidei
700 2038 956 2074 fundamentum,
974 2037 1014 2068 ad
1037 2038 1144 2068 minus
1160 2036 1235 2067 fidei
1259 2042 1366 2067 actum
1390 2036 1457 2066 lau-

390 2084 526 2114 dabilem
549 2084 682 2113 habent:
709 2083 853 2123 quamvis
876 2092 944 2113 non
966 2083 1006 2112 sit
1029 2082 1210 2112 meritorius
1226 2081 1294 2111 sine
1319 2081 1456 2111 caritate.

390 2129 525 2164 Tamen,
543 2133 700 2168 quantum
724 2132 771 2157 est
794 2126 833 2157 de
857 2136 900 2163 se,
918 2132 964 2157 est
981 2126 1145 2157 ordinatus
1168 2125 1208 2155 ad
1231 2125 1392 2156 meritum.
1416 2124 1458 2154 Et

389 2172 462 2203 ideo
486 2173 519 2202 in
543 2173 588 2202 eis
611 2171 766 2202 iudicium
790 2171 995 2202 discussionis
1024 2171 1134 2200 locum
1157 2170 1262 2200 habet.
1287 2168 1381 2200 Unde
1396 2169 1457 2208 ipsi

389 2217 508 2253 fideles,
527 2217 581 2256 qui
598 2216 727 2246 fuerunt
744 2216 855 2246 saltem
871 2225 1007 2246 numero
1025 2215 1109 2245 cives
1129 2214 1274 2245 Civitatis
1290 2214 1360 2249 Dei,
1374 2212 1456 2244 iudi·
1471 2225 1496 2245 45

390 2262 547 2292 cabuntur
561 2266 598 2291 ut
613 2261 707 2296 cives,
724 2261 758 2290 in
774 2269 857 2300 quos
880 2261 947 2290 sine
965 2259 1162 2290 discussione
1181 2259 1371 2289 meritorum
1386 2267 1457 2288 sen-

389 2306 487 2336 tentia
505 2306 616 2336 mortis
639 2314 707 2335 non
723 2304 830 2335 fertur.
856 2304 919 2335 Sed
938 2304 1082 2335 infideles
1098 2303 1400 2334 condemnabuntur
1422 2307 1458 2332 ut

390 2351 506 2386 hostes,
524 2350 579 2390 qui
596 2355 832 2380 consueverunt
855 2348 941 2389 apud
956 2349 1105 2379 homines
1129 2348 1250 2388 absque
1268 2348 1458 2378 meritorum

390 2394 549 2425 audientia
573 2394 781 2424 exterminari.

614 188 877 236 QUAESTIO
907 188 1115 234 LXXXIX,
1137 184 1429 224 ARTICULUS
1458 183 1535 230 VII,
1556 183 1637 220 VIII
1656 205 1681 210 -—
1702 183 1967 230 QUAESTIO
1997 182 2078 230 XC,
2103 183 2396 222 ARTICULUS
2424 185 2438 221 I

1512 267 1634 302 tempus
1643 262 1783 302 perdere
1799 262 1885 293 nos?
1900 262 1941 293 Et
1958 261 2072 293 Glossa
2087 263 2104 279 ’θ
2121 261 2197 293 dicit
2211 262 2331 293 ibidem
2347 262 2437 303 quod
2451 263 2580 294 daemo-

1512 315 1577 342 nes,
1594 306 1627 336 in
1652 311 1741 337 terra
1763 307 1940 337 Dominum
1964 311 2139 342 cernentes,
2154 316 2189 337 se
2212 306 2366 337 continuo
2390 307 2582 338 iudicandos

1511 360 1579 381 esse
1602 350 1781 381 credebant.
1805 351 1891 391 Ergo
1914 350 2039 381 videtur
2063 350 2153 391 quod
2176 352 2221 381 eis
2243 350 2338 381 finale
2353 351 2510 382 iudicium
2532 361 2581 383 re-

1511 400 1662 425 servatur.

1556 439 1588 469 3.
1613 439 1809 476 Pani-erum,
1827 439 1854 470 II
1877 439 1943 470 Pet.
1961 450 1983 469 n
1999 440 2016 456 ⁴*
2037 438 2168 470 dicitur:
2192 439 2282 470 Deus
2297 440 2424 481 angelis
2441 449 2581 480 peccan-

1511 483 1594 514 tibus
1626 493 1691 514 non
1718 484 1878 524 pepercit,
1912 484 1969 514 sed
1992 483 2179 514 rudentibus
2210 484 2333 525 inferni
2362 483 2523 515 detractos
2546 485 2579 514 in

1511 532 1672 558 tartarum
1696 528 1831 559 tradidit
1851 528 2054 563 cruciandos,
2072 528 2104 558 in
2129 527 2283 558 iudicium
2299 529 2471 559 reservari.
2494 528 2580 568 Ergo

1510 571 1635 602 videtur
1658 572 1748 613 quod
1771 573 1876 613 angeli
1898 572 2134 603 iudicabuntur.

1566 616 1629 647 San
1654 627 1794 653 CONrRA,
1822 617 1910 647 Deus
1941 626 2006 647 non
2032 616 2154 647 iudicat
2175 616 2223 646 bis
2247 617 2279 646 in
2304 616 2442 657 idipsum
2457 617 2484 647 *.
2518 616 2581 648 Sed

1510 661 1586 691 mali
1610 662 1713 701 angeli
1737 662 1801 692 iam
1824 661 1954 692 iudicati
1978 666 2068 691 sunt:
2094 660 2181 694 unde
2204 661 2291 691 Ioan.
2309 671 2361 691 xV1
2376 662 2403 698 *ξ
2427 661 2581 702 Princeps

1510 705 1623 735 mundi
1646 706 1710 736 iam
1734 705 1895 736 iudicatus
1918 710 1973 736 est.
1998 706 2084 745 Ergo
2101 706 2134 735 in
2158 704 2267 735 futuro
2291 705 2396 745 angeli
2414 714 2482 736 non
2498 705 2580 736 iudi-

1511 750 1678 780 cabuntur.

1567 803 1596 824 2.
1621 794 1818 830 PnAiz‘rssmz-A,
1842 794 2013 835 perfectior
2036 799 2083 824 est
2112 794 2238 824 bonitas
2261 794 2312 824 vel
2335 793 2455 824 malitia
2484 803 2580 834 ange-

1510 838 1616 868 lorum
1641 848 1738 879 quam
1763 839 1946 878 aliquorum
1962 839 2133 869 hominum
2156 839 2190 869 in
2213 843 2296 868 statu
2316 838 2397 868 viae.
2422 837 2485 869 Sed
2509 839 2580 878 qui-

1510 882 1584 913 dam
1607 883 1755 913 homines
1779 884 1858 913 boni
1878 889 1910 914 et
1927 883 2004 913 mali
2026 893 2094 913 non
2117 882 2344 913 iudicabuntur
2359 883 2385 912 *.
2410 883 2496 923 Ergo
2519 892 2580 913 nec

1511 927 1615 967 angeli
1637 928 1715 958 boni
1737 927 1789 958 vel
1811 928 1887 958 mali
1910 927 2145 958 iudicabuntur.
2376 933 2381 939 ’

1565 971 1756 1002 ΒΕεΡοΝυΕο
1780 981 1940 1002 memnon
1956 971 2047 1012 quod
2061 971 2218 1002 iudicium
2234 968 2440 1002 discussionis
2455 972 2473 988 ⁴*
2488 971 2579 1002 nullo

1509 1015 1610 1045 modo
1627 1015 1722 1046 habet
1737 1015 1848 1046 locum
1870 1025 1978 1056 neque
2000 1017 2035 1046 in
2050 1016 2143 1046 bonis
2165 1016 2284 1056 angelis
2299 1025 2407 1056 neque
2421 1016 2456 1046 in
2470 1016 2578 1046 malis:

1510 1060 1586 1099 quia
1608 1068 1716 1099 neque
1739 1060 1773 1090 in
1796 1060 1889 1090 bonis
1912 1066 2019 1100 potest
2048 1060 2169 1100 aliquid
2191 1060 2268 1091 mali
2296 1061 2448 1097 inveniri,
2472 1069 2580 1101 neque

1510 1104 1544 1133 in
1566 1103 1658 1133 malis
1682 1103 1802 1143 aliquid
1825 1104 1904 1134 boni
1927 1103 1967 1134 ad
1989 1103 2146 1134 iudicium
2169 1105 2341 1144 pertinens.

1567 1147 1630 1178 Sed
1653 1148 1680 1177 si
1702 1148 1875 1187 loquamur
1891 1147 1930 1179 de
1953 1147 2074 1179 iudicio
2089 1149 2316 1184 retributionis,
2333 1149 2378 1179 sic
2401 1154 2448 1179 est
2471 1148 2580 1179 distin-

1510 1191 1637 1231 guenda
1660 1191 1779 1232 duplex
1800 1192 1977 1223 retributio.
2002 1192 2075 1223 Una
2097 1192 2294 1232 respondens
2309 1193 2446 1232 propriis
2461 1193 2581 1223 meritis

1511 1236 1711 1276 angelorum.
1735 1236 1776 1266 Et
1798 1237 1878 1267 haec
1901 1246 1920 1267 a
1942 1237 2102 1277 principio
2125 1236 2186 1267 fuit
2208 1237 2351 1277 utrisque
2379 1236 2478 1273 facta,
2503 1236 2581 1267 dum

1512 1280 1643 1321 quidam
1672 1280 1711 1311 ad
1734 1280 1963 1311 beatitudinem
1993 1281 2154 1311 sublimati
2177 1286 2268 1317 sunt,
2294 1280 2425 1321 quidam
2447 1290 2524 1311 vero
2547 1281 2582 1312 in

1510 1325 1672 1356 miseriam
1706 1325 1852 1356 demersi.
1875 1343 1899 1347 —
1921 1325 1994 1356 Alia
2023 1326 2189 1356 retributio
2220 1330 2267 1356 est
2297 1335 2380 1366 quae
2409 1324 2583 1366 respondet

1511 1370 1631 1400 meritis
1654 1370 1748 1400 bonis
1771 1369 1822 1400 vel
1854 1369 1945 1400 malis
1976 1379 2034 1410 per
2056 1370 2188 1410 angelos
2210 1370 2397 1410 procuratis.
2432 1369 2474 1400 Et
2502 1370 2582 1401 haec

1511 1414 1678 1444 retributio
1701 1414 1736 1444 in
1759 1413 1868 1444 futuro
1883 1413 2004 1444 iudicio
2028 1413 2100 1444 fiet:
2125 1415 2201 1454 quia
2224 1414 2302 1444 boni
2317 1414 2422 1454 angeli
2444 1414 2582 1454 amplius

1511 1457 1666 1498 gaudium
1681 1458 1845 1488 habebunt
1861 1458 1900 1489 de
1923 1458 2024 1489 salute
2039 1468 2154 1489 eorum
2169 1468 2251 1499 quos
2268 1458 2307 1488 ad
2322 1458 2474 1489 meritum
2487 1458 2583 1489 indu-

1511 1507 1642 1539 xerunt3
1667 1507 1699 1533 et
1721 1503 1797 1533 mali
1820 1503 1958 1543 amplius
1980 1504 2217 1543 torquebuntur
2244 1503 2454 1543 multiplicata
2479 1503 2582 1534 malo-

1512 1556 1585 1578 rum
1607 1548 1709 1583 ruina,
1726 1548 1783 1587 qui
1805 1557 1863 1587 per
1885 1557 1942 1578 eos
1965 1547 2005 1578 ad
2027 1547 2112 1578 mala
2134 1553 2208 1578 sunt
2230 1547 2361 1578 incitati.

1568 1591 1672 1628 Unde,
1690 1591 1808 1622 directe
1830 1592 2008 1632 loquendo,
2023 1591 2181 1622 iudicium
2196 1601 2257 1622 nec
2281 1600 2319 1622 ex
2334 1596 2424 1632 parte
2438 1590 2583 1622 iudican-

1512 1636 1595 1666 tium
1625 1645 1733 1676 neque
1757 1646 1795 1666 ex
1818 1641 1907 1676 parte
1929 1635 2177 1667 iudicandorum
2210 1636 2268 1666 erit
2299 1636 2502 1676 angelorum,
2526 1635 2584 1666 sed

1512 1680 1695 1710 hominum.
1720 1680 1784 1711 Sed
1806 1680 1959 1711 indirecte
1987 1680 2232 1721 quodammodo
2262 1680 2410 1720 respiciet
2433 1680 2581 1720 angelos,

1512 1725 1705 1765 inquantum
1729 1724 1851 1755 actibus
1873 1725 2045 1755 hominum
2068 1724 2198 1755 fuerunt
2221 1725 2396 1755 commixti.

1568 1769 1619 1798 An
1642 1778 1760 1798 ramum
1783 1778 1866 1799 mmo
1883 1779 2043 1799 mcanmm
2066 1768 2155 1809 quod
2178 1768 2258 1799 illud
2273 1769 2408 1799 verbum
2430 1768 2582 1809 Apostoli

1514 1818 1561 1842 est
1576 1812 1819 1852 intelligendum
1835 1813 1875 1843 de
1898 1813 2018 1843 iudicio
2035 1813 2284 1853 comparationis
2298 1813 2332 1843 ⁴:
2357 1813 2433 1853 quia
2451 1811 2582 1853 quidam
2611 1813 2620 1824 ⁸

1513 1857 1661 1887 homines
1684 1857 1877 1897 quibusdam
1900 1858 2020 1898 angelis
2043 1858 2223 1897 superiores
2245 1857 2458 1887 invenientur.

1566 1901 1617 1931 An
1630 1911 1792 1932 sueonum«
1803 1911 1964 1932 mmmmm
1977 1901 2067 1942 quod
2077 1902 2139 1942 ipsi
2151 1901 2325 1932 daemones
2337 1901 2460 1932 cunctis
2472 1901 2582 1932 viden-

1513 1945 1596 1975 tibus
1612 1945 1925 1986 praecipitabuntur‚
1942 1947 2018 1986 quia
2039 1947 2074 1976 in
2103 1951 2297 1986 perpetuum
2319 1946 2354 1976 in
2376 1944 2492 1976 inferni
2515 1955 2582 1976 car-

1513 1998 1619 2020 cerem
1635 1989 1852 2026 detrudentur,
1870 1995 1906 2020 ut
1928 1990 1992 2020 iam
2007 1999 2076 2020 non
2091 1991 2130 2020 sit
2145 1991 2190 2021 eis
2205 1990 2343 2020 liberum
2362 1989 2469 2030 egredi
2485 1995 2580 2020 extra.

1512 2033 1599 2070 Quia
1621 2034 1684 2064 hoc
1699 2034 1744 2064 eis
1759 2043 1827 2064 non
1851 2034 2087 2064 concedebatur
2104 2035 2166 2064 nisi
2189 2033 2368 2064 secundum
2384 2033 2474 2074 quod
2498 2034 2582 2065 ordi-

1511 2077 1646 2108 nabatur
1670 2087 1707 2108 ex
1741 2077 1848 2108 divina
1879 2078 2082 2118 providentia
2105 2078 2144 2109 ad
2167 2078 2340 2108 hominum
2368 2079 2466 2108 vitam
2494 2087 2582 2109 exer-

1513 2121 1657 2152 cendam.

1567 2166 1608 2196 Et
1631 2165 1775 2196 similiter
1798 2165 1970 2196 dicendum
1995 2171 2042 2197 est
2065 2165 2104 2197 ad
2127 2167 2265 2197 tertium.

1742 2230 1997 2274 QUAESTIO
2025 2230 2353 2265 NONAGESIMA

1661 2285 1706 2309 na
1724 2285 1847 2310 FORMA
1867 2285 1988 2310 1UD1CIS
2007 2285 2191 2310 VENIENTlS
2210 2283 2260 2320 ab
2279 2284 2435 2310 mmcmM

1516 2352 1669 2416 Diuum:
1692 2341 1961 2373 considerandum
1978 2347 2025 2373 est
2041 2342 2080 2373 de
2104 2342 2207 2373 forma
2230 2341 2344 2373 iudicis
2366 2343 2522 2374 venientis
2543 2342 2583 2374 ad

1575 2386 1732 2417 iudicium
1748 2388 1775 2417 ἦ

445 2439 495 2469 An
519 2448 636 2468 ramum
664 2448 747 2468 naoo
785 2447 944 2468 mmmmm
974 2437 1082 2477 quod,
1108 2437 1254 2477 quamvis
1278 2436 1322 2466 eis
1346 2436 1403 2475 qui
1425 2436 1459 2466 in
1475 2446 1500 2467 ςο
1514 2431 1608 2462 Circa
1631 2430 1721 2471 quod
1744 2436 1941 2471 quaeruntur
1965 2432 2033 2461 tria.

390 2483 516 2514 mortali
539 2482 708 2519 decedunt,
726 2491 784 2522 pro
801 2487 888 2512 certo
906 2487 1031 2512 constet
1047 2481 1087 2512 de
1104 2490 1219 2512 eorum
1235 2480 1458 2516 damnatione3

391 2528 466 2568 quia
488 2533 596 2557 tamen
619 2527 725 2567 aliqua
748 2536 830 2567 quae
853 2527 1014 2567 pertinent
1030 2526 1069 2556 ad
1092 2526 1174 2556 bene
1198 2524 1388 2556 merendum
1404 2525 1459 2555 ha-

391 2573 467 2602 bent
489 2581 621 2607 annexa,
639 2576 776 2611 oportet,
794 2570 834 2601 ad
854 2570 1145 2601 manifestationem
1162 2569 1287 2601 divinae
1310 2569 1458 2605 iustitiae,

391 2621 427 2647 ut
450 2615 603 2646 discussio
628 2615 667 2646 de
691 2625 805 2646 eorum
827 2615 947 2645 meritis
978 2614 1048 2651 fiat,
1072 2624 1129 2654 per
1152 2624 1251 2655 quam
1275 2613 1460 2644 ostendatur

392 2670 448 2691 eos
479 2661 561 2690 iuste
585 2670 602 2690 a
625 2665 809 2690 sanctorum
833 2660 959 2690 civitate
992 2659 1136 2695 excludi,
1161 2659 1252 2690 cuius
1283 2667 1351 2689 esse
1374 2658 1459 2688 cives
1475 2668 1498 2688 55

391 2714 527 2735 numero
553 2705 688 2734 exterius
711 2703 908 2734 videbantur.

446 2749 497 2779 Ar>
522 2759 683 2779 SECUNDUM
706 2759 866 2779 mcenmm
889 2747 980 2788 quod
1003 2748 1154 2779 allocutio
1178 2747 1241 2783 illa,
1258 2747 1460 2787 spiritualiter

391 2793 560 2830 intellecta,
577 2793 755 2823 secundum
778 2793 842 2823 hoc
865 2802 932 2823 non
957 2793 1015 2823 erit
1038 2802 1148 2832 aspera
1170 2791 1317 2822 fidelibus
1341 2791 1459 2822 conde-

392 2837 548 2874 mnandis,
575 2837 664 2877 quod
686 2838 720 2867 in
744 2838 788 2868 eis
821 2837 926 2877 aliqua
955 2837 1015 2867 sibi
1038 2837 1196 2877 placentia
1228 2835 1458 2871 manifestabit,

393 2891 474 2922 quae
497 2882 531 2912 in
554 2881 734 2912 infidelibus
765 2882 900 2912 inveniri
930 2891 998 2912 non
1022 2886 1174 2921 possunt,
1198 2881 1273 2921 quia
1299 2881 1369 2911 sine
1387 2879 1461 2921 fide
1474 2888 1501 2908 ⁶0

393 2927 584 2966 impossibile
607 2931 654 2956 est
675 2926 746 2956 Deo
764 2927 907 2966 placere,
923 2925 1007 2956 Heb.
1023 2936 1055 2956 ru
1070 2927 1097 2956 ’ἃ
1122 2925 1185 2956 Sed
1203 2925 1360 2956 sententia
1383 2934 1460 2955 con-

393 2970 614 3006 demnationis,
632 2980 715 3010 quae
738 2971 771 3001 in
795 2980 908 3001 omnes
930 2969 1038 3006 fertur,
1055 2970 1206 3000 omnibus
1229 2969 1375 3000 terribilis
1392 2969 1459 3000 erit.

447 3015 540 3045 Ratio
563 3024 639 3045 vero
663 3015 696 3045 in
721 3015 916 3045 contrarium
939 3014 1075 3045 adducta
1099 3013 1293 3055 procedebat
1316 3013 1355 3044 de
1378 3013 1460 3044 iudi-

395 3060 445 3089 cio
469 3059 694 3089 retributionis.

452 3133 551 3164 ART.
575 3133 656 3164 VIII.
681 3143 785 3164 urium
808 3144 921 3164 aueum
945 3144 977 3164 IN
1001 3143 1123 3164 FUTURO
1148 3143 1309 3164 mmmmm
1331 3143 1398 3164 smr

579 3184 639 3204 Part.
655 3183 693 3210 ΙΙΙ,
709 3190 748 3211 qu.
763 3190 811 3210 ux,
826 3188 868 3206 nrt.
882 3184 910 3210 ὃς
925 3184 935 3205 1
950 3183 983 3205 ad
998 3183 1062 3211 Cor„
1079 3190 1129 3212 cap.
1145 3190 1176 3209 vt,
1192 3184 1243 3206 lect.
1259 3190 1274 3206 ι.

397 3245 480 3307 ΑΒ
511 3244 657 3265 οετΑνυΜ
692 3245 737 3265 src
767 3245 972 3265 PROCEDlTUR.
1001 3235 1135 3266 Videtur
1169 3234 1259 3275 quod
1294 3235 1397 3275 angeli
1427 3236 1461 3266 in

462 3278 569 3309 futuro
599 3279 790 3310 iudicentur.
826 3279 911 3317 Quia
940 3279 1055 3310 dicitur
1079 3280 1092 3310 1
1115 3280 1192 3310 Cor.
1215 3289 1247 3309 vr
1266 3280 1299 3310 ἐ
1323 3279 1462 3310 Nescitis

1568 2475 1696 2506 Primo:
1722 2481 1831 2506 utrum
1855 2475 2000 2506 Christus
2023 2476 2057 2506 in
2080 2474 2184 2506 forma
2211 2476 2416 2506 humanitatis
2440 2476 2479 2506 sit
2500 2475 2583 2506 iudi-

1603 2525 1740 2550 caturus.

1570 2563 1739 2615 Secundo:
1771 2570 1880 2595 utrum
1909 2564 2075 2605 apparebit
2096 2565 2130 2595 in
2154 2564 2258 2595 forma
2286 2564 2492 2596 humanitatis
2513 2564 2584 2604 glo-

1601 2618 1696 2639 nosa.

1569 2652 1700 2684 Tertio:
1725 2658 1834 2684 utrum
1858 2652 2005 2684 divinitas
2027 2653 2129 2694 possit
2152 2653 2220 2684 sine
2242 2652 2361 2693 gaudio
2383 2652 2492 2684 videri.

1535 2729 1636 2760 ART.
1653 2729 1676 2759 Ι.
1701 2739 1806 2759 unum
1830 2739 1975 2760 cnaxsrus
1998 2739 2031 2760 ῙΝ
2054 2738 2161 2760 roam
2177 2739 2264 2760 saavx
2288 2739 2334 2760 sn·
2357 2738 2561 2760 mmcxrmuts

1514 2779 1574 2801 Part.
1589 2779 1629 2804 111.
1640 2785 1679 2807 qu.
1690 2785 1737 2805 ux,
1748 2782 1791 2800 nrt.
1802 2784 1826 2804 ις
1841 2778 1874 2800 1v
1886 2778 1951 2800 Com.
1967 2778 2033 2801 Gent.
2053 2784 2104 2807 cap.
2114 2784 2179 2804 xcvi:
2197 2778 2252 2800 Com
2271 2778 2325 2800 end.
2338 2778 2427 2806 Theol„
2441 2784 2493 2806 etp.
2503 2784 2583 2806 cotug

1566 2805 1593 2827 In
1609 2805 1687 2834 Symb.
1702 2806 1792 2833 Apoet„
1803 2795 2199 2860 cap.111111:⁰ss:ngg‚vqiil.egffax:
2214 2811 2240 2854 ¹²1?
2266 2811 2281 2827 n
2295 2805 2390 2832 Mami„
2405 2811 2455 2833 cap.
2471 2811 2530 2831 xxv:

1579 2893 1600 2913 υ
1623 2892 1741 2913 Panum
1768 2892 1814 2913 sm
1843 2892 2049 2913 Pnocnmwa.
2081 2881 2215 2913 Videtur
2249 2881 2339 2923 quod
2374 2881 2520 2913 Christus
2547 2882 2582 2912 in

1579 2926 1683 2958 forma
1699 2927 1779 2957 servi
1802 2936 1870 2957 non
1892 2927 1932 2957 sit
1953 2926 2160 2957 iudicaturus.
2185 2926 2343 2958 Iudicium
2367 2927 2453 2957 enim
2471 2930 2582 2956 aucto-

1515 2972 1639 3002 ritatem
1662 2971 1794 3012 requirit
1816 2972 1850 3002 in
1880 2971 2051 3002 iudicante.
2086 2971 2149 3002 Sed
2172 2971 2343 3002 auctoritas
2373 2979 2470 3010 super
2490 2970 2582 3000 vivos

1515 3021 1547 3046 et
1569 3021 1716 3046 mortuos
1740 3020 1786 3046 est
1808 3016 1842 3046 in
1866 3014 1995 3046 Christo
2019 3015 2198 3046 secundum
2221 3014 2311 3055 quod
2334 3019 2381 3045 est
2403 3014 2507 3044 Deus:
2536 3014 2582 3045 sic

1516 3061 1603 3091 enim
1626 3065 1673 3090 est
1702 3060 1863 3090 Dominus
1887 3065 1918 3090 et
1941 3059 2076 3090 Creator
2105 3060 2262 3091 omnium.
2298 3058 2384 3098 Ergo
2414 3058 2448 3088 in
2478 3058 2583 3089 forma

1475 3110 1499 3135 ⁶5
1515 3104 1686 3135 divinitatis
1709 3103 1871 3134 iudicabit.

1572 3158 1602 3178 2.
1626 3149 1822 3184 Pani-mum,
1838 3148 1872 3178 in
1895 3147 2002 3179 iudice
2024 3147 2195 3187 requiritur
2209 3151 2350 3187 potestas
2373 3146 2579 3177 invincibilis:

1515 3192 1602 3223 unde
1624 3193 1728 3223 Eccli.
1751 3202 1794 3222 vn
1809 3193 1843 3222 ⁴¹:
1867 3192 1948 3223 Noli
1975 3200 2132 3232 quaerere
2143 3191 2226 3232 fieri
2248 3190 2362 3226 iudex,
2387 3190 2451 3221 nisi
2473 3191 2582 3222 valeas

1516 3237 1633 3268 virtute
1657 3237 1837 3277 irrumpere
1860 3236 2053 3277 iniquitates.
2077 3234 2140 3266 Sed
2163 3235 2261 3265 virtus
2289 3234 2480 3266 invincibilis
2503 3244 2582 3266 con-

1515 3281 1603 3311 venit
1625 3280 1754 3311 Christo
1783 3280 1963 3311 secundum
1993 3278 2083 3319 quod
2105 3283 2153 3310 est
2175 3279 2273 3309 Deus.
2309 3279 2394 3319 Ergo
2417 3279 2451 3309 in
2478 3278 2582 3310 forma

396 3323 547 3362 quoniam
571 3324 707 3364 angelos
723 3323 961 3354 iudicabimus?
984 3323 1047 3355 Sed
1062 3324 1126 3354 hoc
1149 3333 1217 3354 non
1232 3329 1339 3364 potest
1353 3323 1462 3354 referri
1475 3335 1502 3356 ⁷⁰
1515 3325 1686 3356 divinitatis
1709 3324 1871 3355 iudicabit.

397 3366 436 3396 ad
459 3373 574 3397 statum
590 3368 764 3407 praesentis
779 3368 943 3408 temporis.
968 3368 1054 3408 Ergo
1078 3367 1187 3399 referri
1202 3367 1296 3398 debet
1319 3367 1359 3398 ad
1374 3367 1461 3399 futu·

397 3420 468 3441 rum
490 3411 655 3442 iudicium.

455 3464 483 3485 2.
503 3455 698 3492 Pam-renna,
716 3455 783 3486 Iob.
800 3465 839 3485 xx.
854 3455 871 3472 ⁴*
895 3455 1009 3486 dicitur
1025 3455 1064 3486 de
1080 3456 1270 3492 Behemoth,
1287 3466 1344 3497 per
1363 3465 1462 3497 quem

1570 3369 1599 3399 3.
1623 3369 1825 3404 paura-ana,
1849 3367 1936 3398 loan.
1952 3377 1973 3397 v
1987 3367 2005 3384 ⁴*
2028 3366 2158 3397 dicitur:
2189 3367 2287 3398 Pater
2310 3377 2405 3398 omne
2428 3367 2581 3398 iudicium

1515 3413 1603 3443 dedit
1624 3412 1721 3448 Filio,
1738 3417 1775 3442 ut
1797 3419 1907 3442 omnes
1935 3410 2151 3452 honorificent
2171 3411 2291 3442 Filium
2314 3412 2397 3442 sicut
2425 3411 2581 3453 honorifi-

1516 3461 1592 3487 cant
1605 3457 1744 3487 Patrem.
1768 3454 1831 3486 Sed
1846 3455 1952 3486 honor
1967 3455 2106 3495 aequalis
2122 3464 2189 3486 non
2204 3455 2337 3486 debetur
2352 3456 2436 3486 Patri
2451 3460 2483 3486 et
2497 3455 2580 3486 Filio

161 3510 371 3554 {munster-09:
399 3498 543 3529 diabolus
558 3500 757 3540 intelligitur:
785 3499 916 3529 Cunctis
932 3499 1108 3530 videntibus
1118 3500 1397 3540 praecipitabitur.
1421 3500 1462 3530 Et
1515 3499 1694 3530 secundum
1717 3500 1890 3529 humanam
1913 3504 2068 3530 naturam.
2094 3499 2179 3539 Ergo
2202 3509 2271 3531 non
2293 3499 2446 3531 iudicabit
2467 3509 2581 3530 secun-

161 3537 273 3587 fiam·
282 3537 372 3559 1v‚ver·.
400 3543 496 3573 Marc.
516 3553 526 3573 1
541 3544 567 3579 *,
591 3544 775 3575 exclamavit
805 3542 943 3574 daemon
974 3543 1013 3574 ad
1037 3543 1216 3574 Christum:
1246 3544 1364 3575 Venisti
1386 3548 1462 3574 ante
1475 3555 1499 3575 75
1515 3543 1594 3575 dum
1617 3543 1754 3574 formam
1777 3543 1961 3574 humanam.

2607 267 2692 316 3⁴32&
2705 266 2788 294 ned-e,
2796 267 2820 289 in

2608 451 2618 462 ·
2633 450 2701 472 Vera.
2714 456 2738 477 4.

2608 627 2618 637 ·
2632 625 2725 647 Nahum
2743 631 2795 652 cap.
2804 630 2821 651 ι,

2608 658 2668 673 vers.

2608 678 2671 700 Lxx
2684 652 2821 706 fiite'rsset‘f‘

2608 706 2619 717 ·
2632 705 2700 728 νει-ι.
2716 712 2749 728 u.

2608 885 2618 895 ·
2631 883 2667 906 ef.
2682 884 2735 906 dist.
2748 890 2820 912 nvn,

2607 916 2660 959 52².ss
2679 910 2758 933 Erunt
2776 917 2820 934 au—

2608 975 2618 984 ·
2633 972 2670 995 Cf.
2684 976 2728 995 nrt.
2743 972 2766 1000 6,
2781 979 2802 1001 7.

2609 2386 2712 2436 iactaqu-
2718 2392 2823 2414 uxxvu,

2610 3189 2739 3213 ‘Vm-6.

2609 3376 2619 3386 ·
2628 3373 2696 3397 Vm.
2710 3378 2744 3402 aa,
2758 3379 2785 3404 ¹3
