2918 4088
208 289 219 300 ·
232 287 302 309 Νιιιιι.
317 293 339 309 v.

208 688 218 698 ·
233 686 269 708 Cf.
284 692 347 708 num.
362 692 386 708 x.

207 775 218 786 '¹
233 774 271 797 Cf.
290 780 353 796 num.
369 780 418 802 seq.

206 1479 216 1489 '¹
226 1478 250 1500 S.
258 1477 302 1499 Th.
313 1478 364 1499 lect.
375 1484 399 1500 ιι.
407 1489 416 1494 -

205 1505 257 1526 Did.
270 1505 308 1526 lib.
317 1504 357 1531 111,
366 1510 415 1532 cap.

207 1537 231 1558 ιι,
247 1537 269 1552 n.
284 1537 303 1559 5.

206 1926 217 1936 ·
232 1925 290 1946 Part.
302 1924 319 1951 l,
351 1931 373 1946 u.
385 1930 418 1951 111,

206 1955 330 1980 art.3sqq.:
351 1951 417 1972 Com.

207 1977 417 2032 fiffirsfflssdss}

205 2037 264 2058 xxn,
275 2034 317 2053 art.
327 2036 347 2059 3,
358 2030 387 2052 ad
397 2037 417 2052 2.

207 2409 217 2420 ¹
237 2408 308 2439 Νμιη.
325 2414 418 2440 praed,

206 2434 277 2456 Ratto
292 2437 375 2462 igitur.

455 177 525 212 170

447 252 564 283 corpus
587 253 700 273 meum.
726 243 815 274 Stant
838 253 913 283 ergo
937 243 1038 274 solida
1062 249 1092 274 et
1115 244 1242 284 proprie
1264 243 1347 274 dicta
1371 252 1453 283 quae
1470 251 1507 272 ex

447 287 618 317 Ambrosio
643 287 780 318 diximus
796 288 828 317 *z
862 289 1016 328 quoniam
1043 287 1082 317 ad
1108 288 1262 318 terminos
1290 287 1508 318 conversionis

447 331 670 371 exprimendos
694 332 743 362 usi
766 341 876 362 sumus
900 333 1085 362 auctoritate
1102 332 1194 368 dicta,
1219 337 1250 362 et
1272 331 1312 362 ad
1335 332 1398 362 hoc
1421 330 1507 361 idern

446 375 635 406 Ambrosius
659 375 698 406 ad
720 376 856 406 litteram
879 376 1008 407 locutus
1033 382 1096 411 est,
1125 382 1161 406 ut
1183 381 1270 416 patet
1294 376 1361 406 eius
1385 380 1507 405 textum

446 419 592 450 intuenti.

501 464 582 494 VIII.
608 464 643 494 In
658 465 866 504 responsione
883 464 922 494 ad
937 465 1076 500 tertium,
1090 463 1216 494 adverte
1233 463 1294 493 dici
1310 463 1343 493 in
1355 463 1407 493 illa
1423 462 1506 492 duo:

446 508 566 539 scilicet
588 509 745 538 rationem
766 509 1037 539 convertibilitatis
1053 509 1167 543 totalis,
1193 507 1231 538 de
1249 517 1312 547 qua
1328 513 1375 537 est
1390 516 1507 541 sermo,

447 551 609 583 unius'rei
631 553 665 583 in
689 553 798 588 aliam;
823 558 853 582 et
877 552 1012 583 modum
1036 562 1102 592 quo
1122 551 1158 582 fit
1173 551 1358 582 huiusmodi
1375 560 1507 581 conver-

446 597 505 627 sio.
525 597 565 627 Et
581 598 736 636 quoniam
753 597 867 627 eximia
883 606 918 627 ac
934 597 1062 627 latentia
1078 602 1151 626 sunt
1166 597 1255 632 haec,
1271 605 1332 626 nec
1348 596 1386 625 ab
1403 595 1507 625 omni-

446 641 505 671 bus
529 650 689 677 concessa,
714 641 818 680 primo
842 640 1029 671 declaranda
1052 646 1126 670 sunt
1149 641 1264 676 ambo;
1290 638 1405 670 deinde
1429 648 1507 669 con-

446 684 614 715 ferendum
638 690 684 715 est
705 685 846 725 primum
870 695 944 715 cum
968 685 1104 715 aliorum
1128 684 1335 724 opinionibus
1350 685 1377 714 ⁴⁹.

501 729 595 759 Ratio
622 729 716 769 igitur
744 729 1014 759 convertibilitatis
1043 729 1218 769 assignatur
1241 729 1274 758 in
1298 728 1399 758 littera
1422 736 1508 758 com-

447 773 622 804 municatio
646 773 678 803 in
704 778 823 803 natura
847 773 936 803 entis.
953 791 976 795 —
999 772 1116 803 Modus
1140 778 1247 803 autem
1270 771 1414 802 subditur
1430 772 1456 807 *,
1477 776 1508 801 et

447 823 502 854 est,
523 817 612 857 quod
629 822 737 857 potest
759 822 876 847 auctor
891 817 972 847 entis
988 817 1021 847 id
1042 817 1128 858 quod
1151 822 1198 847 est
1220 816 1361 847 entitatis
1384 816 1416 846 in
1442 824 1508 846 una

447 872 492 897 re,
517 867 703 892 convertere
726 861 758 891 in
783 861 816 891 id
838 861 925 902 quod
947 866 994 891 est
1016 861 1157 891 entitatis
1180 861 1212 891 in
1237 861 1357 896 altera,
1381 859 1506 890 sublato

447 916 484 937 eo
502 916 565 946 per
587 905 674 946 quod
696 905 735 935 ab
759 914 796 935 ea
820 905 1087 946 distinguebatur.

501 951 574 986 Ubi,
592 951 674 980 circa
697 950 853 979 rationem
877 949 1158 985 convertibilitatis,
1183 948 1296 979 docilis
1320 953 1387 978 esto
1412 949 1507 978 inter-

446 1004 527 1035 pres,
551 994 658 1034 plures
681 992 810 1023 vitando
835 1003 956 1023 errores
979 1003 1017 1023 ex
1040 993 1095 1023 illo
1118 993 1227 1029 verbo,
1247 992 1426 1023 communis
1449 1001 1507 1021 na-

447 1044 521 1069 tura
545 1038 635 1068 entis.

500 1082 627 1112 Errares
649 1082 764 1121 primo,
782 1082 807 1111 si
829 1090 886 1120 per
902 1091 1111 1111 communem
1127 1086 1273 1111 naturam
1289 1080 1369 1110 entis
1391 1080 1507 1109 intelli-

444 1135 533 1166 geres
550 1135 605 1156 ens
625 1125 887 1155 communissime
904 1130 1069 1164 sumptum
1089 1134 1263 1155 commune
1279 1125 1350 1154 Deo
1367 1129 1398 1154 et
1422 1133 1507 1153 crea-

444 1171 531 1200 turis.
552 1169 593 1199 Et
608 1168 774 1199 manifesta
791 1174 871 1199 esset
887 1169 1000 1199 erroris
1015 1169 1105 1198 ratio.
1127 1169 1212 1206 Quia
1227 1169 1302 1198 hinc
1322 1172 1508 1207 sequeretur

445 1213 741 1244 convertibilitatem
757 1213 852 1242 etiam
867 1222 963 1252 posse
987 1222 1054 1242 esse
1070 1213 1152 1242 inter
1167 1222 1234 1242 rem
1259 1217 1396 1242 creatam
1412 1216 1443 1241 et
1458 1212 1507 1241 in-

445 1263 597 1293 creatam,
622 1257 697 1297 quia
721 1257 902 1287 communis
926 1262 972 1287 est
995 1257 1040 1298 eis
1063 1256 1250 1287 huiusmodi
1273 1261 1385 1286 natura
1414 1255 1506 1285 entis.

444 1301 543 1340 Quod
567 1307 690 1332 constat
713 1311 781 1331 non
804 1301 910 1331 solum
934 1310 1001 1331 esse
1025 1300 1150 1337 falsum,
1174 1300 1231 1331 sed
1253 1299 1388 1330 fatuum.

497 1346 623 1376 Errares
647 1355 779 1385 quoque
795 1346 821 1375 si
836 1355 893 1385 per
909 1354 1118 1386 communem
1135 1346 1215 1375 entis
1230 1350 1376 1374 naturam
1392 1343 1507 1374 intelli-

444 1400 533 1430 geres
556 1389 690 1430 gradum
710 1390 860 1430 aliquem,
878 1399 934 1420 seu
950 1395 1096 1420 naturam
1120 1389 1270 1429 aliquam,
1287 1397 1383 1428 supra
1405 1387 1507 1428 speci-

444 1434 519 1465 ficas
535 1435 762 1474 genericasque
778 1443 884 1464 rerum
900 1439 1036 1464 naturas.
1054 1434 1147 1469 Nam,
1164 1439 1200 1464 ut
1217 1432 1331 1463 dicitur
1347 1432 1389 1462 IV
1403 1433 1507 1462 Meta-

442 1479 534 1520 phys.
548 1480 575 1515 ᾖ,
593 1478 675 1509 idem
699 1483 746 1509 est
767 1478 862 1509 homo
886 1483 918 1508 et
940 1488 995 1508 ens
1016 1478 1124 1514 homo,
1145 1483 1176 1508 et
1198 1478 1244 1507 sic
1267 1477 1306 1507 de
1331 1477 1408 1506 aliis.
1432 1476 1507 1506 Non

445 1524 531 1553 enim
555 1533 588 1553 se
611 1524 728 1553 habent
748 1532 803 1552 ens
828 1528 859 1553 et
881 1523 982 1553 homo
1006 1523 1088 1553 sicut
1107 1522 1223 1552 animal
1241 1527 1271 1552 et
1286 1522 1406 1551 homo:
1431 1529 1507 1551 narn

445 1567 560 1598 animal
577 1573 608 1597 et
622 1568 722 1597 homo
747 1566 825 1597 duas
850 1566 1022 1597 formaliter
1037 1572 1164 1597 naturas
1181 1565 1370 1606 significant,
1387 1565 1508 1595 scilicet

444 1612 661 1642 rationalitatis
689 1617 720 1642 et
747 1611 966 1647 animalitatis;
1002 1621 1057 1641 ens
1085 1616 1193 1641 autem
1220 1615 1252 1640 et
1276 1610 1377 1640 horno
1408 1618 1508 1639 unam

444 1662 569 1686 tanturn
592 1662 737 1686 naturam
761 1655 955 1695 significant,
980 1665 1051 1686 eam
1074 1655 1194 1685 scilicet
1225 1664 1323 1694 quam
1353 1652 1508 1694 significat

445 1701 557 1737 homo,
582 1706 613 1731 et
635 1710 703 1730 non
727 1700 830 1730 aliam.

501 1744 564 1775 Sed
591 1746 655 1775 hoc
684 1745 904 1785 metaphysico
935 1744 1151 1784 relinquentes
1174 1743 1325 1783 negoti0‚
1353 1742 1508 1783 quoniam

446 1789 485 1819 ad
500 1790 703 1829 propositum
726 1798 794 1819 non
810 1787 903 1819 refert
918 1794 991 1818 utro
1007 1788 1108 1818 modo
1125 1788 1250 1823 dixeris,
1267 1787 1403 1818 dicimus
1420 1786 1509 1826 quod

445 1843 502 1874 per
518 1839 663 1864 naturam
680 1834 760 1863 entis
775 1833 921 1873 intelligit
935 1833 1059 1863 Auctor
1075 1842 1131 1863 ens
1146 1841 1314 1863 commune
1324 1831 1403 1862 solis
1419 1840 1509 1861 crea-

446 1878 537 1908 turis.
562 1877 661 1916 Quod
676 1877 808 1907 nomine
825 1882 963 1907 naturae
986 1878 1019 1907 in
1034 1877 1136 1907 littera
1152 1876 1347 1917 appellatum
1364 1880 1410 1906 est
1433 1875 1509 1915 quia

445 1922 631 1953 huiusmodi
647 1931 712 1956 enS,
730 1921 907 1952 secundum
924 1922 1074 1952 Auctoris
1092 1920 1270 1951 doctrinam
1286 1921 1313 1956 ἡ
1330 1919 1508 1950 secundum

445 1972 571 1997 naturas
594 1975 749 2006 generum
774 1971 805 1996 et
821 1966 1000 2006 specierum
1016 1965 1182 1995 definitur:
1208 1970 1239 1995 et
1254 1974 1311 2005 per
1326 1964 1389 1994 hoc
1406 1963 1510 1994 differt

445 2012 483 2042 ab
509 2016 580 2041 ente
604 2012 754 2046 increato,
779 2010 812 2040 in
832 2020 898 2050 quo
923 2019 990 2040 esse
1014 2019 1081 2040 non
1098 2009 1248 2040 definitur
1263 2013 1375 2039 natura
1391 2008 1507 2047 aliqua,

445 2055 500 2086 sed
523 2056 629 2095 ipsum
653 2064 720 2085 esse
750 2055 783 2084 in
807 2055 912 2094 seipso
940 2054 1112 2084 subsistens
1135 2059 1268 2084 vocatur
1291 2057 1411 2083 natura
1434 2052 1507 2087 Dei,

446 2106 477 2130 et
499 2099 610 2135 deitas,
635 2105 666 2129 et
688 2096 786 2129 Deus.
815 2099 871 2128 Est
894 2098 989 2138 igitur
1011 2098 1090 2128 ratio
1116 2097 1386 2128 convertibilitatis
1409 2096 1508 2126 totius

444 2145 539 2175 unius
562 2144 607 2174 rei
630 2144 663 2173 in
687 2149 787 2173 totam
811 2143 940 2173 alteram
964 2152 1041 2178 rem,
1066 2142 1319 2172 communicatio
1342 2150 1452 2171 earum
1474 2140 1508 2170 in

444 2194 556 2219 natura
579 2189 659 2218 entis
683 2187 864 2218 communis
881 2187 1031 2217 omnibus
1048 2187 1198 2216 creaturis
1214 2191 1349 2216 tanturn.
1373 2185 1414 2215 Et
1432 2185 1508 2215 hinc

445 2234 551 2269 habea
576 2231 754 2268 secundum
768 2232 955 2267 Auctorem,
981 2230 1071 2271 quod
1087 2230 1265 2261 secundum
1281 2230 1413 2260 totalem
1430 2238 1508 2259 con-

444 2278 625 2307 versionem
649 2276 809 2316 quaelibet
832 2281 974 2306 creatura
997 2280 1103 2315 potest
1126 2285 1183 2315 per
1199 2274 1340 2305 divinam
1356 2274 1507 2313 omnipo-

445 2322 576 2352 tentiam
604 2321 747 2351 converti
776 2321 809 2350 in
832 2329 1072 2360 quamcumque
1096 2319 1190 2349 aliam
1213 2324 1408 2354 creaturam,
1434 2318 1509 2358 quia

446 2366 595 2396 creaturis
618 2365 768 2395 omnibus
792 2365 974 2395 communis
998 2370 1044 2394 est
1070 2363 1258 2394 huiusmodi
1281 2364 1362 2393 entis
1385 2367 1508 2392 natura.

501 2410 553 2440 IX.
578 2409 671 2440 Circa
686 2409 822 2439 modum
838 2418 972 2449 quoque
988 2408 1207 2439 conversionis
1219 2409 1246 2444 *,
1264 2412 1395 2438 cautum
1411 2416 1508 2447 opor—

445 2459 491 2485 tet
513 2464 581 2484 esse
604 2454 767 2484 lectorem.
792 2453 956 2483 Erraretur
978 2452 1137 2492 siquidem
1160 2453 1280 2492 primo,
1305 2452 1331 2482 si
1354 2451 1509 2490 intellige-

445 2504 531 2529 retur
546 2507 603 2538 per
618 2496 753 2528 modurn
777 2496 940 2527 divisionis
957 2506 1013 2527 seu
1029 2497 1237 2536 separationis
1259 2497 1355 2526 unius
1378 2500 1510 2525 naturae

446 2543 485 2573 ab
501 2543 613 2573 altera:
639 2542 720 2572 sicut
735 2541 910 2571 animalitas
931 2546 1093 2581 separatur
1110 2551 1127 2571 a
1142 2540 1363 2576 rationalitate,
1380 2538 1458 2570 dum
1473 2538 1510 2569 fit

446 2587 563 2617 animal
582 2587 649 2616 sine
665 2586 797 2616 ratione.
813 2603 836 2607 —
851 2585 892 2615 Et
907 2585 1048 2615 similiter
1072 2590 1225 2615 erraretur
1241 2585 1267 2615 si
1282 2584 1509 2623 intelligeretur

446 2641 503 2672 per
525 2630 660 2661 modum
684 2630 917 2660 abstractionis:
942 2630 1024 2660 sicut
1045 2639 1094 2660 res
1117 2639 1182 2659 una
1205 2634 1236 2659 et
1260 2628 1372 2659 eadem
1395 2637 1508 2658 secun-

446 2675 525 2706 dum
547 2675 688 2715 priorem
714 2674 871 2704 rationem
895 2674 1044 2704 abstrahit
1060 2684 1078 2703 a
1093 2674 1196 2713 seipsa
1219 2672 1399 2703 secundum
1413 2672 1509 2702 ratio-

445 2729 522 2750 nem
544 2719 773 2759 posteriorem
798 2719 880 2748 sicut
899 2718 988 2748 color
1004 2718 1094 2748 albus
1109 2718 1302 2758 inquantum
1318 2717 1417 2752 color,
1440 2716 1509 2746 abs-

446 2764 539 2794 trahit
563 2774 580 2793 a
603 2764 708 2803 seipso
732 2763 924 2803 inquantum
947 2762 1046 2792 albus.

502 2808 543 2838 Et
569 2813 656 2848 patet
681 2807 760 2837 ratio
785 2807 898 2837 erroris
921 2807 1107 2846 utrobique,
1133 2816 1170 2836 ex
1193 2807 1257 2836 hoc
1281 2805 1371 2846 quod
1393 2810 1509 2835 neutro

446 2852 547 2883 modo
570 2852 661 2892 panis
685 2856 922 2881 converteretur
944 2851 976 2881 in
998 2860 1115 2891 corpus
1132 2850 1268 2881 Christi:
1294 2849 1349 2880 sed
1371 2849 1440 2880 sola
1453 2859 1509 2879 na-

447 2902 517 2927 tura
541 2897 620 2926 entis
644 2897 772 2926 inventa
787 2896 820 2925 in
836 2905 919 2935 pane
944 2900 1182 2925 converteretur
1197 2895 1230 2925 in
1247 2903 1364 2934 corpus
1381 2893 1509 2930 Christi,

448 2940 621 2971 formaliter
643 2939 819 2980 loquendo.

503 2985 720 3015 Contrariatur
744 2984 839 3014 etiam
858 2983 975 3014 directe
990 2984 1114 3014 intento
1130 2984 1183 3014 hic
1199 2993 1319 3014 sensus.
1344 2982 1509 3021 Quoniam

448 3029 565 3059 directe
588 3030 747 3059 intentum
770 3029 808 3058 ab
831 3028 974 3059 Auctore
997 3033 1044 3058 est
1067 3027 1157 3068 quod
1179 3033 1285 3058 totum
1309 3033 1510 3058 convertatur

448 3074 481 3103 in
503 3079 625 3103 totum:
651 3078 682 3103 et
704 3082 772 3103 non
796 3072 884 3112 quod
908 3082 972 3103 una
992 3082 1051 3108 res,
1076 3077 1130 3103 aut
1145 3082 1210 3102 una
1224 3077 1346 3107 natura,
1371 3072 1429 3102 sub
1445 3081 1510 3102 una

448 3118 570 3147 ratione
593 3123 717 3147 tantum
741 3122 942 3147 convertatur
965 3117 998 3146 in
1022 3117 1125 3147 aliam.
1150 3117 1239 3147 Haec
1255 3117 1342 3149 enim
1357 3116 1510 3156 interpre-

448 3161 526 3191 tatio
551 3160 590 3190 ad
611 3162 675 3191 hoc
698 3161 827 3191 tandem
845 3161 946 3191 tendit
969 3160 1059 3201 quod
1079 3161 1326 3191 convertibilitas
1341 3170 1447 3191 rerum
1464 3165 1511 3191 est

449 3204 628 3235 secundum
650 3204 683 3234 id
705 3205 738 3234 in
762 3214 828 3244 quo
853 3205 1103 3240 communicant,
1128 3210 1159 3235 et
1181 3214 1250 3235 non
1272 3204 1451 3235 secundum
1473 3213 1511 3234 ea

449 3249 482 3278 in
506 3249 622 3288 quibus
646 3247 803 3278 differunt.
828 3248 927 3286 Quod
951 3250 1159 3279 contrariatur
1181 3258 1249 3279 non
1265 3249 1372 3279 solum
1387 3249 1510 3279 Aucto-

449 3293 501 3328 ris,
525 3291 581 3322 sed
595 3291 671 3322 fidei
687 3291 858 3328 doctrinae,
883 3293 1032 3322 asserenti
1051 3302 1168 3332 panem
1184 3293 1327 3323 converti
1342 3293 1375 3322 in
1392 3301 1510 3332 corpus

450 3335 581 3373 Christi;
598 3341 629 3366 et
643 3345 711 3366 non
726 3336 832 3366 solum
848 3337 1011 3366 entitatem
1026 3337 1116 3376 panis
1132 3337 1166 3366 in
1183 3337 1347 3366 entitatem
1364 3337 1509 3376 corporis

451 3379 568 3410 Christi
592 3380 750 3415 converti,
779 3379 834 3410 sed
860 3389 978 3420 panem
1009 3381 1152 3410 converti
1183 3381 1217 3410 in
1240 3389 1357 3420 corpus
1381 3379 1508 3410 Christi.

505 3423 598 3454 Unde
621 3424 741 3454 litterae
757 3424 861 3459 verba,
879 3433 961 3463 quae
980 3423 1147 3463 superficie
1163 3429 1256 3454 tenus
1279 3423 1383 3454 favere
1399 3423 1509 3454 viden-

450 3473 501 3498 tur
517 3467 601 3498 dicto
625 3468 795 3508 reprobato
819 3468 935 3503 sensui,
953 3466 1031 3498 dum
1053 3473 1177 3503 sonant,
1203 3467 1242 3497 Id
1264 3467 1351 3508 quod
1369 3472 1416 3498 est
1430 3467 1509 3498 enti-

450 3512 524 3543 tatis
540 3513 571 3542 in
589 3521 654 3542 una
667 3522 711 3548 re,
719 3516 827 3552 potest
843 3516 958 3542 auctor
973 3512 1054 3542 entis
1070 3516 1256 3542 convertere
1271 3512 1303 3542 in
1320 3511 1353 3542 id
1367 3511 1454 3552 quod
1464 3516 1511 3542 est

1113 164 1376 212 QUAESTIO
1405 164 1564 211 LXXV,
1594 163 1886 201 ARTICULUS
1915 165 1965 201 IV

1561 242 1702 272 entitatis
1724 242 1756 272 in
1781 242 1894 278 altera,
1918 242 2044 272 sublato
2069 252 2106 272 eo
2125 252 2188 283 per
2202 243 2289 284 quod
2311 243 2351 274 ab
2367 243 2424 274 illa
2448 243 2626 285 distingue-

1561 287 1665 322 batur,
1690 285 1894 326 intelligenda
1917 291 1991 316 sunt
2014 287 2058 316 sic
2081 292 2117 316 ut
2139 292 2207 317 tota
2229 297 2288 324 res,
2312 293 2389 328 puta
2411 288 2521 328 panis,
2545 297 2624 318 con-

1561 336 1699 360 vertatur
1721 331 1755 360 in
1777 336 1879 360 totam
1894 340 1972 366 rem,
1996 335 2074 370 puta
2091 340 2207 370 corpus
2224 330 2358 362 Christi:
2383 332 2447 362 hoc
2463 332 2550 362 enim
2564 333 2624 362 im-

1561 380 1689 415 portant
1711 374 1764 404 illa
1786 375 1891 410 verba,
1916 374 1949 404 id
1971 374 2058 414 quod
2073 379 2120 405 est
2138 374 2279 406 entitatis
2295 375 2327 405 in
2344 385 2420 410 una,
2441 376 2473 406 in
2491 375 2524 406 id
2538 371 2625 416 ‘quod

1562 424 1608 449 est
1630 419 1771 449 entitatis
1795 419 1826 448 in
1851 419 1974 455 altera;
2003 428 2079 448 nam
2102 423 2170 448 tota
2192 428 2241 448 res
2265 424 2311 449 est
2334 420 2470 450 entitatis
2492 420 2526 450 in
2548 429 2623 455 una,

1562 469 1593 493 et
1615 469 1683 493 tota
1705 473 1754 493 res
1778 468 1824 493 est
1848 463 1985 493 entitatis
2007 463 2041 492 in
2065 462 2170 493 altera.
2206 462 2306 500 Quod
2335 469 2442 494 autem
2468 463 2623 499 subditur,

1560 507 1685 537 sublato
1710 517 1747 537 eo
1766 517 1829 547 per
1851 507 1938 547 quod
1959 507 1999 537 ab
2023 507 2080 537 illa
2104 506 2371 548 distinguebatur,
2393 508 2508 558 procul
2525 507 2624 538 dubio

1562 551 1602 581 ad
1625 551 1834 582 differentiam
1856 551 1978 591 proprii
2002 551 2172 581 distinctivi
2196 561 2214 581 a
2235 560 2402 582 communi
2417 557 2529 582 natura
2544 552 2625 582 entis

1561 596 1768 626 subiunctum
1785 601 1840 626 est.
1867 595 1929 626 Sed
1945 595 2131 625 huiusmodi
2148 594 2324 625 differentia
2346 605 2414 625 non
2430 596 2574 626 consistit
2590 596 2625 626 in

1561 640 1624 669 hoc
1648 639 1738 679 quod
1762 640 1874 670 entitas
1897 640 1952 675 rei,
1976 645 2054 679 puta
2070 640 2170 679 panis,
2195 644 2397 669 convertatur
2411 639 2444 669 in
2461 640 2625 669 entitatem

1561 683 1688 714 alterius
1711 684 1774 719 rei,
1805 689 1883 724 puta
1906 684 2050 724 corporis
2074 683 2218 719 Christi;,
2239 684 2330 723 panis
2352 693 2429 713 vero
2457 684 2625 723 proprium

1562 728 1820 764 constitutivum,
1845 737 1901 768 per
1925 727 2015 768 quod
2037 728 2143 768 specie
2167 727 2370 767 distinguitur
2400 728 2438 757 ab
2462 727 2558 757 altera
2580 736 2624 763 re,

1560 777 1638 811 puta
1662 781 1797 812 corpore
1814 772 1941 808 Christi,
1957 782 2025 802 non
2041 777 2243 802 convertatur
2258 773 2292 802 in
2308 772 2438 802 alteram
2453 780 2531 807 rem,
2547 776 2626 811 puta

1562 825 1678 856 corpus
1707 816 1841 852 Christi,
1866 816 1922 846 sed
1949 817 2096 852 tollatur,
2128 826 2196 846 non
2220 815 2439 846 conservando
2463 816 2570 856 ipsum
2592 816 2626 846 in

1562 869 1639 890 esse.
1664 859 1727 890 Sed
1750 861 1894 891 consistit
1909 860 2095 891 huiusmodi
2111 860 2286 891 differentia
2301 861 2334 890 in
2350 861 2414 890 hoc
2426 859 2529 900 quod,
2547 859 2626 890 dum

1561 909 1628 934 tota
1650 914 1699 934 res
1723 914 1805 944 quae
1828 910 1875 935 est
1897 905 1998 944 panis,
2016 905 2211 935 convertitur
2233 905 2266 935 in
2283 914 2400 945 corpus
2417 904 2544 940 Christi,
2561 903 2626 934 for-

1560 948 1651 978 malis
1675 949 1755 979 ratio
1779 954 1910 979 naturae
1929 949 2010 979 entis
2033 949 2179 985 salvatur,
2204 948 2346 979 formalis
2361 958 2438 979 vero
2454 949 2534 978 ratio
2550 957 2626 988 pro-

1561 993 1621 1032 prii
1640 993 1836 1022 constitutivi
1852 998 1883 1022 et
1898 992 2068 1023 distinctivi
2084 994 2174 1032 panis
2194 1003 2262 1023 non
2285 993 2431 1023 salvatur.
2455 992 2532 1022 Post
2548 1002 2627 1023 con-

1560 1037 1741 1066 versionem
1765 1037 1852 1066 enim
1867 1037 1958 1076 panis
1973 1037 2007 1066 in
2024 1046 2142 1077 corpus
2159 1037 2286 1073 Christi,
2311 1037 2402 1077 panis
2418 1037 2531 1067 entitas
2547 1045 2627 1067 con-

1560 1089 1650 1110 versa
1673 1081 1785 1110 entitas
1801 1080 1959 1120 quaedam
1975 1086 2031 1117 est,
2055 1082 2146 1120 panis
2161 1091 2238 1111 vero
2263 1090 2435 1111 conversus
2451 1082 2542 1121 panis
2557 1090 2625 1111 non

1562 1129 1617 1154 est.
1651 1124 1703 1154 Sic
1731 1125 1817 1154 enim
1841 1123 2020 1154 verificatur
2050 1124 2140 1164 quod
2166 1126 2206 1155 sit
2232 1125 2400 1155 conversio
2425 1125 2562 1155 entitatis
2591 1125 2626 1155 in

1561 1168 1735 1204 entitatem,
1759 1167 1884 1198 sublato
1902 1177 1941 1198 eo
1965 1178 2022 1208 per
2038 1168 2129 1208 quod
2145 1168 2404 1208 distinguebatur.
2429 1168 2563 1199 Perinde
2580 1174 2627 1199 est

1561 1212 1648 1241 enim
1672 1221 1708 1241 ac
1731 1212 1757 1241 si
1781 1211 1902 1242 dictum
1930 1211 2041 1242 fuisset
2068 1211 2158 1252 quod
2187 1212 2355 1242 conversio
2389 1211 2425 1242 fit
2447 1221 2505 1252 per
2527 1213 2625 1243 totius

1561 1254 1692 1295 quidem
1716 1255 1761 1285 rei
1785 1256 2030 1286 conversionem
2048 1257 2083 1286 in
2097 1261 2199 1286 totam
2214 1265 2283 1286 rem
2307 1256 2447 1291 alteram,
2472 1255 2528 1286 sed
2545 1257 2627 1287 inter

1560 1300 1698 1329 rationes
1722 1309 1780 1329 seu
1803 1299 2005 1330 conditiones
2021 1300 2241 1330 substantiales
2265 1309 2455 1330 communes
2477 1299 2528 1330 vel
2550 1309 2627 1340 pro-

1560 1344 1643 1383 prias
1667 1343 1830 1383 disparitas
1854 1349 1918 1373 est:
1944 1344 2020 1383 quia
2042 1353 2091 1374 res
2112 1353 2265 1374 conversa
2281 1344 2325 1374 sic
2341 1343 2520 1374 secundum
2536 1353 2627 1375 com-

1560 1388 1670 1418 munia
1694 1388 1784 1427 quasi
1800 1388 1937 1418 salvatur
1958 1387 2048 1428 quod
2062 1389 2179 1418 iterum
2195 1388 2328 1428 suscipit
2343 1387 2520 1418 eorundem
2536 1398 2627 1428 prae-

1561 1431 1765 1468 dicationem,
1790 1427 1969 1462 secundum
1995 1442 2072 1462 vero
2095 1433 2224 1472 propria
2247 1441 2314 1463 non
2341 1433 2426 1463 subit
2449 1432 2628 1464 eorundem

1560 1475 1841 1516 praedicationem.
1870 1476 1943 1506 Hoc
1967 1477 2054 1507 enim
2076 1476 2177 1507 modo
2200 1476 2387 1516 intelligitur
2409 1476 2570 1507 sublatum
2592 1476 2627 1508 id

1560 1530 1618 1561 per
1636 1520 1726 1560 quod
1749 1520 2009 1560 distinguebatur,
2034 1526 2065 1551 et
2087 1526 2188 1551 totam
2212 1530 2280 1551 rem
2303 1521 2447 1551 converti
2469 1521 2503 1551 in
2525 1526 2627 1552 totam

1560 1574 1645 1601 rem,
1675 1565 1719 1595 ita
1743 1564 1832 1605 quod
1854 1565 1933 1595 nihil
1959 1566 2026 1596 eius
2050 1565 2228 1596 secundum
2252 1575 2286 1596 se
2309 1570 2490 1601 remaneat,
2515 1570 2571 1596 aut
2591 1566 2627 1596 in

1560 1609 1698 1640 nihilum
1722 1608 1855 1639 decidat.

1616 1654 1657 1683 Et
1680 1654 1706 1684 si
1729 1654 1863 1684 instetur
1886 1653 1985 1694 quod,
2010 1654 2036 1684 si
2058 1659 2126 1684 tota
2149 1663 2198 1684 res
2221 1654 2359 1684 totaliter
2382 1654 2578 1684 convertitur
2591 1654 2626 1684 in

1561 1703 1663 1728 totam
1686 1697 1780 1728 aliam
1802 1707 1881 1734 rem,
1906 1697 2020 1728 frustra
2042 1698 2166 1728 Auctor
2188 1697 2343 1728 laboravit
2366 1697 2406 1729 ad
2429 1698 2626 1738 distinguen-

1562 1742 1640 1772 dum
1662 1742 1696 1772 in
1719 1742 1814 1772 rebus
1837 1742 2098 1773 convertibilibus
2121 1747 2268 1772 naturam
2291 1742 2382 1779 entis,
2406 1742 2441 1772 in
2460 1752 2524 1783 qua
2547 1751 2626 1773 con-

1560 1787 1711 1822 veniunt,
1735 1796 1753 1816 a
1776 1786 1913 1827 propriis
1941 1786 2128 1817 distinctivis
2153 1795 2277 1822 rerum,
2306 1792 2383 1817 etc.:
2414 1786 2627 1827 respondetur

1560 1840 1629 1861 non
1651 1830 1775 1866 frustra,
1799 1829 1855 1861 sed
1878 1831 1995 1861 utiliter
2010 1831 2187 1861 Auctorem
2201 1830 2360 1861 laborasse
2377 1830 2416 1861 ad
2432 1829 2626 1862 reddendam

1560 1876 1718 1905 rationem
1741 1875 2012 1910 convertibilitatis
2035 1875 2141 1905 totalis
2164 1875 2411 1914 supernaturalis
2440 1875 2626 1915 proportio-

1560 1919 1672 1949 naliter
1688 1918 1728 1949 ad
1743 1919 1900 1949 rationem
1915 1919 2134 1949 conversionis
2149 1919 2362 1949 substantialis
2377 1919 2538 1949 naturalis.
2557 1919 2627 1950 Du-

1560 1964 1684 2004 pliciter
1707 1962 1866 2003 siquidem
1889 1963 2024 1994 naturali
2047 1963 2258 1993 conversione
2280 1963 2419 1999 inventa,
2435 1963 2556 1993 scilicet
2574 1963 2628 1994 vel

1561 2017 1618 2048 per
1646 2007 1782 2038 modum
1811 2008 2041 2047 generationis,
2073 2008 2155 2037 sicut
2183 2016 2258 2037 cum
2286 2017 2339 2038 aer
2371 2007 2567 2038 convertitur
2592 2007 2627 2038 in

1561 2061 1684 2082 novum
1707 2052 1826 2091 ignem,
1849 2051 1900 2081 vel
1923 2060 1980 2091 per
1998 2051 2134 2081 modum
2158 2051 2421 2091 aggenerationis,
2446 2051 2528 2082 sicut
2550 2060 2627 2082 cum

1561 2096 1750 2126 alimentum
1774 2096 1970 2126 convertitur
1992 2096 2026 2126 in
2042 2095 2250 2126 substantiam
2265 2096 2334 2126 eius
2357 2095 2447 2136 quod
2468 2096 2625 2133 nutriturg

1561 2140 1743 2170 communis
1773 2140 1854 2170 ratio
1885 2140 2013 2180 utrique
2045 2140 2247 2170 conversioni
2279 2145 2326 2170 est
2348 2140 2571 2171 convenientia
2592 2140 2628 2171 in

1560 2185 1692 2215 materia
1715 2189 1746 2215 et
1770 2183 1945 2214 differentia
1968 2185 2001 2214 in
2025 2183 2154 2220 formis,
2186 2184 2303 2225 quibus
2325 2183 2423 2215 fiebat
2449 2183 2626 2222 distinctim

1562 2234 1594 2259 et
1613 2230 1647 2259 in
1663 2229 1731 2269 ipsa
1747 2229 1958 2259 conversione
1973 2229 2105 2259 materia
2119 2228 2293 2268 utrobique
2307 2233 2460 2265 remanet,
2477 2233 2509 2259 et
2523 2228 2628 2260 forma

1561 2274 1607 2303 rei
1631 2283 1713 2314 quae
1737 2273 1934 2303 convertitur
1955 2282 2022 2303 non
2038 2278 2191 2303 remanet.
2215 2272 2319 2308 Unde,
2343 2277 2380 2303 ut
2401 2273 2627 2313 proportiona-

1561 2318 1631 2348 liter
1647 2317 1687 2348 de
1702 2317 1793 2348 totali
1805 2317 2016 2347 conversione
2032 2316 2177 2347 doctrina
2187 2316 2371 2353 traderetur,
2382 2317 2493 2357 posuit
2503 2317 2628 2348 Auctor

1561 2363 1595 2392 in
1619 2362 1879 2392 convertibilibus
1901 2360 2087 2391 huiusmodi
2109 2366 2256 2391 naturam
2279 2361 2376 2397 entis,
2400 2361 2433 2391 in
2457 2370 2521 2401 qua
2548 2370 2628 2392 con-

1561 2407 1724 2442 venirent,
1750 2411 1781 2436 et
1804 2405 2008 2436 constitutiva
2030 2404 2197 2445 specifica,
2229 2405 2346 2445 quibus
2369 2405 2627 2445 distinguuntur3

1563 2457 1594 2481 et
1616 2460 1724 2481 rursus
1746 2450 1855 2490 posuit
1870 2454 2016 2480 naturam
2031 2450 2065 2479 in
2082 2458 2145 2489 qua
2160 2459 2210 2479 res
2226 2458 2309 2489 quae
2326 2450 2522 2480 convertitur
2537 2458 2628 2480 com·-

1562 2496 1704 2526 municat
1728 2503 1803 2525 curn
1824 2494 1929 2530 altera,
1954 2503 2117 2524 remanere
2133 2494 2167 2523 in
2182 2493 2235 2524 illa
2251 2493 2356 2530 altera,
2380 2503 2448 2523 non
2464 2494 2498 2524 in
2514 2494 2626 2534 seipsa,

1563 2540 1638 2580 quia
1661 2540 1706 2570 sic
1728 2548 1795 2569 non
1819 2542 2057 2568 converteretur
2078 2538 2112 2568 in
2136 2538 2266 2568 alteram
2289 2547 2367 2573 rem,
2391 2537 2447 2568 sed
2462 2538 2496 2568 in
2511 2538 2571 2568 sibi
2585 2537 2627 2568 si—

1562 2584 1648 2614 mile.
1672 2583 1713 2614 Et
1735 2587 1905 2623 propterea
1926 2581 2041 2612 dicitur
2063 2582 2174 2612 salvari
2189 2581 2347 2612 rationem
2362 2581 2531 2613 formalem
2547 2584 2626 2620 eius,

1562 2627 1750 2668 specificum
1773 2631 1881 2657 autem
1904 2626 2122 2657 distinctivum
2137 2626 2180 2656 ita
2196 2627 2339 2657 converti
2362 2626 2452 2666 quod
2467 2635 2528 2657 nec
2543 2626 2578 2657 in
2592 2635 2628 2658 se

1562 2682 1622 2703 nec
1645 2673 1679 2702 in
1702 2681 1762 2702 suo
1786 2671 1880 2701 simili
1904 2676 2074 2701 remaneat.
2108 2671 2149 2701 Et
2170 2676 2340 2711 propterea
2362 2670 2478 2701 auferri
2501 2670 2626 2708 dicitur,

1563 2722 1594 2747 et
1609 2726 1677 2747 non
1693 2715 1813 2751 salvari,
1830 2714 2009 2745 secundum
2024 2724 2115 2746 suam
2130 2715 2288 2746 rationem
2303 2714 2482 2745 formalem.
2499 2715 2628 2755 Duplex

1562 2766 1732 2801 propterea
1747 2760 1917 2790 necessitas
1933 2759 2096 2790 doctrinae
2112 2759 2208 2790 huius
2223 2758 2293 2790 fuit.
2309 2759 2428 2796 Altera,
2442 2764 2479 2790 ut
2493 2767 2627 2791 conver-

1562 2806 1610 2836 sio
1627 2804 1873 2845 supematuralis
1888 2803 2137 2844 proportionalis
2154 2803 2417 2834 conversionibus
2430 2803 2627 2834 naturalibus

1562 2850 1602 2880 sit
1624 2854 1807 2880 monstrata.
1837 2848 1954 2884 Altera,
1978 2853 2014 2878 ut
2036 2847 2216 2878 intellectus
2238 2853 2347 2878 noster
2369 2856 2407 2878 ex
2429 2846 2627 2878 naturalibus

1563 2893 1825 2925 conversionibus
1846 2902 1925 2933 quas
1945 2892 2045 2928 novit,
2061 2891 2296 2923 manuducatur
2311 2891 2351 2922 ad
2365 2891 2625 2931 supernaturalia,
2647 2926 2649 2928 ‚

1563 2939 1621 2969 etsi
1640 2947 1709 2968 non
1731 2936 1936 2978 penetranda,
1954 2936 2065 2967 saltem
2088 2935 2266 2976 cogitanda,
2282 2941 2319 2966 ut
2333 2945 2401 2966 non
2416 2935 2626 2975 impossibilia

1563 2983 1790 3013 existimentur.
1813 2999 1837 3003 —
1859 2981 1901 3011 Et
1915 2981 2068 3021 haecbpro
2085 2980 2284 3020 expositione
2306 2979 2427 3010 litterae
2450 2979 2513 3009 sint
2531 2978 2624 3010 dicta.

1616 3027 1655 3057 X.
1673 3025 1880 3057 Conferendo
1897 3030 2005 3056 autem
2019 3025 2169 3055 Auctoris
2183 3024 2340 3054 rationem
2356 3022 2396 3053 de
2412 3023 2626 3054 convertibili—

1562 3076 1626 3102 tate
1643 3071 1799 3110 cuiusque
1816 3075 1976 3100 creaturae
1991 3069 2024 3099 in
2041 3077 2280 3109 quamcumque
2303 3067 2397 3098 aliam
2409 3068 2435 3103 *,
2453 3073 2627 3098 occurrunt
2652 3072 2663 3102 ,·

1563 3116 1674 3146 Petrus
1691 3114 1730 3145 de
1746 3113 1866 3145 Palude
1881 3114 1908 3150 *‚
1925 3113 2110 3153 ambiguus;
2135 3117 2166 3143 et
2180 3111 2361 3148 Durandus,
2379 3111 2508 3142 obstans
2522 3111 2626 3142 ruani-
2651 3125 2663 3136 ·

1563 3159 1652 3196 feste,
1676 3160 1710 3190 in
1733 3168 1787 3199 qu.
1809 3168 1842 3195 11,
1866 3157 1936 3188 dist.
1957 3167 1988 3187 x1
2003 3157 2030 3193 θ,
2054 3155 2232 3196 dupliciter,
2256 3155 2376 3187 scilicet
2398 3155 2554 3186 solvendo
2576 3165 2626 3186 ra-
2677 3167 2683 3179 ¹

1562 3205 1686 3234 tionem
1701 3202 1861 3238 Auctoris,
1879 3207 1910 3232 et
1926 3200 2089 3241 arguendo
2114 3205 2225 3230 contra
2248 3199 2366 3230 dictam
2388 3200 2585 3240 positionem
2596 3201 2623 3230 *.
2652 3232 2663 3243 .

1616 3248 1710 3278 Ratio
1732 3247 1828 3287 igitur
1849 3246 2009 3281 Auctoris,
2033 3244 2161 3280 scilicet,
2186 3245 2296 3285 Agens
2317 3244 2445 3274 virtutis
2469 3244 2624 3285 infinitae,

1561 3292 1648 3332 quod
1669 3291 1764 3322 habet
1785 3290 1943 3321 actionem
1966 3289 1999 3319 in
2015 3293 2117 3319 totum
2133 3297 2198 3324 ens,
2216 3292 2325 3328 potest
2339 3293 2535 3324 convertere,
2553 3294 2624 3325 etc„

1563 3336 1696 3366 solvitur
1711 3345 1729 3365 a
1745 3333 1899 3365 Durando
1914 3334 1931 3350 ⁹
1947 3332 2071 3364 dicente
2092 3331 2182 3372 quod
2206 3342 2244 3362 ex
2261 3332 2325 3363 hoc
2341 3342 2408 3363 non
2424 3337 2531 3372 potest
2546 3342 2625 3364 con·
2651 3338 2662 3350 ·

1562 3385 1684 3410 vertere
1699 3379 1760 3409 nisi
1776 3377 2047 3409 communicantia
2062 3377 2096 3407 in
2110 3377 2252 3413 materia,
2276 3377 2398 3407 ratione
2415 3377 2506 3407 cuius
2521 3386 2625 3408 unum

1563 3428 1670 3464 potest
1692 3423 1755 3454 dici
1778 3431 1906 3453 manere
1929 3421 1963 3451 in
1986 3421 2095 3451 altero.

1617 3467 1670 3497 XI.
1692 3466 1813 3498 Contra
1827 3465 2022 3506 positionem
2038 3470 2146 3495 autem
2161 3465 2264 3505 arguit
2278 3465 2495 3505 multipliciter
2509 3465 2536 3495 ¹².
2553 3464 2625 3495 Ρη·-
2651 3467 2663 3479 '

1563 3521 1626 3541 mo.
1644 3510 1845 3542 Conversum
1864 3514 1972 3540 manet
1986 3509 2020 3539 in
2036 3518 2076 3539 eo
2092 3509 2126 3539 in
2142 3508 2232 3549 quod
2251 3518 2442 3540 conversum
2459 3514 2515 3540 est.
2538 3509 2624 3550 Ergo
