2878 4088
166 576 176 586 ¹
188 574 319 596 DeAm‘maL
334 573 378 596 Ge-

167 603 244 650 :ez-lat.
252 601 291 623 lib.
302 601 318 627 I,
327 606 378 628 cap.

167 891 176 901 ·
193 888 259 910 Vers.
277 896 311 915 ¹4-

165 1282 175 1292 ·
186 1279 218 1302 ea
238 1297 243 1302 ,
254 1285 293 1306 xu,
303 1285 325 1301 n.
338 1286 356 1302 ι.
367 1291 376 1296 -

165 1306 218 1330 S.·r
236 1322 241 1328 .
262 1307 314 1328 lect.
335 1312 376 1328 xn.

167 2583 175 2592 ·
182 2580 283 2609 Etymol.
292 2580 332 2602 lib.
339 2579 379 2606 lx,

166 2614 217 2635 cup.
233 2613 263 2634 vi,
277 2613 300 2629 n.
316 2612 353 2635 ²9-

167 2761 177 2770 ·
191 2758 259 2787 Resp.
275 2758 304 2781 ad
321 2766 338 2781 ι.

168 2975 380 2998 ‘Did.DeAm'mal.

170 3002 379 3029 Generat.1ib.1v‚

169 3035 220 3056 cap.
236 3035 269 3050 ιιι.

171 3464 385 3493 ‘Gt-Arium&-

169 3493 211 3515 eic.
220 3492 260 3514 lib.
266 3491 296 3518 11.
306 3497 382 3540 ‘3⁸25'

170 3524 274 3568 ἱέἆῗῗὲ·
286 3519 330 3541 ‘⁵‘
377 3534 382 3540 '

400 1196 438 1230 ,in
461 1196 657 1226 hominibus.

414 197 485 233 104
1119 184 1383 234 QUAESTIO
1412 183 1510 230 LIV,
1531 183 1825 222 ARTICULUS
1854 185 1884 221 ΙΙ

464 274 492 295 2.
518 265 713 302 Pam-ranan,
731 266 897 297 vinculum
913 275 980 297 non
996 272 1102 307 potest
1123 275 1191 296 esse
1207 265 1267 295 nisi
1291 264 1474 303 aliquorum

407 309 446 339 ad
462 310 600 340 invicem
618 311 893 342 convenientium:
912 311 986 352 quia
1003 311 1168 341 vinculum
1184 310 1263 340 unit.
1281 307 1345 339 Sed
1361 315 1473 337 eorum

1529 262 1612 293 libus
1627 263 1653 293 *ἦ
1679 263 1719 293 Et
1741 269 1872 303 propter
1887 264 1951 294 hoc
1974 264 2141 294 vinculum
2162 264 2252 304 quod
2274 265 2506 305 propagatione
2530 273 2597 294 car-

1528 307 1593 337 nali
1610 308 1815 344 contrahitur,
1829 308 2072 338 convenientius
2089 307 2203 339 dIcitur
2218 309 2487 350 consanguinitas
2499 317 2597 348 quam

407 354 462 394 qui
487 353 684 385 descendunt
700 356 739 385 ab
756 365 823 386 uno
847 356 952 396 stipite
968 365 1035 386 non
1057 360 1103 386 est
1127 355 1228 385 maior
1251 350 1473 383 convenientia
1529 351 1717 382 carnalitas.
1743 351 1783 382 Et
1799 351 1889 392 quod
1905 351 2077 392 aliquando
2101 361 2185 383 unus
2201 354 2459 393 consanguineus
2483 351 2598 383 dicitur

407 397 446 428 ad
469 398 607 428 invicem
642 408 740 439 quam
775 400 911 431 aliorum
945 400 1135 430 hominum:
1173 407 1247 428 cum
1282 394 1475 427 conveniant
1530 404 1597 425 esse
1613 405 1691 426 caro
1709 396 1852 432 alterius,
1866 397 1929 427 hoc
1946 402 1993 427 est
2008 397 2201 436 inquantum
2215 397 2352 437 sanguis,
2366 397 2422 437 qui
2438 397 2471 427 in
2487 405 2597 427 semen

407 443 512 482 specie
536 447 567 472 et
591 442 736 474 differant
766 453 921 481 numero,
946 445 1027 475 sicut
1055 449 1085 474 et
1112 443 1163 473 alii
1194 441 1352 472 homines
1387 438 1473 479 Ergo
1497 445 1506 466 ς
1529 440 1586 469 viri
1603 445 1657 470 aut
1673 441 1705 470 in
1723 445 1922 471 menstruum
1939 441 2143 477 convertitur,
2161 446 2207 471 est
2222 441 2367 481 potentia
2383 450 2456 471 caro
2474 446 2504 471 et
2521 450 2557 471 os
2569 441 2595 470 “.

407 488 665 527 consanguinitas
688 498 756 519 non
780 495 826 519 est
850 488 982 529 aliquod
1005 487 1180 518 vinculum.
1584 485 1635 514 An
1660 494 1799 514 QUINTUM
1823 495 1982 515 mensuum
2006 485 2096 525 quod
2120 484 2251 525 quidam
2276 484 2387 516 dicunt
2410 484 2500 525 quod
2522 485 2597 515 ideo

463 530 491 561 3.
517 531 718 569 Prummu,
744 534 875 564 carnalis
899 533 1102 573 propagatio,
1126 529 1305 561 secundum
1329 527 1474 558 Philoso-
1530 529 1812 569 consanguinitatis
1842 529 2007 560 vinculum
2041 530 2238 560 contrahitur
2268 530 2349 559 inter
2379 530 2526 559 homines
2560 538 2598 559 ex

406 575 508 615 phum
524 576 558 612 “,
582 575 618 606 fit
645 576 684 608 de
711 578 878 618 superfluo
906 577 1060 608 alimenti.
1093 575 1155 607 Sed
1187 574 1248 604 tale
1275 571 1474 613 superfluum
1529 573 1646 603 carnali
1677 573 1928 613 propagatione,
1953 579 1983 604 et
2007 579 2114 604 tamen
2145 583 2213 604 non
2237 574 2318 604 inter
2348 573 2407 603 alia
2430 573 2596 609 animalia,

406 620 506 660 magis
529 620 624 651 habet
648 623 905 652 convenientiam
926 631 999 652 curn
1017 621 1110 651 rebus
1135 618 1294 653 comestis,
1312 626 1387 647 cum
1404 616 1475 656 qui-
1530 618 1605 657 quia
1629 617 1787 658 quidquid
1811 623 1857 648 est
1881 617 1920 648 de
1944 618 2074 648 veritate
2097 618 2257 648 humanae
2281 623 2413 648 naturae
2435 618 2469 648 in
2493 617 2598 648 omni-

406 664 466 695 bus
490 665 523 695 in
547 665 720 696 substantia
749 666 913 702 convenit,
939 675 1035 706 quam
1065 673 1140 695 cum
1169 673 1209 694 eo
1239 662 1294 702 qui
1323 660 1472 691 comedit.
1491 672 1516 687 ιο
1530 663 1589 692 bus
1613 662 1808 698 hominibus,
1835 661 1895 692 fuit
1917 663 1950 692 in
1974 663 2080 703 primo
2103 667 2251 702 parente:
2283 661 2374 702 quod
2396 671 2463 692 non
2488 667 2535 692 est
2557 660 2598 691 de

407 707 493 740 Cum
510 718 586 750 ergo
603 719 669 740 non
685 716 832 741 nascatur
848 710 979 751 aliquod
1002 709 1167 740 vinculum
1192 704 1474 746 consanguinitatis
1529 706 1597 736 aliis
1613 706 1813 737 animalibus.
1829 725 1852 729 —
1875 706 1938 737 Sed
1953 707 2132 738 secundum
2148 707 2222 742 hoc,
2239 706 2499 746 consanguinitas
2515 714 2598 736 nun-

407 753 474 783 eius
499 754 555 793 qui
579 763 616 785 ex
640 755 762 785 semine
785 756 924 785 nascitur
947 754 986 785 ad
1010 763 1059 784 res
1083 757 1250 787 comestas,
1274 760 1334 781 nec
1358 749 1397 780 ad
1420 758 1474 789 ge·
1530 760 1627 791 quam
1651 751 1756 781 dirimi
1779 757 1897 791 posset.
1934 751 2095 782 Praedicta
2119 756 2227 781 autem
2245 751 2365 791 positio
2388 751 2421 780 in
2446 750 2472 780 11
2495 750 2598 786 libro,

406 802 572 828 nerantem
599 808 637 829 ex
661 799 778 829 carnali
806 800 1038 840 propagatione
1065 804 1212 828 nascetur
1240 794 1373 835 aliquod
1399 803 1474 834 pro·
1529 795 1599 826 dist.
1617 805 1677 826 xxx
1693 796 1719 831 ’ᾗ
1743 796 1922 836 improbata
1946 803 2003 827 est.

406 842 593 882 pinquitatis
616 843 793 874 vinculum.
1584 839 1678 871 Unde
1698 839 1871 870 dicendum
1896 841 1985 880 quod
2000 841 2064 871 hoc
2087 839 2162 870 ideo
2179 840 2336 879 contingit
2359 839 2436 879 quia
2451 838 2600 870 animalia

461 895 491 924 4.
516 886 716 923 Pnanranm,
743 887 822 918 Gen.
844 897 916 918 xxix
932 888 963 924 ”‚
987 887 1097 917 Laban
1127 885 1204 916 dixit
1228 883 1267 915 ad
1291 883 1402 918 Iacob,
1430 881 1475 912 OS
1491 893 1513 914 ις
1528 893 1596 914 non
1620 885 1861 924 coniunguntur
1891 884 1930 916 ad
1954 885 2111 916 amicitiae
2143 885 2299 915 unitatem
2329 889 2460 924 propter
2482 892 2599 924 propa-

406 939 510 960 meum
532 935 563 960 et
577 940 656 961 caro
681 940 751 962 mea
768 941 809 966 es,
827 932 950 961 ratione
974 930 1175 971 cognationis
1199 938 1282 969 quae
1306 933 1371 958 erat
1393 927 1475 956 inter
1528 929 1691 969 gationem
1715 929 1893 959 multorum
1909 938 1947 960 ex
1971 939 2038 960 uno
2055 935 2185 970 parente
2202 929 2366 969 proximo:
2392 929 2474 958 sicut
2497 933 2544 958 est
2559 926 2600 958 de

406 983 472 1004 eos.
497 974 582 1014 Ergo
606 975 676 1005 talis
704 975 927 1015 propinquitas
955 975 1055 1014 magis
1083 973 1178 1004 debet
1205 972 1268 1003 dici
1296 971 1475 1002 carnalitas
1529 973 1725 1009 hominibus,
1743 978 1778 1003 ut
1801 973 1923 1004 dictum
1948 979 1994 1004 est
2009 975 2036 1004 ⁹.

406 1027 503 1058 quam
527 1020 806 1060 consanguinitas.

463 1063 491 1092 5.
515 1063 712 1099 paam-anna,
738 1063 869 1093 carnalis
893 1062 1082 1103 propagatio
1103 1066 1150 1092 est
1166 1059 1349 1091 communis
1369 1058 1475 1088 homi-

405 1107 499 1137 nibus
516 1112 546 1136 et
563 1107 761 1138 animalibus.
786 1106 849 1138 Sed
869 1107 903 1137 in
919 1106 1107 1137 animalibus
1131 1114 1199 1135 non
1223 1103 1420 1134 contrahitur
1437 1111 1475 1132 ex
1490 1112 1516 1126 πο

405 1151 522 1181 carnali
546 1152 777 1192 propagatione
801 1151 1085 1191 consanguinitatis
1107 1148 1285 1180 vinculum.
1309 1147 1394 1187 Ergo
1414 1155 1475 1176 nec

1529 1038 1629 1068 ART.
1647 1038 1684 1069 Π.
1702 1049 1807 1069 UTRUM
1831 1048 2096 1070 CONSANOUINITAS
2121 1049 2357 1070 CONVBNIENTER
2373 1048 2600 1070 DtSTmGUATUR

1865 1093 1922 1113 PER
1946 1093 2053 1113 LINEAS
2077 1093 2115 1114 ET
2145 1093 2266 1113 GRADUS

1531 1158 1614 1221 An
1644 1157 1806 1178 secunaum
1836 1158 1881 1179 sic
1907 1158 2112 1179 pnocamwa.
2136 1148 2271 1179 Videtur
2295 1148 2384 1188 quod
2407 1149 2600 1189 consangui-

1593 1193 1675 1222 nitas
1699 1193 1964 1223 inconvenienter
1991 1192 2203 1233 distinguatur
2225 1202 2282 1233 per
2298 1193 2396 1223 lineas
2420 1198 2452 1223 et
2473 1192 2598 1233 gradus.

460 1240 650 1271 Rnspommo
682 1250 842 1270 mensuum
873 1239 977 1280 quod,
1009 1238 1189 1270 secundum
1220 1236 1473 1275 Philosophum,
1529 1236 1654 1267 Dicitur
1677 1238 1764 1268 enim
1787 1237 1871 1267 linea
1886 1237 2170 1278 consanguinitatis
2194 1246 2262 1267 esse
2283 1237 2435 1267 ordinata
2451 1237 2599 1268 collectio

404 1285 438 1315 in
453 1284 525 1314 VIII
541 1284 684 1321 Ethic.*‚
703 1285 807 1316 omnis
823 1284 966 1315 amicitia
991 1284 1024 1314 in
1049 1283 1159 1324 aliqua
1183 1280 1475 1313 communicatione
1523 1290 1744 1322 personarum
1767 1281 2052 1324 consanguinitate
2075 1281 2323 1312 coniuncturum
2347 1281 2387 1311 ab
2410 1281 2521 1312 eodem
2544 1281 2600 1311 sti-

405 1329 559 1359 consistit.
584 1329 625 1360 Et
649 1330 724 1370 quia
747 1329 884 1360 amicitia
908 1329 1017 1369 ligatio
1041 1328 1107 1358 sive
1130 1327 1210 1358 unio
1235 1324 1393 1366 quaedam
1417 1329 1473 1360 est,
1489 1333 1513 1354 ²5
1523 1326 1593 1367 pite
1611 1325 1879 1362 descendentium,
1896 1326 2041 1357 diversos
2059 1326 2228 1357 continens
2249 1325 2376 1367 gradus
2390 1326 2417 1356 ἦ
2441 1324 2506 1356 Sed
2520 1325 2600 1356 nihil

404 1373 478 1403 ideo
511 1374 762 1404 communicatio
795 1383 877 1414 quae
905 1378 951 1404 est
978 1373 1135 1403 amicitiae
1167 1380 1278 1406 causa,
1310 1369 1474 1400 vinculum
1530 1375 1577 1401 est
1592 1370 1678 1401 aliud
1694 1371 1953 1411 consanguinitas
1970 1380 2068 1411 quam
2085 1370 2234 1401 collectio
2251 1370 2363 1400 talium
2378 1378 2599 1411 personarum.

405 1417 529 1448 dicitur.
561 1418 602 1448 Et
628 1418 702 1448 ideo
730 1417 909 1449 secundum
937 1417 1114 1458 quamlibet
1144 1414 1474 1447 communicationem
1529 1415 1615 1455 Ergo
1640 1415 1723 1445 linea
1739 1416 2023 1456 consanguinitatis
2047 1421 2094 1446 est
2116 1414 2203 1446 idem
2220 1414 2310 1455 quod
2329 1414 2599 1455 consanguinitas.

405 1461 654 1493 denominantur
677 1463 775 1503 aliqui
799 1463 890 1503 quasi
914 1462 1054 1502 colligati
1077 1460 1117 1491 ad
1139 1461 1297 1491 invicem:
1323 1459 1404 1488 sicut
1428 1457 1474 1488 di·
1529 1459 1616 1490 Nihil
1633 1465 1740 1490 autem
1764 1459 1859 1490 debet
1882 1459 2033 1501 distingui
2047 1469 2106 1500 per
2128 1460 2280 1500 seipsum.
2305 1459 2391 1499 Ergo
2408 1459 2601 1500 consangui—

405 1512 522 1538 cuntur
545 1508 693 1538 concives
723 1508 779 1548 qui
809 1508 927 1537 habent
950 1506 1115 1547 politicam
1144 1503 1474 1535 communicationem
1528 1505 1609 1535 nitas
1631 1514 1699 1534 non
1724 1505 1953 1535 convenienter
1975 1514 2032 1545 per
2055 1504 2154 1535 lineas
2178 1503 2391 1544 distinguitur.

405 1551 445 1582 ad
467 1552 605 1582 invicem
622 1576 629 1588 ,
654 1558 685 1582 et
715 1552 949 1582 commilitones
978 1551 1034 1591 qui
1063 1550 1261 1581 conveniunt
1288 1548 1321 1578 in
1347 1547 1473 1578 militari
1491 1557 1516 1577 ιο
1587 1558 1616 1579 2.
1641 1549 1844 1585 Pnaeranna,
1867 1548 1947 1579 illud
1979 1548 2159 1580 secundum
2183 1547 2273 1588 quod
2305 1547 2456 1578 dividitur
2479 1546 2601 1588 aliquid

404 1597 547 1636 negotio.
572 1596 613 1627 Et
629 1596 745 1627 eodem
769 1596 869 1627 modo
894 1596 950 1636 qui
971 1595 1169 1626 conveniunt
1185 1594 1216 1624 in
1233 1592 1369 1623 naturali
1385 1601 1474 1622 com·
1529 1603 1716 1630 commune,
1732 1603 1800 1624 non
1824 1599 1931 1634 potest
1953 1594 2032 1634 poni
2055 1594 2088 1624 in
2107 1592 2295 1624 definitione
2318 1593 2512 1623 communis.
2537 1591 2602 1623 Sed

405 1641 624 1672 municatione
648 1641 798 1672 dicuntur
821 1639 1068 1682 consanguinei.
1100 1639 1141 1670 Et
1164 1638 1238 1669 ideo
1262 1638 1296 1667 in
1315 1635 1475 1677 praedicta
1530 1638 1700 1669 descensus
1722 1638 1855 1678 ponitur
1869 1638 1903 1668 in
1919 1637 2107 1669 definitione
2126 1637 2286 1678 praedicta
2305 1637 2600 1677 consanguinitatis.

406 1684 592 1716 definitione
608 1686 740 1726 ponitur
756 1686 845 1726 quasi
863 1684 1147 1725 consanguinitatis
1163 1692 1274 1723 genus,
1291 1681 1476 1716 vinculum;
1530 1682 1800 1723 Consanguinitas
1825 1692 1901 1722 ergo
1925 1692 1992 1713 non
2016 1687 2123 1723 potest
2146 1681 2243 1712 dividi
2267 1690 2325 1722 per
2347 1681 2466 1712 lineam
2489 1690 2600 1712 ascen-

406 1730 497 1770 quasi
525 1731 722 1765 subiectum,
747 1739 910 1771 personae
938 1728 1164 1760 descendentes
1190 1727 1230 1758 ab
1259 1735 1324 1756 uno
1353 1725 1474 1765 stipite,
1530 1727 1682 1760 dentium.
1700 1727 1957 1758 descendentium
1981 1732 2012 1757 et
2036 1726 2313 1757 transversalium.

407 1783 547 1814 quorum
571 1780 618 1805 est
640 1774 827 1805 huiusmodi
850 1773 1033 1809 vinculum;
1059 1773 1150 1813 quasi
1173 1771 1378 1813 principium,
1403 1778 1476 1799 car·
1491 1780 1513 1800 ³5
1587 1772 1616 1802 3.
1641 1772 1844 1807 paurum,
1871 1770 2016 1802 definitio
2046 1771 2149 1802 lineae
2173 1776 2220 1801 est
2243 1770 2334 1811 quod
2357 1770 2396 1800 sit
2419 1770 2506 1801 inter·
2533 1769 2599 1800 dno

407 1819 492 1850 nalis
508 1819 721 1860 propagatio.
1525 1821 1649 1856 puncta
1664 1817 1691 1846 ’.
1716 1815 1779 1847 Sed
1796 1815 1861 1846 duo
1878 1821 1998 1856 puncta
2020 1825 2088 1846 non
2112 1815 2235 1846 faciunt
2249 1815 2310 1845 nisi
2333 1824 2437 1845 unum
2452 1813 2598 1855 gradum.

461 1864 512 1893 An
536 1874 652 1894 ramum
676 1873 759 1894 aaoo
779 1873 939 1893 nicannun
963 1861 1052 1903 quod
1068 1862 1166 1892 virtus
1190 1861 1291 1890 activa
1306 1868 1373 1889 non
1398 1858 1476 1888 reci·
1530 1861 1616 1900 Ergo
1641 1870 1705 1891 una
1728 1861 1811 1891 linea
1835 1861 1930 1890 habet
1953 1866 2078 1890 tanturn
2101 1869 2205 1890 unum
2234 1859 2386 1901 gradum.
2418 1859 2460 1889 Et
2482 1859 2526 1889 ita
2548 1867 2600 1889 ea-

406 1907 491 1948 pitur
514 1907 693 1938 secundum
717 1907 851 1938 eandem
879 1906 1109 1948 perfectionem
1134 1906 1166 1936 in
1191 1905 1403 1935 instrumento
1428 1912 1476 1932 se·
1531 1905 1603 1936 dem
1617 1905 1741 1935 videtur
1753 1905 1866 1935 divisio
1879 1905 2162 1944 consanguinitatis
2171 1913 2228 1944 per
2240 1903 2343 1934 lineas
2355 1909 2387 1934 et
2397 1912 2455 1944 per
2463 1902 2599 1945 gradus.

407 1952 550 1983 cundum
568 1962 665 1992 quam
690 1958 736 1982 est
759 1953 791 1982 in
809 1952 975 1992 principali
995 1955 1118 1991 agente.
1144 1950 1183 1980 Et
1200 1949 1274 1989 quia
1291 1957 1389 1978 omne
1405 1956 1476 1977 mo·
1586 1958 1616 1988 4.
1641 1950 1838 1985 Pium-anna,
1854 1949 1970 1989 gradus
1986 1948 2136 1979 definitur
2152 1957 2220 1978 esse
2243 1947 2395 1978 habitudo
2412 1947 2601 1978 distantium

406 2006 484 2027 vens
507 2002 633 2028 motum
650 2002 697 2027 est
713 1997 971 2031 instrumentum,
987 1995 1061 2025 inde
1079 1999 1126 2024 est
1149 1992 1239 2034 quod
1263 1993 1360 2022 virtus
1381 1991 1476 2032 primi
1490 2000 1744 2034 4⁰personarum
1775 2003 1839 2034 qua
1870 1993 2081 2034 cognoscitur
2107 1997 2229 2033 quanta
2260 1991 2415 2022 distantia
2437 2001 2602 2032 personae

406 2041 539 2071 motoris
555 2042 588 2072 in
605 2041 714 2081 aliquo
731 2050 857 2080 genere,
874 2049 931 2080 per
946 2040 1047 2070 multa
1063 2038 1166 2069 media
1184 2036 1330 2072 deducta,
1346 2035 1476 2066 tandem
1531 2038 1617 2068 inter
1638 2047 1672 2069 se
1696 2038 1851 2079 differant
1865 2038 1891 2067 “.
1921 2037 2000 2073 Sed,
2025 2046 2101 2067 cum
2125 2036 2384 2076 consanguinitas
2407 2036 2447 2067 sit
2468 2036 2602 2077 propin—

406 2085 523 2122 deficit,
541 2091 571 2116 et
595 2086 739 2126 pervenit
763 2085 802 2115 ad
826 2083 946 2125 aliquid
970 2082 1060 2124 quod
1084 2088 1130 2113 est
1152 2087 1280 2112 motum
1296 2086 1421 2111 tantum
1445 2085 1477 2109 et
1531 2083 1634 2123 quitas
1659 2082 1827 2123 quaedam,
1845 2081 1991 2112 distantia
2015 2090 2225 2122 personarum
2249 2080 2518 2121 consanguinitati
2541 2087 2601 2122 op..

405 2140 472 2161 non
496 2139 641 2160 movens.
666 2129 773 2160 Virtus
798 2135 904 2160 autem
935 2128 1114 2169 generantis
1138 2132 1248 2157 movet
1278 2135 1345 2156 non
1369 2124 1475 2155 solum
1530 2127 1662 2167 ponitur
1685 2127 1785 2166 magis
1809 2135 1907 2167 quam
1931 2126 1970 2156 sit
1993 2126 2061 2156 eius
2084 2135 2166 2166 pars.
2195 2125 2281 2166 Ergo
2304 2134 2362 2165 per
2384 2124 2499 2166 gradus
2523 2133 2602 2156 con-

406 2180 563 2215 quantum
588 2174 626 2204 ad
650 2173 681 2204 id
706 2173 795 2214 quod
826 2179 872 2204 est
896 2173 1031 2214 speciei,
1056 2171 1111 2202 sed
1135 2171 1230 2202 etiam
1255 2175 1412 2210 quantum
1436 2168 1476 2199 ad
1530 2172 1725 2211 sanguinitas
1749 2170 1899 2211 distingui
1923 2180 1991 2201 non
2014 2175 2130 2211 potest.

405 2219 437 2250 id
462 2218 551 2260 quod
575 2224 621 2249 est
644 2218 811 2254 individui,
826 2218 950 2248 ratione
967 2218 1058 2248 cuius
1082 2215 1167 2247 filius
1183 2215 1372 2246 assimilatur
1395 2214 1475 2254 patri
1490 2222 1513 2242 45
1589 2217 1616 2246 5,
1641 2216 1838 2252 pamniam,
1855 2215 1882 2246 si
1905 2215 2164 2256 consanguinitas
2187 2223 2244 2255 per
2259 2213 2375 2255 gradus
2398 2213 2603 2254 distinguitur

406 2263 501 2294 etiam
524 2264 557 2294 in
582 2262 839 2299 accidentalibus,
856 2272 924 2293 non
948 2262 1054 2293 solum
1070 2261 1104 2292 in
1120 2266 1231 2291 natura
1254 2259 1382 2300 speciei.
1407 2258 1476 2288 Nec
1531 2266 1562 2291 et
1586 2261 1802 2301 cognoscitur,
1819 2265 1948 2300 oportet
1964 2259 2053 2300 quod
2069 2259 2115 2290 illi
2133 2259 2190 2300 qui
2209 2264 2283 2290 sunt
2306 2259 2338 2289 in
2358 2257 2474 2289 eodem
2490 2257 2600 2299 gradu,

406 2314 513 2339 tamen
528 2307 730 2338 individualis
754 2308 852 2338 virtus
868 2307 964 2348 patris
983 2307 1026 2337 ita
1041 2305 1182 2347 perfecte
1198 2305 1231 2334 in
1248 2303 1315 2334 filio
1333 2309 1379 2334 est
1395 2303 1476 2333 sicut
1530 2306 1593 2335 sint
1626 2305 1800 2346 aequaliter
1833 2304 2074 2345 consanguinei.
2111 2303 2173 2334 Sed
2196 2303 2259 2334 hoc
2290 2302 2406 2333 falsum
2437 2308 2500 2334 est:
2525 2303 2602 2344 quia

406 2358 471 2383 erat
494 2353 527 2383 in
550 2358 656 2392 patre;
682 2358 713 2382 et
737 2351 840 2382 adhuc
860 2351 893 2382 in
917 2356 1036 2392 nepote
1059 2350 1184 2386 minus·,
1209 2354 1240 2379 et
1263 2349 1308 2379 sic
1325 2347 1475 2387 deinceps
1530 2355 1724 2390 propatruus
1749 2355 1779 2380 et
1803 2349 1947 2380 eiusdem
1970 2357 2135 2389 pronepos
2158 2351 2233 2378 sunt
2256 2348 2288 2378 in
2312 2347 2428 2378 eodem
2456 2346 2558 2388 gradu
2572 2347 2600 2385 ⁹,

406 2396 595 2428 debilitatur.
620 2397 661 2427 Et
676 2396 751 2427 inde
776 2402 822 2427 est
838 2395 927 2437 quod
950 2396 1049 2426 virtus
1066 2395 1118 2425 illa
1143 2393 1340 2434 quandoque
1357 2391 1474 2427 deficit,
1530 2403 1598 2425 non
1614 2400 1722 2424 tamen
1738 2399 1812 2424 sunt
1836 2393 2009 2434 aequaliter
2025 2393 2266 2433 consanguinei,
2283 2398 2319 2423 ut
2334 2391 2499 2423 decretalis
2514 2390 2600 2423 dicit.

405 2447 442 2472 ut
464 2442 546 2472 ultra
569 2441 743 2481 procedere
766 2450 833 2471 non
850 2441 960 2481 possit.
986 2440 1026 2470 Et
1050 2440 1125 2479 quia
1147 2437 1405 2478 consanguinitas
1429 2441 1476 2467 est
1492 2443 1517 2462 5⁰
1531 2439 1617 2479 Ergo
1642 2439 1901 2479 consanguinitas
1924 2447 1992 2468 non
2015 2442 2100 2468 recte
2125 2437 2328 2477 distinguitur
2349 2445 2408 2477 per
2429 2435 2555 2477 gradus.

405 2487 599 2527 inquantum
622 2485 716 2516 multi
743 2485 985 2516 communicant
1007 2485 1041 2515 in
1064 2483 1118 2514 tali
1142 2484 1257 2513 virtute
1289 2491 1327 2512 ex
1350 2490 1418 2512 uno
1442 2481 1475 2511 in
1588 2483 1617 2514 6.
1642 2483 1839 2519 Paanrnnna,
1856 2483 1889 2513 in
1912 2483 2007 2513 rebus
2030 2481 2183 2512 ordinatis
2207 2480 2374 2522 quodlibet
2397 2480 2541 2512 additum
2556 2481 2602 2512 al-

406 2531 526 2561 multos
546 2540 602 2571 per
618 2530 883 2570 propagationem
899 2529 1040 2565 inducta,
1051 2527 1213 2569 paulatim
1229 2536 1263 2558 se
1279 2525 1476 2567 consangui-
1530 2529 1588 2558 teri
1604 2527 1679 2558 facit
1703 2528 1801 2558 alium
1816 2527 1968 2568 gradum:
1994 2526 2076 2557 sicut
2099 2525 2260 2566 quaelibet
2277 2526 2383 2556 unitas
2405 2524 2511 2556 addita
2527 2524 2603 2557 facit

407 2575 492 2606 nitas
515 2574 647 2610 dirimit,
665 2580 700 2605 ut
724 2574 863 2605 Isidorus
882 2573 957 2604 dicit
973 2574 999 2604 ⁹.
1024 2573 1065 2604 Et
1088 2572 1161 2603 ideo
1186 2581 1253 2602 non
1277 2576 1404 2611 oportet
1425 2579 1476 2600 ac·
1531 2573 1626 2603 aliam
1641 2573 1783 2613 speciem
1798 2572 1925 2602 numeri
1940 2572 1966 2602 ‘.
1991 2570 2055 2602 Sed
2070 2580 2208 2611 persona
2231 2569 2336 2601 addita
2351 2579 2510 2611 personae
2531 2579 2602 2601 non

407 2620 514 2660 cipere
537 2619 677 2660 stipitem
700 2624 862 2649 remotum
891 2618 926 2648 in
955 2617 1142 2648 definitione
1176 2615 1475 2656 consanguinitatis,
1531 2626 1658 2657 semper
1673 2616 1747 2647 facit
1762 2616 1896 2657 gradum
1913 2615 2011 2646 alium
2024 2615 2324 2656 consanguinitatis:
2345 2614 2420 2655 quia
2435 2615 2468 2645 in
2483 2613 2602 2646 eodem

407 2663 463 2694 sed
485 2664 725 2704 propinquum,
751 2664 842 2694 cuius
865 2663 964 2693 virtus
995 2661 1099 2692 adhuc
1129 2666 1257 2692 maneat
1279 2660 1312 2690 in
1335 2659 1396 2690 illis
1420 2660 1474 2700 qui
1492 2665 1514 2685 ῖς
1530 2661 1630 2702 gradu
1655 2661 1939 2702 consanguinitatis
1959 2666 2006 2691 est
2020 2665 2110 2700 pater
2129 2666 2160 2690 et
2175 2664 2318 2700 patruus,
2335 2659 2391 2700 qui
2407 2658 2600 2699 adiungitur.

408 2718 446 2739 ex
470 2718 510 2739 eo
534 2713 761 2748 propagantur.
1531 2707 1616 2746 Ergo
1641 2716 1708 2736 non
1733 2711 1817 2736 recte
1841 2715 1898 2746 per
1920 2704 2035 2746 gradus
2059 2704 2318 2744 consanguinitas
2342 2703 2555 2744 distinguitur.

462 2753 513 2783 An
537 2762 699 2783 sncunnrm
715 2761 875 2782 mensuum
892 2750 982 2791 quod
1004 2751 1069 2781 iam
1085 2755 1172 2791 patet
1188 2759 1226 2781 ex
1242 2748 1333 2780 dictis
1349 2750 1366 2765 ⁴*
1387 2747 1477 2788 quod
1587 2760 1617 2791 7.
1642 2750 1838 2786 Pmarnan,
1855 2750 1938 2780 inter
1953 2748 2036 2780 duos
2059 2749 2261 2790 propinquos
2277 2757 2404 2789 semper
2419 2753 2467 2779 est
2489 2746 2601 2778 eadem

407 2807 474 2828 non
498 2797 604 2827 solum
621 2797 819 2827 conveniunt
842 2796 1074 2836 consanguinei
1090 2795 1123 2825 in
1139 2800 1252 2825 nat-ura
1275 2793 1403 2834 speciei,
1421 2792 1476 2823 sed
1531 2795 1815 2835 consanguinitatis
1831 2794 2071 2835 propinquitas:
2097 2794 2172 2834 quia
2196 2793 2371 2834 aequaliter
2385 2792 2480 2823 distat
2495 2800 2600 2822 unum

407 2842 502 2872 etiam
518 2842 551 2871 in
574 2842 690 2872 virtute
706 2841 835 2881 propria
858 2841 958 2881 ipsius
973 2839 1130 2871 individui
1146 2849 1183 2870 ex
1207 2848 1275 2869 uno
1299 2839 1333 2868 in
1356 2837 1476 2868 multos
1531 2845 1746 2871 extremorum
1770 2840 1809 2870 ab
1834 2839 1896 2869 alio
1913 2845 1944 2869 et
1967 2847 1985 2869 e
2009 2847 2176 2869 converso,
2201 2837 2264 2869 Sed
2279 2836 2394 2878 gradus
2409 2836 2601 2876 consangui-

406 2885 566 2916 traducta:
592 2895 629 2916 ex
653 2895 717 2926 qua
737 2885 893 2925 contingit
917 2884 1114 2926 quandoque
1138 2883 1227 2924 quod
1247 2882 1332 2913 filius
1355 2882 1476 2912 assimi-
1490 2887 1517 2907 60
1530 2885 1635 2915 nitatis
1658 2894 1725 2915 non
1743 2884 1904 2914 invenitur
1927 2892 2054 2923 semper
2069 2882 2155 2913 idem
2178 2891 2218 2913 ex
2235 2887 2371 2922 utraque
2394 2886 2499 2921 parte:
2524 2889 2601 2911 cum

406 2931 488 2961 latur
512 2940 578 2961 non
602 2930 709 2960 solum
733 2930 824 2970 patri,
841 2929 897 2960 sed
921 2938 980 2959 avo
1004 2928 1055 2959 vel
1078 2929 1209 2959 remotis
1229 2927 1424 2968 parentibus,
1441 2932 1476 2956 ut
1531 2928 1730 2970 quandoque
1746 2938 1830 2959 unus
1846 2928 2048 2968 propinquus
2065 2927 2104 2958 sit
2126 2927 2159 2957 in
2182 2926 2277 2958 tertio
2294 2931 2326 2956 et
2340 2925 2419 2956 alius
2434 2925 2468 2955 in
2484 2929 2600 2964 quarto

407 2974 521 3005 dicitur
544 2975 577 3005 in
600 2975 702 3005 XVIII
727 2974 766 3005 de
789 2974 991 3004 Animalibus
1006 2974 1033 3004 ’ἃ
1531 2973 1640 3014 gradu.
1666 2973 1751 3013 Ergo
1768 2972 2051 3012 consanguinitatis
2067 2970 2290 3012 propinquitas
2307 2978 2376 3000 non
2391 2967 2499 3010 'potest
2513 2967 2601 2999 suffi-

461 3019 511 3049 An
528 3029 663 3049 martum
686 3028 845 3049 meantium
862 3017 951 3059 quod
971 3018 1195 3049 convenientia
1219 3017 1319 3057 magis
1342 3015 1476 3046 attendi·
1530 3018 1651 3048 cienter
1674 3027 1731 3058 per
1754 3016 1870 3058 gradus
1893 3016 2057 3057 cognosci.

407 3069 458 3094 tur
481 3063 659 3094 secundum
682 3063 830 3099 formam,
852 3062 1031 3094 secundum
1056 3071 1153 3103 quam
1178 3061 1298 3102 aliquid
1322 3066 1369 3092 est
1392 3066 1475 3096 actu,
1586 3063 1777 3093 Rasponnno
1793 3070 1953 3092 niem-mun
1985 3059 2074 3101 quod
2097 3058 2356 3100 consanguinitas
2371 3063 2419 3088 est
2441 3056 2601 3098 quaedam

408 3117 505 3148 quam
529 3107 707 3138 secundum
726 3108 901 3144 materiam,
918 3106 1097 3138 secundum
1114 3116 1213 3147 quam
1237 3111 1283 3137 est
1304 3106 1337 3136 in
1362 3110 1476 3146 poten·
1489 3109 1515 3135 ὅς
1531 3107 1756 3148 propinquitas
1771 3107 1805 3136 in
1816 3105 1951 3136 naturali
1967 3103 2262 3135 communicatione
2273 3101 2405 3133 fundata
2420 3101 2600 3133 secundum

407 3152 466 3182 tia:
492 3151 581 3192 quod
605 3158 691 3193 patet
714 3153 747 3183 in
770 3153 844 3189 hoc,
869 3151 958 3192 quod
982 3152 1078 3182 carbo
1101 3151 1202 3192 magis
1226 3150 1378 3181 convenit
1401 3159 1476 3180 curn
1532 3157 1639 3182 actum
1655 3150 1879 3192 generationis,
1896 3159 1962 3190 qua
1976 3154 2089 3179 natura
2103 3152 2298 3189 propagatur
2311 3147 2339 3177 ⁹.
2364 3146 2468 3183 Unde,
2485 3155 2600 3177 secun-

408 3196 481 3236 igne
505 3206 603 3236 quam
627 3206 701 3227 cum
725 3197 837 3227 arbore
861 3196 947 3227 unde
967 3196 1126 3226 abscisum
1150 3201 1197 3226 est
1219 3195 1352 3236 lignum.
1378 3194 1418 3224 Et
1437 3194 1476 3224 si·
1532 3195 1610 3227 dum
1634 3195 1879 3235 Philosophum,
1894 3194 1929 3224 in
1951 3192 2023 3224 -vnl
2038 3192 2142 3222 Emic.
2158 3191 2186 3228 ‘,
2200 3191 2262 3222 ista
2284 3191 2538 3222 communicatio
2553 3195 2602 3222 est

408 3240 524 3270 militer
548 3240 736 3271 alimentum
763 3241 826 3271 iam
850 3250 1042 3271 conversum
1066 3241 1099 3271 in
1123 3240 1263 3280 speciem
1287 3239 1397 3270 nutriti
1420 3248 1478 3279 per
1532 3240 1654 3280 triplex.
1679 3240 1751 3271 Una
1767 3237 1945 3270 secundum
1968 3235 2188 3268 habitudinem
2207 3235 2354 3276 principii
2374 3234 2414 3266 ad
2429 3235 2601 3276 principia-

409 3285 557 3315 virtutem
573 3286 766 3321 nutritivam,
779 3285 880 3326 magis
896 3285 1047 3316 convenit
1062 3293 1138 3315 cum
1153 3285 1225 3325 ipso
1241 3284 1362 3315 nutrito
1378 3292 1477 3324 quam
1531 3290 1612 3316 tum.
1640 3283 1684 3314 Et
1706 3284 1785 3314 haec
1809 3287 1856 3313 est
1884 3280 2143 3321 consanguinitas
2174 3280 2270 3320 patris
2295 3279 2334 3310 ad
2357 3278 2470 3310 filium.
2506 3278 2601 3311 Unde

409 3337 484 3359 cum
508 3329 561 3359 illa
583 3339 617 3359 re
640 3328 726 3360 unde
750 3335 916 3369 sumptum
940 3334 987 3359 est
1010 3329 1253 3359 nutrimentum.
1491 3336 1518 3357 το
1532 3328 1608 3360 dicit
1623 3329 1640 3345 ⁴*
1657 3327 1747 3368 quod
1755 3331 1911 3368 par-entes
1925 3325 2069 3366 diligunt
2079 3324 2177 3366 filios
2193 3330 2228 3355 ut
2245 3324 2297 3355 sui
2312 3324 2457 3365 ipsorum
2477 3322 2602 3365 aliquid

462 3373 557 3403 Ratio
582 3378 689 3404 autem
713 3373 900 3414 procederet
923 3372 1102 3404 secundum
1133 3373 1324 3414 opinionem
1346 3372 1477 3403 illorum
1532 3373 1712 3404 existentes.
1729 3390 1751 3394 -
1773 3370 1845 3402 Alia
1859 3374 1908 3401 eet
1929 3367 2108 3400 secundum
2123 3368 2344 3399 habitudinem
2364 3369 2545 3409 principiae
2560 3367 2601 3399 ad

410 3417 465 3456 qui
489 3416 637 3447 dicebant
659 3417 749 3458 quod
780 3422 847 3448 tota
870 3422 981 3448 natura
1014 3417 1058 3447 rei
1083 3422 1129 3448 est
1159 3417 1308 3452 materia,
1334 3422 1365 3447 et
1387 3415 1478 3456 quod
1531 3417 1736 3457 principium.
1761 3415 1802 3446 Et
1817 3415 1896 3445 haec
1915 3418 1963 3444 est
1977 3412 2035 3444 filii
2052 3412 2091 3444 ad
2107 3418 2239 3453 patrem.
2263 3412 2359 3444 Unde
2378 3413 2454 3444 dicit
2469 3414 2486 3431 ³*
2510 3411 2601 3454 quod

409 3459 531 3491 formae
555 3470 668 3491 omnes
691 3466 766 3492 sunt
789 3461 962 3492 accidentia
974 3462 1000 3491 “.
1025 3461 1125 3499 Quod
1149 3460 1263 3492 falsum
1287 3466 1342 3491 est.
1521 3461 1592 3502 filii
1615 3460 1758 3501 diligunt
1778 3463 1933 3499 parentes
1963 3462 1999 3488 ut
2020 3457 2060 3488 ab
2084 3457 2149 3488 illis
2179 3458 2359 3488 existentes.
2376 3475 2400 3480 —
2421 3457 2530 3488 Tertia
2553 3461 2601 3487 eut

465 3505 516 3535 An
540 3514 688 3535 ananum
717 3514 877 3536 mcnnnun
908 3505 998 3545 quod
1020 3505 1101 3536 illud
1125 3505 1214 3545 quod
1237 3505 1383 3545 proxime
1396 3513 1477 3534 con-
1532 3504 1710 3535 secundum
1726 3502 1946 3534 habitudinem
1964 3511 2078 3532 eorum
2095 3511 2176 3542 quae
2201 3508 2275 3533 sunt
2298 3502 2337 3532 ab
2353 3511 2421 3532 uno
2438 3501 2599 3542 principio

409 3549 540 3584 vertitur
563 3549 596 3579 in
613 3559 733 3585 semen,
749 3555 796 3580 est
818 3549 961 3589 sanguis:
986 3554 1022 3579 ut
1041 3549 1194 3590 probatur
1216 3549 1274 3579 XV
1291 3548 1330 3580 de
1346 3549 1478 3578 Anima·
1491 3557 1516 3578 ⁷5
1531 3548 1572 3579 ad
1594 3548 1748 3578 invicem:
1773 3547 1855 3578 sicut
1871 3545 1979 3577 fratres
1995 3546 2145 3577 dicuntur
2167 3555 2210 3577 ex
2225 3546 2342 3577 eisdem
2363 3546 2464 3582 nasci,
2480 3551 2518 3576 ut
2530 3546 2600 3586 ipse

2625 265 2683 287 ·s›id
2693 265 2837 287 DeAnt'mal.

2627 291 2738 314 Generat.
2757 292 2795 314 lib.
2811 292 2836 320 1,

2626 325 2676 346 cap.
2693 324 2740 341 xxx.

2625 442 2635 451 ·
2651 439 2686 461 Cf.
2702 439 2732 461 de
2746 439 2837 461 Partib.

2624 465 2725 487 Animal.
2743 466 2781 488 lib.
2797 465 2838 492 111,

2625 498 2676 521 cap.
2690 499 2713 514 v.

2626 797 2841 874 {gssssssssgffigff

2646 851 2761 873 .Th.1b1d.
2769 857 2839 879 qil-n,

2627 881 2668 900 art.
2686 885 2708 903 ις
2732 878 2792 899 Part.
2813 877 2840 905 1,

2627 911 2666 932 qu.
2678 910 2741 931 cxix,
2750 908 2794 926 an.
2807 911 2824 926 ι.

2627 973 2638 983 ·
2652 970 2678 993 In
2692 976 2798 998 corpore.

2628 1320 2669 1371 '132
2677 1326 2718 1374 iv.
2726 1347 2763 1371 ιιι.
2770 1353 2802 1375 n,
2811 1337 2843 1370 ab

2628 1373 2714 1403 Inped-
2737 1374 2758 1397 C
2823 1376 2838 1396 t.

2628 1400 2742 1450 ξέἑῗῑὶἰ
2751 1402 2841 1454 ῗεεηῒῗ

2628 1454 2682 1476 dist.
2697 1461 2741 1482 ιι,
2754 1458 2797 1477 ιη.
2812 1461 2839 1484 3:

2628 1481 2838 1504 DechratArbor.

2627 1507 2838 1563 §rau-ari*-

2626 1561 2650 1584 ιιι
2665 1551 2760 1584 olo-h.
2833 1551 2841 1563 '

2627 1819 2638 1828 ·
2666 1815 2756 1838 ΕιιοΙίἀ.
2786 1815 2842 1837 Ele·

2627 1842 2755 1892 »ε-ἰι.»
2768 1841 2786 1868 ¹·

2629 2036 2640 2048 ⁸
2654 2035 2678 2059 S.
2695 2035 2776 2065 hym.
2794 2036 2840 2058 loe.

2628 2062 2694 2112 ξ’ἑειὲ
2710 2062 2841 2117 ‚af-..az

2628 2119 2674 2166 rs:
2689 2121 2731 2165 ιι
2756 2115 2840 2139 ⁶¹⁰⁸*

2627 2346 2842 2396 materiati·

2627 2400 2711 2429 gum

2629 2571 2751 2594 'Arinem
2765 2570 2841 2593 uen-

2623 2597 2696 2628 μμ.
2718 2597 2759 2620 ιιι.
2781 2597 2825 2620 vu
2835 2614 2844 2625 ‚

2628 2630 2723 2648 enan
2751 2625 2840 2647 n.8.-

2628 2651 2653 2674 s.
2686 2650 2708 2674 ιι.
2723 2640 2764 2673 iis.
2776 2650 2840 2677 νιιι,

2627 2678 2679 2701 lect.
2695 2683 2729 2700 ιιι.

2628 3149 2639 3160 ·
2652 3148 2690 3172 Cf.
2704 3151 2747 3172 nrt.
2763 3154 2842 3177 praec.

2628 3191 2843 3216 'Cn-mas.

2627 3219 2796 3242 Theotm-

2628 3328 2639 3338 ·
2653 3324 2723 3355 ibid„
2737 3330 2761 3349 ι.
2775 3331 2797 3349 a.

2626 3412 2796 3443 ‘stu-uba·
