2918 4088
13 403 32 433 3⁴
60 403 120 438 ἐι).
133 413 203 437 orat.
217 413 267 435 Do-

58 441 141 469 uma,
155 445 220 463 num.
233 446 267 469 3¹.

42 738 46 741 ·
78 731 147 761 Rup.
161 731 190 754 nd
204 737 225 760 3.

943 184 1206 230 QUAESTIO
1234 184 1443 231 LXXXIII,
1472 184 1763 222 ARTICULUS
1790 187 1840 222 IV

297 257 337 294 in
365 258 441 294 hoc
469 265 707 294 sacramento
737 258 941 308 requiritur
968 260 1123 298 devotio
1147 260 1262 298 totius
1289 273 1358 310 po-

296 309 389 359 puli,
417 322 489 359 pro
517 322 597 359 quo
616 316 635 331 ⁷³
662 310 893 348 sacrificium
921 313 1092 356 offertur,
1122 321 1158 350 et
1185 325 1266 350 non
1298 325 1358 350 so-

295 415 552 452 sacramentis.
583 416 631 452 Et
658 415 758 462 ideo,
779 416 875 453 sicut
895 417 1110 466 Cyprianus
1133 417 1223 454 dicit
1240 417 1270 463 *,
1298 429 1357 454 sa-

294 468 436 514 cerdos,
450 468 688 516 praefatione
700 470 922 517 praemissa,
936 475 1051 518 parat
1058 471 1230 517 fratrum
1255 482 1356 506 men-

293 526 364 567 tes,
393 520 568 566 dicendo,
599 522 753 557 Sursum
788 521 924 566 corda,
954 528 1012 567 ut,
1041 522 1130 558 dum
1164 522 1358 571 respondet

288 573 411 622 plebs,
439 574 636 610 Habemus
662 573 713 610 ad
738 574 960 619 Dominum,
990 574 1236 611 admoneatur
1267 574 1358 611 nihil

292 626 397 662 aliud
421 638 460 663 se
487 628 655 676 cogitare
682 638 794 675 quam
822 626 944 662 Deum
965 631 991 662 Ρ.

345 680 403 716 AD
431 690 573 716 SEXTUM
600 690 783 715 DICENDUM
810 677 918 726 quod
941 677 981 714 in
999 678 1076 714 hoc
1103 685 1354 724 sacramento,

291 731 388 768 sicut
415 730 562 768 dictum
590 738 645 767 est
662 730 700 777 ²⁸²,
728 737 935 778 tanguntur
958 741 1004 767 ea
1031 742 1130 779 quae
1167 731 1358 780 pertinent

291 784 340 822 ad
368 791 490 821 totam
517 782 740 820 Ecclesiam.
770 783 819 819 Et
846 782 933 819 ideo
962 782 1157 831 quaedam
1178 783 1358 820 dicuntur

291 849 314 874 a
341 837 481 882 choro,
511 847 611 885 quae
638 834 830 884 pertinent
856 834 906 871 ad
932 836 1136 884 populum.
1174 836 1356 883 Quorum

291 889 486 939 quaedam
513 889 656 925 chorus
683 886 846 924 totaliter
871 887 1137 936 prosequitur:
1167 901 1267 938 quae
1287 888 1356 926 sci-

290 941 376 979 licet
412 941 481 978 toti
512 941 660 990 populo
693 939 937 989 inspirantur.
971 962 996 966 —
1025 940 1227 987 Quaedam
1262 953 1356 979 vero

289 995 460 1044 populus
496 991 762 1043 prosequitur,
796 992 993 1029 sacerdote
1031 992 1255 1038 inchoante,
1289 994 1357 1044 qui

289 1059 499 1097 personam
526 1046 599 1083 Dei
625 1045 734 1094 gerit:
773 1044 814 1082 in
842 1045 992 1094 signum
1023 1046 1131 1095 quod
1158 1046 1245 1084 talia
1271 1059 1356 1096 per-

289 1107 480 1138 venerunt
498 1099 549 1137 ad
566 1100 759 1149 populum
778 1111 825 1136 ex
844 1098 1075 1136 revelatione
1099 1099 1241 1145 divina,
1261 1100 1358 1138 sicut

289 1153 387 1191 fides
406 1160 443 1190 et
459 1152 580 1201 gloria
597 1151 767 1189 caelestis
782 1157 809 1188 ⁶.
830 1152 879 1188 Et
896 1150 985 1189 ideo
1005 1152 1183 1189 sacerdos
1202 1152 1357 1191 inchoat

290 1206 515 1256 symbolum
554 1205 647 1242 fidei
688 1212 725 1242 et
756 1205 886 1242 Gloria
927 1205 965 1241 in
1008 1205 1161 1242 excelsis
1195 1206 1288 1243 Deo.
1331 1229 1356 1232 —

290 1259 497 1307 Quaedam
537 1270 631 1296 vero
672 1257 852 1295 dicuntur
891 1269 962 1306 per
1001 1257 1194 1295 ministros
1209 1287 1218 1305 ,
1261 1258 1357 1296 sicut

290 1311 464 1350 doctrina
490 1310 584 1348 novi
603 1318 639 1348 et
657 1310 795 1348 veteris
814 1316 828 1332 τ
856 1310 1110 1347 Testamenti:
1140 1310 1180 1347 in
1204 1310 1355 1359 signum

258 1365 496 1416 -.quodper
521 1363 721 1401 ministros
743 1375 766 1400 a
793 1363 878 1400 Deo
906 1362 1045 1400 missos
1073 1371 1128 1400 est
1155 1364 1251 1401 haec
1287 1364 1356 1401 do-

289 1418 410 1456 ctrina
436 1417 591 1467 populis
619 1415 802 1454 nuntiata.

344 1470 551 1518 Quaedam
586 1482 681 1507 vero
719 1468 898 1507 sacerdos
939 1469 1044 1505 solus
1084 1468 1331 1518 prosequitur
1347 1483 1359 1506 :.

289 1535 390 1574 quae
432 1522 572 1560 scilicet
608 1522 658 1559 ad
693 1521 897 1571 proprium
938 1520 1114 1558 officium
1150 1521 1357 1559 sacerdotis

287 1575 490 1626 pertinent,
511 1581 550 1612 ut
567 1574 707 1616 scilicet
724 1575 824 1611 dona
848 1579 882 1610 et
894 1585 1027 1623 preces
1045 1572 1180 1622 offerat
1199 1586 1273 1622 pro
1286 1587 1356 1624 po—

281 1629 388 1679 pulo,
409 1628 506 1665 sicut
532 1626 670 1664 dicitur
696 1627 796 1664 Heb.
816 1639 840 1663 v
865 1626 896 1662 *.
933 1626 976 1662 In
999 1625 1059 1662 his
1083 1633 1214 1662 tamen
1240 1637 1357 1674 quae-

287 1681 379 1721 dam
408 1680 499 1718 dicit
522 1679 695 1730 publice:
725 1691 825 1728 quae
853 1677 993 1715 scilicet
1019 1678 1210 1727 pertinent
1235 1685 1272 1714 et
1307 1679 1356 1715 ad

288 1733 528 1772 sacerdotem
555 1739 592 1769 et
617 1732 667 1769 ad
693 1732 898 1781 populum,
925 1730 1022 1767 sicut
1048 1738 1137 1768 sunt
1164 1730 1356 1768 orationes

287 1797 530 1825 communeS.
555 1807 581 1812 -
601 1785 807 1832 Quaedam
825 1795 919 1821 vero
941 1782 1132 1832 pertinent
1151 1783 1200 1820 ad
1229 1784 1356 1821 solum

287 1839 540 1884 sacerdotem,
569 1837 666 1875 sicut
693 1836 836 1875 oblatio
862 1844 899 1874 et
923 1835 1171 1873 consecratio.
1201 1836 1250 1873 Et
1267 1836 1356 1874 ideo

276 1902 389 1944 'quae
425 1891 526 1930 circa
562 1891 660 1928 haec
687 1897 776 1927 sunt
807 1889 983 1936 dicenda,
1011 1890 1159 1926 occulte
1186 1901 1209 1926 a
1234 1901 1356 1926 sacer-

258 1984 260 1986 ,
287 1946 378 1985 dote
396 1945 588 1983 dicuntur.
608 1966 634 1970 —
653 1944 696 1981 In
721 1942 892 1992 utrisque
918 1949 1049 1979 tamen
1075 1941 1211 1979 excitat
1237 1949 1355 1979 atten-

285 1997 435 2037 tionem
474 1996 631 2048 populi,
660 1996 847 2044 dicendo,
875 1996 1061 2033 Dominus
1090 1997 1301 2040 vobiscum,-
1319 2003 1356 2032 et

286 2058 461 2102 expectat
485 2061 687 2088 assensum
715 2048 938 2095 dicentium,
958 2049 1093 2086 Amen.
1114 2048 1163 2085 Et
1190 2047 1278 2084 ideo
1314 2047 1355 2085 in

285 2099 347 2144 his
365 2115 466 2154 quae
485 2110 630 2140 secreto
650 2101 840 2149 dicuntur,
859 2100 1013 2150 publice
1040 2099 1256 2150 praemittit,
1276 2101 1354 2137 Do-

285 2159 409 2196 minus
430 2158 632 2202 vobiscum,
661 2162 698 2192 et
725 2152 931 2202 subiungit,
950 2155 1025 2191 Per
1052 2155 1180 2190 omnia
1205 2153 1354 2190 saecula

284 2210 533 2250 saeculorum.
553 2231 580 2236 —
597 2209 670 2246 Vel
688 2214 830 2245 secrete
858 2205 986 2256 aliqua
1008 2206 1187 2244 sacerdos
1207 2205 1296 2242 dicit
1314 2205 1355 2243 in

286 2263 440 2313 signum
468 2262 588 2312 quod,
615 2260 716 2299 circa
744 2259 883 2298 Christi
910 2259 1150 2309 passionem,
1179 2257 1355 2308 discipuli

286 2328 369 2355 non
395 2315 469 2354 nisi
497 2315 645 2352 occulte
674 2313 873 2352 Christum
900 2312 1193 2350 confitebantur.

339 2370 399 2408 An
430 2380 611 2417 summum
646 2379 830 2405 DtcENDUM
866 2366 972 2415 quod
1011 2365 1180 2403 efficacia
1216 2364 1353 2402 verbo-

287 2433 377 2460 rum
404 2415 740 2467 sacramentalium
776 2418 954 2469 impediri
981 2426 1106 2468 potest
1136 2429 1207 2467 per
1233 2417 1353 2454 inten-

286 2475 436 2513 tionem
454 2473 673 2512 sacerdotis.
693 2495 719 2500 -
734 2474 827 2510 'Nec
853 2479 984 2509 tamen
1005 2479 1060 2508 est
1078 2470 1354 2508 inconveniens

287 2527 396 2578 quod
423 2539 447 2564 a
473 2527 558 2564 Deo
586 2533 764 2576 petamus
791 2525 831 2563 id
849 2525 958 2575 quod
985 2524 1192 2562 certissime
1211 2523 1354 2560 scimus

287 2580 419 2630 ipsum
444 2580 657 2617 facturum:
687 2578 784 2616 sicut
812 2578 998 2626 Christus,
1018 2578 1123 2615 Ioan.
1143 2589 1213 2614 xvu
1229 2576 1260 2624 ²⁸,
1288 2587 1354 2625 pe-

286 2633 344 2671 tiit
371 2645 485 2671 suam
512 2631 837 2670 clarificationem.

295 2785 299 2787 >
339 2765 371 2800 π)
386 2772 439 2798 pro
457 2772 518 2798 quo.
530 2764 630 2789 -Haec
643 2768 668 2789 et
680 2768 764 2788 cetera
782 2763 858 2788 huius
877 2762 1015 2788 solutionis
1034 2762 1075 2787 Hb
1093 2766 1194 2794 ponunt
1205 2761 1231 2786 in
1245 2767 1354 2793 corpore

287 2801 386 2828 articuli
403 2809 495 2826 versus
513 2799 593 2825 finem
612 2805 671 2824 ante
690 2798 795 2824 Deinde
816 2798 911 2832 agitur
928 2798 962 2823 dc
980 2797 1153 2830 perceptione
1177 2795 1341 2822 sacramenti
1344 2802 1354 2824 ,-

287 2841 382 2863 nean-o
401 2837 459 2861 loco
477 2843 508 2861 ea
525 2835 603 2860 habet
620 2842 644 2860 c.

342 2870 368 2906 ρ)
385 2879 415 2897 se
432 2871 552 2905 cogitare
576 2877 656 2903 quam
678 2869 772 2895 Deum.
789 2882 809 2887 -
825 2868 946 2902 cogitare
968 2875 1048 2900 quam
1073 2867 1160 2892 Deum
1178 2866 1208 2897 F,
1227 2872 1255 2891 se
1272 2873 1352 2899 quam

289 2908 378 2934 Deum
396 2907 518 2940 cogitare
536 2906 630 2932 debere
649 2905 689 2930 P1.

295 2944 299 2946 ’
342 2941 370 2976 σ)
387 2942 517 2968 caelestis.
534 2955 554 2961 —
571 2941 672 2971 Tertia3
691 2947 744 2965 om.
763 2939 795 2970 D,
815 2939 841 2964 in
861 2938 973 2964 excelsis
991 2938 1078 2963 ceteri.

342 2977 369 3013 τ)
388 2977 451 3004 noui
467 2980 494 3003 et
511 2977 616 3003 veteris.
634 2990 653 2995 —
671 2982 756 3000 novae
773 2974 841 3008 legis
859 2977 886 2999 et
903 2974 1000 3000 veteris
1017 2973 1046 3003 F.
1066 2972 1129 2998 novi
1146 2971 1188 2997 vel
1206 2971 1303 2997 veteris
1321 2971 1354 3001 G,

288 3013 388 3042 meris
404 3014 446 3039 uel
463 3013 526 3038 novi
544 3012 594 3044 Hb,
613 3011 710 3037 veteris
728 3013 754 3036 et
772 3010 835 3036 novi
853 3009 908 3036 Plc.

2392 201 2466 238 279

1465 261 1558 297 Non
1585 269 1715 297 tamen
1743 261 1795 298 ibi
1813 262 1963 300 videtur
1981 266 2156 302 sacerdos
2176 278 2285 303 orare
2313 275 2355 304 ut
2379 279 2467 305 eon-

1412 313 1571 350 secratio
1607 313 1830 362 impleatur,
1860 316 1926 351 sed
1955 324 1996 352 ut
2023 317 2133 353 nobis
2160 318 2226 354 fiat
2253 319 2464 357 fructuosa:

296 363 379 399 lum
415 362 710 411 percipientium
746 372 1040 410 sacramentum,
1070 365 1166 402 sicut
1202 365 1241 401 in
1278 365 1358 402 aliis
1412 365 1515 401 unde
1543 364 1733 413 signanter
1764 366 1863 409 dicit,
1893 373 1930 403 ut
1958 370 2060 404 nobis
2097 382 2229 418 corpus
2257 377 2289 407 et
2314 375 2467 421 sanguis

1399 419 1486 465 fiat.
1529 418 1577 454 Et
1614 418 1690 454 hoc
1726 418 1937 466 significant
1972 420 2090 456 verba
2127 433 2225 470 quae
2267 424 2467 471 praemittit

1411 469 1560 506 dicens:
1598 471 1715 506 Hanc
1754 471 1975 507 oblationem
1998 473 2132 519 facere
2167 475 2330 523 digneris
2363 478 2467 512 bene-

1410 521 1557 568 dictam,
1579 522 1795 559 secundum
1813 523 2072 570 Augustinum
2090 524 2120 570 ²¹⁶,
2141 525 2247 571 idest,
2262 539 2334 575 per
2357 540 2467 576 quam

1410 574 1662 611 benedicimur
1684 581 1719 621 ⁰,
1755 575 1893 612 scilicet
1926 588 1995 625 per
2024 576 2200 624 gratiam,
2233 579 2466 628 adscriptam,

1410 625 1526 674 idest,
1554 639 1628 676 per
1663 639 1774 677 quam
1811 629 1848 664 in
1886 629 1988 665 caelo
2024 629 2290 671 adscribimur:
2325 637 2466 678 ratam,

1410 678 1530 724 idest,
1562 691 1635 729 per
1669 692 1780 729 quam
1817 681 2014 718 visceribus
2060 682 2194 718 Christi
2234 694 2469 728 censeamur;

1411 732 1690 778 rationabilem,
1726 731 1841 778 idest,
1871 745 1944 782 per
1980 746 2091 782 quam
2127 747 2151 771 a
2189 735 2330 772 bestiali
2362 748 2468 773 sensu

1410 795 1614 829 exuamur;
1641 785 1914 834 acceptabilem,
1944 785 2057 831 idest,
2087 792 2135 832 ut,
2166 789 2230 836 qui
2255 789 2358 824 nobis
2385 789 2470 838 ipsis

1410 835 1652 886 displicemus,
1666 849 1739 886 per
1765 838 1862 874 hanc
1880 839 2119 887 acceptabiles
2144 841 2220 876 eius
2248 842 2356 877 unico
2374 842 2469 878 Filio

1408 901 1534 926 simus.

1463 943 1520 979 An
1553 954 1726 979 oc'rAvuu
1756 954 1938 980 mcssNDUM
1967 943 2085 992 quod,
2114 943 2199 981 licet
2225 945 2301 982 hoc
2329 945 2469 983 sacrifi-

1410 993 1515 1031 cium
1543 1007 1590 1032 ex
1617 994 1743 1044 seipso
1762 996 1995 1044 praeferatur
2013 996 2195 1034 omnibus
2221 997 2384 1046 antiquis
2412 1011 2469 1036 sa-

1410 1046 1571 1096 crificiis,
1592 1055 1722 1084 tamen
1741 1047 1924 1085 sacrificia
1943 1048 2191 1098 antiquorum
2213 1050 2365 1087 fuerunt
2384 1051 2468 1088 Deo

1410 1100 1672 1149 acceptissima
1700 1112 1746 1137 ex
1774 1112 1911 1137 eorum
1934 1101 2150 1139 devotione.
2181 1102 2276 1140 Petit
2294 1115 2383 1151 ergo
2411 1116 2468 1141 sa-

1410 1153 1546 1190 cerdos
1582 1161 1624 1190 ut
1652 1154 1727 1190 hoc
1761 1153 1992 1191 sacrificium
2028 1162 2244 1203 acceptetur
2274 1155 2358 1193 Deo
2378 1162 2394 1184 φ
2421 1168 2468 1194 ex

1410 1205 1616 1243 devotione
1645 1205 1901 1252 offerentium,
1930 1206 2026 1243 sicut
2053 1206 2114 1244 illa
2141 1215 2295 1257 accepta
2315 1207 2469 1245 fuerunt

1410 1259 1507 1296 Deo.

1462 1313 1520 1348 An
1550 1323 1675 1349 NONUM
1701 1323 1883 1348 mcaNDUM
1915 1311 2022 1360 quod
2056 1312 2232 1350 sacerdos
2266 1325 2346 1350 non
2378 1313 2470 1363 petit

1410 1364 1517 1413 quod
1536 1370 1553 1393 χ
1581 1363 1726 1413 species
1754 1365 2045 1401 sacramentales
2072 1364 2288 1402 deferantur
2314 1366 2355 1403 in
2385 1378 2468 1403 cae-

1410 1418 1508 1463 lum3
1535 1429 1662 1466 neque
1690 1428 1831 1465 corpus
1851 1416 1990 1453 Christi
2017 1428 2167 1464 verum,
2187 1418 2295 1467 quod
2316 1418 2369 1455 ibi
2387 1431 2469 1456 esse

1410 1481 1491 1506 non
1518 1468 1666 1506 desinit.
1697 1469 1773 1506 Sed
1791 1468 1883 1518 petit
1906 1469 1982 1505 hoc
2008 1481 2079 1518 pro
2105 1482 2266 1519 corpore
2294 1470 2468 1520 mystico,

1410 1522 1518 1570 quod
1546 1521 1684 1558 scilicet
1712 1520 1751 1557 in
1779 1522 1854 1558 hoc
1882 1529 2119 1559 sacramento
2148 1522 2398 1570 significatur:
2428 1531 2471 1560 ut

1411 1573 1550 1611 scilicet
1577 1573 1768 1610 orationes
1796 1581 1832 1610 et
1858 1574 1993 1622 populi
2020 1581 2056 1610 et
2083 1575 2287 1612 sacerdotis
2314 1576 2470 1623 angelus

1410 1626 1588 1663 assistens
1615 1625 1754 1662 divinis
1781 1625 1970 1675 mysteriis
1997 1626 2081 1663 Deo
2110 1635 2384 1676 repraesentet3
2414 1640 2470 1664 se-

1410 1678 1585 1715 cundum
1612 1677 1705 1715 illud
1722 1679 1840 1728 Apoc.
1862 1678 1970 1715 vu1*:
1998 1679 2172 1716 Ascendit
2186 1680 2320 1727 sumus
2348 1681 2471 1717 incen-

1409 1743 1537 1768 sorum
1557 1731 1602 1768 de
1620 1731 1864 1768 oblationibus
1881 1736 2094 1767 sanctorum
2108 1731 2153 1768 de
2166 1744 2280 1769 manu
2300 1732 2471 1782 angeli.-

1410 1784 1572 1821 Sublime
1599 1790 1730 1821 autem
1748 1783 1867 1820 altare
1892 1784 1966 1819 Dei
1990 1783 2128 1820 dicitur
2144 1785 2207 1821 vel
2233 1783 2316 1833 ipsa
2342 1785 2471 1822 Eccle-

1410 1836 1466 1874 sia
1492 1836 1746 1886 triumphans‚
1766 1835 1807 1872 in
1830 1847 1950 1885 quam
1977 1836 2168 1875 transferri
2194 1837 2380 1886 petimus:
2410 1839 2472 1875 vel

1409 1889 1490 1939 ipse
1509 1889 1628 1935 Deus,
1648 1889 1758 1926 cuius
1776 1888 2106 1938 participationem
2124 1889 2309 1939 petimus;
2329 1890 2376 1926 de
2395 1890 2472 1927 hoc

1409 1941 1511 1980 enim
1532 1941 1551 1971 ψ
1579 1941 1685 1979 altari
1720 1941 1856 1979 dicitur
1888 1941 2011 1979 Exod.
2031 1954 2079 1979 xx
2097 1942 2137 1979 *ε
2172 1943 2264 1980 Νοη
2299 1943 2471 1980 ascendes

1409 1996 1460 2033 ad
1474 1983 1603 2032 ’altare
1629 2007 1754 2032 meum
1775 2007 1848 2044 per
1878 1994 2042 2044 gradus,
2071 1994 2185 2042 idest,
2212 1997 2260 2032 In
2292 1997 2329 2032 T
2325 1997 2472 2033 rinitate

1407 2048 1551 2098 gradus
1579 2059 1653 2084 non
1678 2047 1796 2094 facies
1813 2046 1844 2083 ²¹².

1459 2101 1531 2138 Vel
1557 2111 1628 2150 per
1654 2101 1834 2147 angelum
1852 2097 2068 2147 intelligitur
2094 2098 2175 2148 ipse
2196 2099 2380 2145 Christus,
2401 2100 2469 2149 qui

1408 2161 1464 2190 est
1490 2154 1624 2203 magni
1659 2152 1804 2189 consilii
1827 2151 1997 2201 Angelus
2014 2151 2052 2199 *‚
2082 2152 2149 2200 qui
2176 2164 2317 2201 corpus
2351 2165 2468 2190 suum

1407 2205 1614 2256 mysticum
1633 2205 1718 2242 Deo
1738 2203 1838 2242 Patri
1856 2204 2052 2252 coniungit
2070 2212 2106 2241 et
2124 2204 2315 2242 Ecclesiae
2336 2204 2468 2242 trium-

1407 2257 1552 2308 phanti.

1460 2312 1509 2348 Et
1534 2317 1693 2360 propter
1719 2310 1795 2347 hoc
1823 2308 1938 2347 etiam
1965 2311 2076 2347 missa
2101 2309 2334 2347 nominatur.
2364 2310 2468 2357 Quia

1406 2376 1476 2413 per
1507 2364 1685 2412 angelum
1723 2362 1900 2399 sacerdos
1933 2374 2066 2411 preces
2100 2362 2150 2399 ad
2181 2363 2311 2400 Deum
2342 2364 2468 2400 mittit.-

1407 2416 1504 2454 sicut
1530 2417 1699 2466 populus
1719 2427 1789 2464 per
1816 2415 2066 2452 sacerdotem.
2094 2415 2166 2452 Vel
2184 2414 2275 2464 quia
2295 2415 2467 2453 Christus

1407 2477 1463 2511 est
1489 2468 1614 2506 hostia
1632 2475 1652 2490 ω
1680 2467 1793 2505 nobis
1819 2470 1942 2505 missa.
1971 2467 2083 2506 Unde
2107 2475 2144 2504 et
2161 2467 2201 2504 in
2223 2467 2301 2504 fine
2329 2468 2467 2506 missae

1407 2522 1593 2560 diaconus
1620 2521 1660 2558 in
1686 2520 1788 2558 festis
1816 2520 1951 2558 diebus
1978 2521 2170 2570 populum
2203 2519 2383 2569 licentiat,
2412 2521 2467 2558 di-

1407 2587 1516 2612 cens:
1544 2576 1612 2620 Ite,
1640 2575 1752 2611 missa
1779 2579 1841 2620 est,
1861 2572 2001 2610 scilicet
2027 2572 2152 2610 hostia
2174 2573 2223 2610 ad
2242 2573 2372 2610 Deum
2398 2586 2468 2623 per

1408 2627 1599 2681 angelum,
1628 2634 1671 2663 ut
1697 2626 1836 2664 seilicet
1863 2626 1910 2663 sit
1935 2627 2021 2664 Deo
2049 2633 2215 2676 accepta.

1457 2757 1484 2792 υ)
1503 2758 1691 2784 benedicimur.
1702 2772 1722 2778 --
1739 2758 1927 2784 benedicamur
1945 2757 1986 2783 Pl.
2003 2758 2054 2783 Pro
2071 2757 2258 2788 adscribimun
2276 2757 2468 2784 adscribuntur

1405 2794 1523 2826 DEFpG,
1540 2794 1727 2819 adscribamur
1746 2794 1780 2823 P;
1798 2794 1924 2819 scilicet...
1941 2793 2119 2819 adscribimur
2136 2801 2189 2818 om.
2209 2793 2227 2818 1.
2255 2793 2306 2817 Pro
2324 2793 2466 2818 visceribus

1408 2829 1514 2858 Christi,
1535 2829 1568 2854 de
1585 2828 1730 2854 visceribus
1749 2829 1850 2854 Christi
1867 2835 1922 2854 esse
1941 2829 1969 2853 P.

1458 2863 1487 2898 φ)
1507 2864 1574 2890 Deo.
1591 2877 1612 2883 —-
1628 2871 1646 2888 a
1664 2864 1722 2889 Deo
1741 2863 1770 2888 Ρ.

1457 2899 1487 2934 χ)
1506 2899 1585 2932 quod.
1602 2913 1622 2918 —
1639 2899 1761 2925 videlicet
1777 2898 1849 2931 quod
1867 2898 1933 2932 HpG
1952 2904 1978 2924 et
1995 2898 2033 2928 bc,
2053 2905 2135 2931 neque
2151 2898 2223 2931 quod
2240 2898 2269 2923 Ρ.

1459 2934 1476 2968 ψ
1502 2935 1581 2960 enim.
1597 2949 1617 2954 -
1634 2934 1735 2964 Tei-tiu
1754 2937 1852 2959 autem.

1457 2979 1479 2994 ω
1509 2973 1550 2995 est
1566 2969 1661 2996 hostia.
1688 2983 1708 2988 -
1733 2972 1773 2994 est
1790 2969 1878 2995 hostia
1895 2971 1935 2994 est
1951 2968 2026 2998 ΑΒΕ,
2045 2968 2133 2994 hostia
2150 2971 2190 2993 est
2206 2968 2243 2994 la.
2260 2981 2279 2987 -
2297 2967 2360 2993 Post
2382 2967 2465 2993 missa

1405 3005 1425 3029 F
1444 3011 1470 3030 et
1488 3005 1561 3031 tertia
1580 3005 1678 3030 addunt
1695 3012 1712 3030 a
1732 3004 1799 3030 Deo.

2495 534 2504 543 ·
2513 533 2618 555 Pascha.
2629 534 2668 555 lib.
2676 534 2707 555 de

2494 558 2569 612 522ss
2584 560 2704 613 2:323&

2496 610 2531 632 Cf.
2553 617 2603 633 eun.
2627 611 2705 633 Utrum

2495 636 2536 657 sub
2557 637 2652 664 figura,
2677 638 2706 659 de

2497 662 2614 690 consecr„
2620 664 2672 686 diat.
2676 664 2704 686 11.

2593 700 2606 715 υ

2498 1688 2510 1698 ·
2523 1686 2589 1708 νεη,
2603 1693 2627 1714 4.

2595 1948 2612 1983 ψ

2498 1984 2508 1994 ·
2522 1982 2588 2005 Vei-s.
2603 1984 2639 2005 2⁶.

2496 2053 2507 2064 ·
2516 2052 2595 2075 ῦΙοει.
2605 2052 2708 2075 lmen-lin.

2495 2159 2506 2169 ·
2526 2158 2578 2180 lui.
2601 2164 2652 2186 cup.
2674 2165 2698 2180 nx

2495 2185 2638 2212 vers.6,sec.

2494 2210 2580 2239 Interp.
