2918 4088
209 647 221 656 ¹
238 645 295 668 Gen.
306 651 356 673 cap.
366 651 423 673 xvn,

210 678 270 694 ven.
288 678 314 694 ιο
330 678 381 700 sqq.

213 700 223 710 ·
236 699 287 720 Art.
304 706 323 726 ι,
337 704 357 720 2.

213 1429 223 1439 ²
243 1427 330 1449 Homil.
350 1427 373 1448 in
392 1427 425 1448 se-

214 1459 250 1476 sto
266 1454 401 1476 eii-cumeis.

216 1804 226 1814 ·
247 1802 315 1823 Iosue
335 1807 386 1829 cap.
405 1808 426 1828 v,

216 1835 275 1850 vers.
289 1836 305 1855 4
319 1835 370 1856 sqq.

215 1914 225 1924 ·
240 1913 307 1935 Vei-s.
323 1919 354 1934 ιι.

216 1969 226 1978 ·
241 1967 298 1989 Ord.
310 1971 331 1989 et
344 1967 428 1989 Lomb.

216 2018 225 2028 “
240 2017 291 2038 Art.
307 2021 327 2038 2.

216 2126 226 2136 ·
236 2125 273 2146 Ps.
285 2130 358 2150 cxcvi,
368 2130 426 2146 vers,

217 2491 226 2501 ·
240 2489 278 2511 Ad
290 2489 364 2517 Rom.,
377 2495 428 2517 cap.

215 2522 247 2543 ιν,
262 2522 322 2538 vers.
338 2523 359 2538 ιι
376 2522 427 2544 sqq.

452 189 521 224 118

1131 189 1392 237 QUAESTIO
1422 189 1545 235 LXX,
1575 185 1866 224 ARTICULUS
1895 186 1940 222 III

1251 323 1568 367 ARTICULUS
1597 321 1825 364 TERTIUS

958 420 1114 451 UTRUM
1137 419 1264 450 turus
1288 417 1637 450 CIRCUMCISIONIS
1660 416 1819 447 FUERIT
1844 415 2120 446 CONVENIENS

865 498 888 522 1²
908 498 963 528 11⁸⁹,
983 506 1026 530 qu.
1046 505 1089 527 cu,
1109 503 1154 523 art.
1176 496 1199 527 5,
1219 498 1250 521 ad
1271 503 1299 528 1,
1319 497 1351 520 lV
1372 496 1453 525 Sent.,
1474 496 1532 521 dist.
1550 503 1567 524 1,
1588 503 1632 528 qu.
1651 502 1677 525 11,
1698 499 1743 520 art.
1765 494 1793 524 33
1813 494 1856 519 Ad
1875 494 1961 524 Rom.,
1981 501 2036 526 cap.
2055 501 2088 524 w,
2108 494 2165 518 lect.
2184 500 2211 519 ιι.

477 605 641 691 (3553
663 633 754 670 ritus
773 631 1071 669 circumcisionis
1090 631 1109 653 ’¹‘
1128 643 1207 667 non
1235 630 1345 667 suerit
1373 642 1511 666 conve-

468 668 580 731 'yyxae
597 672 649 737 ‘95
663 686 782 723 niens.
801 685 1051 722 Circumcisio
1067 684 1182 730 enim,
1197 691 1239 720 ut
1254 683 1400 720 dictum
1415 690 1470 719 est
1479 682 1509 728 ²¹⁸,

618 731 755 776 &fidei
783 739 975 787 quaedam
1003 737 1188 787 professio
1215 743 1280 772 est.
1311 736 1387 773 Sed
1414 735 1512 772 fides

451 791 491 828 in
518 791 557 828 vi
587 791 866 841 apprehensiva
885 790 1016 838 existit,
1046 790 1154 827 cuius
1174 788 1414 838 operationes
1433 801 1511 825 ma-

451 844 553 881 xime
582 852 766 894 apparent
794 844 832 880 in
861 844 995 893 capite.
1025 844 1126 891 Ergo
1155 841 1275 890 magis
1303 841 1435 878 debuit
1464 840 1510 877 si-

451 909 571 945 gnum
613 896 911 934 circumcisionis
953 896 1033 933 dari
1074 896 1114 932 in
1151 895 1272 944 capite
1314 906 1434 944 quam
1472 894 1532 930 in‘

451 950 629 987 membro
657 949 921 998 generationis.

507 1014 540 1039 2.
572 1004 801 1048 PRAETEREA,
845 1002 893 1039 ad
931 1013 1046 1038 usum
1085 1008 1412 1038 sacramentorum
1450 1011 1511 1035 su-

451 1056 595 1092 mimus
623 1068 668 1093 ea
703 1067 872 1104 quorum
910 1062 964 1091 est
992 1053 1240 1091 communior
1266 1065 1377 1090 usus:
1417 1052 1512 1088 sicut

451 1120 551 1157 aqua
579 1109 628 1145 ad
656 1108 906 1154 abluendum,
936 1115 972 1143 et
999 1119 1141 1155 panem
1170 1106 1218 1142 ad
1246 1105 1510 1142 reficiendum.

452 1161 528 1197 Sed
557 1161 605 1197 ad
634 1161 883 1197 incidendum
911 1159 1160 1196 communius
1187 1158 1334 1195 utimur
1361 1158 1511 1194 cultello

450 1213 571 1249 ferreo
601 1225 720 1262 quam
747 1212 908 1262 petrino.
939 1213 1041 1259 Ergo
1070 1210 1310 1248 circumcisio
1339 1222 1418 1246 non
1447 1210 1511 1246 de-

450 1265 532 1302 buit
559 1266 642 1302 fieri
671 1267 820 1303 cultello
849 1264 1009 1314 petrino.

506 1319 539 1355 3.
575 1320 813 1365 PRAETEREA,
852 1318 947 1354 sicut
984 1316 1196 1366 baptismus
1233 1315 1437 1352 instituitur
1474 1314 1513 1351 in

450 1371 667 1408 remedium
697 1371 886 1419 originalis
914 1370 1070 1419 peccati,
1100 1369 1150 1406 ita
1169 1376 1205 1406 et
1225 1374 1242 1390 α
1261 1367 1512 1414 circumcisio,

451 1424 547 1461 sicut
575 1425 680 1462 Beda
708 1424 796 1461 dicit
814 1425 844 1461 ²¹².
876 1424 952 1461 Sed
981 1435 1086 1460 nunc
1113 1422 1326 1472 baptismus
1346 1433 1425 1458 non
1445 1420 1513 1458 dif-

450 1478 568 1514 fertur
594 1490 718 1526 usque
747 1478 797 1514 ad
825 1484 1007 1514 octavum
1036 1475 1150 1522 diem,
1180 1487 1229 1512 ne
1257 1474 1386 1524 pueris
1414 1473 1512 1523 peri-

452 1532 584 1567 culum
616 1530 873 1568 damnationis
910 1529 1109 1566 immineat
1144 1536 1300 1578 propter
1333 1527 1513 1576 originale

451 1591 665 1633 peccatum,
687 1584 717 1621 si
741 1596 821 1621 non
839 1582 1016 1632 baptizati
1036 1582 1232 1619 decedant.
1263 1581 1513 1630 Quandoque

453 1637 567 1674 etiam
594 1637 764 1674 tardatur
782 1636 797 1666 β
825 1635 1038 1685 baptismus
1072 1642 1159 1684 post
1186 1642 1368 1671 octavum
1397 1633 1512 1670 diem.

453 1691 555 1738 Ergo
584 1690 699 1727 etiam
720 1688 1001 1727 circumcisioni
1020 1700 1099 1725 non
1119 1687 1251 1725 debuit
1270 1686 1515 1724 determinari

454 1751 612 1780 octavus
649 1743 746 1790 dies,
783 1743 851 1780 sed
887 1741 1051 1779 debebat
1088 1741 1323 1791 quandoque
1360 1752 1515 1789 praeve-

454 1796 538 1841 niri,
568 1796 663 1833 sicut
691 1795 806 1833 etiam
834 1795 1070 1845 quandoque
1098 1794 1319 1831 tardabatur
1335 1793 1366 1830 ²¹².

509 1850 582 1887 SED
606 1861 750 1886 CONTRA
778 1861 843 1886 EST
867 1848 975 1897 quod
1002 1849 1112 1885 Rom.
1134 1860 1179 1894 lv,
1202 1859 1318 1896 super
1337 1846 1440 1893 illud,
1470 1848 1517 1883 Et

453 1905 603 1953 signum
638 1903 777 1952 accepit
808 1902 1096 1938 circumcisionis
1114 1900 1145 1945 ³¹²,
1175 1899 1450 1937 determinatur
1477 1899 1516 1936 in

456 1956 592 1993 Glossa
610 1955 630 1977 ‘¹‘
657 1954 873 2004 praedictus
901 1953 1200 1991 circumcisionis
1229 1953 1332 1990 ritus.

508 2010 732 2046 RESPONDEO
761 2019 942 2045 DICENDUM
971 2007 1089 2056 quod,
1119 2006 1215 2043 sicut
1243 2006 1389 2043 dictum
1412 2013 1466 2042 est
1484 2005 1515 2052 *,

455 2061 694 2099 circumcisio
723 2060 923 2110 quoddam
946 2059 1097 2108 signum
1117 2059 1208 2096 fidei
1228 2066 1283 2095 est
1303 2058 1517 2096 institutum

455 2127 477 2152 a
505 2116 604 2161 Deo,
635 2116 737 2151 cuius
763 2115 965 2162 sapientiae
993 2125 1066 2150 non
1096 2118 1147 2149 est
1174 2124 1351 2149 numerus
1368 2111 1399 2148 *.
1443 2112 1518 2148 De-

454 2167 657 2205 terminare
678 2174 807 2204 autem
827 2165 1093 2203 convenientia
1112 2165 1218 2213 signa
1238 2173 1293 2202 est
1312 2164 1518 2214 sapientiae

455 2233 565 2270 opus.
596 2221 644 2257 Et
672 2220 759 2257 ideo
788 2219 1084 2256 concedendum
1112 2226 1168 2255 est
1196 2218 1304 2267 quod
1332 2218 1425 2254 ritus
1448 2217 1517 2254 cir-

455 2273 700 2311 cumcisionis
728 2273 797 2310 fuit
824 2272 1071 2309 conveniens.

508 2329 565 2364 AD
603 2339 738 2364 PmMUM
774 2338 872 2363 ERGO
907 2337 1090 2363 DICENDUM
1132 2325 1239 2374 quod
1276 2324 1517 2362 circumcisio

455 2379 729 2417 convenienter
753 2379 870 2416 fiebat
889 2379 927 2415 in
946 2379 1125 2415 membro
1144 2377 1408 2426 generationis.
1439 2377 1518 2414 Pri-

455 2445 522 2470 mo
542 2433 713 2482 quidem,
734 2432 825 2481 quia
844 2439 923 2469 erat
942 2431 1094 2480 signum
1113 2430 1204 2468 fidei
1223 2443 1301 2480 qua
1323 2431 1517 2468 Abraham

455 2485 614 2523 credidit
638 2485 834 2523 Christum
854 2497 901 2522 ex
920 2497 990 2522 suo
1011 2483 1156 2521 semine
1176 2483 1413 2521 nasciturum
1431 2483 1462 2520 ³¹².
1492 2506 1517 2510 —

456 2539 657 2586 Secundo⁷
688 2538 779 2588 quia
806 2545 885 2575 erat
921 2538 961 2575 in
989 2537 1207 2574 remedium
1234 2536 1378 2586 peccati
1407 2536 1517 2585 origi-

455 2592 561 2639 nalis,
591 2592 698 2641 quod
726 2604 795 2641 per
816 2599 945 2628 actum
966 2590 1219 2639 generationis
1242 2589 1462 2627 traducitur.
1492 2612 1517 2616 -

455 2645 608 2692 Tertio,
638 2644 730 2694 quia
757 2643 1007 2681 ordinabatur
1034 2644 1082 2680 ad
1111 2643 1410 2680 diminutionem
1437 2655 1516 2680 car—

455 2698 550 2735 nalis
569 2697 912 2747 concupiscentiae,
929 2709 1028 2746 quae
1047 2696 1253 2746 praecipue
1274 2695 1313 2732 in
1332 2695 1517 2733 membris

455 2750 524 2788 illis
552 2751 662 2799 viget,
691 2758 849 2800 propter
876 2749 1153 2787 abundantiam
1174 2748 1433 2786 delectationis
1451 2761 1516 2786 ve-

455 2816 674 2842 nereorum.

511 2859 565 2894 AD
594 2869 782 2895 SECUNDUM
808 2869 989 2894 DICENDUM
1015 2856 1123 2906 quod
1151 2857 1324 2892 cultellus
1343 2855 1516 2904 lapideus

454 2922 534 2948 non
554 2918 633 2947 erat
657 2910 705 2947 de
724 2909 944 2947 necessitate
964 2908 1274 2947 circumcisionis.
1304 2909 1416 2946 Unde
1436 2920 1517 2946 non

509 3045 536 3076 α)
555 3042 594 3067 ita
612 3046 646 3067 et.
665 3056 683 3060 —
701 3045 727 3067 et
746 3042 784 3066 ita
802 3042 855 3071 AC,
875 3042 914 3067 ita
933 3042 1018 3066 EGsH
1039 3046 1064 3066 et
1083 3042 1105 3071 b,
1126 3041 1164 3066 ita
1183 3048 1248 3074 ergo
1267 3041 1317 3073 pH.
1337 3041 1375 3066 ita
1394 3041 1474 3065 etiam
1494 3044 1519 3066 et

455 3078 474 3108 1,
494 3078 531 3103 ita
550 3078 630 3102 etiam
651 3078 692 3103 Pc.
710 3092 729 3096 —
748 3085 817 3102 nunc
835 3078 882 3108 E1;
901 3085 953 3102 om.
973 3077 1106 3107 editiones,
1126 3079 1217 3101 noster
1235 3076 1321 3102 ceteri.

509 3112 534 3145 β)
555 3114 691 3138 tardatur.
703 3128 721 3131 —
740 3113 860 3137 traditur
879 3113 929 3143 PF,
945 3113 1069 3137 tradetur
1088 3113 1126 3138 bc.
1138 3126 1157 3130 —
1175 3112 1284 3136 Inferius
1304 3111 1463 3136 tradebatur
1476 3111 1518 3137 Fc.

509 3147 536 3181 γ)
554 3149 609 3173 sed.
627 3163 646 3167 —
664 3148 710 3173 sed
727 3148 796 3173 sicut
814 3149 885 3181 DpB,
904 3156 958 3172 om.
976 3149 993 3178 Ι,
1013 3148 1082 3173 sicut
1100 3153 1185 3172 cetera
1203 3147 1277 3172 tertia
1295 3152 1320 3171 et
1339 3147 1382 3172 sB.

509 3182 534 3216 ὃ)
553 3184 661 3208 cultros.
684 3197 703 3202 -
729 3184 850 3208 cultellos
878 3183 1013 3208 editiones.
1040 3183 1090 3207 Pro
1110 3183 1275 3217 faciendam,
1298 3182 1418 3215 flendam
1447 3182 1520 3207 tertia

457 3224 559 3251 praeter
578 3218 595 3243 1.

598 604 618 617 f>
643 593 683 617 D
702 592 860 617 TER‘rmM
880 591 931 616 sm
951 590 1186 616 PROCEDITUR.
1216 577 1376 614 Videtur
1403 577 1511 626 quod
1537 575 1539 617 ἰ
1565 575 1758 613 invenitur
1776 578 1848 613 tale
1868 575 2165 612 instrumentum
2185 583 2389 625 praecepto
2409 575 2541 614 divino
2561 576 2625 613 de-

1564 629 1832 675 terminatum3
1862 641 1988 678 neque
2008 628 2268 665 communiter
2289 628 2353 666 tali
2372 628 2625 666 instrumento

1565 682 1694 719 Iudaei
1709 682 1915 719 utebantur
1929 682 1978 719 ad
1993 681 2365 727 circumcidendum;
2386 681 2479 718 sed*
2498 693 2625 731 neque

1565 735 1685 771 modo
1714 742 1884 772 utuntur.
1913 736 2112 783 Leguntur
2139 742 2268 771 tamen
2296 734 2445 784 aliquae
2465 734 2626 773 circum-

1565 787 1728 824 cisiones
1764 788 1934 825 famosae
1972 789 2122 824 cultello
2160 787 2312 837 lapideo
2349 787 2486 824 factae:
2531 787 2628 825 sicut

1565 840 1699 888 legitur
1732 841 1854 878 Exod.
1885 853 1919 877 1v
1936 840 1972 888 ²¹⁰,
2008 841 2115 890 quod
2149 841 2227 877 tulit
2262 842 2428 890 Sephora
2465 842 2627 878 acutissi—

1565 906 1667 931 mam
1689 900 1838 943 petram
1875 899 1908 930 et
1939 893 2166 931 circumcidit
2188 895 2425 943 praeputium
2447 894 2528 943 filii
2551 895 2609 930 sui
2615 907 2629 939 ,·

1566 954 1602 982 et
1629 947 1740 983 Iosue
1759 959 1782 983 v
1801 946 1821 968 ’¹‘
1848 946 2002 983 dicitur:
2038 949 2117 984 Fac
2151 948 2216 984 tibi
2247 947 2383 984 cultros
2406 945 2419 968 ὃ
2451 946 2626 995 lapideos,

1565 1005 1599 1036 et
1625 1000 1848 1036 circumcide
1874 1000 2034 1037 secundo
2051 1000 2157 1048 filios
2183 1001 2313 1037 Israel.
2348 1001 2421 1037 Per
2449 1000 2556 1049 quod
2583 999 2627 1037 fi-

1565 1052 1773 1100 gurabatur
1786 1052 2118 1089 circumcisionem
2134 1052 2369 1102 spiritualem
2389 1065 2470 1090 esse
2490 1052 2627 1090 facien-

1566 1105 1658 1141 dam
1692 1117 1763 1154 per
1791 1105 2005 1150 Christum,
2041 1105 2090 1142 de
2118 1117 2197 1154 quo
2226 1106 2372 1152 dicitur,
2401 1107 2415 1142 I
2439 1107 2526 1143 Cor.
2546 1119 2570 1143 x
2588 1106 2625 1143 *ε

1565 1158 1676 1194 Petra
1704 1163 1826 1194 autem
1855 1163 1935 1194 erat
1965 1158 2140 1194 Christus.

1619 1210 1676 1246 AD
1703 1222 1862 1247 TER-num
1890 1222 2071 1247 DJCENDUM
2099 1211 2206 1259 quod
2226 1218 2384 1248 octavus
2404 1210 2484 1248 dies
2506 1211 2628 1248 deter-

1566 1261 1734 1299 minatus
1763 1270 1841 1299 erat
1860 1267 1872 1283 ²
1899 1262 2200 1311 circumcisioni,
2237 1271 2321 1300 tum
2354 1271 2512 1313 propter
2545 1276 2628 1314 my-

1567 1314 1745 1351 sterium:
1783 1315 1873 1363 quia
1907 1314 1946 1351 in
1975 1322 2110 1352 octava
2144 1323 2281 1363 aetate,
2316 1328 2416 1365 quae
2445 1323 2500 1353 est
2527 1323 2629 1354 aetas

1567 1367 1847 1421 resurgentium
1866 1367 1896 1415 ³¹²,
1926 1367 2035 1416 quasi
2063 1367 2103 1404 in
2131 1375 2269 1406 octavo
2298 1368 2376 1416 die,
2410 1368 2630 1418 perficietur

1566 1433 1637 1470 per
1665 1420 1862 1457 Christum
1890 1420 2092 1470 spiritualis
2112 1420 2364 1469 circumcisio,
2384 1422 2543 1471 quando
2562 1435 2629 1460 au-

1567 1475 1659 1511 feret
1693 1474 1742 1511 ab
1771 1473 1896 1511 electis
1931 1486 2011 1510 non
2040 1475 2166 1511 solum
2201 1476 2377 1524 culpam,
2415 1475 2482 1512 sed
2515 1475 2630 1514 etiam

1568 1539 1728 1564 omnem
1746 1526 2028 1576 poenalitatem.
2049 1549 2074 1554 —
2093 1528 2200 1564 Turn
2220 1528 2335 1565 etiam
2353 1536 2510 1578 propter
2527 1536 2631 1566 tene-

1568 1580 1775 1617 ritudinem
1789 1579 1940 1617 infantis
1954 1587 2040 1616 ante
2056 1588 2239 1618 octavum
2253 1581 2368 1618 diem.
2389 1581 2501 1619 Unde
2516 1581 2632 1619 etiam

1568 1634 1616 1670 de
1637 1633 1717 1670 aliis
1740 1633 1970 1670 animalibus
1994 1635 2109 1671 Levit.
2129 1645 2199 1671 xxn
2218 1633 2238 1655 ’¹‘
2265 1633 2511 1684 praecipitur:
2540 1637 2630 1682 Bos,

1569 1689 1647 1724 ovis
1674 1692 1708 1723 et
1730 1698 1858 1736 capra,
1879 1699 1964 1723 cum
1982 1692 2163 1736 generata
2171 1687 2330 1735 suerint,
2350 1693 2487 1737 septem
2506 1688 2632 1726 diebus

1569 1746 1676 1777 erunt
1702 1741 1769 1776 sub
1798 1741 1909 1777 ubere
1936 1741 2065 1776 matris
2091 1751 2200 1776 suae.-
2227 1740 2285 1777 die
2307 1746 2430 1777 autem
2450 1746 2579 1778 octavo
2598 1746 2632 1778 et

1570 1793 1739 1842 deinceps
1767 1792 1900 1841 offerri
1919 1798 2094 1842 poterunt
2121 1794 2296 1830 Domino.

1623 1847 1714 1883 Erat
1741 1853 1871 1882 autern
1900 1853 2058 1882 octavus
2087 1845 2167 1883 dies
2200 1846 2248 1883 de
2276 1845 2496 1883 necessitate
2523 1858 2632 1896 prae-

1571 1899 1688 1948 cepti:
1729 1898 1779 1936 ita
1807 1898 1945 1935 scilicet
1982 1898 2089 1947 quod
2117 1906 2297 1936 octavum
2327 1898 2432 1936 diem
2467 1906 2632 1948 praeter-

1571 1953 1760 1989 mittentes
1783 1951 2004 2001 peccabant,
2026 1951 2140 1988 etiam
2160 1951 2191 1988 si
2210 1959 2307 1988 esset
2326 1951 2547 1999 sabbatum;
2576 1964 2633 1990 se-

1571 2005 1747 2042 cundum
1775 2004 1867 2041 illud
1894 2005 1998 2041 Ioan.
2018 2016 2065 2041 vn
2083 2004 2120 2041 *ι
2155 2005 2482 2043 Circumcisionem
2502 2006 2635 2056 accipit

1571 2060 1683 2096 homo
1720 2059 1757 2094 in
1792 2059 1966 2103 sabbato,
2005 2063 2042 2094 ut
2079 2070 2154 2094 non
2191 2058 2355 2095 solvatur
2390 2058 2454 2095 lex
2487 2059 2631 2108 Moysi.

1571 2112 1664 2148 Non
1691 2118 1822 2148 tamen
1850 2118 1929 2147 erat
1948 2110 1995 2147 de
2015 2110 2236 2148 necessitate
2255 2110 2499 2148 sacramenti:
2529 2110 2644 2160 quies

1572 2165 1602 2202 si
1621 2164 1739 2214 aliqui
1758 2171 1884 2201 essent
1903 2163 2147 2201 omittentes<
2166 2171 2349 2202 octavum
2367 2163 2483 2212 diem,
2498 2171 2634 2214 postea

1570 2224 1747 2268 poterant
1774 2216 2007 2254 circumcidi.

1625 2270 1798 2318 Quidam
1816 2269 1836 2292 *
1860 2269 1974 2307 etiam
1993 2269 2126 2307 dicunt
2152 2270 2272 2319 quod,
2301 2278 2458 2320 propter
2483 2269 2632 2320 pericu-

1552 2345 1557 2351 ·
1571 2326 1653 2361 lum
1673 2323 1909 2361 imminentis
1927 2322 2072 2370 mortis,
2087 2330 2236 2373 poterat
2250 2331 2409 2361 octavus
2424 2322 2505 2361 dies
2523 2335 2632 2373 prae—

1570 2377 1703 2414 veniri.
1734 2399 1759 2404 —
1789 2376 1865 2414 Sed
1893 2377 1969 2413 hoc
1996 2388 2069 2413 nec
2096 2388 2142 2413 ex
2162 2376 2383 2414 auctoritate
2403 2376 2631 2426 Scripturae,

1571 2442 1643 2467 nec
1677 2443 1724 2467 ex
1751 2428 2031 2467 consuetudine
2059 2429 2292 2466 Iudaeorum
2328 2429 2461 2466 haberi
2494 2437 2631 2480 potest.

1570 2483 1682 2521 Unde
1702 2482 1840 2519 melius
1862 2490 1916 2519 est
1939 2482 2160 2530 dicendum,
2182 2482 2278 2520 sicut
2296 2482 2412 2519 etiam
2440 2483 2556 2531 Hugo
2584 2483 2633 2520 de

1572 2537 1712 2574 Sancto
1740 2535 1893 2573 Victore
1921 2534 2010 2572 dicit
2028 2534 2066 2581 ²⁸,
2096 2536 2205 2585 quod,
2232 2543 2392 2573 octavus
2420 2534 2501 2573 dies
2528 2536 2634 2574 nulla

1570 2589 1791 2627 necessitate
1837 2587 2166 2637 praeveniebatur.
2220 2589 2333 2626 Unde
2379 2601 2496 2638 super
2540 2588 2634 2626 illud

1569 2644 1680 2680 Ρνον.
1701 2654 1736 2679 ιν
1753 2641 1792 2689 *,
1825 2643 2043 2692 Unigenitus
2071 2654 2176 2679 eram
2210 2654 2340 2680 coram
2374 2647 2495 2679 matre
2528 2654 2631 2688 mea,

1570 2695 1659 2732 dicit
1696 2695 1834 2732 Glossa
1863 2694 1883 2716 '¹‘
1910 2695 2017 2744 quod
2046 2694 2141 2732 alius
2169 2695 2359 2733 Bersabee
2386 2695 2570 2745 parvulus
2593 2693 2634 2716 ⁸*

1570 2761 1651 2786 non
1688 2748 2000 2797 computabatur:
2040 2747 2150 2797 quia,
2189 2756 2277 2786 ante
2312 2755 2494 2785 octavum
2528 2747 2633 2784 diem

1570 2809 1748 2839 mortuus
1757 2801 1789 2847 ²¹²,
1805 2801 2027 2838 nominatus
2046 2813 2126 2839 non
2145 2800 2231 2845 fuit;
2253 2809 2289 2839 et
2302 2813 2372 2851 per
2392 2811 2633 2850 consequens

1570 2867 1642 2892 nec
1670 2866 1930 2892 circumcisus.

1625 3042 1648 3074 ε)
1668 3041 1861 3066 determinatus
1883 3043 1952 3066 erat.
1968 3054 1988 3059 —
2006 3039 2235 3065 determinabatur
2253 3039 2277 3064 H
2297 3043 2323 3064 et
2340 3038 2473 3064 editiones.
2490 3052 2509 3057 —
2527 3038 2578 3063 Pro
2595 3041 2636 3064 est

1572 3079 1655 3106 aetas,
1675 3077 1726 3101 erit
1745 3079 1820 3102 aetas
1838 3076 1872 3107 P;
1891 3078 2005 3101 aetate...
2023 3077 2117 3101 octavo
2135 3082 2189 3100 om.
2209 3074 2226 3099 1.

1573 3111 1756 3172 hauppessent
1775 3111 1933 3137 omittentes.
1952 3125 1971 3130 -
1989 3111 2140 3136 omittentes
2159 3109 2176 3140 1.
2195 3109 2344 3135 omittentes
2369 3112 2455 3134 essent
2473 3110 2510 3139 bc,
2530 3109 2635 3135 omitte-

2655 847 2664 858 ·
2679 847 2746 869 Vei-⁸.
2760 853 2796 876 ²5·

2655 957 2665 967 ·
2679 955 2745 978 νει-ε.
2760 962 2782 978 2.

2655 1111 2666 1121 ·
2679 1108 2747 1132 Vero.
2761 1116 2786 1136 4.

2655 1373 2873 1406 ·m31·t1vsen‚s.,

2657 1399 2798 1449 atriae:
2806 1400 2871 1449 Fa·

2657 1453 2718 1482 ung.
2729 1453 2758 1475 de
2771 1453 2796 1476 s.
2806 1443 2873 1476 vict?

2657 1479 2830 1535 {ffb-Stat„
2840 1483 2872 1502 tr.

2658 1638 2669 1649 ·
2683 1636 2750 1659 νεα.
2764 1642 2798 1665 ²7·

2660 2010 2671 2022 ·
2685 2009 2753 2033 vm.
2766 2015 2800 2039 ²3·

2660 2273 2671 2284 ·
2685 2271 2721 2295 Cf.
2731 2271 2832 2301 Magiam,
2840 2272 2876 2295 tv

2659 2298 2733 2326 Sena,
2739 2299 2794 2322 dist.
2799 2305 2816 2327 ι,
2822 2304 2876 2328 οφ.

2659 2325 2689 2347 ⁸¹
2700 2326 2877 2383 3⁸32&ss

2659 2378 2808 2427 ἑἻῘι-Ιιδ.
2831 2378 2873 2434 tv,

2660 2437 2712 2460 cap.
2726 2437 2763 2455 ιιι.

2660 2533 2671 2544 ·
2676 2531 2826 2555 Βεδαεναιι.
2832 2531 2877 2555 lib.

2660 2559 2678 2587 1,
2684 2562 2742 2587 ριη.
2747 2564 2788 2587 ιιι,
2795 2564 2847 2587 cap.
2851 2564 2874 2581 2.

2659 2646 2785 2676 ‘Van-3.

2659 2694 2805 2750 L‘iffiq„
2821 2726 2876 2750 α».
2916 2736 2918 2738 .

2659 2753 2693 2775 xx,
2707 2753 2767 2770 ven.
2780 2754 2814 2776 ²7·

2659 2804 2671 2815 ·
2682 2803 2750 2831 ibid„
2764 2809 2815 2832 etp.
2830 2809 2878 2831 ιιι,
2916 2823 2918 2825 .

2660 2836 2720 2853 ven.
2736 2830 2770 2853 ¹8.
