<?xml version="1.0" encoding="UTF-8"?>
<!DOCTYPE html PUBLIC "-//W3C//DTD XHTML 1.0 Transitional//EN"
    "http://www.w3.org/TR/xhtml1/DTD/xhtml1-transitional.dtd">
<html xmlns="http://www.w3.org/1999/xhtml" xml:lang="en" lang="en">
 <head>
  <title>
</title>
<meta http-equiv="Content-Type" content="text/html;charset=utf-8" />
  <meta name='ocr-system' content='tesseract 3.04.00' />
  <meta name='ocr-capabilities' content='ocr_page ocr_carea ocr_par ocr_line ocrx_word'/>
</head>
<body>
  <div class='ocr_page' id='page_1' title='image "./operaomniaiussui12thom/operaomniaiussui12thom_0198.png"; bbox 0 0 2918 4088; ppageno 0'>
   <div class='ocr_carea' id='block_1_1' title="bbox 205 405 416 485">
    <p class='ocr_par' dir='ltr' id='par_1_1' title="bbox 205 405 416 485">
     <span class='ocr_line' id='line_1_1' title="bbox 205 405 416 427; baseline -0.009 0"><span class='ocrx_word' id='word_1_1' title='bbox 205 407 216 417; x_wconf 82' lang='grc'><em>·</em></span> <span class='ocrx_word' id='word_1_2' title='bbox 224 406 275 427; x_wconf 82' lang='lat' dir='ltr'>l-loc</span> <span class='ocrx_word' id='word_1_3' title='bbox 286 405 416 426; x_wconf 78' lang='lat' dir='ltr'>Comment.</span> 
     </span>
     <span class='ocr_line' id='line_1_2' title="bbox 206 431 415 458; baseline -0.005 -5"><span class='ocrx_word' id='word_1_4' title='bbox 206 433 253 453; x_wconf 76' lang='grc' dir='ltr'>ΡΑΒ</span> <span class='ocrx_word' id='word_1_5' title='bbox 272 436 314 453; x_wconf 83' lang='lat' dir='ltr'>art.</span> <span class='ocrx_word' id='word_1_6' title='bbox 334 431 415 458; x_wconf 81' lang='lat' dir='ltr'>quinto</span> 
     </span>
     <span class='ocr_line' id='line_1_3' title="bbox 207 458 355 485; baseline -0.014 -5"><span class='ocrx_word' id='word_1_7' title='bbox 207 458 355 485; x_wconf 74' lang='lat' dir='ltr'>subiungum.</span> 
     </span>
    </p>
   </div>
   <div class='ocr_carea' id='block_1_2' title="bbox 207 536 416 611">
    <p class='ocr_par' dir='ltr' id='par_1_2' title="bbox 207 536 416 611">
     <span class='ocr_line' id='line_1_4' title="bbox 207 536 416 568; baseline -0.01 -10"><span class='ocrx_word' id='word_1_8' title='bbox 207 538 217 548; x_wconf 78' lang='lat'>&#39;</span> <span class='ocrx_word' id='word_1_9' title='bbox 231 536 264 558; x_wconf 78' lang='lat' dir='ltr'>Cf.</span> <span class='ocrx_word' id='word_1_10' title='bbox 285 542 323 568; x_wconf 82' lang='lat' dir='ltr'>qu.</span> <span class='ocrx_word' id='word_1_11' title='bbox 338 541 416 562; x_wconf 57' lang='lat' dir='ltr'>mxxiv,</span> 
     </span>
     <span class='ocr_line' id='line_1_5' title="bbox 207 564 415 592; baseline 0 -8"><span class='ocrx_word' id='word_1_12' title='bbox 207 567 248 584; x_wconf 82' lang='lat' dir='ltr'>art.</span> <span class='ocrx_word' id='word_1_13' title='bbox 254 569 274 592; x_wconf 83' lang='lat'>3.</span> <span class='ocrx_word' id='word_1_14' title='bbox 284 564 415 584; x_wconf 57' lang='lat' dir='ltr'>hommem.</span> 
     </span>
     <span class='ocr_line' id='line_1_6' title="bbox 207 595 317 611; baseline 0.009 -1"><span class='ocrx_word' id='word_1_15' title='bbox 207 595 271 611; x_wconf 87' lang='lat' dir='ltr'>num.</span> <span class='ocrx_word' id='word_1_16' title='bbox 287 595 317 611; x_wconf 82' lang='grc' dir='ltr'>ιν.</span> 
     </span>
    </p>
   </div>
   <div class='ocr_carea' id='block_1_3' title="bbox 207 1112 316 1132">
    <p class='ocr_par' dir='ltr' id='par_1_3' title="bbox 207 1112 316 1132">
     <span class='ocr_line' id='line_1_7' title="bbox 207 1112 316 1132; baseline 0 0"><span class='ocrx_word' id='word_1_17' title='bbox 207 1112 217 1123; x_wconf 76' lang='lat'>&#39;</span> <span class='ocrx_word' id='word_1_18' title='bbox 230 1112 282 1132; x_wconf 74' lang='lat' dir='ltr'>Art.</span> <span class='ocrx_word' id='word_1_19' title='bbox 296 1116 316 1132; x_wconf 81' lang='grc'>2.</span> 
     </span>
    </p>
   </div>
   <div class='ocr_carea' id='block_1_4' title="bbox 209 1597 385 1619">
    <p class='ocr_par' dir='ltr' id='par_1_4' title="bbox 209 1597 385 1619">
     <span class='ocr_line' id='line_1_8' title="bbox 209 1597 385 1619; baseline -0.011 0"><span class='ocrx_word' id='word_1_20' title='bbox 209 1598 220 1609; x_wconf 90' lang='grc'>·</span> <span class='ocrx_word' id='word_1_21' title='bbox 234 1597 269 1619; x_wconf 76' lang='lat' dir='ltr'>Cf.</span> <span class='ocrx_word' id='word_1_22' title='bbox 285 1600 348 1618; x_wconf 90' lang='lat' dir='ltr'>num.</span> <span class='ocrx_word' id='word_1_23' title='bbox 363 1602 385 1617; x_wconf 80' lang='lat' dir='ltr'>v.</span> 
     </span>
    </p>
   </div>
   <div class='ocr_carea' id='block_1_5' title="bbox 214 2346 425 2399">
    <p class='ocr_par' dir='ltr' id='par_1_5' title="bbox 214 2346 425 2399">
     <span class='ocr_line' id='line_1_9' title="bbox 214 2346 425 2374; baseline -0.005 -6"><span class='ocrx_word' id='word_1_24' title='bbox 214 2348 224 2358; x_wconf 92' lang='grc'>·</span> <span class='ocrx_word' id='word_1_25' title='bbox 233 2346 268 2368; x_wconf 85' lang='lat' dir='ltr'>cf.</span> <span class='ocrx_word' id='word_1_26' title='bbox 275 2352 375 2374; x_wconf 85' lang='lat' dir='ltr'>qu.xvn,</span> <span class='ocrx_word' id='word_1_27' title='bbox 382 2350 425 2368; x_wconf 79' lang='lat' dir='ltr'>art.</span> 
     </span>
     <span class='ocr_line' id='line_1_10' title="bbox 215 2373 425 2399; baseline -0.005 -4"><span class='ocrx_word' id='word_1_28' title='bbox 215 2379 234 2399; x_wconf 80' lang='lat'>2,</span> <span class='ocrx_word' id='word_1_29' title='bbox 250 2379 303 2395; x_wconf 90' lang='lat' dir='ltr'>cum</span> <span class='ocrx_word' id='word_1_30' title='bbox 318 2373 425 2398; x_wconf 79' lang='lat' dir='ltr'>Comm.;</span> 
     </span>
    </p>
   </div>
   <div class='ocr_carea' id='block_1_6' title="bbox 214 2403 426 2532">
    <p class='ocr_par' dir='ltr' id='par_1_6' title="bbox 215 2403 425 2448">
     <span class='ocr_line' id='line_1_11' title="bbox 215 2403 425 2448; baseline 0 -27"><span class='ocrx_word' id='word_1_31' title='bbox 215 2406 283 2448; x_wconf 52' lang='lat' dir='ltr'>gum,</span> <span class='ocrx_word' id='word_1_32' title='bbox 292 2403 333 2421; x_wconf 77' lang='lat' dir='ltr'>nrt.</span> <span class='ocrx_word' id='word_1_33' title='bbox 341 2405 360 2428; x_wconf 84' lang='lat'>5,</span> <span class='ocrx_word' id='word_1_34' title='bbox 371 2406 425 2421; x_wconf 87' lang='lat' dir='ltr'>cum</span> 
     </span>
     <span class='ocr_line' id='line_1_12' title="bbox 236 2429 349 2447; baseline 0 0"><span class='ocrx_word' id='word_1_35' title='bbox 236 2429 349 2447; x_wconf 88' lang='lat' dir='ltr'>omment.</span> 
     </span>
    </p>

    <p class='ocr_par' dir='ltr' id='par_1_7' title="bbox 214 2452 426 2532">
     <span class='ocr_line' id='line_1_13' title="bbox 214 2452 425 2480; baseline -0.005 -6"><span class='ocrx_word' id='word_1_36' title='bbox 214 2455 225 2464; x_wconf 83' lang='lat'>&#39;¹</span> <span class='ocrx_word' id='word_1_37' title='bbox 230 2453 327 2475; x_wconf 73' lang='lat' dir='ltr'>Aristot.</span> <span class='ocrx_word' id='word_1_38' title='bbox 334 2452 425 2480; x_wconf 73' lang='lat' dir='ltr'>Physic.</span> 
     </span>
     <span class='ocr_line' id='line_1_14' title="bbox 214 2479 426 2506; baseline -0.005 -5"><span class='ocrx_word' id='word_1_39' title='bbox 214 2479 254 2501; x_wconf 86' lang='lat' dir='ltr'>lib.</span> <span class='ocrx_word' id='word_1_40' title='bbox 265 2479 305 2506; x_wconf 79' lang='lat'>111,</span> <span class='ocrx_word' id='word_1_41' title='bbox 315 2485 366 2506; x_wconf 75' lang='lat' dir='ltr'>cap.</span> <span class='ocrx_word' id='word_1_42' title='bbox 376 2485 426 2505; x_wconf 80' lang='lat' dir='ltr'>vni,</span> 
     </span>
     <span class='ocr_line' id='line_1_15' title="bbox 215 2505 425 2532; baseline -0.01 -4"><span class='ocrx_word' id='word_1_43' title='bbox 215 2512 237 2528; x_wconf 92' lang='lat' dir='ltr'>n.</span> <span class='ocrx_word' id='word_1_44' title='bbox 251 2513 269 2532; x_wconf 77' lang='grc' dir='ltr'>ι,</span> <span class='ocrx_word' id='word_1_45' title='bbox 285 2512 303 2527; x_wconf 84' lang='lat' dir='ltr'>s.</span> <span class='ocrx_word' id='word_1_46' title='bbox 314 2505 359 2527; x_wconf 83' lang='lat' dir='ltr'>Th.</span> <span class='ocrx_word' id='word_1_47' title='bbox 374 2505 425 2527; x_wconf 84' lang='lat' dir='ltr'>lect.</span> 
     </span>
    </p>
   </div>
   <div class='ocr_carea' id='block_1_7' title="bbox 448 166 519 202">
    <p class='ocr_par' dir='ltr' id='par_1_8' title="bbox 448 166 519 202">
     <span class='ocr_line' id='line_1_16' title="bbox 448 166 519 202; baseline -0.028 0"><span class='ocrx_word' id='word_1_48' title='bbox 448 166 519 202; x_wconf 83' lang='lat'>174</span> 
     </span>
    </p>
   </div>
   <div class='ocr_carea' id='block_1_8' title="bbox 1100 152 1967 203">
    <p class='ocr_par' dir='ltr' id='par_1_9' title="bbox 1100 152 1967 203">
     <span class='ocr_line' id='line_1_17' title="bbox 1100 152 1967 203; baseline -0.006 -10"><span class='ocrx_word' id='word_1_49' title='bbox 1100 155 1362 203; x_wconf 90' lang='lat' dir='ltr'>QUAESTIO</span> <span class='ocrx_word' id='word_1_50' title='bbox 1392 154 1553 199; x_wconf 90' lang='lat' dir='ltr'>LXXV,</span> <span class='ocrx_word' id='word_1_51' title='bbox 1582 152 1874 190; x_wconf 91' lang='lat' dir='ltr'>ARTICULUS</span> <span class='ocrx_word' id='word_1_52' title='bbox 1903 152 1967 188; x_wconf 93' lang='lat' dir='ltr'>VII</span> 
     </span>
    </p>
   </div>
   <div class='ocr_carea' id='block_1_9' title="bbox 1118 303 1947 339">
    <p class='ocr_par' dir='ltr' id='par_1_10' title="bbox 1118 303 1947 339">
     <span class='ocr_line' id='line_1_18' title="bbox 1118 303 1947 339; baseline -0.007 0"><span class='ocrx_word' id='word_1_53' title='bbox 1118 306 1451 339; x_wconf 75' lang='lat' dir='ltr'>Commentaria</span> <span class='ocrx_word' id='word_1_54' title='bbox 1473 303 1723 336; x_wconf 71' lang='lat' dir='ltr'>Car-ainans</span> <span class='ocrx_word' id='word_1_55' title='bbox 1746 303 1947 335; x_wconf 74' lang='lat' dir='ltr'>Caietani</span> 
     </span>
    </p>
   </div>
   <div class='ocr_carea' id='block_1_10' title="bbox 439 403 1507 886">
    <p class='ocr_par' dir='ltr' id='par_1_11' title="bbox 439 403 1507 711">
     <span class='ocr_line' id='line_1_19' title="bbox 475 403 1503 444; baseline -0.004 -9"><span class='ocrx_word' id='word_1_56' title='bbox 475 415 495 435; x_wconf 77' lang='lat' dir='ltr'>N</span> <span class='ocrx_word' id='word_1_57' title='bbox 512 405 575 435; x_wconf 90' lang='lat' dir='ltr'>hoc</span> <span class='ocrx_word' id='word_1_58' title='bbox 591 405 724 435; x_wconf 81' lang='lat' dir='ltr'>articulo</span> <span class='ocrx_word' id='word_1_59' title='bbox 737 405 763 440; x_wconf 73' lang='lat'>&#39;‘,</span> <span class='ocrx_word' id='word_1_60' title='bbox 777 412 807 435; x_wconf 90' lang='lat' dir='ltr'>et</span> <span class='ocrx_word' id='word_1_61' title='bbox 819 404 947 444; x_wconf 89' lang='lat' dir='ltr'>reliquis</span> <span class='ocrx_word' id='word_1_62' title='bbox 964 403 1106 434; x_wconf 89' lang='lat' dir='ltr'>eiusdem</span> <span class='ocrx_word' id='word_1_63' title='bbox 1122 403 1503 444; x_wconf 84' lang='lat' dir='ltr'>septuagesimaequintae</span> 
     </span>
     <span class='ocr_line' id='line_1_20' title="bbox 448 416 1505 490; baseline -0.002 -13"><span class='ocrx_word' id='word_1_64' title='bbox 448 416 682 490; x_wconf 82' lang='lat' dir='ltr'>Iquaestioni5‚</span> <span class='ocrx_word' id='word_1_65' title='bbox 707 448 772 479; x_wconf 93' lang='lat' dir='ltr'>duo</span> <span class='ocrx_word' id='word_1_66' title='bbox 797 449 903 478; x_wconf 90' lang='lat' dir='ltr'>solum</span> <span class='ocrx_word' id='word_1_67' title='bbox 926 448 1065 478; x_wconf 84' lang='lat' dir='ltr'>notanda</span> <span class='ocrx_word' id='word_1_68' title='bbox 1090 453 1271 478; x_wconf 90' lang='lat' dir='ltr'>occurrunt.</span> <span class='ocrx_word' id='word_1_69' title='bbox 1295 447 1439 476; x_wconf 90' lang='lat' dir='ltr'>Primum</span> <span class='ocrx_word' id='word_1_70' title='bbox 1459 451 1505 476; x_wconf 90' lang='lat' dir='ltr'>est</span> 
     </span>
     <span class='ocr_line' id='line_1_21' title="bbox 443 489 1506 533; baseline -0.004 -10"><span class='ocrx_word' id='word_1_71' title='bbox 443 494 478 524; x_wconf 92' lang='lat' dir='ltr'>in</span> <span class='ocrx_word' id='word_1_72' title='bbox 501 493 634 523; x_wconf 89' lang='lat' dir='ltr'>articulo</span> <span class='ocrx_word' id='word_1_73' title='bbox 651 498 750 529; x_wconf 89' lang='lat' dir='ltr'>sexto,</span> <span class='ocrx_word' id='word_1_74' title='bbox 768 492 807 523; x_wconf 90' lang='lat' dir='ltr'>ad</span> <span class='ocrx_word' id='word_1_75' title='bbox 823 493 972 533; x_wconf 87' lang='lat' dir='ltr'>primum,</span> <span class='ocrx_word' id='word_1_76' title='bbox 998 491 1086 532; x_wconf 93' lang='lat' dir='ltr'>quod</span> <span class='ocrx_word' id='word_1_77' title='bbox 1102 491 1205 522; x_wconf 89' lang='lat' dir='ltr'>forma</span> <span class='ocrx_word' id='word_1_78' title='bbox 1220 491 1310 531; x_wconf 89' lang='lat' dir='ltr'>panis</span> <span class='ocrx_word' id='word_1_79' title='bbox 1334 496 1380 521; x_wconf 91' lang='lat' dir='ltr'>est</span> <span class='ocrx_word' id='word_1_80' title='bbox 1403 489 1506 520; x_wconf 83' lang='lat' dir='ltr'>forma</span> 
     </span>
     <span class='ocr_line' id='line_1_22' title="bbox 444 534 1506 577; baseline -0.005 -9"><span class='ocrx_word' id='word_1_81' title='bbox 444 537 656 568; x_wconf 89' lang='lat' dir='ltr'>substantialis</span> <span class='ocrx_word' id='word_1_82' title='bbox 672 538 698 572; x_wconf 45' lang='grc' dir='ltr'><strong>ἦ</strong></span> <span class='ocrx_word' id='word_1_83' title='bbox 723 537 828 577; x_wconf 90' lang='lat' dir='ltr'>specie</span> <span class='ocrx_word' id='word_1_84' title='bbox 853 536 999 567; x_wconf 86' lang='lat' dir='ltr'>differens</span> <span class='ocrx_word' id='word_1_85' title='bbox 1022 546 1039 566; x_wconf 89' lang='lat' dir='ltr'>a</span> <span class='ocrx_word' id='word_1_86' title='bbox 1062 541 1160 575; x_wconf 86' lang='lat' dir='ltr'>pasta,</span> <span class='ocrx_word' id='word_1_87' title='bbox 1183 534 1361 565; x_wconf 90' lang='lat' dir='ltr'>secundum</span> <span class='ocrx_word' id='word_1_88' title='bbox 1384 534 1506 564; x_wconf 87' lang='lat' dir='ltr'>Aucto-</span> 
     </span>
     <span class='ocr_line' id='line_1_23' title="bbox 444 578 1506 622; baseline -0.005 -10"><span class='ocrx_word' id='word_1_89' title='bbox 444 591 522 618; x_wconf 87' lang='lat' dir='ltr'>rem,</span> <span class='ocrx_word' id='word_1_90' title='bbox 540 581 617 612; x_wconf 91' lang='lat' dir='ltr'>dum</span> <span class='ocrx_word' id='word_1_91' title='bbox 641 580 717 611; x_wconf 90' lang='lat' dir='ltr'>dicit</span> <span class='ocrx_word' id='word_1_92' title='bbox 741 580 830 620; x_wconf 90' lang='lat' dir='ltr'>quod</span> <span class='ocrx_word' id='word_1_93' title='bbox 853 590 909 610; x_wconf 86' lang='lat' dir='ltr'>ars</span> <span class='ocrx_word' id='word_1_94' title='bbox 925 579 1081 620; x_wconf 84' lang='lat' dir='ltr'><em>producit</em></span> <span class='ocrx_word' id='word_1_95' title='bbox 1093 580 1243 622; x_wconf 84' lang='lat' dir='ltr'>formam</span> <span class='ocrx_word' id='word_1_96' title='bbox 1267 578 1506 609; x_wconf 85' lang='lat' dir='ltr'><em>substantialem</em></span> 
     </span>
     <span class='ocr_line' id='line_1_24' title="bbox 439 623 1507 667; baseline -0.004 -11"><span class='ocrx_word' id='word_1_97' title='bbox 439 626 538 667; x_wconf 80' lang='lat' dir='ltr'>panis</span> <span class='ocrx_word' id='word_1_98' title='bbox 554 626 671 656; x_wconf 79' lang='lat' dir='ltr'>virtute</span> <span class='ocrx_word' id='word_1_99' title='bbox 687 625 774 666; x_wconf 83' lang='lat' dir='ltr'>ignis</span> <span class='ocrx_word' id='word_1_100' title='bbox 788 624 992 665; x_wconf 84' lang='lat' dir='ltr'><strong><em>decoquentis</em></strong></span> <span class='ocrx_word' id='word_1_101' title='bbox 1008 624 1176 654; x_wconf 88' lang='lat' dir='ltr'>materiam</span> <span class='ocrx_word' id='word_1_102' title='bbox 1192 633 1233 654; x_wconf 83' lang='lat' dir='ltr'>ex</span> <span class='ocrx_word' id='word_1_103' title='bbox 1239 623 1360 665; x_wconf 82' lang='lat' dir='ltr'>farina</span> <span class='ocrx_word' id='word_1_104' title='bbox 1377 627 1407 652; x_wconf 86' lang='lat' dir='ltr'>et</span> <span class='ocrx_word' id='word_1_105' title='bbox 1422 631 1507 662; x_wconf 85' lang='lat' dir='ltr'>aqua</span> 
     </span>
     <span class='ocr_line' id='line_1_25' title="bbox 446 670 636 711; baseline -0.005 -11"><span class='ocrx_word' id='word_1_106' title='bbox 446 670 636 711; x_wconf 87' lang='lat' dir='ltr'>confectam.</span> 
     </span>
    </p>

    <p class='ocr_par' dir='ltr' id='par_1_12' title="bbox 445 710 1507 886">
     <span class='ocr_line' id='line_1_26' title="bbox 501 710 1507 751; baseline -0.003 -8"><span class='ocrx_word' id='word_1_107' title='bbox 501 712 710 744; x_wconf 88' lang='lat' dir='ltr'>Persuadetur</span> <span class='ocrx_word' id='word_1_108' title='bbox 733 718 840 743; x_wconf 90' lang='lat' dir='ltr'>autem</span> <span class='ocrx_word' id='word_1_109' title='bbox 864 713 908 742; x_wconf 88' lang='lat' dir='ltr'>sic</span> <span class='ocrx_word' id='word_1_110' title='bbox 933 722 1010 748; x_wconf 88' lang='lat' dir='ltr'>esse,</span> <span class='ocrx_word' id='word_1_111' title='bbox 1036 712 1110 751; x_wconf 92' lang='lat' dir='ltr'>quia</span> <span class='ocrx_word' id='word_1_112' title='bbox 1133 721 1171 741; x_wconf 87' lang='lat' dir='ltr'>ex</span> <span class='ocrx_word' id='word_1_113' title='bbox 1187 710 1250 741; x_wconf 88' lang='lat' dir='ltr'>fide</span> <span class='ocrx_word' id='word_1_114' title='bbox 1266 716 1412 741; x_wconf 88' lang='lat' dir='ltr'>tenemus</span> <span class='ocrx_word' id='word_1_115' title='bbox 1429 719 1507 740; x_wconf 91' lang='lat' dir='ltr'>con-</span> 
     </span>
     <span class='ocr_line' id='line_1_27' title="bbox 445 755 1507 796; baseline -0.003 -9"><span class='ocrx_word' id='word_1_116' title='bbox 445 758 625 788; x_wconf 83' lang='lat' dir='ltr'>versionem</span> <span class='ocrx_word' id='word_1_117' title='bbox 649 757 748 787; x_wconf 79' lang='lat' dir='ltr'>solius</span> <span class='ocrx_word' id='word_1_118' title='bbox 771 757 962 787; x_wconf 86' lang='lat' dir='ltr'>substantiae</span> <span class='ocrx_word' id='word_1_119' title='bbox 986 757 1076 796; x_wconf 91' lang='lat' dir='ltr'>panis</span> <span class='ocrx_word' id='word_1_120' title='bbox 1092 757 1125 786; x_wconf 92' lang='lat' dir='ltr'>in</span> <span class='ocrx_word' id='word_1_121' title='bbox 1141 755 1347 785; x_wconf 82' lang='lat' dir='ltr'>substantiam</span> <span class='ocrx_word' id='word_1_122' title='bbox 1365 755 1507 794; x_wconf 90' lang='lat' dir='ltr'>corporis</span> 
     </span>
     <span class='ocr_line' id='line_1_28' title="bbox 447 798 1506 840; baseline -0.004 -8"><span class='ocrx_word' id='word_1_123' title='bbox 447 801 575 832; x_wconf 86' lang='lat' dir='ltr'>Christi.</span> <span class='ocrx_word' id='word_1_124' title='bbox 600 802 632 832; x_wconf 87' lang='lat' dir='ltr'>Si</span> <span class='ocrx_word' id='word_1_125' title='bbox 657 802 743 832; x_wconf 86' lang='lat' dir='ltr'>enirn</span> <span class='ocrx_word' id='word_1_126' title='bbox 766 800 869 830; x_wconf 87' lang='lat' dir='ltr'>forma</span> <span class='ocrx_word' id='word_1_127' title='bbox 893 801 982 840; x_wconf 90' lang='lat' dir='ltr'>panis</span> <span class='ocrx_word' id='word_1_128' title='bbox 1006 805 1087 830; x_wconf 90' lang='lat' dir='ltr'>esset</span> <span class='ocrx_word' id='word_1_129' title='bbox 1111 798 1267 834; x_wconf 85' lang='lat' dir='ltr'>accidens,</span> <span class='ocrx_word' id='word_1_130' title='bbox 1292 809 1359 829; x_wconf 93' lang='lat' dir='ltr'>non</span> <span class='ocrx_word' id='word_1_131' title='bbox 1383 808 1440 838; x_wconf 91' lang='lat' dir='ltr'>per</span> <span class='ocrx_word' id='word_1_132' title='bbox 1463 808 1506 834; x_wconf 95' lang='lat' dir='ltr'>se,</span> 
     </span>
     <span class='ocr_line' id='line_1_29' title="bbox 447 843 1507 886; baseline -0.004 -10"><span class='ocrx_word' id='word_1_133' title='bbox 447 846 502 876; x_wconf 89' lang='lat' dir='ltr'>sed</span> <span class='ocrx_word' id='word_1_134' title='bbox 525 855 582 886; x_wconf 90' lang='lat' dir='ltr'>per</span> <span class='ocrx_word' id='word_1_135' title='bbox 606 845 707 881; x_wconf 86' lang='lat' dir='ltr'>aliud,</span> <span class='ocrx_word' id='word_1_136' title='bbox 739 845 858 875; x_wconf 87' lang='lat' dir='ltr'>scilicet</span> <span class='ocrx_word' id='word_1_137' title='bbox 881 845 1078 880; x_wconf 89' lang='lat' dir='ltr'>subiectum,</span> <span class='ocrx_word' id='word_1_138' title='bbox 1103 849 1339 874; x_wconf 89' lang='lat' dir='ltr'>converteretur</span> <span class='ocrx_word' id='word_1_139' title='bbox 1362 843 1452 882; x_wconf 91' lang='lat' dir='ltr'>panis</span> <span class='ocrx_word' id='word_1_140' title='bbox 1474 843 1507 872; x_wconf 92' lang='lat' dir='ltr'>in</span> 
     </span>
    </p>
   </div>
   <div class='ocr_carea' id='block_1_11' title="bbox 447 887 1519 930">
    <p class='ocr_par' dir='ltr' id='par_1_13' title="bbox 447 887 1519 930">
     <span class='ocr_line' id='line_1_30' title="bbox 447 887 1519 930; baseline -0.005 -10"><span class='ocrx_word' id='word_1_141' title='bbox 447 899 564 930; x_wconf 88' lang='lat' dir='ltr'>corpus</span> <span class='ocrx_word' id='word_1_142' title='bbox 581 890 707 920; x_wconf 88' lang='lat' dir='ltr'>Christi.</span> <span class='ocrx_word' id='word_1_143' title='bbox 719 907 742 911; x_wconf 83' lang='lat'>—</span> <span class='ocrx_word' id='word_1_144' title='bbox 754 889 794 918; x_wconf 92' lang='lat' dir='ltr'>Et</span> <span class='ocrx_word' id='word_1_145' title='bbox 809 898 925 924; x_wconf 80' lang='lat' dir='ltr'>rursuS,</span> <span class='ocrx_word' id='word_1_146' title='bbox 939 888 1017 917; x_wconf 90' lang='lat' dir='ltr'>nihil</span> <span class='ocrx_word' id='word_1_147' title='bbox 1034 888 1226 928; x_wconf 91' lang='lat' dir='ltr'>prohiberet,</span> <span class='ocrx_word' id='word_1_148' title='bbox 1243 887 1324 917; x_wconf 85' lang='lat' dir='ltr'>facta</span> <span class='ocrx_word' id='word_1_149' title='bbox 1343 896 1519 916; x_wconf 89' lang='lat' dir='ltr'>consecra-.</span> 
     </span>
    </p>
   </div>
   <div class='ocr_carea' id='block_1_12' title="bbox 440 930 1519 2517">
    <p class='ocr_par' dir='ltr' id='par_1_14' title="bbox 446 930 1508 1013">
     <span class='ocr_line' id='line_1_31' title="bbox 446 930 1508 971; baseline -0.004 -7"><span class='ocrx_word' id='word_1_150' title='bbox 446 935 551 970; x_wconf 91' lang='lat' dir='ltr'>tione,</span> <span class='ocrx_word' id='word_1_151' title='bbox 583 942 745 964; x_wconf 89' lang='lat' dir='ltr'>remanere</span> <span class='ocrx_word' id='word_1_152' title='bbox 775 932 912 962; x_wconf 85' lang='lat' dir='ltr'>formam</span> <span class='ocrx_word' id='word_1_153' title='bbox 935 932 1025 971; x_wconf 89' lang='lat' dir='ltr'>panis</span> <span class='ocrx_word' id='word_1_154' title='bbox 1057 941 1131 962; x_wconf 91' lang='lat' dir='ltr'>cum</span> <span class='ocrx_word' id='word_1_155' title='bbox 1155 931 1265 961; x_wconf 89' lang='lat' dir='ltr'>ceteris</span> <span class='ocrx_word' id='word_1_156' title='bbox 1292 930 1508 961; x_wconf 89' lang='lat' dir='ltr'>accidentibus</span> 
     </span>
     <span class='ocr_line' id='line_1_32' title="bbox 446 975 1203 1013; baseline -0.004 -5"><span class='ocrx_word' id='word_1_157' title='bbox 446 978 692 1008; x_wconf 86' lang='lat' dir='ltr'>remanentibus.</span> <span class='ocrx_word' id='word_1_158' title='bbox 718 975 816 1013; x_wconf 87' lang='lat' dir='ltr'>Quod</span> <span class='ocrx_word' id='word_1_159' title='bbox 840 981 963 1006; x_wconf 88' lang='lat' dir='ltr'>constat</span> <span class='ocrx_word' id='word_1_160' title='bbox 987 985 1054 1005; x_wconf 89' lang='lat' dir='ltr'>esse</span> <span class='ocrx_word' id='word_1_161' title='bbox 1078 975 1203 1005; x_wconf 88' lang='lat' dir='ltr'>falsum.</span> 
     </span>
    </p>

    <p class='ocr_par' dir='ltr' id='par_1_15' title="bbox 440 1018 1513 1589">
     <span class='ocr_line' id='line_1_33' title="bbox 502 1018 1507 1060; baseline -0.003 -9"><span class='ocrx_word' id='word_1_162' title='bbox 502 1022 538 1051; x_wconf 93' lang='grc' dir='ltr'>ΙΙ.</span> <span class='ocrx_word' id='word_1_163' title='bbox 564 1022 599 1051; x_wconf 89' lang='lat' dir='ltr'>In</span> <span class='ocrx_word' id='word_1_164' title='bbox 622 1021 831 1060; x_wconf 86' lang='lat' dir='ltr'>responsione</span> <span class='ocrx_word' id='word_1_165' title='bbox 855 1019 894 1049; x_wconf 87' lang='lat' dir='ltr'>ad</span> <span class='ocrx_word' id='word_1_166' title='bbox 918 1019 1096 1049; x_wconf 90' lang='lat' dir='ltr'>secundum</span> <span class='ocrx_word' id='word_1_167' title='bbox 1120 1018 1262 1049; x_wconf 89' lang='lat' dir='ltr'>eiusdem</span> <span class='ocrx_word' id='word_1_168' title='bbox 1278 1019 1357 1048; x_wconf 85' lang='lat' dir='ltr'>sexti</span> <span class='ocrx_word' id='word_1_169' title='bbox 1373 1018 1507 1054; x_wconf 89' lang='lat' dir='ltr'>articuli,</span> 
     </span>
     <span class='ocr_line' id='line_1_34' title="bbox 448 1061 1508 1102; baseline -0.003 -7"><span class='ocrx_word' id='word_1_170' title='bbox 448 1066 585 1095; x_wconf 91' lang='lat' dir='ltr'>occurrit</span> <span class='ocrx_word' id='word_1_171' title='bbox 600 1063 789 1099; x_wconf 90' lang='lat' dir='ltr'>secundum,</span> <span class='ocrx_word' id='word_1_172' title='bbox 807 1063 896 1102; x_wconf 92' lang='lat' dir='ltr'>quod</span> <span class='ocrx_word' id='word_1_173' title='bbox 912 1068 958 1093; x_wconf 88' lang='lat' dir='ltr'>est</span> <span class='ocrx_word' id='word_1_174' title='bbox 974 1073 1012 1093; x_wconf 88' lang='lat' dir='ltr'>ex</span> <span class='ocrx_word' id='word_1_175' title='bbox 1028 1063 1137 1098; x_wconf 84' lang='lat' dir='ltr'>Scoto‚</span> <span class='ocrx_word' id='word_1_176' title='bbox 1162 1063 1195 1092; x_wconf 91' lang='lat' dir='ltr'>in</span> <span class='ocrx_word' id='word_1_177' title='bbox 1211 1063 1254 1092; x_wconf 94' lang='lat' dir='ltr'>IV</span> <span class='ocrx_word' id='word_1_178' title='bbox 1266 1062 1363 1097; x_wconf 68' lang='lat' dir='ltr'>Sem„</span> <span class='ocrx_word' id='word_1_179' title='bbox 1383 1061 1454 1092; x_wconf 88' lang='lat' dir='ltr'>dist.</span> <span class='ocrx_word' id='word_1_180' title='bbox 1467 1072 1508 1097; x_wconf 84' lang='lat' dir='ltr'>xr,</span> 
     </span>
     <span class='ocr_line' id='line_1_35' title="bbox 447 1106 1510 1148; baseline -0.004 -9"><span class='ocrx_word' id='word_1_181' title='bbox 447 1118 501 1148; x_wconf 93' lang='lat' dir='ltr'>qu.</span> <span class='ocrx_word' id='word_1_182' title='bbox 518 1119 552 1138; x_wconf 90' lang='lat'>111</span> <span class='ocrx_word' id='word_1_183' title='bbox 567 1110 598 1143; x_wconf 46' lang='grc' dir='ltr'>ὓ,</span> <span class='ocrx_word' id='word_1_184' title='bbox 627 1113 736 1138; x_wconf 89' lang='lat' dir='ltr'>contra</span> <span class='ocrx_word' id='word_1_185' title='bbox 767 1108 848 1136; x_wconf 88' lang='lat' dir='ltr'>hanc</span> <span class='ocrx_word' id='word_1_186' title='bbox 875 1107 1011 1136; x_wconf 88' lang='lat' dir='ltr'>litteram</span> <span class='ocrx_word' id='word_1_187' title='bbox 1041 1112 1217 1146; x_wconf 91' lang='lat' dir='ltr'>ponentem</span> <span class='ocrx_word' id='word_1_188' title='bbox 1239 1106 1390 1147; x_wconf 86' lang='lat' dir='ltr'>formam</span> <span class='ocrx_word' id='word_1_189' title='bbox 1411 1106 1510 1146; x_wconf 80' lang='lat' dir='ltr'>panis</span> 
     </span>
     <span class='ocr_line' id='line_1_36' title="bbox 447 1149 1509 1190; baseline -0.004 -7"><span class='ocrx_word' id='word_1_190' title='bbox 447 1152 590 1183; x_wconf 79' lang='lat' dir='ltr'>converti</span> <span class='ocrx_word' id='word_1_191' title='bbox 614 1152 646 1182; x_wconf 89' lang='lat' dir='ltr'>in</span> <span class='ocrx_word' id='word_1_192' title='bbox 671 1152 813 1181; x_wconf 87' lang='lat' dir='ltr'>animam</span> <span class='ocrx_word' id='word_1_193' title='bbox 840 1151 959 1180; x_wconf 84' lang='lat' dir='ltr'>Christi</span> <span class='ocrx_word' id='word_1_194' title='bbox 981 1150 1155 1180; x_wconf 84' lang='lat' dir='ltr'>secundum</span> <span class='ocrx_word' id='word_1_195' title='bbox 1174 1149 1261 1190; x_wconf 85' lang='lat' dir='ltr'>quod</span> <span class='ocrx_word' id='word_1_196' title='bbox 1283 1149 1340 1179; x_wconf 86' lang='lat' dir='ltr'>dat</span> <span class='ocrx_word' id='word_1_197' title='bbox 1355 1159 1421 1180; x_wconf 85' lang='lat' dir='ltr'>esse</span> <span class='ocrx_word' id='word_1_198' title='bbox 1436 1159 1509 1179; x_wconf 87' lang='lat' dir='ltr'>cor-</span> 
     </span>
     <span class='ocr_line' id='line_1_37' title="bbox 440 1193 1509 1237; baseline -0.003 -11"><span class='ocrx_word' id='word_1_199' title='bbox 440 1206 590 1237; x_wconf 85' lang='lat' dir='ltr'>poreum.</span> <span class='ocrx_word' id='word_1_200' title='bbox 613 1196 792 1235; x_wconf 87' lang='lat' dir='ltr'>Arguitque</span> <span class='ocrx_word' id='word_1_201' title='bbox 815 1194 991 1234; x_wconf 87' lang='lat' dir='ltr'>dupliciter.</span> <span class='ocrx_word' id='word_1_202' title='bbox 1017 1194 1049 1224; x_wconf 92' lang='lat' dir='ltr'>Si</span> <span class='ocrx_word' id='word_1_203' title='bbox 1065 1194 1168 1224; x_wconf 90' lang='lat' dir='ltr'>hostia</span> <span class='ocrx_word' id='word_1_204' title='bbox 1184 1199 1368 1223; x_wconf 86' lang='lat' dir='ltr'>consecrata</span> <span class='ocrx_word' id='word_1_205' title='bbox 1384 1203 1401 1223; x_wconf 89' lang='lat' dir='ltr'>a</span> <span class='ocrx_word' id='word_1_206' title='bbox 1418 1193 1509 1223; x_wconf 84' lang='lat' dir='ltr'>Chri-</span> 
     </span>
     <span class='ocr_line' id='line_1_38' title="bbox 447 1238 1511 1277; baseline -0.004 -6"><span class='ocrx_word' id='word_1_207' title='bbox 447 1246 496 1271; x_wconf 89' lang='lat' dir='ltr'>sto</span> <span class='ocrx_word' id='word_1_208' title='bbox 527 1241 560 1270; x_wconf 93' lang='lat' dir='ltr'>in</span> <span class='ocrx_word' id='word_1_209' title='bbox 584 1239 674 1270; x_wconf 88' lang='lat' dir='ltr'>Cena</span> <span class='ocrx_word' id='word_1_210' title='bbox 700 1239 810 1269; x_wconf 83' lang='lat' dir='ltr'>fuisset</span> <span class='ocrx_word' id='word_1_211' title='bbox 840 1238 945 1268; x_wconf 90' lang='lat' dir='ltr'>triduo</span> <span class='ocrx_word' id='word_1_212' title='bbox 977 1238 1088 1268; x_wconf 90' lang='lat' dir='ltr'>mortis</span> <span class='ocrx_word' id='word_1_213' title='bbox 1119 1243 1256 1273; x_wconf 89' lang='lat' dir='ltr'>servata,</span> <span class='ocrx_word' id='word_1_214' title='bbox 1288 1238 1511 1277; x_wconf 84' lang='lat' dir='ltr'>permansisset</span> 
     </span>
     <span class='ocr_line' id='line_1_39' title="bbox 447 1281 1511 1324; baseline -0.004 -9"><span class='ocrx_word' id='word_1_215' title='bbox 447 1284 558 1315; x_wconf 91' lang='lat' dir='ltr'>eadem</span> <span class='ocrx_word' id='word_1_216' title='bbox 581 1294 630 1314; x_wconf 88' lang='lat' dir='ltr'>res</span> <span class='ocrx_word' id='word_1_217' title='bbox 653 1284 758 1324; x_wconf 92' lang='lat' dir='ltr'>primo</span> <span class='ocrx_word' id='word_1_218' title='bbox 784 1288 934 1313; x_wconf 90' lang='lat' dir='ltr'>contenta</span> <span class='ocrx_word' id='word_1_219' title='bbox 957 1283 1016 1312; x_wconf 92' lang='lat' dir='ltr'>sub</span> <span class='ocrx_word' id='word_1_220' title='bbox 1039 1282 1152 1312; x_wconf 86' lang='lat' dir='ltr'>hostia.</span> <span class='ocrx_word' id='word_1_221' title='bbox 1177 1281 1263 1321; x_wconf 87' lang='lat' dir='ltr'>Ergo</span> <span class='ocrx_word' id='word_1_222' title='bbox 1287 1282 1511 1321; x_wconf 86' lang='lat' dir='ltr'>permansisset</span> 
     </span>
     <span class='ocr_line' id='line_1_40' title="bbox 448 1325 1510 1367; baseline -0.004 -8"><span class='ocrx_word' id='word_1_223' title='bbox 448 1329 559 1359; x_wconf 86' lang='lat' dir='ltr'>eadem</span> <span class='ocrx_word' id='word_1_224' title='bbox 592 1328 695 1358; x_wconf 86' lang='lat' dir='ltr'>forma</span> <span class='ocrx_word' id='word_1_225' title='bbox 727 1328 870 1367; x_wconf 87' lang='lat' dir='ltr'>corporis</span> <span class='ocrx_word' id='word_1_226' title='bbox 900 1326 1018 1357; x_wconf 89' lang='lat' dir='ltr'>Christi</span> <span class='ocrx_word' id='word_1_227' title='bbox 1048 1326 1245 1356; x_wconf 90' lang='lat' dir='ltr'>constituens</span> <span class='ocrx_word' id='word_1_228' title='bbox 1276 1325 1355 1356; x_wconf 91' lang='lat' dir='ltr'>illud</span> <span class='ocrx_word' id='word_1_229' title='bbox 1382 1335 1510 1365; x_wconf 93' lang='lat' dir='ltr'>corpus.</span> 
     </span>
     <span class='ocr_line' id='line_1_41' title="bbox 448 1369 1511 1411; baseline -0.003 -8"><span class='ocrx_word' id='word_1_230' title='bbox 448 1373 510 1404; x_wconf 90' lang='lat' dir='ltr'>Sed</span> <span class='ocrx_word' id='word_1_231' title='bbox 534 1373 639 1402; x_wconf 85' lang='lat' dir='ltr'>anima</span> <span class='ocrx_word' id='word_1_232' title='bbox 663 1372 779 1402; x_wconf 90' lang='lat' dir='ltr'>Christi</span> <span class='ocrx_word' id='word_1_233' title='bbox 802 1381 870 1401; x_wconf 91' lang='lat' dir='ltr'>non</span> <span class='ocrx_word' id='word_1_234' title='bbox 893 1371 1068 1411; x_wconf 89' lang='lat' dir='ltr'>permansit</span> <span class='ocrx_word' id='word_1_235' title='bbox 1090 1371 1123 1400; x_wconf 90' lang='lat' dir='ltr'>in</span> <span class='ocrx_word' id='word_1_236' title='bbox 1147 1369 1373 1400; x_wconf 90' lang='lat' dir='ltr'>constituendo</span> <span class='ocrx_word' id='word_1_237' title='bbox 1393 1379 1511 1410; x_wconf 91' lang='lat' dir='ltr'>corpus</span> 
     </span>
     <span class='ocr_line' id='line_1_42' title="bbox 446 1414 1512 1456; baseline -0.003 -9"><span class='ocrx_word' id='word_1_238' title='bbox 446 1417 544 1447; x_wconf 91' lang='lat' dir='ltr'>illud:</span> <span class='ocrx_word' id='word_1_239' title='bbox 574 1417 649 1456; x_wconf 89' lang='lat' dir='ltr'>quia</span> <span class='ocrx_word' id='word_1_240' title='bbox 672 1416 732 1446; x_wconf 89' lang='lat' dir='ltr'>fuit</span> <span class='ocrx_word' id='word_1_241' title='bbox 755 1421 895 1456; x_wconf 89' lang='lat' dir='ltr'>separata</span> <span class='ocrx_word' id='word_1_242' title='bbox 919 1425 937 1445; x_wconf 90' lang='lat' dir='ltr'>a</span> <span class='ocrx_word' id='word_1_243' title='bbox 960 1424 1106 1455; x_wconf 91' lang='lat' dir='ltr'>corpore.</span> <span class='ocrx_word' id='word_1_244' title='bbox 1142 1415 1227 1454; x_wconf 86' lang='lat' dir='ltr'>Ergo</span> <span class='ocrx_word' id='word_1_245' title='bbox 1253 1414 1421 1444; x_wconf 88' lang='lat' dir='ltr'>conversio</span> <span class='ocrx_word' id='word_1_246' title='bbox 1444 1424 1512 1444; x_wconf 90' lang='lat' dir='ltr'>non</span> 
     </span>
     <span class='ocr_line' id='line_1_43' title="bbox 448 1458 1512 1498; baseline -0.003 -7"><span class='ocrx_word' id='word_1_247' title='bbox 448 1461 508 1492; x_wconf 84' lang='lat' dir='ltr'>fuit</span> <span class='ocrx_word' id='word_1_248' title='bbox 523 1461 604 1491; x_wconf 89' lang='lat' dir='ltr'>facta</span> <span class='ocrx_word' id='word_1_249' title='bbox 620 1461 653 1490; x_wconf 93' lang='lat' dir='ltr'>in</span> <span class='ocrx_word' id='word_1_250' title='bbox 670 1461 808 1490; x_wconf 89' lang='lat' dir='ltr'>animam</span> <span class='ocrx_word' id='word_1_251' title='bbox 825 1459 951 1490; x_wconf 92' lang='lat' dir='ltr'>Christi.</span> <span class='ocrx_word' id='word_1_252' title='bbox 968 1478 991 1481; x_wconf 86' lang='lat'>—</span> <span class='ocrx_word' id='word_1_253' title='bbox 1007 1459 1125 1490; x_wconf 88' lang='lat' dir='ltr'>Omnia</span> <span class='ocrx_word' id='word_1_254' title='bbox 1148 1464 1221 1489; x_wconf 90' lang='lat' dir='ltr'>sunt</span> <span class='ocrx_word' id='word_1_255' title='bbox 1238 1458 1329 1489; x_wconf 91' lang='lat' dir='ltr'>clara.</span> <span class='ocrx_word' id='word_1_256' title='bbox 1354 1458 1394 1488; x_wconf 92' lang='lat' dir='ltr'>Et</span> <span class='ocrx_word' id='word_1_257' title='bbox 1409 1459 1512 1498; x_wconf 90' lang='lat' dir='ltr'>prima</span> 
     </span>
     <span class='ocr_line' id='line_1_44' title="bbox 449 1503 1513 1545; baseline -0.002 -10"><span class='ocrx_word' id='word_1_258' title='bbox 449 1506 678 1545; x_wconf 87' lang='lat' dir='ltr'>consequentia</span> <span class='ocrx_word' id='word_1_259' title='bbox 708 1510 796 1544; x_wconf 89' lang='lat' dir='ltr'>patet</span> <span class='ocrx_word' id='word_1_260' title='bbox 827 1513 864 1534; x_wconf 91' lang='lat' dir='ltr'>ex</span> <span class='ocrx_word' id='word_1_261' title='bbox 889 1513 928 1534; x_wconf 92' lang='lat' dir='ltr'>eo</span> <span class='ocrx_word' id='word_1_262' title='bbox 960 1503 1049 1543; x_wconf 93' lang='lat' dir='ltr'>quod</span> <span class='ocrx_word' id='word_1_263' title='bbox 1072 1513 1120 1534; x_wconf 91' lang='lat' dir='ltr'>res</span> <span class='ocrx_word' id='word_1_264' title='bbox 1151 1504 1256 1543; x_wconf 91' lang='lat' dir='ltr'>primo</span> <span class='ocrx_word' id='word_1_265' title='bbox 1285 1508 1435 1533; x_wconf 89' lang='lat' dir='ltr'>contenta</span> <span class='ocrx_word' id='word_1_266' title='bbox 1467 1508 1513 1533; x_wconf 87' lang='lat' dir='ltr'>est</span> 
     </span>
     <span class='ocr_line' id='line_1_45' title="bbox 450 1549 718 1589; baseline -0.004 -9"><span class='ocrx_word' id='word_1_267' title='bbox 450 1559 567 1589; x_wconf 89' lang='lat' dir='ltr'>corpus</span> <span class='ocrx_word' id='word_1_268' title='bbox 591 1549 718 1580; x_wconf 84' lang='lat' dir='ltr'>Christi.</span> 
     </span>
    </p>

    <p class='ocr_par' dir='ltr' id='par_1_16' title="bbox 449 1591 1515 1846">
     <span class='ocr_line' id='line_1_46' title="bbox 504 1591 1513 1628; baseline -0.004 -4"><span class='ocrx_word' id='word_1_269' title='bbox 504 1594 668 1624; x_wconf 90' lang='lat' dir='ltr'>Praeterea</span> <span class='ocrx_word' id='word_1_270' title='bbox 683 1594 710 1628; x_wconf 51' lang='grc' dir='ltr'>’ἢ</span> <span class='ocrx_word' id='word_1_271' title='bbox 735 1593 902 1623; x_wconf 87' lang='lat' dir='ltr'>conversio</span> <span class='ocrx_word' id='word_1_272' title='bbox 927 1592 1019 1622; x_wconf 86' lang='lat' dir='ltr'>realis</span> <span class='ocrx_word' id='word_1_273' title='bbox 1040 1591 1134 1622; x_wconf 90' lang='lat' dir='ltr'>debet</span> <span class='ocrx_word' id='word_1_274' title='bbox 1157 1591 1226 1622; x_wconf 87' lang='lat' dir='ltr'>fieri</span> <span class='ocrx_word' id='word_1_275' title='bbox 1248 1592 1281 1621; x_wconf 92' lang='lat' dir='ltr'>in</span> <span class='ocrx_word' id='word_1_276' title='bbox 1305 1600 1373 1621; x_wconf 91' lang='lat' dir='ltr'>rem</span> <span class='ocrx_word' id='word_1_277' title='bbox 1395 1591 1513 1621; x_wconf 90' lang='lat' dir='ltr'>realem</span> 
     </span>
     <span class='ocr_line' id='line_1_47' title="bbox 449 1636 1512 1675; baseline -0.003 -7"><span class='ocrx_word' id='word_1_278' title='bbox 449 1644 486 1668; x_wconf 94' lang='lat' dir='ltr'>ut</span> <span class='ocrx_word' id='word_1_279' title='bbox 501 1639 628 1668; x_wconf 90' lang='lat' dir='ltr'>realem.</span> <span class='ocrx_word' id='word_1_280' title='bbox 654 1637 716 1668; x_wconf 91' lang='lat' dir='ltr'>Sed</span> <span class='ocrx_word' id='word_1_281' title='bbox 739 1638 845 1667; x_wconf 82' lang='lat' dir='ltr'>anima</span> <span class='ocrx_word' id='word_1_282' title='bbox 867 1637 1060 1667; x_wconf 88' lang='lat' dir='ltr'>intellectiva</span> <span class='ocrx_word' id='word_1_283' title='bbox 1083 1642 1118 1667; x_wconf 89' lang='lat' dir='ltr'>ut</span> <span class='ocrx_word' id='word_1_284' title='bbox 1141 1636 1194 1667; x_wconf 89' lang='lat' dir='ltr'>dat</span> <span class='ocrx_word' id='word_1_285' title='bbox 1217 1645 1284 1666; x_wconf 87' lang='lat' dir='ltr'>esse</span> <span class='ocrx_word' id='word_1_286' title='bbox 1308 1645 1512 1675; x_wconf 88' lang='lat' dir='ltr'>corporeum,</span> 
     </span>
     <span class='ocr_line' id='line_1_48' title="bbox 451 1679 1515 1722; baseline -0.004 -9"><span class='ocrx_word' id='word_1_287' title='bbox 451 1681 676 1722; x_wconf 86' lang='lat' dir='ltr'>distinguendo</span> <span class='ocrx_word' id='word_1_288' title='bbox 701 1687 811 1712; x_wconf 89' lang='lat' dir='ltr'>contra</span> <span class='ocrx_word' id='word_1_289' title='bbox 835 1691 902 1711; x_wconf 89' lang='lat' dir='ltr'>esse</span> <span class='ocrx_word' id='word_1_290' title='bbox 926 1681 1112 1716; x_wconf 89' lang='lat' dir='ltr'>animatum,</span> <span class='ocrx_word' id='word_1_291' title='bbox 1136 1690 1204 1711; x_wconf 92' lang='lat' dir='ltr'>non</span> <span class='ocrx_word' id='word_1_292' title='bbox 1221 1686 1267 1710; x_wconf 91' lang='lat' dir='ltr'>est</span> <span class='ocrx_word' id='word_1_293' title='bbox 1286 1679 1364 1720; x_wconf 88' lang='lat' dir='ltr'>quid</span> <span class='ocrx_word' id='word_1_294' title='bbox 1379 1680 1463 1710; x_wconf 89' lang='lat' dir='ltr'>reale</span> <span class='ocrx_word' id='word_1_295' title='bbox 1478 1685 1515 1709; x_wconf 92' lang='lat' dir='ltr'>ut</span> 
     </span>
     <span class='ocr_line' id='line_1_49' title="bbox 451 1723 1514 1766; baseline -0.003 -9"><span class='ocrx_word' id='word_1_296' title='bbox 451 1727 544 1762; x_wconf 86' lang='lat' dir='ltr'>reale,</span> <span class='ocrx_word' id='word_1_297' title='bbox 568 1726 623 1757; x_wconf 87' lang='lat' dir='ltr'>sed</span> <span class='ocrx_word' id='word_1_298' title='bbox 646 1727 754 1766; x_wconf 90' lang='lat' dir='ltr'>potius</span> <span class='ocrx_word' id='word_1_299' title='bbox 777 1731 813 1756; x_wconf 91' lang='lat' dir='ltr'>ut</span> <span class='ocrx_word' id='word_1_300' title='bbox 828 1726 926 1755; x_wconf 86' lang='lat' dir='ltr'>ratio:</span> <span class='ocrx_word' id='word_1_301' title='bbox 951 1725 1033 1755; x_wconf 88' lang='lat' dir='ltr'>sicut</span> <span class='ocrx_word' id='word_1_302' title='bbox 1049 1734 1224 1755; x_wconf 90' lang='lat' dir='ltr'>commune</span> <span class='ocrx_word' id='word_1_303' title='bbox 1247 1734 1315 1755; x_wconf 91' lang='lat' dir='ltr'>non</span> <span class='ocrx_word' id='word_1_304' title='bbox 1331 1730 1378 1754; x_wconf 88' lang='lat' dir='ltr'>est</span> <span class='ocrx_word' id='word_1_305' title='bbox 1394 1723 1514 1764; x_wconf 92' lang='lat' dir='ltr'>aliquid</span> 
     </span>
     <span class='ocr_line' id='line_1_50' title="bbox 451 1768 1514 1811; baseline -0.003 -10"><span class='ocrx_word' id='word_1_306' title='bbox 451 1777 574 1811; x_wconf 90' lang='lat' dir='ltr'>praeter</span> <span class='ocrx_word' id='word_1_307' title='bbox 597 1770 775 1810; x_wconf 88' lang='lat' dir='ltr'>singularia.</span> <span class='ocrx_word' id='word_1_308' title='bbox 799 1770 884 1810; x_wconf 86' lang='lat' dir='ltr'>Ergo</span> <span class='ocrx_word' id='word_1_309' title='bbox 908 1770 965 1800; x_wconf 90' lang='lat' dir='ltr'>ista</span> <span class='ocrx_word' id='word_1_310' title='bbox 989 1769 1156 1800; x_wconf 88' lang='lat' dir='ltr'>conversio</span> <span class='ocrx_word' id='word_1_311' title='bbox 1180 1778 1247 1799; x_wconf 92' lang='lat' dir='ltr'>non</span> <span class='ocrx_word' id='word_1_312' title='bbox 1264 1774 1311 1799; x_wconf 91' lang='lat' dir='ltr'>est</span> <span class='ocrx_word' id='word_1_313' title='bbox 1326 1769 1359 1798; x_wconf 93' lang='lat' dir='ltr'>in</span> <span class='ocrx_word' id='word_1_314' title='bbox 1375 1768 1514 1798; x_wconf 88' lang='lat' dir='ltr'>animam</span> 
     </span>
     <span class='ocr_line' id='line_1_51' title="bbox 453 1815 884 1846; baseline -0.005 0"><span class='ocrx_word' id='word_1_315' title='bbox 453 1815 570 1846; x_wconf 89' lang='lat' dir='ltr'>Christi</span> <span class='ocrx_word' id='word_1_316' title='bbox 593 1815 652 1845; x_wconf 87' lang='lat' dir='ltr'>sub</span> <span class='ocrx_word' id='word_1_317' title='bbox 675 1815 729 1844; x_wconf 88' lang='lat' dir='ltr'>tali</span> <span class='ocrx_word' id='word_1_318' title='bbox 752 1815 884 1844; x_wconf 89' lang='lat' dir='ltr'>ratione.</span> 
     </span>
    </p>

    <p class='ocr_par' dir='ltr' id='par_1_17' title="bbox 451 1857 1517 2428">
     <span class='ocr_line' id='line_1_52' title="bbox 507 1857 1514 1898; baseline -0.003 -9"><span class='ocrx_word' id='word_1_319' title='bbox 507 1859 558 1889; x_wconf 92' lang='lat'>111.</span> <span class='ocrx_word' id='word_1_320' title='bbox 582 1858 634 1890; x_wconf 89' lang='lat' dir='ltr'>Ad</span> <span class='ocrx_word' id='word_1_321' title='bbox 655 1859 720 1889; x_wconf 91' lang='lat' dir='ltr'>hoc</span> <span class='ocrx_word' id='word_1_322' title='bbox 743 1858 857 1889; x_wconf 89' lang='lat' dir='ltr'>dicitur</span> <span class='ocrx_word' id='word_1_323' title='bbox 881 1857 986 1898; x_wconf 92' lang='lat' dir='ltr'>quod,</span> <span class='ocrx_word' id='word_1_324' title='bbox 1021 1858 1096 1898; x_wconf 90' lang='lat' dir='ltr'>quia</span> <span class='ocrx_word' id='word_1_325' title='bbox 1123 1866 1240 1897; x_wconf 90' lang='lat' dir='ltr'>corpus</span> <span class='ocrx_word' id='word_1_326' title='bbox 1265 1857 1382 1887; x_wconf 84' lang='lat' dir='ltr'>Christi</span> <span class='ocrx_word' id='word_1_327' title='bbox 1411 1865 1514 1886; x_wconf 90' lang='lat' dir='ltr'>unum</span> 
     </span>
     <span class='ocr_line' id='line_1_53' title="bbox 452 1900 1515 1943; baseline -0.004 -9"><span class='ocrx_word' id='word_1_328' title='bbox 452 1909 484 1934; x_wconf 92' lang='lat' dir='ltr'>et</span> <span class='ocrx_word' id='word_1_329' title='bbox 505 1903 592 1934; x_wconf 90' lang='lat' dir='ltr'>idem</span> <span class='ocrx_word' id='word_1_330' title='bbox 615 1909 662 1934; x_wconf 92' lang='lat' dir='ltr'>est</span> <span class='ocrx_word' id='word_1_331' title='bbox 685 1903 775 1943; x_wconf 92' lang='lat' dir='ltr'>quod</span> <span class='ocrx_word' id='word_1_332' title='bbox 798 1903 980 1933; x_wconf 88' lang='lat' dir='ltr'>continetur</span> <span class='ocrx_word' id='word_1_333' title='bbox 1003 1902 1062 1932; x_wconf 87' lang='lat' dir='ltr'>sub</span> <span class='ocrx_word' id='word_1_334' title='bbox 1085 1902 1205 1937; x_wconf 89' lang='lat' dir='ltr'>hostia,</span> <span class='ocrx_word' id='word_1_335' title='bbox 1230 1906 1261 1931; x_wconf 92' lang='lat' dir='ltr'>et</span> <span class='ocrx_word' id='word_1_336' title='bbox 1284 1900 1374 1941; x_wconf 92' lang='lat' dir='ltr'>quod</span> <span class='ocrx_word' id='word_1_337' title='bbox 1397 1906 1444 1930; x_wconf 90' lang='lat' dir='ltr'>est</span> <span class='ocrx_word' id='word_1_338' title='bbox 1467 1910 1515 1930; x_wconf 91' lang='lat' dir='ltr'>se-</span> 
     </span>
     <span class='ocr_line' id='line_1_54' title="bbox 452 1945 1515 1984; baseline -0.004 -6"><span class='ocrx_word' id='word_1_339' title='bbox 452 1947 595 1978; x_wconf 90' lang='lat' dir='ltr'>cundum</span> <span class='ocrx_word' id='word_1_340' title='bbox 626 1957 675 1983; x_wconf 89' lang='lat' dir='ltr'>se,</span> <span class='ocrx_word' id='word_1_341' title='bbox 707 1946 818 1977; x_wconf 88' lang='lat' dir='ltr'>eadem</span> <span class='ocrx_word' id='word_1_342' title='bbox 849 1952 895 1977; x_wconf 90' lang='lat' dir='ltr'>est</span> <span class='ocrx_word' id='word_1_343' title='bbox 925 1947 1081 1976; x_wconf 87' lang='lat' dir='ltr'>sententia</span> <span class='ocrx_word' id='word_1_344' title='bbox 1112 1946 1151 1976; x_wconf 87' lang='lat' dir='ltr'>de</span> <span class='ocrx_word' id='word_1_345' title='bbox 1179 1945 1342 1976; x_wconf 87' lang='lat' dir='ltr'>identitate</span> <span class='ocrx_word' id='word_1_346' title='bbox 1371 1945 1515 1984; x_wconf 90' lang='lat' dir='ltr'>corporis</span> 
     </span>
     <span class='ocr_line' id='line_1_55' title="bbox 453 1989 1516 2026; baseline -0.003 -4"><span class='ocrx_word' id='word_1_347' title='bbox 453 1991 570 2023; x_wconf 88' lang='lat' dir='ltr'>Christi</span> <span class='ocrx_word' id='word_1_348' title='bbox 599 1992 632 2021; x_wconf 91' lang='lat' dir='ltr'>in</span> <span class='ocrx_word' id='word_1_349' title='bbox 662 2000 769 2021; x_wconf 90' lang='lat' dir='ltr'>rerum</span> <span class='ocrx_word' id='word_1_350' title='bbox 799 1995 929 2026; x_wconf 87' lang='lat' dir='ltr'>natura,</span> <span class='ocrx_word' id='word_1_351' title='bbox 961 1995 992 2020; x_wconf 91' lang='lat' dir='ltr'>et</span> <span class='ocrx_word' id='word_1_352' title='bbox 1022 1991 1054 2020; x_wconf 93' lang='lat' dir='ltr'>in</span> <span class='ocrx_word' id='word_1_353' title='bbox 1085 1995 1300 2020; x_wconf 88' lang='lat' dir='ltr'>sacramento:</span> <span class='ocrx_word' id='word_1_354' title='bbox 1330 1998 1399 2019; x_wconf 92' lang='lat' dir='ltr'>non</span> <span class='ocrx_word' id='word_1_355' title='bbox 1429 1989 1516 2025; x_wconf 85' lang='lat' dir='ltr'>enirn</span> 
     </span>
     <span class='ocr_line' id='line_1_56' title="bbox 452 2032 1516 2076; baseline -0.003 -10"><span class='ocrx_word' id='word_1_356' title='bbox 452 2040 581 2076; x_wconf 89' lang='lat' dir='ltr'>oportet</span> <span class='ocrx_word' id='word_1_357' title='bbox 607 2035 707 2075; x_wconf 89' lang='lat' dir='ltr'>magis</span> <span class='ocrx_word' id='word_1_358' title='bbox 730 2044 853 2065; x_wconf 89' lang='lat' dir='ltr'>servare</span> <span class='ocrx_word' id='word_1_359' title='bbox 883 2034 1081 2065; x_wconf 90' lang='lat' dir='ltr'>identitatem</span> <span class='ocrx_word' id='word_1_360' title='bbox 1104 2034 1247 2074; x_wconf 90' lang='lat' dir='ltr'>corporis</span> <span class='ocrx_word' id='word_1_361' title='bbox 1271 2032 1388 2064; x_wconf 87' lang='lat' dir='ltr'>Christi</span> <span class='ocrx_word' id='word_1_362' title='bbox 1410 2034 1444 2063; x_wconf 94' lang='lat' dir='ltr'>in</span> <span class='ocrx_word' id='word_1_363' title='bbox 1467 2043 1516 2063; x_wconf 86' lang='lat' dir='ltr'>sa-</span> 
     </span>
     <span class='ocr_line' id='line_1_57' title="bbox 452 2076 1516 2119; baseline -0.003 -9"><span class='ocrx_word' id='word_1_364' title='bbox 452 2085 615 2110; x_wconf 89' lang='lat' dir='ltr'>cramento</span> <span class='ocrx_word' id='word_1_365' title='bbox 640 2088 737 2119; x_wconf 91' lang='lat' dir='ltr'>quam</span> <span class='ocrx_word' id='word_1_366' title='bbox 760 2079 793 2109; x_wconf 93' lang='lat' dir='ltr'>in</span> <span class='ocrx_word' id='word_1_367' title='bbox 816 2088 922 2109; x_wconf 91' lang='lat' dir='ltr'>rerum</span> <span class='ocrx_word' id='word_1_368' title='bbox 946 2084 1066 2109; x_wconf 87' lang='lat' dir='ltr'>natura.</span> <span class='ocrx_word' id='word_1_369' title='bbox 1091 2078 1132 2108; x_wconf 90' lang='lat' dir='ltr'>Et</span> <span class='ocrx_word' id='word_1_370' title='bbox 1155 2083 1324 2118; x_wconf 90' lang='lat' dir='ltr'>propterea</span> <span class='ocrx_word' id='word_1_371' title='bbox 1347 2076 1461 2107; x_wconf 89' lang='lat' dir='ltr'>dicitur</span> <span class='ocrx_word' id='word_1_372' title='bbox 1476 2077 1516 2107; x_wconf 92' lang='lat' dir='ltr'>ad</span> 
     </span>
     <span class='ocr_line' id='line_1_58' title="bbox 452 2121 1517 2164; baseline -0.004 -9"><span class='ocrx_word' id='word_1_373' title='bbox 452 2129 647 2164; x_wconf 88' lang='lat' dir='ltr'>assumptam</span> <span class='ocrx_word' id='word_1_374' title='bbox 663 2122 914 2154; x_wconf 88' lang='lat' dir='ltr'>conditionalem</span> <span class='ocrx_word' id='word_1_375' title='bbox 937 2122 1027 2163; x_wconf 91' lang='lat' dir='ltr'>quod</span> <span class='ocrx_word' id='word_1_376' title='bbox 1050 2131 1099 2152; x_wconf 89' lang='lat' dir='ltr'>res</span> <span class='ocrx_word' id='word_1_377' title='bbox 1118 2122 1223 2162; x_wconf 89' lang='lat' dir='ltr'>primo</span> <span class='ocrx_word' id='word_1_378' title='bbox 1240 2127 1391 2152; x_wconf 87' lang='lat' dir='ltr'>contenta</span> <span class='ocrx_word' id='word_1_379' title='bbox 1406 2121 1517 2152; x_wconf 86' lang='lat' dir='ltr'>fuisset</span> 
     </span>
     <span class='ocr_line' id='line_1_59' title="bbox 452 2166 1517 2208; baseline -0.003 -9"><span class='ocrx_word' id='word_1_380' title='bbox 452 2169 485 2199; x_wconf 91' lang='lat' dir='ltr'>in</span> <span class='ocrx_word' id='word_1_381' title='bbox 508 2169 564 2199; x_wconf 90' lang='lat' dir='ltr'>illo</span> <span class='ocrx_word' id='word_1_382' title='bbox 587 2167 694 2198; x_wconf 90' lang='lat' dir='ltr'>triduo</span> <span class='ocrx_word' id='word_1_383' title='bbox 726 2167 837 2198; x_wconf 92' lang='lat' dir='ltr'>eadem</span> <span class='ocrx_word' id='word_1_384' title='bbox 867 2167 982 2208; x_wconf 90' lang='lat' dir='ltr'>triplici</span> <span class='ocrx_word' id='word_1_385' title='bbox 1012 2166 1175 2197; x_wconf 89' lang='lat' dir='ltr'>identitate</span> <span class='ocrx_word' id='word_1_386' title='bbox 1198 2166 1372 2202; x_wconf 88' lang='lat' dir='ltr'>numerali,</span> <span class='ocrx_word' id='word_1_387' title='bbox 1397 2166 1517 2196; x_wconf 87' lang='lat' dir='ltr'>scilicet</span> 
     </span>
     <span class='ocr_line' id='line_1_60' title="bbox 451 2209 1517 2254; baseline -0.003 -11"><span class='ocrx_word' id='word_1_388' title='bbox 451 2213 641 2254; x_wconf 86' lang='lat' dir='ltr'>hypostasis,</span> <span class='ocrx_word' id='word_1_389' title='bbox 667 2221 734 2242; x_wconf 88' lang='lat' dir='ltr'>esse</span> <span class='ocrx_word' id='word_1_390' title='bbox 757 2212 887 2242; x_wconf 90' lang='lat' dir='ltr'>actualis</span> <span class='ocrx_word' id='word_1_391' title='bbox 911 2211 1105 2247; x_wconf 83' lang='lat' dir='ltr'>existentiae,</span> <span class='ocrx_word' id='word_1_392' title='bbox 1123 2216 1154 2241; x_wconf 93' lang='lat' dir='ltr'>et</span> <span class='ocrx_word' id='word_1_393' title='bbox 1169 2211 1328 2246; x_wconf 90' lang='lat' dir='ltr'>materiae,</span> <span class='ocrx_word' id='word_1_394' title='bbox 1354 2215 1389 2245; x_wconf 57' lang='lat' dir='ltr'>et,</span> <span class='ocrx_word' id='word_1_395' title='bbox 1406 2209 1517 2241; x_wconf 88' lang='lat' dir='ltr'>fuisset</span> 
     </span>
     <span class='ocr_line' id='line_1_61' title="bbox 451 2253 1516 2294; baseline -0.003 -7"><span class='ocrx_word' id='word_1_396' title='bbox 451 2266 520 2287; x_wconf 92' lang='lat' dir='ltr'>non</span> <span class='ocrx_word' id='word_1_397' title='bbox 539 2256 651 2287; x_wconf 91' lang='lat' dir='ltr'>eadem</span> <span class='ocrx_word' id='word_1_398' title='bbox 675 2256 861 2286; x_wconf 89' lang='lat' dir='ltr'>formaliter:</span> <span class='ocrx_word' id='word_1_399' title='bbox 887 2256 968 2286; x_wconf 92' lang='lat' dir='ltr'>sicut</span> <span class='ocrx_word' id='word_1_400' title='bbox 983 2256 1016 2285; x_wconf 94' lang='lat' dir='ltr'>in</span> <span class='ocrx_word' id='word_1_401' title='bbox 1033 2265 1139 2286; x_wconf 89' lang='lat' dir='ltr'>rerum</span> <span class='ocrx_word' id='word_1_402' title='bbox 1155 2260 1267 2285; x_wconf 88' lang='lat' dir='ltr'>natura</span> <span class='ocrx_word' id='word_1_403' title='bbox 1290 2264 1407 2294; x_wconf 93' lang='lat' dir='ltr'>corpus</span> <span class='ocrx_word' id='word_1_404' title='bbox 1423 2253 1516 2284; x_wconf 90' lang='lat' dir='ltr'>Chri-</span> 
     </span>
     <span class='ocr_line' id='line_1_62' title="bbox 453 2299 1517 2340; baseline -0.003 -9"><span class='ocrx_word' id='word_1_405' title='bbox 453 2301 492 2331; x_wconf 90' lang='lat' dir='ltr'>sti</span> <span class='ocrx_word' id='word_1_406' title='bbox 514 2301 547 2331; x_wconf 92' lang='lat' dir='ltr'>in</span> <span class='ocrx_word' id='word_1_407' title='bbox 571 2301 627 2331; x_wconf 93' lang='lat' dir='ltr'>illo</span> <span class='ocrx_word' id='word_1_408' title='bbox 650 2300 756 2331; x_wconf 91' lang='lat' dir='ltr'>triduo</span> <span class='ocrx_word' id='word_1_409' title='bbox 788 2306 853 2330; x_wconf 92' lang='lat' dir='ltr'>erat</span> <span class='ocrx_word' id='word_1_410' title='bbox 875 2299 961 2330; x_wconf 91' lang='lat' dir='ltr'>idem</span> <span class='ocrx_word' id='word_1_411' title='bbox 984 2309 1120 2330; x_wconf 90' lang='lat' dir='ltr'>numero</span> <span class='ocrx_word' id='word_1_412' title='bbox 1145 2299 1325 2340; x_wconf 89' lang='lat' dir='ltr'>hypostasi,</span> <span class='ocrx_word' id='word_1_413' title='bbox 1353 2299 1517 2329; x_wconf 87' lang='lat' dir='ltr'>existentia</span> 
     </span>
     <span class='ocr_line' id='line_1_63' title="bbox 454 2343 1517 2384; baseline -0.002 -9"><span class='ocrx_word' id='word_1_414' title='bbox 454 2351 485 2376; x_wconf 93' lang='lat' dir='ltr'>et</span> <span class='ocrx_word' id='word_1_415' title='bbox 500 2346 640 2381; x_wconf 89' lang='lat' dir='ltr'>materia,</span> <span class='ocrx_word' id='word_1_416' title='bbox 652 2354 720 2375; x_wconf 93' lang='lat' dir='ltr'>non</span> <span class='ocrx_word' id='word_1_417' title='bbox 739 2350 847 2375; x_wconf 88' lang='lat' dir='ltr'>autem</span> <span class='ocrx_word' id='word_1_418' title='bbox 862 2344 966 2375; x_wconf 90' lang='lat' dir='ltr'>forma</span> <span class='ocrx_word' id='word_1_419' title='bbox 981 2345 1008 2380; x_wconf 50' lang='grc' dir='ltr'><strong>ἦ</strong></span> <span class='ocrx_word' id='word_1_420' title='bbox 1025 2345 1101 2384; x_wconf 91' lang='lat' dir='ltr'>quia</span> <span class='ocrx_word' id='word_1_421' title='bbox 1116 2343 1219 2374; x_wconf 88' lang='lat' dir='ltr'>forma</span> <span class='ocrx_word' id='word_1_422' title='bbox 1235 2343 1394 2374; x_wconf 79' lang='lat' dir='ltr'>cadaveris</span> <span class='ocrx_word' id='word_1_423' title='bbox 1410 2343 1517 2383; x_wconf 86' lang='lat' dir='ltr'>genita</span> 
     </span>
     <span class='ocr_line' id='line_1_64' title="bbox 453 2388 1295 2428; baseline -0.001 -9"><span class='ocrx_word' id='word_1_424' title='bbox 453 2390 487 2420; x_wconf 86' lang='lat' dir='ltr'>in</span> <span class='ocrx_word' id='word_1_425' title='bbox 509 2395 613 2419; x_wconf 90' lang='lat' dir='ltr'>morte</span> <span class='ocrx_word' id='word_1_426' title='bbox 637 2389 756 2419; x_wconf 86' lang='lat' dir='ltr'>Christi</span> <span class='ocrx_word' id='word_1_427' title='bbox 783 2388 876 2419; x_wconf 90' lang='lat' dir='ltr'>dabat</span> <span class='ocrx_word' id='word_1_428' title='bbox 898 2394 975 2419; x_wconf 89' lang='lat' dir='ltr'>tunc</span> <span class='ocrx_word' id='word_1_429' title='bbox 999 2398 1067 2419; x_wconf 88' lang='lat' dir='ltr'>esse</span> <span class='ocrx_word' id='word_1_430' title='bbox 1091 2397 1295 2428; x_wconf 90' lang='lat' dir='ltr'>corporeum.</span> 
     </span>
    </p>

    <p class='ocr_par' dir='ltr' id='par_1_18' title="bbox 455 2433 1519 2517">
     <span class='ocr_line' id='line_1_65' title="bbox 509 2433 1518 2473; baseline -0.001 -10"><span class='ocrx_word' id='word_1_431' title='bbox 509 2434 550 2464; x_wconf 92' lang='lat' dir='ltr'>Et</span> <span class='ocrx_word' id='word_1_432' title='bbox 573 2434 636 2463; x_wconf 92' lang='lat' dir='ltr'>hoc</span> <span class='ocrx_word' id='word_1_433' title='bbox 659 2438 706 2463; x_wconf 93' lang='lat' dir='ltr'>est</span> <span class='ocrx_word' id='word_1_434' title='bbox 728 2433 952 2473; x_wconf 85' lang='lat' dir='ltr'>philosophiae</span> <span class='ocrx_word' id='word_1_435' title='bbox 980 2437 1248 2469; x_wconf 90' lang='lat' dir='ltr'>consentaneum,</span> <span class='ocrx_word' id='word_1_436' title='bbox 1277 2433 1379 2462; x_wconf 90' lang='lat' dir='ltr'>immo</span> <span class='ocrx_word' id='word_1_437' title='bbox 1403 2441 1518 2462; x_wconf 90' lang='lat' dir='ltr'>secun-</span> 
     </span>
     <span class='ocr_line' id='line_1_66' title="bbox 455 2476 1519 2517; baseline -0.002 -9"><span class='ocrx_word' id='word_1_438' title='bbox 455 2477 533 2509; x_wconf 91' lang='lat' dir='ltr'>dum</span> <span class='ocrx_word' id='word_1_439' title='bbox 556 2477 640 2508; x_wconf 87' lang='lat' dir='ltr'>illius</span> <span class='ocrx_word' id='word_1_440' title='bbox 658 2478 815 2517; x_wconf 90' lang='lat' dir='ltr'>principia</span> <span class='ocrx_word' id='word_1_441' title='bbox 829 2477 1059 2508; x_wconf 87' lang='lat' dir='ltr'>necessarium:</span> <span class='ocrx_word' id='word_1_442' title='bbox 1086 2477 1161 2516; x_wconf 87' lang='lat' dir='ltr'>quia</span> <span class='ocrx_word' id='word_1_443' title='bbox 1176 2476 1342 2517; x_wconf 84' lang='lat' dir='ltr'>corruptio</span> <span class='ocrx_word' id='word_1_444' title='bbox 1360 2476 1456 2506; x_wconf 85' lang='lat' dir='ltr'>unius</span> <span class='ocrx_word' id='word_1_445' title='bbox 1471 2481 1519 2506; x_wconf 86' lang='lat' dir='ltr'>est</span> 
     </span>
    </p>
   </div>
   <div class='ocr_carea' id='block_1_13' title="bbox 215 2520 1518 2564">
    <p class='ocr_par' dir='ltr' id='par_1_19' title="bbox 215 2520 1518 2564">
     <span class='ocr_line' id='line_1_67' title="bbox 215 2520 1518 2564; baseline -0.003 -10"><span class='ocrx_word' id='word_1_446' title='bbox 215 2538 268 2558; x_wconf 82' lang='lat' dir='ltr'>xm;</span> <span class='ocrx_word' id='word_1_447' title='bbox 288 2531 318 2553; x_wconf 74' lang='lat' dir='ltr'>de</span> <span class='ocrx_word' id='word_1_448' title='bbox 333 2531 389 2554; x_wconf 83' lang='lat' dir='ltr'>Gen.</span> <span class='ocrx_word' id='word_1_449' title='bbox 405 2533 430 2553; x_wconf 84' lang='lat' dir='ltr'>et</span> <span class='ocrx_word' id='word_1_450' title='bbox 453 2522 623 2564; x_wconf 81' lang='lat' dir='ltr'>generatio</span> <span class='ocrx_word' id='word_1_451' title='bbox 648 2521 783 2551; x_wconf 86' lang='lat' dir='ltr'>alterius</span> <span class='ocrx_word' id='word_1_452' title='bbox 798 2522 824 2551; x_wconf 50' lang='grc' dir='ltr'>*ἢ</span> <span class='ocrx_word' id='word_1_453' title='bbox 848 2521 916 2551; x_wconf 94' lang='lat' dir='ltr'>Nec</span> <span class='ocrx_word' id='word_1_454' title='bbox 939 2522 1046 2551; x_wconf 88' lang='lat' dir='ltr'>minus</span> <span class='ocrx_word' id='word_1_455' title='bbox 1067 2521 1241 2552; x_wconf 89' lang='lat' dir='ltr'>exercitatis</span> <span class='ocrx_word' id='word_1_456' title='bbox 1263 2521 1296 2551; x_wconf 90' lang='lat' dir='ltr'>in</span> <span class='ocrx_word' id='word_1_457' title='bbox 1312 2520 1518 2560; x_wconf 89' lang='lat' dir='ltr'>philosophia</span> 
     </span>
    </p>
   </div>
   <div class='ocr_carea' id='block_1_14' title="bbox 214 2558 429 2771">
    <p class='ocr_par' dir='ltr' id='par_1_20' title="bbox 214 2558 429 2771">
     <span class='ocr_line' id='line_1_68' title="bbox 216 2558 427 2586; baseline -0.005 -6"><span class='ocrx_word' id='word_1_458' title='bbox 216 2559 326 2586; x_wconf 83' lang='lat' dir='ltr'>Corrupt.</span> <span class='ocrx_word' id='word_1_459' title='bbox 337 2558 377 2580; x_wconf 86' lang='lat' dir='ltr'>lib.</span> <span class='ocrx_word' id='word_1_460' title='bbox 387 2558 427 2585; x_wconf 75' lang='lat'>111,</span> 
     </span>
     <span class='ocr_line' id='line_1_69' title="bbox 215 2591 427 2633; baseline -0.005 0"><span class='ocrx_word' id='word_1_461' title='bbox 215 2591 414 2633; x_wconf 54' lang='lat' dir='ltr'>‘affl&#39;i&#39;setffiwi</span> <span class='ocrx_word' id='word_1_462' title='bbox 421 2601 427 2611; x_wconf 70' lang='lat'>¹</span> 
     </span>
     <span class='ocr_line' id='line_1_70' title="bbox 215 2618 429 2669; baseline -0.009 -9"><span class='ocrx_word' id='word_1_463' title='bbox 215 2618 329 2669; x_wconf 38' lang='lat' dir='ltr'>&amp;Ariston</span> <span class='ocrx_word' id='word_1_464' title='bbox 338 2627 368 2659; x_wconf 72' lang='lat' dir='ltr'>de</span> <span class='ocrx_word' id='word_1_465' title='bbox 373 2627 429 2668; x_wconf 63' lang='lat'>1²4}—</span> 
     </span>
     <span class='ocr_line' id='line_1_71' title="bbox 216 2665 427 2687; baseline 0 -1"><span class='ocrx_word' id='word_1_466' title='bbox 216 2665 254 2687; x_wconf 79' lang='lat' dir='ltr'>tib.</span> <span class='ocrx_word' id='word_1_467' title='bbox 270 2665 372 2686; x_wconf 61' lang='lat' dir='ltr'>Animal.</span> <span class='ocrx_word' id='word_1_468' title='bbox 387 2665 427 2686; x_wconf 87' lang='lat' dir='ltr'>hb.</span> 
     </span>
     <span class='ocr_line' id='line_1_72' title="bbox 215 2690 428 2722; baseline -0.005 -9"><span class='ocrx_word' id='word_1_469' title='bbox 215 2692 232 2717; x_wconf 90' lang='lat'>1.</span> <span class='ocrx_word' id='word_1_470' title='bbox 244 2697 295 2718; x_wconf 78' lang='lat' dir='ltr'>cap.</span> <span class='ocrx_word' id='word_1_471' title='bbox 307 2697 326 2717; x_wconf 72' lang='lat'>¹3</span> <span class='ocrx_word' id='word_1_472' title='bbox 342 2690 372 2722; x_wconf 70' lang='lat' dir='ltr'>de</span> <span class='ocrx_word' id='word_1_473' title='bbox 382 2690 428 2712; x_wconf 89' lang='lat' dir='ltr'>Ge-</span> 
     </span>
     <span class='ocr_line' id='line_1_73' title="bbox 214 2717 425 2771; baseline -0.005 -5"><span class='ocrx_word' id='word_1_474' title='bbox 214 2720 302 2771; x_wconf 55' lang='lat' dir='ltr'>itii,</span> <span class='ocrx_word' id='word_1_475' title='bbox 318 2717 425 2771; x_wconf 38' lang='lat' dir='ltr'>3335?st</span> 
     </span>
    </p>
   </div>
   <div class='ocr_carea' id='block_1_15' title="bbox 454 2564 1518 2783">
    <p class='ocr_par' dir='ltr' id='par_1_21' title="bbox 454 2564 1518 2783">
     <span class='ocr_line' id='line_1_74' title="bbox 455 2564 1517 2605; baseline -0.003 -8"><span class='ocrx_word' id='word_1_476' title='bbox 455 2565 628 2597; x_wconf 86' lang='lat' dir='ltr'>absurdum</span> <span class='ocrx_word' id='word_1_477' title='bbox 650 2565 794 2596; x_wconf 88' lang='lat' dir='ltr'>videatur</span> <span class='ocrx_word' id='word_1_478' title='bbox 824 2574 945 2605; x_wconf 90' lang='lat' dir='ltr'>ponere</span> <span class='ocrx_word' id='word_1_479' title='bbox 972 2565 1109 2596; x_wconf 87' lang='lat' dir='ltr'>formam</span> <span class='ocrx_word' id='word_1_480' title='bbox 1136 2564 1294 2595; x_wconf 90' lang='lat' dir='ltr'>cadaveris</span> <span class='ocrx_word' id='word_1_481' title='bbox 1325 2565 1358 2594; x_wconf 92' lang='lat' dir='ltr'>in</span> <span class='ocrx_word' id='word_1_482' title='bbox 1382 2573 1517 2604; x_wconf 91' lang='lat' dir='ltr'>corpore</span> 
     </span>
     <span class='ocr_line' id='line_1_75' title="bbox 456 2607 1518 2649; baseline -0.003 -8"><span class='ocrx_word' id='word_1_483' title='bbox 456 2611 591 2641; x_wconf 87' lang='lat' dir='ltr'>Christi:</span> <span class='ocrx_word' id='word_1_484' title='bbox 625 2610 707 2640; x_wconf 88' lang='lat' dir='ltr'>sicut</span> <span class='ocrx_word' id='word_1_485' title='bbox 730 2619 790 2640; x_wconf 91' lang='lat' dir='ltr'>nec</span> <span class='ocrx_word' id='word_1_486' title='bbox 814 2609 986 2640; x_wconf 91' lang='lat' dir='ltr'>absurdum</span> <span class='ocrx_word' id='word_1_487' title='bbox 1010 2610 1055 2640; x_wconf 92' lang='lat' dir='ltr'>eis</span> <span class='ocrx_word' id='word_1_488' title='bbox 1078 2608 1177 2639; x_wconf 90' lang='lat' dir='ltr'>videri</span> <span class='ocrx_word' id='word_1_489' title='bbox 1201 2608 1295 2639; x_wconf 90' lang='lat' dir='ltr'>debet</span> <span class='ocrx_word' id='word_1_490' title='bbox 1318 2607 1408 2649; x_wconf 92' lang='lat' dir='ltr'>quod</span> <span class='ocrx_word' id='word_1_491' title='bbox 1431 2608 1518 2639; x_wconf 88' lang='lat' dir='ltr'>oculi</span> 
     </span>
     <span class='ocr_line' id='line_1_76' title="bbox 456 2652 1517 2694; baseline -0.003 -9"><span class='ocrx_word' id='word_1_492' title='bbox 456 2655 573 2686; x_wconf 91' lang='lat' dir='ltr'>Christi</span> <span class='ocrx_word' id='word_1_493' title='bbox 596 2655 715 2684; x_wconf 88' lang='lat' dir='ltr'>mortui</span> <span class='ocrx_word' id='word_1_494' title='bbox 737 2663 805 2684; x_wconf 90' lang='lat' dir='ltr'>non</span> <span class='ocrx_word' id='word_1_495' title='bbox 826 2659 914 2684; x_wconf 87' lang='lat' dir='ltr'>erant</span> <span class='ocrx_word' id='word_1_496' title='bbox 937 2654 1023 2684; x_wconf 91' lang='lat' dir='ltr'>oculi</span> <span class='ocrx_word' id='word_1_497' title='bbox 1045 2654 1105 2684; x_wconf 92' lang='lat' dir='ltr'>nisi</span> <span class='ocrx_word' id='word_1_498' title='bbox 1125 2654 1302 2694; x_wconf 87' lang='lat' dir='ltr'>aequivoce</span> <span class='ocrx_word' id='word_1_499' title='bbox 1317 2654 1344 2689; x_wconf 77' lang='lat'>*‚</span> <span class='ocrx_word' id='word_1_500' title='bbox 1369 2658 1401 2683; x_wconf 90' lang='lat' dir='ltr'>et</span> <span class='ocrx_word' id='word_1_501' title='bbox 1416 2653 1461 2683; x_wconf 91' lang='lat' dir='ltr'>sic</span> <span class='ocrx_word' id='word_1_502' title='bbox 1477 2652 1517 2682; x_wconf 91' lang='lat' dir='ltr'>de</span> 
     </span>
     <span class='ocr_line' id='line_1_77' title="bbox 455 2696 1517 2737; baseline -0.002 -8"><span class='ocrx_word' id='word_1_503' title='bbox 455 2699 523 2730; x_wconf 89' lang='lat' dir='ltr'>aliis</span> <span class='ocrx_word' id='word_1_504' title='bbox 545 2699 696 2729; x_wconf 90' lang='lat' dir='ltr'>membris</span> <span class='ocrx_word' id='word_1_505' title='bbox 719 2698 883 2728; x_wconf 88' lang='lat' dir='ltr'>similibus.</span> <span class='ocrx_word' id='word_1_506' title='bbox 908 2698 984 2728; x_wconf 92' lang='lat' dir='ltr'>Non</span> <span class='ocrx_word' id='word_1_507' title='bbox 1007 2697 1163 2728; x_wconf 89' lang='lat' dir='ltr'>dedecent</span> <span class='ocrx_word' id='word_1_508' title='bbox 1181 2697 1340 2737; x_wconf 88' lang='lat' dir='ltr'>siquidem</span> <span class='ocrx_word' id='word_1_509' title='bbox 1355 2697 1434 2727; x_wconf 88' lang='lat' dir='ltr'>haec</span> <span class='ocrx_word' id='word_1_510' title='bbox 1450 2696 1517 2728; x_wconf 91' lang='lat' dir='ltr'>Sal-</span> 
     </span>
     <span class='ocr_line' id='line_1_78' title="bbox 454 2741 1517 2783; baseline -0.003 -9"><span class='ocrx_word' id='word_1_511' title='bbox 454 2749 597 2774; x_wconf 91' lang='lat' dir='ltr'>vatorem</span> <span class='ocrx_word' id='word_1_512' title='bbox 608 2748 765 2779; x_wconf 87' lang='lat' dir='ltr'>nostrum,</span> <span class='ocrx_word' id='word_1_513' title='bbox 779 2741 865 2782; x_wconf 91' lang='lat' dir='ltr'>apud</span> <span class='ocrx_word' id='word_1_514' title='bbox 880 2747 1082 2783; x_wconf 90' lang='lat' dir='ltr'>penetrantes</span> <span class='ocrx_word' id='word_1_515' title='bbox 1098 2741 1188 2782; x_wconf 91' lang='lat' dir='ltr'>quod</span> <span class='ocrx_word' id='word_1_516' title='bbox 1200 2741 1346 2782; x_wconf 87' lang='lat' dir='ltr'>dignatus</span> <span class='ocrx_word' id='word_1_517' title='bbox 1359 2746 1406 2772; x_wconf 90' lang='lat' dir='ltr'>est</span> <span class='ocrx_word' id='word_1_518' title='bbox 1421 2742 1517 2772; x_wconf 89' lang='lat' dir='ltr'>etiam</span> 
     </span>
    </p>
   </div>
   <div class='ocr_carea' id='block_1_16' title="bbox 1536 1204 1543 1871">
    <p class='ocr_par' dir='ltr' id='par_1_22' title="bbox 1536 1204 1543 1871">
     <span class='ocr_line' id='line_1_79' title="bbox 1536 1204 1543 1871; baseline 0 0"><span class='ocrx_word' id='word_1_519' title='bbox 1536 1204 1543 1871; x_wconf 95' lang='lat' dir='ltr'> </span> 
     </span>
    </p>
   </div>
   <div class='ocr_carea' id='block_1_17' title="bbox 1560 399 2628 1049">
    <p class='ocr_par' dir='ltr' id='par_1_23' title="bbox 1560 399 2623 527">
     <span class='ocr_line' id='line_1_80' title="bbox 1560 399 2623 441; baseline 0 -10"><span class='ocrx_word' id='word_1_520' title='bbox 1560 402 1653 437; x_wconf 91' lang='lat' dir='ltr'>mori,</span> <span class='ocrx_word' id='word_1_521' title='bbox 1679 406 1710 431; x_wconf 93' lang='lat' dir='ltr'>et</span> <span class='ocrx_word' id='word_1_522' title='bbox 1732 409 1836 440; x_wconf 88' lang='lat' dir='ltr'>usque</span> <span class='ocrx_word' id='word_1_523' title='bbox 1859 399 1899 430; x_wconf 93' lang='lat' dir='ltr'>ad</span> <span class='ocrx_word' id='word_1_524' title='bbox 1922 400 2187 430; x_wconf 90' lang='lat' dir='ltr'>resurrectionem</span> <span class='ocrx_word' id='word_1_525' title='bbox 2203 409 2293 430; x_wconf 87' lang='lat' dir='ltr'>suam</span> <span class='ocrx_word' id='word_1_526' title='bbox 2317 401 2562 441; x_wconf 83' lang='lat' dir='ltr'>poenalitatibus</span> <span class='ocrx_word' id='word_1_527' title='bbox 2585 399 2623 431; x_wconf 89' lang='lat' dir='ltr'>fi-</span> 
     </span>
     <span class='ocr_line' id='line_1_81' title="bbox 1560 444 2623 485; baseline 0 -10"><span class='ocrx_word' id='word_1_528' title='bbox 1560 455 1636 475; x_wconf 89' lang='lat' dir='ltr'>nem</span> <span class='ocrx_word' id='word_1_529' title='bbox 1659 455 1726 475; x_wconf 90' lang='lat' dir='ltr'>non</span> <span class='ocrx_word' id='word_1_530' title='bbox 1749 445 1932 484; x_wconf 89' lang='lat' dir='ltr'>imponere:</span> <span class='ocrx_word' id='word_1_531' title='bbox 1966 449 2002 474; x_wconf 93' lang='lat' dir='ltr'>ut</span> <span class='ocrx_word' id='word_1_532' title='bbox 2026 444 2182 484; x_wconf 86' lang='lat' dir='ltr'>separatio</span> <span class='ocrx_word' id='word_1_533' title='bbox 2206 444 2330 475; x_wconf 88' lang='lat' dir='ltr'>animae</span> <span class='ocrx_word' id='word_1_534' title='bbox 2354 454 2372 475; x_wconf 86' lang='lat' dir='ltr'>a</span> <span class='ocrx_word' id='word_1_535' title='bbox 2395 453 2531 485; x_wconf 90' lang='lat' dir='ltr'>corpore</span> <span class='ocrx_word' id='word_1_536' title='bbox 2558 445 2623 475; x_wconf 88' lang='lat' dir='ltr'>evi-</span> 
     </span>
     <span class='ocr_line' id='line_1_82' title="bbox 1560 487 2621 527; baseline 0 -8"><span class='ocrx_word' id='word_1_537' title='bbox 1560 489 1670 520; x_wconf 90' lang='lat' dir='ltr'>denter</span> <span class='ocrx_word' id='word_1_538' title='bbox 1693 494 1840 524; x_wconf 87' lang='lat' dir='ltr'>testatur,</span> <span class='ocrx_word' id='word_1_539' title='bbox 1870 488 1985 519; x_wconf 89' lang='lat' dir='ltr'>durans</span> <span class='ocrx_word' id='word_1_540' title='bbox 2015 497 2119 527; x_wconf 91' lang='lat' dir='ltr'>usque</span> <span class='ocrx_word' id='word_1_541' title='bbox 2143 487 2183 518; x_wconf 92' lang='lat' dir='ltr'>ad</span> <span class='ocrx_word' id='word_1_542' title='bbox 2206 488 2323 518; x_wconf 91' lang='lat' dir='ltr'>dictam</span> <span class='ocrx_word' id='word_1_543' title='bbox 2346 489 2621 519; x_wconf 87' lang='lat' dir='ltr'>resurrectionem.</span> 
     </span>
    </p>

    <p class='ocr_par' dir='ltr' id='par_1_24' title="bbox 1561 532 2628 1049">
     <span class='ocr_line' id='line_1_83' title="bbox 1616 532 2624 572; baseline 0 -9"><span class='ocrx_word' id='word_1_544' title='bbox 1616 534 1668 564; x_wconf 92' lang='lat' dir='ltr'>IV.</span> <span class='ocrx_word' id='word_1_545' title='bbox 1693 534 1734 563; x_wconf 91' lang='lat' dir='ltr'>Et</span> <span class='ocrx_word' id='word_1_546' title='bbox 1756 533 1782 563; x_wconf 89' lang='lat' dir='ltr'>si</span> <span class='ocrx_word' id='word_1_547' title='bbox 1806 538 1916 563; x_wconf 91' lang='lat' dir='ltr'>contra</span> <span class='ocrx_word' id='word_1_548' title='bbox 1939 533 2021 562; x_wconf 87' lang='lat' dir='ltr'>hanc</span> <span class='ocrx_word' id='word_1_549' title='bbox 2043 532 2288 572; x_wconf 89' lang='lat' dir='ltr'>responsionem</span> <span class='ocrx_word' id='word_1_550' title='bbox 2311 533 2479 563; x_wconf 87' lang='lat' dir='ltr'>obiiciatur</span> <span class='ocrx_word' id='word_1_551' title='bbox 2506 542 2544 563; x_wconf 89' lang='lat' dir='ltr'>ex</span> <span class='ocrx_word' id='word_1_552' title='bbox 2568 542 2624 563; x_wconf 93' lang='lat' dir='ltr'>eo-</span> 
     </span>
     <span class='ocr_line' id='line_1_84' title="bbox 1561 575 2624 617; baseline -0.002 -9"><span class='ocrx_word' id='word_1_553' title='bbox 1561 577 1635 608; x_wconf 90' lang='lat' dir='ltr'>dem</span> <span class='ocrx_word' id='word_1_554' title='bbox 1664 577 1779 613; x_wconf 91' lang='lat' dir='ltr'>Scoto,</span> <span class='ocrx_word' id='word_1_555' title='bbox 1804 578 1837 607; x_wconf 92' lang='lat' dir='ltr'>in</span> <span class='ocrx_word' id='word_1_556' title='bbox 1860 587 1891 606; x_wconf 78' lang='lat' dir='ltr'>vr</span> <span class='ocrx_word' id='word_1_557' title='bbox 1915 586 1970 617; x_wconf 91' lang='lat' dir='ltr'>qu.</span> <span class='ocrx_word' id='word_1_558' title='bbox 1995 576 2064 607; x_wconf 89' lang='lat' dir='ltr'>dist.</span> <span class='ocrx_word' id='word_1_559' title='bbox 2089 586 2118 612; x_wconf 87' lang='lat' dir='ltr'>x,</span> <span class='ocrx_word' id='word_1_560' title='bbox 2144 575 2233 616; x_wconf 92' lang='lat' dir='ltr'>quod</span> <span class='ocrx_word' id='word_1_561' title='bbox 2266 582 2451 616; x_wconf 83' lang='lat' dir='ltr'>sequeretur</span> <span class='ocrx_word' id='word_1_562' title='bbox 2482 577 2541 607; x_wconf 89' lang='lat' dir='ltr'>sub</span> <span class='ocrx_word' id='word_1_563' title='bbox 2564 577 2624 607; x_wconf 92' lang='lat' dir='ltr'>ho-</span> 
     </span>
     <span class='ocr_line' id='line_1_85' title="bbox 1562 615 2627 660; baseline -0.002 -8"><span class='ocrx_word' id='word_1_564' title='bbox 1562 622 1620 652; x_wconf 87' lang='lat' dir='ltr'>stia</span> <span class='ocrx_word' id='word_1_565' title='bbox 1643 627 1762 652; x_wconf 87' lang='lat' dir='ltr'>servata</span> <span class='ocrx_word' id='word_1_566' title='bbox 1785 621 1840 651; x_wconf 91' lang='lat' dir='ltr'>illo</span> <span class='ocrx_word' id='word_1_567' title='bbox 1864 620 1970 651; x_wconf 89' lang='lat' dir='ltr'>triduo</span> <span class='ocrx_word' id='word_1_568' title='bbox 1993 630 2060 651; x_wconf 92' lang='lat' dir='ltr'>non</span> <span class='ocrx_word' id='word_1_569' title='bbox 2077 630 2145 651; x_wconf 90' lang='lat' dir='ltr'>esse</span> <span class='ocrx_word' id='word_1_570' title='bbox 2169 630 2286 660; x_wconf 91' lang='lat' dir='ltr'>corpus</span> <span class='ocrx_word' id='word_1_571' title='bbox 2310 619 2442 651; x_wconf 89' lang='lat' dir='ltr'>Christi:</span> <span class='ocrx_word' id='word_1_572' title='bbox 2468 615 2627 660; x_wconf 78' lang='lat' dir='ltr'>quianon</span> 
     </span>
     <span class='ocr_line' id='line_1_86' title="bbox 1562 664 2626 704; baseline -0.001 -9"><span class='ocrx_word' id='word_1_573' title='bbox 1562 671 1712 696; x_wconf 89' lang='lat' dir='ltr'>contenta</span> <span class='ocrx_word' id='word_1_574' title='bbox 1736 665 1846 695; x_wconf 87' lang='lat' dir='ltr'>fuisset</span> <span class='ocrx_word' id='word_1_575' title='bbox 1869 666 1927 695; x_wconf 91' lang='lat' dir='ltr'>sub</span> <span class='ocrx_word' id='word_1_576' title='bbox 1950 665 2054 695; x_wconf 88' lang='lat' dir='ltr'>hostia</span> <span class='ocrx_word' id='word_1_577' title='bbox 2074 665 2205 695; x_wconf 87' lang='lat' dir='ltr'>materia</span> <span class='ocrx_word' id='word_1_578' title='bbox 2221 665 2298 700; x_wconf 91' lang='lat' dir='ltr'>sola,</span> <span class='ocrx_word' id='word_1_579' title='bbox 2323 665 2478 704; x_wconf 89' lang='lat' dir='ltr'>quoniam</span> <span class='ocrx_word' id='word_1_580' title='bbox 2493 664 2626 694; x_wconf 88' lang='lat' dir='ltr'>materia</span> 
     </span>
     <span class='ocr_line' id='line_1_87' title="bbox 1562 709 2625 749; baseline -0.002 -9"><span class='ocrx_word' id='word_1_581' title='bbox 1562 710 1744 740; x_wconf 87' lang='lat' dir='ltr'>continetur</span> <span class='ocrx_word' id='word_1_582' title='bbox 1767 710 1826 740; x_wconf 92' lang='lat' dir='ltr'>sub</span> <span class='ocrx_word' id='word_1_583' title='bbox 1850 715 2048 739; x_wconf 88' lang='lat' dir='ltr'>sacramento</span> <span class='ocrx_word' id='word_1_584' title='bbox 2073 715 2108 739; x_wconf 92' lang='lat' dir='ltr'>ut</span> <span class='ocrx_word' id='word_1_585' title='bbox 2131 718 2203 749; x_wconf 90' lang='lat' dir='ltr'>pars</span> <span class='ocrx_word' id='word_1_586' title='bbox 2226 709 2334 745; x_wconf 87' lang='lat' dir='ltr'>totius,</span> <span class='ocrx_word' id='word_1_587' title='bbox 2351 709 2415 739; x_wconf 91' lang='lat' dir='ltr'>hoc</span> <span class='ocrx_word' id='word_1_588' title='bbox 2431 713 2487 744; x_wconf 91' lang='lat' dir='ltr'>est,</span> <span class='ocrx_word' id='word_1_589' title='bbox 2508 717 2625 748; x_wconf 90' lang='lat' dir='ltr'>corpo-</span> 
     </span>
     <span class='ocr_line' id='line_1_88' title="bbox 1561 753 2626 793; baseline -0.002 -9"><span class='ocrx_word' id='word_1_590' title='bbox 1561 755 1612 790; x_wconf 88' lang='lat' dir='ltr'>ris,</span> <span class='ocrx_word' id='word_1_591' title='bbox 1636 754 1766 784; x_wconf 89' lang='lat' dir='ltr'>materia</span> <span class='ocrx_word' id='word_1_592' title='bbox 1782 759 1890 784; x_wconf 87' lang='lat' dir='ltr'>autem</span> <span class='ocrx_word' id='word_1_593' title='bbox 1909 753 1977 784; x_wconf 90' lang='lat' dir='ltr'>sola</span> <span class='ocrx_word' id='word_1_594' title='bbox 1999 763 2067 783; x_wconf 92' lang='lat' dir='ltr'>non</span> <span class='ocrx_word' id='word_1_595' title='bbox 2083 759 2130 783; x_wconf 90' lang='lat' dir='ltr'>est</span> <span class='ocrx_word' id='word_1_596' title='bbox 2145 763 2216 793; x_wconf 90' lang='lat' dir='ltr'>pars</span> <span class='ocrx_word' id='word_1_597' title='bbox 2233 753 2395 793; x_wconf 84' lang='lat' dir='ltr'>corporis;</span> <span class='ocrx_word' id='word_1_598' title='bbox 2419 762 2479 783; x_wconf 91' lang='lat' dir='ltr'>nec</span> <span class='ocrx_word' id='word_1_599' title='bbox 2494 753 2626 783; x_wconf 87' lang='lat' dir='ltr'>materia</span> 
     </span>
     <span class='ocr_line' id='line_1_89' title="bbox 1563 797 2627 838; baseline -0.002 -10"><span class='ocrx_word' id='word_1_600' title='bbox 1563 807 1638 828; x_wconf 91' lang='lat' dir='ltr'>cum</span> <span class='ocrx_word' id='word_1_601' title='bbox 1661 798 1766 828; x_wconf 88' lang='lat' dir='ltr'>anima</span> <span class='ocrx_word' id='word_1_602' title='bbox 1789 798 1917 834; x_wconf 90' lang='lat' dir='ltr'>Christi,</span> <span class='ocrx_word' id='word_1_603' title='bbox 1941 798 2016 838; x_wconf 88' lang='lat' dir='ltr'>quia</span> <span class='ocrx_word' id='word_1_604' title='bbox 2032 803 2098 828; x_wconf 91' lang='lat' dir='ltr'>erat</span> <span class='ocrx_word' id='word_1_605' title='bbox 2113 803 2255 838; x_wconf 90' lang='lat' dir='ltr'>separata</span> <span class='ocrx_word' id='word_1_606' title='bbox 2270 798 2309 827; x_wconf 93' lang='lat' dir='ltr'>ab</span> <span class='ocrx_word' id='word_1_607' title='bbox 2325 797 2392 834; x_wconf 87' lang='lat' dir='ltr'>illa;</span> <span class='ocrx_word' id='word_1_608' title='bbox 2412 806 2473 827; x_wconf 91' lang='lat' dir='ltr'>nec</span> <span class='ocrx_word' id='word_1_609' title='bbox 2495 797 2627 827; x_wconf 90' lang='lat' dir='ltr'>materia</span> 
     </span>
     <span class='ocr_line' id='line_1_90' title="bbox 1562 841 2626 882; baseline -0.001 -10"><span class='ocrx_word' id='word_1_610' title='bbox 1562 843 1621 872; x_wconf 93' lang='lat' dir='ltr'>sub</span> <span class='ocrx_word' id='word_1_611' title='bbox 1644 852 1729 872; x_wconf 92' lang='lat' dir='ltr'>nova</span> <span class='ocrx_word' id='word_1_612' title='bbox 1752 841 1865 878; x_wconf 86' lang='lat' dir='ltr'>forma,</span> <span class='ocrx_word' id='word_1_613' title='bbox 1890 842 1965 882; x_wconf 90' lang='lat' dir='ltr'>quia</span> <span class='ocrx_word' id='word_1_614' title='bbox 1988 847 2197 882; x_wconf 90' lang='lat' dir='ltr'>sequerentur</span> <span class='ocrx_word' id='word_1_615' title='bbox 2213 841 2278 872; x_wconf 91' lang='lat' dir='ltr'>duo</span> <span class='ocrx_word' id='word_1_616' title='bbox 2295 841 2549 877; x_wconf 89' lang='lat' dir='ltr'>contradictoria,</span> <span class='ocrx_word' id='word_1_617' title='bbox 2566 841 2626 871; x_wconf 90' lang='lat' dir='ltr'>sci-</span> 
     </span>
     <span class='ocr_line' id='line_1_91' title="bbox 1562 885 2627 926; baseline -0.001 -10"><span class='ocrx_word' id='word_1_618' title='bbox 1562 887 1636 916; x_wconf 91' lang='lat' dir='ltr'>licet</span> <span class='ocrx_word' id='word_1_619' title='bbox 1666 885 1756 926; x_wconf 92' lang='lat' dir='ltr'>quod</span> <span class='ocrx_word' id='word_1_620' title='bbox 1778 887 1909 916; x_wconf 87' lang='lat' dir='ltr'>materia</span> <span class='ocrx_word' id='word_1_621' title='bbox 1931 887 2060 916; x_wconf 89' lang='lat' dir='ltr'>haberet</span> <span class='ocrx_word' id='word_1_622' title='bbox 2083 886 2178 916; x_wconf 91' lang='lat' dir='ltr'>simul</span> <span class='ocrx_word' id='word_1_623' title='bbox 2201 896 2320 916; x_wconf 90' lang='lat' dir='ltr'>novam</span> <span class='ocrx_word' id='word_1_624' title='bbox 2343 885 2480 916; x_wconf 90' lang='lat' dir='ltr'>formam</span> <span class='ocrx_word' id='word_1_625' title='bbox 2504 891 2535 915; x_wconf 93' lang='lat' dir='ltr'>et</span> <span class='ocrx_word' id='word_1_626' title='bbox 2557 894 2627 915; x_wconf 89' lang='lat' dir='ltr'>non</span> 
     </span>
     <span class='ocr_line' id='line_1_92' title="bbox 1562 929 2626 966; baseline 0 -6"><span class='ocrx_word' id='word_1_627' title='bbox 1562 931 1692 960; x_wconf 87' lang='lat' dir='ltr'>haberet</span> <span class='ocrx_word' id='word_1_628' title='bbox 1713 930 1816 966; x_wconf 91' lang='lat' dir='ltr'>illam,</span> <span class='ocrx_word' id='word_1_629' title='bbox 1848 939 1923 960; x_wconf 89' lang='lat' dir='ltr'>narn</span> <span class='ocrx_word' id='word_1_630' title='bbox 1947 931 1980 960; x_wconf 91' lang='lat' dir='ltr'>in</span> <span class='ocrx_word' id='word_1_631' title='bbox 2004 940 2070 960; x_wconf 90' lang='lat' dir='ltr'>esse</span> <span class='ocrx_word' id='word_1_632' title='bbox 2093 936 2223 961; x_wconf 90' lang='lat' dir='ltr'>naturae</span> <span class='ocrx_word' id='word_1_633' title='bbox 2247 931 2377 960; x_wconf 88' lang='lat' dir='ltr'>haberet</span> <span class='ocrx_word' id='word_1_634' title='bbox 2398 930 2502 966; x_wconf 89' lang='lat' dir='ltr'>illam,</span> <span class='ocrx_word' id='word_1_635' title='bbox 2536 935 2567 960; x_wconf 90' lang='lat' dir='ltr'>et</span> <span class='ocrx_word' id='word_1_636' title='bbox 2592 929 2626 960; x_wconf 91' lang='lat' dir='ltr'>in</span> 
     </span>
     <span class='ocr_line' id='line_1_93' title="bbox 1563 973 2628 1014; baseline 0 -10"><span class='ocrx_word' id='word_1_637' title='bbox 1563 979 1760 1004; x_wconf 89' lang='lat' dir='ltr'>sacramento</span> <span class='ocrx_word' id='word_1_638' title='bbox 1784 984 1852 1004; x_wconf 92' lang='lat' dir='ltr'>non</span> <span class='ocrx_word' id='word_1_639' title='bbox 1875 974 2004 1004; x_wconf 91' lang='lat' dir='ltr'>haberet</span> <span class='ocrx_word' id='word_1_640' title='bbox 2026 974 2128 1004; x_wconf 89' lang='lat' dir='ltr'>illam:</span> <span class='ocrx_word' id='word_1_641' title='bbox 2153 993 2176 997; x_wconf 92' lang='lat'>—</span> <span class='ocrx_word' id='word_1_642' title='bbox 2198 974 2459 1014; x_wconf 87' lang='lat' dir='ltr'>respondendum</span> <span class='ocrx_word' id='word_1_643' title='bbox 2475 979 2522 1004; x_wconf 90' lang='lat' dir='ltr'>est</span> <span class='ocrx_word' id='word_1_644' title='bbox 2537 973 2628 1014; x_wconf 90' lang='lat' dir='ltr'>quod</span> 
     </span>
     <span class='ocr_line' id='line_1_94' title="bbox 1563 1018 2627 1049; baseline 0 -1"><span class='ocrx_word' id='word_1_645' title='bbox 1563 1018 1674 1048; x_wconf 86' lang='lat' dir='ltr'>fuisset</span> <span class='ocrx_word' id='word_1_646' title='bbox 1695 1019 1729 1048; x_wconf 88' lang='lat' dir='ltr'>in</span> <span class='ocrx_word' id='word_1_647' title='bbox 1752 1018 1808 1048; x_wconf 91' lang='lat' dir='ltr'>illo</span> <span class='ocrx_word' id='word_1_648' title='bbox 1832 1018 1938 1048; x_wconf 91' lang='lat' dir='ltr'>triduo</span> <span class='ocrx_word' id='word_1_649' title='bbox 1961 1019 2092 1048; x_wconf 89' lang='lat' dir='ltr'>materia</span> <span class='ocrx_word' id='word_1_650' title='bbox 2116 1028 2191 1049; x_wconf 92' lang='lat' dir='ltr'>cum</span> <span class='ocrx_word' id='word_1_651' title='bbox 2215 1018 2318 1049; x_wconf 84' lang='lat' dir='ltr'>forma</span> <span class='ocrx_word' id='word_1_652' title='bbox 2335 1028 2420 1049; x_wconf 93' lang='lat' dir='ltr'>nova</span> <span class='ocrx_word' id='word_1_653' title='bbox 2443 1019 2502 1048; x_wconf 89' lang='lat' dir='ltr'>sub</span> <span class='ocrx_word' id='word_1_654' title='bbox 2526 1027 2627 1048; x_wconf 87' lang='lat' dir='ltr'>sacra-</span> 
     </span>
    </p>
   </div>
   <div class='ocr_carea' id='block_1_18' title="bbox 1563 1062 2678 1102">
    <p class='ocr_par' dir='ltr' id='par_1_25' title="bbox 1563 1062 2678 1102">
     <span class='ocr_line' id='line_1_95' title="bbox 1563 1062 2678 1102; baseline 0 -10"><span class='ocrx_word' id='word_1_655' title='bbox 1563 1067 1685 1092; x_wconf 89' lang='lat' dir='ltr'>mento.</span> <span class='ocrx_word' id='word_1_656' title='bbox 1710 1062 1755 1092; x_wconf 88' lang='lat' dir='ltr'>Ita</span> <span class='ocrx_word' id='word_1_657' title='bbox 1775 1062 1874 1102; x_wconf 92' lang='lat' dir='ltr'>quod,</span> <span class='ocrx_word' id='word_1_658' title='bbox 1899 1062 1974 1102; x_wconf 92' lang='lat' dir='ltr'>quia</span> <span class='ocrx_word' id='word_1_659' title='bbox 1993 1062 2172 1092; x_wconf 90' lang='lat' dir='ltr'>secundum</span> <span class='ocrx_word' id='word_1_660' title='bbox 2186 1063 2361 1098; x_wconf 89' lang='lat' dir='ltr'>veritatem,</span> <span class='ocrx_word' id='word_1_661' title='bbox 2385 1062 2629 1102; x_wconf 88' lang='lat' dir='ltr'>praesupposita</span> <span class='ocrx_word' id='word_1_662' title='bbox 2675 1072 2678 1074; x_wconf 66' lang='grc'>’</span> 
     </span>
    </p>
   </div>
   <div class='ocr_carea' id='block_1_19' title="bbox 1564 1105 2634 1587">
    <p class='ocr_par' dir='ltr' id='par_1_26' title="bbox 1564 1105 2630 1233">
     <span class='ocr_line' id='line_1_96' title="bbox 1564 1105 2628 1146; baseline 0.001 -11"><span class='ocrx_word' id='word_1_663' title='bbox 1564 1106 1685 1135; x_wconf 89' lang='lat' dir='ltr'>unitate</span> <span class='ocrx_word' id='word_1_664' title='bbox 1708 1105 1830 1136; x_wconf 84' lang='lat' dir='ltr'>formae</span> <span class='ocrx_word' id='word_1_665' title='bbox 1853 1106 1886 1136; x_wconf 91' lang='lat' dir='ltr'>in</span> <span class='ocrx_word' id='word_1_666' title='bbox 1903 1107 2096 1145; x_wconf 87' lang='lat' dir='ltr'>composito,</span> <span class='ocrx_word' id='word_1_667' title='bbox 2121 1115 2238 1146; x_wconf 88' lang='lat' dir='ltr'>corpus</span> <span class='ocrx_word' id='word_1_668' title='bbox 2254 1106 2371 1137; x_wconf 90' lang='lat' dir='ltr'>Christi</span> <span class='ocrx_word' id='word_1_669' title='bbox 2394 1107 2427 1136; x_wconf 93' lang='lat' dir='ltr'>in</span> <span class='ocrx_word' id='word_1_670' title='bbox 2445 1106 2501 1136; x_wconf 88' lang='lat' dir='ltr'>illo</span> <span class='ocrx_word' id='word_1_671' title='bbox 2522 1105 2628 1136; x_wconf 87' lang='lat' dir='ltr'>triduo</span> 
     </span>
     <span class='ocr_line' id='line_1_97' title="bbox 1567 1149 2630 1189; baseline 0.001 -10"><span class='ocrx_word' id='word_1_672' title='bbox 1567 1150 1819 1179; x_wconf 89' lang='lat' dir='ltr'>constituebatur</span> <span class='ocrx_word' id='word_1_673' title='bbox 1850 1159 1907 1189; x_wconf 90' lang='lat' dir='ltr'>per</span> <span class='ocrx_word' id='word_1_674' title='bbox 1934 1159 2053 1180; x_wconf 91' lang='lat' dir='ltr'>novam</span> <span class='ocrx_word' id='word_1_675' title='bbox 2083 1149 2234 1186; x_wconf 86' lang='lat' dir='ltr'>formam,</span> <span class='ocrx_word' id='word_1_676' title='bbox 2267 1150 2340 1180; x_wconf 91' lang='lat' dir='ltr'>ideo</span> <span class='ocrx_word' id='word_1_677' title='bbox 2370 1151 2405 1180; x_wconf 91' lang='lat' dir='ltr'>in</span> <span class='ocrx_word' id='word_1_678' title='bbox 2431 1155 2630 1180; x_wconf 87' lang='lat' dir='ltr'>sacramento</span> 
     </span>
     <span class='ocr_line' id='line_1_98' title="bbox 1566 1193 2607 1233; baseline 0.001 -10"><span class='ocrx_word' id='word_1_679' title='bbox 1566 1194 1788 1223; x_wconf 87' lang='lat' dir='ltr'>continebatur</span> <span class='ocrx_word' id='word_1_680' title='bbox 1813 1202 1929 1233; x_wconf 86' lang='lat' dir='ltr'>corpus</span> <span class='ocrx_word' id='word_1_681' title='bbox 1951 1202 2008 1233; x_wconf 91' lang='lat' dir='ltr'>per</span> <span class='ocrx_word' id='word_1_682' title='bbox 2031 1203 2150 1223; x_wconf 88' lang='lat' dir='ltr'>novam</span> <span class='ocrx_word' id='word_1_683' title='bbox 2174 1193 2310 1224; x_wconf 87' lang='lat' dir='ltr'>formam</span> <span class='ocrx_word' id='word_1_684' title='bbox 2334 1194 2553 1224; x_wconf 84' lang='lat' dir='ltr'>constitutum.</span> <span class='ocrx_word' id='word_1_685' title='bbox 2597 1220 2607 1233; x_wconf 67' lang='grc'><em>,</em></span> 
     </span>
    </p>

    <p class='ocr_par' dir='ltr' id='par_1_27' title="bbox 1565 1236 2634 1544">
     <span class='ocr_line' id='line_1_99' title="bbox 1620 1236 2630 1278; baseline 0.001 -11"><span class='ocrx_word' id='word_1_686' title='bbox 1620 1237 1661 1267; x_wconf 91' lang='lat' dir='ltr'>Et</span> <span class='ocrx_word' id='word_1_687' title='bbox 1684 1237 1708 1267; x_wconf 88' lang='lat' dir='ltr'>si</span> <span class='ocrx_word' id='word_1_688' title='bbox 1732 1237 1866 1267; x_wconf 88' lang='lat' dir='ltr'>instetur</span> <span class='ocrx_word' id='word_1_689' title='bbox 1897 1236 1986 1277; x_wconf 92' lang='lat' dir='ltr'>quod</span> <span class='ocrx_word' id='word_1_690' title='bbox 2012 1238 2045 1267; x_wconf 88' lang='lat' dir='ltr'>in</span> <span class='ocrx_word' id='word_1_691' title='bbox 2072 1237 2159 1267; x_wconf 90' lang='lat' dir='ltr'>illam</span> <span class='ocrx_word' id='word_1_692' title='bbox 2186 1237 2324 1268; x_wconf 85' lang='lat' dir='ltr'>formam</span> <span class='ocrx_word' id='word_1_693' title='bbox 2353 1247 2522 1278; x_wconf 86' lang='lat' dir='ltr'>nunquam</span> <span class='ocrx_word' id='word_1_694' title='bbox 2548 1236 2630 1268; x_wconf 82' lang='lat' dir='ltr'>facta</span> 
     </span>
     <span class='ocr_line' id='line_1_100' title="bbox 1566 1280 2631 1321; baseline 0 -9"><span class='ocrx_word' id='word_1_695' title='bbox 1566 1286 1613 1312; x_wconf 90' lang='lat' dir='ltr'>est</span> <span class='ocrx_word' id='word_1_696' title='bbox 1636 1281 1818 1311; x_wconf 90' lang='lat' dir='ltr'>conversio:</span> <span class='ocrx_word' id='word_1_697' title='bbox 1842 1280 2054 1321; x_wconf 83' lang='lat' dir='ltr'>respondetur</span> <span class='ocrx_word' id='word_1_698' title='bbox 2071 1281 2160 1321; x_wconf 93' lang='lat' dir='ltr'>quod</span> <span class='ocrx_word' id='word_1_699' title='bbox 2176 1281 2292 1312; x_wconf 86' lang='lat' dir='ltr'>sufficit</span> <span class='ocrx_word' id='word_1_700' title='bbox 2307 1281 2404 1312; x_wconf 88' lang='lat' dir='ltr'>fuisse</span> <span class='ocrx_word' id='word_1_701' title='bbox 2420 1280 2536 1313; x_wconf 84' lang='lat' dir='ltr'>factam</span> <span class='ocrx_word' id='word_1_702' title='bbox 2552 1290 2631 1312; x_wconf 88' lang='lat' dir='ltr'>con-</span> 
     </span>
     <span class='ocr_line' id='line_1_101' title="bbox 1565 1324 2631 1366; baseline 0.001 -11"><span class='ocrx_word' id='word_1_703' title='bbox 1565 1325 1747 1355; x_wconf 90' lang='lat' dir='ltr'>versionem</span> <span class='ocrx_word' id='word_1_704' title='bbox 1769 1325 1802 1355; x_wconf 90' lang='lat' dir='ltr'>in</span> <span class='ocrx_word' id='word_1_705' title='bbox 1827 1334 1944 1364; x_wconf 91' lang='lat' dir='ltr'>corpus</span> <span class='ocrx_word' id='word_1_706' title='bbox 1969 1324 2086 1355; x_wconf 87' lang='lat' dir='ltr'>Christi</span> <span class='ocrx_word' id='word_1_707' title='bbox 2118 1334 2285 1356; x_wconf 86' lang='lat' dir='ltr'>remanens</span> <span class='ocrx_word' id='word_1_708' title='bbox 2313 1334 2439 1366; x_wconf 87' lang='lat' dir='ltr'>semper</span> <span class='ocrx_word' id='word_1_709' title='bbox 2460 1324 2548 1357; x_wconf 87' lang='lat' dir='ltr'>idem</span> <span class='ocrx_word' id='word_1_710' title='bbox 2569 1334 2631 1356; x_wconf 89' lang='lat' dir='ltr'>nu-</span> 
     </span>
     <span class='ocr_line' id='line_1_102' title="bbox 1566 1368 2633 1411; baseline 0.001 -12"><span class='ocrx_word' id='word_1_711' title='bbox 1566 1379 1667 1405; x_wconf 90' lang='lat' dir='ltr'>mero,</span> <span class='ocrx_word' id='word_1_712' title='bbox 1691 1379 1748 1410; x_wconf 90' lang='lat' dir='ltr'>per</span> <span class='ocrx_word' id='word_1_713' title='bbox 1763 1378 2004 1409; x_wconf 90' lang='lat' dir='ltr'>quamcumque</span> <span class='ocrx_word' id='word_1_714' title='bbox 2019 1368 2157 1399; x_wconf 88' lang='lat' dir='ltr'>formam</span> <span class='ocrx_word' id='word_1_715' title='bbox 2173 1370 2392 1405; x_wconf 84' lang='lat' dir='ltr'>constituatur,</span> <span class='ocrx_word' id='word_1_716' title='bbox 2416 1369 2492 1410; x_wconf 70' lang='lat' dir='ltr'>quia</span> <span class='ocrx_word' id='word_1_717' title='bbox 2505 1377 2633 1411; x_wconf 82' lang='lat' dir='ltr'>semper</span> 
     </span>
     <span class='ocr_line' id='line_1_103' title="bbox 1566 1413 2632 1455; baseline 0.001 -12"><span class='ocrx_word' id='word_1_718' title='bbox 1566 1419 1709 1444; x_wconf 88' lang='lat' dir='ltr'>remanet</span> <span class='ocrx_word' id='word_1_719' title='bbox 1731 1422 1799 1443; x_wconf 91' lang='lat' dir='ltr'>non</span> <span class='ocrx_word' id='word_1_720' title='bbox 1823 1413 1929 1444; x_wconf 89' lang='lat' dir='ltr'>solum</span> <span class='ocrx_word' id='word_1_721' title='bbox 1954 1413 2065 1444; x_wconf 90' lang='lat' dir='ltr'>eadem</span> <span class='ocrx_word' id='word_1_722' title='bbox 2081 1414 2222 1450; x_wconf 89' lang='lat' dir='ltr'>materia,</span> <span class='ocrx_word' id='word_1_723' title='bbox 2243 1413 2299 1444; x_wconf 91' lang='lat' dir='ltr'>sed</span> <span class='ocrx_word' id='word_1_724' title='bbox 2314 1413 2427 1445; x_wconf 89' lang='lat' dir='ltr'>eadem</span> <span class='ocrx_word' id='word_1_725' title='bbox 2441 1414 2632 1455; x_wconf 77' lang='lat' dir='ltr'>hypostasis,</span> 
     </span>
     <span class='ocr_line' id='line_1_104' title="bbox 1567 1457 2634 1498; baseline 0.001 -10"><span class='ocrx_word' id='word_1_726' title='bbox 1567 1465 1607 1494; x_wconf 87' lang='lat' dir='ltr'>et,</span> <span class='ocrx_word' id='word_1_727' title='bbox 1633 1457 1723 1498; x_wconf 91' lang='lat' dir='ltr'>quod</span> <span class='ocrx_word' id='word_1_728' title='bbox 1745 1457 1818 1498; x_wconf 87' lang='lat' dir='ltr'>plus</span> <span class='ocrx_word' id='word_1_729' title='bbox 1841 1462 1898 1493; x_wconf 92' lang='lat' dir='ltr'>est,</span> <span class='ocrx_word' id='word_1_730' title='bbox 1922 1457 2008 1488; x_wconf 88' lang='lat' dir='ltr'>idem</span> <span class='ocrx_word' id='word_1_731' title='bbox 2032 1467 2118 1494; x_wconf 86' lang='lat' dir='ltr'>esse;</span> <span class='ocrx_word' id='word_1_732' title='bbox 2142 1467 2217 1488; x_wconf 88' lang='lat' dir='ltr'>narn</span> <span class='ocrx_word' id='word_1_733' title='bbox 2240 1467 2326 1488; x_wconf 90' lang='lat' dir='ltr'>nova</span> <span class='ocrx_word' id='word_1_734' title='bbox 2341 1457 2445 1489; x_wconf 76' lang='lat' dir='ltr'>forma</span> <span class='ocrx_word' id='word_1_735' title='bbox 2462 1467 2530 1488; x_wconf 90' lang='lat' dir='ltr'>non</span> <span class='ocrx_word' id='word_1_736' title='bbox 2546 1457 2634 1489; x_wconf 84' lang='lat' dir='ltr'>dedit</span> 
     </span>
     <span class='ocr_line' id='line_1_105' title="bbox 1566 1502 2542 1544; baseline -0.001 -11"><span class='ocrx_word' id='word_1_737' title='bbox 1566 1512 1690 1533; x_wconf 90' lang='lat' dir='ltr'>novum</span> <span class='ocrx_word' id='word_1_738' title='bbox 1714 1511 1792 1537; x_wconf 90' lang='lat' dir='ltr'>esse,</span> <span class='ocrx_word' id='word_1_739' title='bbox 1817 1502 1898 1532; x_wconf 90' lang='lat' dir='ltr'>sicut</span> <span class='ocrx_word' id='word_1_740' title='bbox 1921 1511 1981 1532; x_wconf 92' lang='lat' dir='ltr'>nec</span> <span class='ocrx_word' id='word_1_741' title='bbox 2005 1502 2170 1532; x_wconf 90' lang='lat' dir='ltr'>constituit</span> <span class='ocrx_word' id='word_1_742' title='bbox 2192 1512 2312 1533; x_wconf 87' lang='lat' dir='ltr'>novam</span> <span class='ocrx_word' id='word_1_743' title='bbox 2334 1503 2542 1544; x_wconf 87' lang='lat' dir='ltr'>hypostasim.</span> 
     </span>
    </p>

    <p class='ocr_par' dir='ltr' id='par_1_28' title="bbox 1622 1546 2634 1587">
     <span class='ocr_line' id='line_1_106' title="bbox 1622 1546 2634 1587; baseline 0.001 -11"><span class='ocrx_word' id='word_1_744' title='bbox 1622 1547 1663 1577; x_wconf 89' lang='lat' dir='ltr'>Et</span> <span class='ocrx_word' id='word_1_745' title='bbox 1685 1547 1753 1582; x_wconf 89' lang='lat' dir='ltr'>ista,</span> <span class='ocrx_word' id='word_1_746' title='bbox 1777 1546 1852 1576; x_wconf 90' lang='lat' dir='ltr'>licet</span> <span class='ocrx_word' id='word_1_747' title='bbox 1867 1546 1929 1576; x_wconf 91' lang='lat' dir='ltr'>sint</span> <span class='ocrx_word' id='word_1_748' title='bbox 1944 1546 2109 1582; x_wconf 88' lang='lat' dir='ltr'>mirabilia,</span> <span class='ocrx_word' id='word_1_749' title='bbox 2134 1553 2208 1577; x_wconf 88' lang='lat' dir='ltr'>sunt</span> <span class='ocrx_word' id='word_1_750' title='bbox 2222 1552 2331 1577; x_wconf 89' lang='lat' dir='ltr'>tamen</span> <span class='ocrx_word' id='word_1_751' title='bbox 2346 1556 2420 1577; x_wconf 89' lang='lat' dir='ltr'>vera</span> <span class='ocrx_word' id='word_1_752' title='bbox 2435 1546 2634 1587; x_wconf 79' lang='lat' dir='ltr'>singulariter</span> 
     </span>
    </p>
   </div>
   <div class='ocr_carea' id='block_1_20' title="bbox 1567 1590 2645 1631">
    <p class='ocr_par' dir='ltr' id='par_1_29' title="bbox 1567 1590 2645 1631">
     <span class='ocr_line' id='line_1_107' title="bbox 1567 1590 2645 1631; baseline 0 -10"><span class='ocrx_word' id='word_1_753' title='bbox 1567 1592 1600 1621; x_wconf 93' lang='lat' dir='ltr'>in</span> <span class='ocrx_word' id='word_1_754' title='bbox 1625 1591 1764 1622; x_wconf 88' lang='lat' dir='ltr'>Christo.</span> <span class='ocrx_word' id='word_1_755' title='bbox 1788 1590 1829 1620; x_wconf 91' lang='lat' dir='ltr'>Et</span> <span class='ocrx_word' id='word_1_756' title='bbox 1851 1595 2021 1630; x_wconf 90' lang='lat' dir='ltr'>propterea</span> <span class='ocrx_word' id='word_1_757' title='bbox 2045 1599 2162 1630; x_wconf 91' lang='lat' dir='ltr'>corpus</span> <span class='ocrx_word' id='word_1_758' title='bbox 2179 1590 2296 1621; x_wconf 88' lang='lat' dir='ltr'>Christi</span> <span class='ocrx_word' id='word_1_759' title='bbox 2311 1591 2345 1621; x_wconf 90' lang='lat' dir='ltr'>in</span> <span class='ocrx_word' id='word_1_760' title='bbox 2360 1591 2478 1627; x_wconf 89' lang='lat' dir='ltr'>triduo,</span> <span class='ocrx_word' id='word_1_761' title='bbox 2501 1591 2645 1631; x_wconf 73' lang='lat' dir='ltr'>propter&#39;</span> 
     </span>
    </p>
   </div>
   <div class='ocr_carea' id='block_1_21' title="bbox 1568 1634 2634 1764">
    <p class='ocr_par' dir='ltr' id='par_1_30' title="bbox 1568 1634 2634 1764">
     <span class='ocr_line' id='line_1_108' title="bbox 1568 1634 2631 1675; baseline -0.001 -9"><span class='ocrx_word' id='word_1_762' title='bbox 1568 1635 1782 1666; x_wconf 80' lang='lat' dir='ltr'>diversitatem</span> <span class='ocrx_word' id='word_1_763' title='bbox 1797 1634 1918 1664; x_wconf 88' lang='lat' dir='ltr'>formae</span> <span class='ocrx_word' id='word_1_764' title='bbox 1934 1643 2002 1665; x_wconf 89' lang='lat' dir='ltr'>non</span> <span class='ocrx_word' id='word_1_765' title='bbox 2017 1635 2078 1665; x_wconf 90' lang='lat' dir='ltr'>nisi</span> <span class='ocrx_word' id='word_1_766' title='bbox 2094 1635 2363 1675; x_wconf 81' lang='lat' dir='ltr'>secundumquid</span> <span class='ocrx_word' id='word_1_767' title='bbox 2379 1634 2514 1666; x_wconf 90' lang='lat' dir='ltr'>efficitur</span> <span class='ocrx_word' id='word_1_768' title='bbox 2529 1634 2631 1666; x_wconf 84' lang='lat' dir='ltr'>aliud:</span> 
     </span>
     <span class='ocr_line' id='line_1_109' title="bbox 1568 1678 2634 1720; baseline 0 -10"><span class='ocrx_word' id='word_1_769' title='bbox 1568 1679 1754 1720; x_wconf 91' lang='lat' dir='ltr'>simpliciter</span> <span class='ocrx_word' id='word_1_770' title='bbox 1772 1679 1859 1709; x_wconf 89' lang='lat' dir='ltr'>enim</span> <span class='ocrx_word' id='word_1_771' title='bbox 1875 1684 1906 1709; x_wconf 90' lang='lat' dir='ltr'>et</span> <span class='ocrx_word' id='word_1_772' title='bbox 1921 1679 2066 1709; x_wconf 81' lang='lat' dir='ltr'>absolute</span> <span class='ocrx_word' id='word_1_773' title='bbox 2081 1678 2259 1719; x_wconf 87' lang='lat' dir='ltr'>loquendo,</span> <span class='ocrx_word' id='word_1_774' title='bbox 2282 1685 2426 1710; x_wconf 85' lang='lat' dir='ltr'>remanet</span> <span class='ocrx_word' id='word_1_775' title='bbox 2441 1685 2473 1710; x_wconf 89' lang='lat' dir='ltr'>et</span> <span class='ocrx_word' id='word_1_776' title='bbox 2488 1685 2535 1710; x_wconf 87' lang='lat' dir='ltr'>est</span> <span class='ocrx_word' id='word_1_777' title='bbox 2550 1688 2634 1710; x_wconf 83' lang='lat' dir='ltr'>sem-</span> 
     </span>
     <span class='ocr_line' id='line_1_110' title="bbox 1568 1723 1906 1764; baseline -0.003 -10"><span class='ocrx_word' id='word_1_778' title='bbox 1568 1733 1626 1764; x_wconf 90' lang='lat' dir='ltr'>per</span> <span class='ocrx_word' id='word_1_779' title='bbox 1648 1723 1735 1754; x_wconf 90' lang='lat' dir='ltr'>idem</span> <span class='ocrx_word' id='word_1_780' title='bbox 1758 1732 1906 1753; x_wconf 90' lang='lat' dir='ltr'>numero.</span> 
     </span>
    </p>
   </div>
   <div class='ocr_carea' id='block_1_22' title="bbox 1622 1766 2634 1807">
    <p class='ocr_par' dir='ltr' id='par_1_31' title="bbox 1622 1766 2634 1807">
     <span class='ocr_line' id='line_1_111' title="bbox 1622 1766 2634 1807; baseline 0.001 -10"><span class='ocrx_word' id='word_1_781' title='bbox 1622 1767 1758 1798; x_wconf 91' lang='lat' dir='ltr'>Videtur</span> <span class='ocrx_word' id='word_1_782' title='bbox 1786 1773 1894 1797; x_wconf 89' lang='lat' dir='ltr'>tamen</span> <span class='ocrx_word' id='word_1_783' title='bbox 1926 1766 2015 1807; x_wconf 90' lang='lat' dir='ltr'>quod</span> <span class='ocrx_word' id='word_1_784' title='bbox 2038 1777 2123 1798; x_wconf 92' lang='lat' dir='ltr'>nova</span> <span class='ocrx_word' id='word_1_785' title='bbox 2146 1767 2198 1798; x_wconf 90' lang='lat' dir='ltr'>illa</span> <span class='ocrx_word' id='word_1_786' title='bbox 2220 1766 2324 1798; x_wconf 88' lang='lat' dir='ltr'>forma</span> <span class='ocrx_word' id='word_1_787' title='bbox 2351 1769 2433 1798; x_wconf 88' lang='lat' dir='ltr'>sicut</span> <span class='ocrx_word' id='word_1_788' title='bbox 2464 1767 2634 1799; x_wconf 85' lang='lat' dir='ltr'>adventitie</span> 
     </span>
    </p>
   </div>
   <div class='ocr_carea' id='block_1_23' title="bbox 1568 1810 2646 1852">
    <p class='ocr_par' dir='ltr' id='par_1_32' title="bbox 1568 1810 2646 1852">
     <span class='ocr_line' id='line_1_112' title="bbox 1568 1810 2646 1852; baseline 0 -10"><span class='ocrx_word' id='word_1_789' title='bbox 1568 1812 1706 1852; x_wconf 90' lang='lat' dir='ltr'>pertinet</span> <span class='ocrx_word' id='word_1_790' title='bbox 1729 1811 1768 1842; x_wconf 94' lang='lat' dir='ltr'>ad</span> <span class='ocrx_word' id='word_1_791' title='bbox 1792 1820 1910 1851; x_wconf 85' lang='lat' dir='ltr'>corpus</span> <span class='ocrx_word' id='word_1_792' title='bbox 1934 1810 2062 1847; x_wconf 90' lang='lat' dir='ltr'>Christi,</span> <span class='ocrx_word' id='word_1_793' title='bbox 2079 1812 2113 1842; x_wconf 91' lang='lat' dir='ltr'>in</span> <span class='ocrx_word' id='word_1_794' title='bbox 2132 1812 2395 1852; x_wconf 88' lang='lat' dir='ltr'>supplementum</span> <span class='ocrx_word' id='word_1_795' title='bbox 2418 1817 2579 1852; x_wconf 89' lang='lat' dir='ltr'>separatae</span> <span class='ocrx_word' id='word_1_796' title='bbox 2594 1810 2646 1842; x_wconf 76' lang='lat' dir='ltr'>ad&#39;</span> 
     </span>
    </p>
   </div>
   <div class='ocr_carea' id='block_1_24' title="bbox 1569 1855 2634 1896">
    <p class='ocr_par' dir='ltr' id='par_1_33' title="bbox 1569 1855 2634 1896">
     <span class='ocr_line' id='line_1_113' title="bbox 1569 1855 2634 1896; baseline 0 -10"><span class='ocrx_word' id='word_1_797' title='bbox 1569 1862 1696 1896; x_wconf 90' lang='lat' dir='ltr'>tempus</span> <span class='ocrx_word' id='word_1_798' title='bbox 1719 1856 1867 1896; x_wconf 89' lang='lat' dir='ltr'>propriae</span> <span class='ocrx_word' id='word_1_799' title='bbox 1892 1856 2032 1891; x_wconf 89' lang='lat' dir='ltr'>animae;</span> <span class='ocrx_word' id='word_1_800' title='bbox 2061 1855 2105 1886; x_wconf 87' lang='lat' dir='ltr'>ita</span> <span class='ocrx_word' id='word_1_801' title='bbox 2127 1856 2236 1895; x_wconf 87' lang='lat' dir='ltr'>potius</span> <span class='ocrx_word' id='word_1_802' title='bbox 2260 1856 2514 1886; x_wconf 85' lang='lat' dir='ltr'>concomitanter</span> <span class='ocrx_word' id='word_1_803' title='bbox 2536 1863 2634 1895; x_wconf 87' lang='lat' dir='ltr'>quam</span> 
     </span>
    </p>
   </div>
   <div class='ocr_carea' id='block_1_25' title="bbox 1570 1899 2648 1935">
    <p class='ocr_par' dir='ltr' id='par_1_34' title="bbox 1570 1899 2648 1935">
     <span class='ocr_line' id='line_1_114' title="bbox 1570 1899 2648 1935; baseline 0 -5"><span class='ocrx_word' id='word_1_804' title='bbox 1570 1910 1607 1931; x_wconf 88' lang='lat' dir='ltr'>ex</span> <span class='ocrx_word' id='word_1_805' title='bbox 1635 1901 1667 1930; x_wconf 93' lang='lat' dir='ltr'>vi</span> <span class='ocrx_word' id='word_1_806' title='bbox 1697 1900 1905 1935; x_wconf 80' lang='lat' dir='ltr'>sacramenti,</span> <span class='ocrx_word' id='word_1_807' title='bbox 1929 1909 2014 1930; x_wconf 89' lang='lat' dir='ltr'>nova</span> <span class='ocrx_word' id='word_1_808' title='bbox 2041 1900 2095 1930; x_wconf 90' lang='lat' dir='ltr'>illa</span> <span class='ocrx_word' id='word_1_809' title='bbox 2124 1899 2229 1930; x_wconf 89' lang='lat' dir='ltr'>forma</span> <span class='ocrx_word' id='word_1_810' title='bbox 2256 1905 2408 1930; x_wconf 83' lang='lat' dir='ltr'>contenta</span> <span class='ocrx_word' id='word_1_811' title='bbox 2435 1899 2546 1930; x_wconf 86' lang='lat' dir='ltr'>fuisset</span> <span class='ocrx_word' id='word_1_812' title='bbox 2574 1899 2648 1931; x_wconf 69' lang='lat' dir='ltr'>sub</span> 
     </span>
    </p>
   </div>
   <div class='ocr_carea' id='block_1_26' title="bbox 1569 1944 2636 2073">
    <p class='ocr_par' dir='ltr' id='par_1_35' title="bbox 1569 1944 2636 2073">
     <span class='ocr_line' id='line_1_115' title="bbox 1569 1944 2593 1975; baseline -0.003 0"><span class='ocrx_word' id='word_1_813' title='bbox 1569 1949 1689 1975; x_wconf 90' lang='lat' dir='ltr'>servata</span> <span class='ocrx_word' id='word_1_814' title='bbox 1711 1949 1789 1974; x_wconf 89' lang='lat' dir='ltr'>tunc</span> <span class='ocrx_word' id='word_1_815' title='bbox 1812 1944 1925 1974; x_wconf 84' lang='lat' dir='ltr'>hostia.</span> <span class='ocrx_word' id='word_1_816' title='bbox 2564 1971 2569 1974; x_wconf 88' lang='grc'><em>,</em></span> <span class='ocrx_word' id='word_1_817' title='bbox 2591 1970 2593 1972; x_wconf 83' lang='grc'>.</span> 
     </span>
     <span class='ocr_line' id='line_1_116' title="bbox 1624 1987 2636 2030; baseline 0.001 -12"><span class='ocrx_word' id='word_1_818' title='bbox 1624 1989 1663 2019; x_wconf 95' lang='lat' dir='ltr'>V.</span> <span class='ocrx_word' id='word_1_819' title='bbox 1687 1988 1739 2018; x_wconf 86' lang='lat' dir='ltr'>Ad</span> <span class='ocrx_word' id='word_1_820' title='bbox 1761 1987 1940 2018; x_wconf 88' lang='lat' dir='ltr'>secundum</span> <span class='ocrx_word' id='word_1_821' title='bbox 1957 1989 1973 2004; x_wconf 62' lang='lat'>³*</span> <span class='ocrx_word' id='word_1_822' title='bbox 1986 1987 2112 2030; x_wconf 59' lang='lat' dir='ltr'>⁴dicitur</span> <span class='ocrx_word' id='word_1_823' title='bbox 2135 1987 2345 2020; x_wconf 90' lang='lat' dir='ltr'>concedendo</span> <span class='ocrx_word' id='word_1_824' title='bbox 2369 1988 2459 2029; x_wconf 87' lang='lat' dir='ltr'>quod</span> <span class='ocrx_word' id='word_1_825' title='bbox 2481 1988 2636 2027; x_wconf 84' lang='lat' dir='ltr'>terminus</span> 
     </span>
     <span class='ocr_line' id='line_1_117' title="bbox 1569 2031 2636 2073; baseline 0.002 -11"><span class='ocrx_word' id='word_1_826' title='bbox 1569 2032 1788 2063; x_wconf 88' lang='lat' dir='ltr'>conversionis</span> <span class='ocrx_word' id='word_1_827' title='bbox 1811 2037 1858 2062; x_wconf 91' lang='lat' dir='ltr'>est</span> <span class='ocrx_word' id='word_1_828' title='bbox 1881 2031 1960 2072; x_wconf 93' lang='lat' dir='ltr'>quid</span> <span class='ocrx_word' id='word_1_829' title='bbox 1982 2032 2066 2063; x_wconf 90' lang='lat' dir='ltr'>reale</span> <span class='ocrx_word' id='word_1_830' title='bbox 2089 2037 2125 2062; x_wconf 93' lang='lat' dir='ltr'>ut</span> <span class='ocrx_word' id='word_1_831' title='bbox 2139 2032 2233 2063; x_wconf 90' lang='lat' dir='ltr'>reale.</span> <span class='ocrx_word' id='word_1_832' title='bbox 2258 2032 2300 2065; x_wconf 93' lang='lat' dir='ltr'>Et</span> <span class='ocrx_word' id='word_1_833' title='bbox 2313 2037 2484 2073; x_wconf 87' lang='lat' dir='ltr'>propterea</span> <span class='ocrx_word' id='word_1_834' title='bbox 2501 2037 2636 2073; x_wconf 81' lang='lat' dir='ltr'>negatur</span> 
     </span>
    </p>
   </div>
   <div class='ocr_carea' id='block_1_27' title="bbox 2662 1994 2881 2023">
    <p class='ocr_par' dir='ltr' id='par_1_36' title="bbox 2662 1994 2881 2023">
     <span class='ocr_line' id='line_1_118' title="bbox 2662 1994 2881 2023; baseline 0 -6"><span class='ocrx_word' id='word_1_835' title='bbox 2662 1995 2673 2006; x_wconf 88' lang='grc'><em>·</em></span> <span class='ocrx_word' id='word_1_836' title='bbox 2687 1994 2758 2018; x_wconf 78' lang='lat' dir='ltr'>Num.</span> <span class='ocrx_word' id='word_1_837' title='bbox 2768 2000 2791 2023; x_wconf 80' lang='lat' dir='ltr'>n,</span> <span class='ocrx_word' id='word_1_838' title='bbox 2801 1994 2881 2017; x_wconf 83' lang='lat' dir='ltr'>Prae·-</span> 
     </span>
    </p>
   </div>
   <div class='ocr_carea' id='block_1_28' title="bbox 1570 2075 2648 2117">
    <p class='ocr_par' dir='ltr' id='par_1_37' title="bbox 1570 2075 2648 2117">
     <span class='ocr_line' id='line_1_119' title="bbox 1570 2075 2648 2117; baseline 0 -10"><span class='ocrx_word' id='word_1_839' title='bbox 1570 2078 1709 2107; x_wconf 86' lang='lat' dir='ltr'>animam</span> <span class='ocrx_word' id='word_1_840' title='bbox 1737 2075 1866 2107; x_wconf 89' lang='lat' dir='ltr'>dantem</span> <span class='ocrx_word' id='word_1_841' title='bbox 1897 2085 1965 2107; x_wconf 90' lang='lat' dir='ltr'>esse</span> <span class='ocrx_word' id='word_1_842' title='bbox 1989 2085 2199 2117; x_wconf 90' lang='lat' dir='ltr'>corporeum,</span> <span class='ocrx_word' id='word_1_843' title='bbox 2223 2081 2260 2107; x_wconf 93' lang='lat' dir='ltr'>ut</span> <span class='ocrx_word' id='word_1_844' title='bbox 2283 2077 2341 2113; x_wconf 89' lang='lat' dir='ltr'>sic,</span> <span class='ocrx_word' id='word_1_845' title='bbox 2367 2086 2435 2107; x_wconf 87' lang='lat' dir='ltr'>esse</span> <span class='ocrx_word' id='word_1_846' title='bbox 2466 2076 2648 2115; x_wconf 59' lang='lat' dir='ltr'>rationem,</span> 
     </span>
    </p>
   </div>
   <div class='ocr_carea' id='block_1_29' title="bbox 1570 2120 2635 2206">
    <p class='ocr_par' dir='ltr' id='par_1_38' title="bbox 1570 2120 2635 2206">
     <span class='ocr_line' id='line_1_120' title="bbox 1570 2120 2634 2161; baseline 0 -9"><span class='ocrx_word' id='word_1_847' title='bbox 1570 2127 1625 2152; x_wconf 92' lang='lat' dir='ltr'>aut</span> <span class='ocrx_word' id='word_1_848' title='bbox 1647 2121 1814 2151; x_wconf 84' lang='lat' dir='ltr'>minimam</span> <span class='ocrx_word' id='word_1_849' title='bbox 1838 2121 1978 2161; x_wconf 83' lang='lat' dir='ltr'>aliquam</span> <span class='ocrx_word' id='word_1_850' title='bbox 1994 2120 2243 2151; x_wconf 83' lang='lat' dir='ltr'>diminutionem</span> <span class='ocrx_word' id='word_1_851' title='bbox 2261 2121 2409 2151; x_wconf 85' lang='lat' dir='ltr'>realitatis</span> <span class='ocrx_word' id='word_1_852' title='bbox 2432 2129 2556 2151; x_wconf 85' lang='lat' dir='ltr'>sonare.</span> <span class='ocrx_word' id='word_1_853' title='bbox 2579 2120 2634 2152; x_wconf 84' lang='lat' dir='ltr'>Li·-</span> 
     </span>
     <span class='ocr_line' id='line_1_121' title="bbox 1571 2164 2635 2206; baseline 0.001 -11"><span class='ocrx_word' id='word_1_854' title='bbox 1571 2171 1621 2196; x_wconf 85' lang='lat' dir='ltr'>cet</span> <span class='ocrx_word' id='word_1_855' title='bbox 1644 2166 1731 2196; x_wconf 89' lang='lat' dir='ltr'>enim</span> <span class='ocrx_word' id='word_1_856' title='bbox 1754 2164 1914 2196; x_wconf 87' lang='lat' dir='ltr'>distinctio</span> <span class='ocrx_word' id='word_1_857' title='bbox 1937 2165 2038 2205; x_wconf 82' lang='lat' dir='ltr'>ipsius</span> <span class='ocrx_word' id='word_1_858' title='bbox 2061 2164 2164 2196; x_wconf 79' lang='lat' dir='ltr'>damis</span> <span class='ocrx_word' id='word_1_859' title='bbox 2187 2174 2255 2196; x_wconf 89' lang='lat' dir='ltr'>esse</span> <span class='ocrx_word' id='word_1_860' title='bbox 2279 2174 2473 2206; x_wconf 86' lang='lat' dir='ltr'>corporeum</span> <span class='ocrx_word' id='word_1_861' title='bbox 2496 2167 2514 2196; x_wconf 79' lang='lat' dir='ltr'>&#39;a</span> <span class='ocrx_word' id='word_1_862' title='bbox 2532 2165 2635 2206; x_wconf 79' lang='lat' dir='ltr'>seipsa</span> 
     </span>
    </p>
   </div>
   <div class='ocr_carea' id='block_1_30' title="bbox 1570 2209 2653 2249">
    <p class='ocr_par' dir='ltr' id='par_1_39' title="bbox 1570 2209 2653 2249">
     <span class='ocr_line' id='line_1_122' title="bbox 1570 2209 2653 2249; baseline 0 -9"><span class='ocrx_word' id='word_1_863' title='bbox 1570 2209 1665 2240; x_wconf 91' lang='lat' dir='ltr'>dante</span> <span class='ocrx_word' id='word_1_864' title='bbox 1689 2219 1757 2240; x_wconf 90' lang='lat' dir='ltr'>esse</span> <span class='ocrx_word' id='word_1_865' title='bbox 1780 2210 1966 2246; x_wconf 88' lang='lat' dir='ltr'>animatum,</span> <span class='ocrx_word' id='word_1_866' title='bbox 1991 2209 2030 2240; x_wconf 90' lang='lat' dir='ltr'>sit</span> <span class='ocrx_word' id='word_1_867' title='bbox 2052 2210 2143 2246; x_wconf 88' lang='lat' dir='ltr'>ratio,</span> <span class='ocrx_word' id='word_1_868' title='bbox 2167 2219 2225 2240; x_wconf 88' lang='lat' dir='ltr'>seu</span> <span class='ocrx_word' id='word_1_869' title='bbox 2247 2210 2378 2241; x_wconf 81' lang='lat' dir='ltr'>rationis</span> <span class='ocrx_word' id='word_1_870' title='bbox 2401 2219 2474 2246; x_wconf 86' lang='lat' dir='ltr'>ens;</span> <span class='ocrx_word' id='word_1_871' title='bbox 2497 2209 2568 2249; x_wconf 81' lang='lat' dir='ltr'>ipsa</span> <span class='ocrx_word' id='word_1_872' title='bbox 2588 2214 2653 2240; x_wconf 54' lang='grc' dir='ltr'>ω’</span> 
     </span>
    </p>
   </div>
   <div class='ocr_carea' id='block_1_31' title="bbox 1570 2253 2635 2294">
    <p class='ocr_par' dir='ltr' id='par_1_40' title="bbox 1570 2253 2635 2294">
     <span class='ocr_line' id='line_1_123' title="bbox 1570 2253 2635 2294; baseline 0 -10"><span class='ocrx_word' id='word_1_873' title='bbox 1570 2264 1664 2290; x_wconf 90' lang='lat' dir='ltr'>men,</span> <span class='ocrx_word' id='word_1_874' title='bbox 1693 2259 1759 2284; x_wconf 90' lang='lat' dir='ltr'>tam</span> <span class='ocrx_word' id='word_1_875' title='bbox 1787 2253 1865 2284; x_wconf 87' lang='lat' dir='ltr'>dans</span> <span class='ocrx_word' id='word_1_876' title='bbox 1889 2263 1956 2284; x_wconf 86' lang='lat' dir='ltr'>esse</span> <span class='ocrx_word' id='word_1_877' title='bbox 1979 2263 2173 2294; x_wconf 91' lang='lat' dir='ltr'>corporeum</span> <span class='ocrx_word' id='word_1_878' title='bbox 2196 2259 2233 2284; x_wconf 89' lang='lat' dir='ltr'>ut</span> <span class='ocrx_word' id='word_1_879' title='bbox 2255 2254 2316 2290; x_wconf 80' lang='lat' dir='ltr'>sic,</span> <span class='ocrx_word' id='word_1_880' title='bbox 2345 2263 2444 2294; x_wconf 89' lang='lat' dir='ltr'>quam</span> <span class='ocrx_word' id='word_1_881' title='bbox 2466 2253 2544 2284; x_wconf 85' lang='lat' dir='ltr'>dans</span> <span class='ocrx_word' id='word_1_882' title='bbox 2566 2262 2635 2285; x_wconf 80' lang='lat' dir='ltr'>esse</span> 
     </span>
    </p>
   </div>
   <div class='ocr_carea' id='block_1_32' title="bbox 1570 2297 2653 2338">
    <p class='ocr_par' dir='ltr' id='par_1_41' title="bbox 1570 2297 2653 2338">
     <span class='ocr_line' id='line_1_124' title="bbox 1570 2297 2653 2338; baseline 0.001 -9"><span class='ocrx_word' id='word_1_883' title='bbox 1570 2299 1747 2329; x_wconf 88' lang='lat' dir='ltr'>animatum</span> <span class='ocrx_word' id='word_1_884' title='bbox 1770 2303 1807 2328; x_wconf 91' lang='lat' dir='ltr'>ut</span> <span class='ocrx_word' id='word_1_885' title='bbox 1829 2298 1884 2334; x_wconf 91' lang='lat' dir='ltr'>sic,</span> <span class='ocrx_word' id='word_1_886' title='bbox 1909 2307 1977 2328; x_wconf 91' lang='lat' dir='ltr'>non</span> <span class='ocrx_word' id='word_1_887' title='bbox 1999 2297 2107 2329; x_wconf 91' lang='lat' dir='ltr'>minus</span> <span class='ocrx_word' id='word_1_888' title='bbox 2131 2302 2178 2328; x_wconf 91' lang='lat' dir='ltr'>est</span> <span class='ocrx_word' id='word_1_889' title='bbox 2199 2297 2291 2329; x_wconf 89' lang='lat' dir='ltr'>realis</span> <span class='ocrx_word' id='word_1_890' title='bbox 2313 2303 2350 2329; x_wconf 89' lang='lat' dir='ltr'>ut</span> <span class='ocrx_word' id='word_1_891' title='bbox 2372 2297 2464 2328; x_wconf 87' lang='lat' dir='ltr'>realis</span> <span class='ocrx_word' id='word_1_892' title='bbox 2487 2307 2587 2338; x_wconf 86' lang='lat' dir='ltr'>quam</span> <span class='ocrx_word' id='word_1_893' title='bbox 2608 2298 2653 2330; x_wconf 62' lang='lat' dir='ltr'>si-</span> 
     </span>
    </p>
   </div>
   <div class='ocr_carea' id='block_1_33' title="bbox 1571 2340 2636 2382">
    <p class='ocr_par' dir='ltr' id='par_1_42' title="bbox 1571 2340 2636 2382">
     <span class='ocr_line' id='line_1_125' title="bbox 1571 2340 2636 2382; baseline -0.001 -9"><span class='ocrx_word' id='word_1_894' title='bbox 1571 2342 1816 2382; x_wconf 83' lang='lat' dir='ltr'>distingueretur</span> <span class='ocrx_word' id='word_1_895' title='bbox 1839 2351 1857 2372; x_wconf 91' lang='lat' dir='ltr'>a</span> <span class='ocrx_word' id='word_1_896' title='bbox 1879 2342 1982 2382; x_wconf 88' lang='lat' dir='ltr'>seipsa</span> <span class='ocrx_word' id='word_1_897' title='bbox 2004 2341 2136 2372; x_wconf 89' lang='lat' dir='ltr'>realiter.</span> <span class='ocrx_word' id='word_1_898' title='bbox 2173 2341 2342 2372; x_wconf 82' lang='lat' dir='ltr'>Distinctio</span> <span class='ocrx_word' id='word_1_899' title='bbox 2371 2342 2457 2372; x_wconf 88' lang='lat' dir='ltr'>enim</span> <span class='ocrx_word' id='word_1_900' title='bbox 2479 2341 2531 2372; x_wconf 90' lang='lat' dir='ltr'>vel</span> <span class='ocrx_word' id='word_1_901' title='bbox 2553 2340 2636 2373; x_wconf 81' lang='lat' dir='ltr'>indi-</span> 
     </span>
    </p>
   </div>
   <div class='ocr_carea' id='block_1_34' title="bbox 1571 2385 2636 2426">
    <p class='ocr_par' dir='ltr' id='par_1_43' title="bbox 1571 2385 2636 2426">
     <span class='ocr_line' id='line_1_126' title="bbox 1571 2385 2636 2426; baseline 0 -9"><span class='ocrx_word' id='word_1_902' title='bbox 1571 2387 1698 2417; x_wconf 85' lang='lat' dir='ltr'>stinctio</span> <span class='ocrx_word' id='word_1_903' title='bbox 1728 2385 1915 2417; x_wconf 88' lang='lat' dir='ltr'>huiusmodi</span> <span class='ocrx_word' id='word_1_904' title='bbox 1946 2395 2004 2426; x_wconf 90' lang='lat' dir='ltr'>per</span> <span class='ocrx_word' id='word_1_905' title='bbox 2026 2385 2173 2416; x_wconf 85' lang='lat' dir='ltr'>accidens</span> <span class='ocrx_word' id='word_1_906' title='bbox 2201 2395 2235 2416; x_wconf 87' lang='lat' dir='ltr'>se</span> <span class='ocrx_word' id='word_1_907' title='bbox 2258 2385 2377 2417; x_wconf 89' lang='lat' dir='ltr'>habent</span> <span class='ocrx_word' id='word_1_908' title='bbox 2399 2385 2439 2416; x_wconf 90' lang='lat' dir='ltr'>ad</span> <span class='ocrx_word' id='word_1_909' title='bbox 2461 2385 2636 2417; x_wconf 83' lang='lat' dir='ltr'>realitatem</span> 
     </span>
    </p>
   </div>
   <div class='ocr_carea' id='block_1_35' title="bbox 1569 2429 2174 2472">
    <p class='ocr_par' dir='ltr' id='par_1_44' title="bbox 1569 2429 2174 2472">
     <span class='ocr_line' id='line_1_127' title="bbox 1569 2429 2174 2472; baseline -0.002 -11"><span class='ocrx_word' id='word_1_910' title='bbox 1569 2431 1670 2472; x_wconf 89' lang='lat' dir='ltr'>ipsius</span> <span class='ocrx_word' id='word_1_911' title='bbox 1694 2430 1796 2461; x_wconf 88' lang='lat' dir='ltr'>dantis</span> <span class='ocrx_word' id='word_1_912' title='bbox 1818 2431 1882 2460; x_wconf 92' lang='lat' dir='ltr'>hoc</span> <span class='ocrx_word' id='word_1_913' title='bbox 1906 2435 1937 2460; x_wconf 90' lang='lat' dir='ltr'>et</span> <span class='ocrx_word' id='word_1_914' title='bbox 1959 2429 2062 2460; x_wconf 87' lang='lat' dir='ltr'>dantis</span> <span class='ocrx_word' id='word_1_915' title='bbox 2084 2429 2174 2460; x_wconf 89' lang='lat' dir='ltr'>illud.</span> 
     </span>
    </p>
   </div>
   <div class='ocr_carea' id='block_1_36' title="bbox 1570 2473 2864 2683">
    <p class='ocr_par' dir='ltr' id='par_1_45' title="bbox 1570 2473 2864 2683">
     <span class='ocr_line' id='line_1_128' title="bbox 1625 2473 2634 2511; baseline 0.001 -6"><span class='ocrx_word' id='word_1_916' title='bbox 1625 2475 1679 2505; x_wconf 86' lang='lat' dir='ltr'>vl.</span> <span class='ocrx_word' id='word_1_917' title='bbox 1703 2475 1744 2505; x_wconf 92' lang='lat' dir='ltr'>Et</span> <span class='ocrx_word' id='word_1_918' title='bbox 1766 2480 1812 2510; x_wconf 89' lang='lat' dir='ltr'>tu,</span> <span class='ocrx_word' id='word_1_919' title='bbox 1831 2474 1971 2511; x_wconf 87' lang='lat' dir='ltr'>Novitie‚</span> <span class='ocrx_word' id='word_1_920' title='bbox 1988 2475 2067 2505; x_wconf 88' lang='lat' dir='ltr'>scito</span> <span class='ocrx_word' id='word_1_921' title='bbox 2083 2474 2151 2505; x_wconf 76' lang='lat' dir='ltr'>sion</span> <span class='ocrx_word' id='word_1_922' title='bbox 2167 2473 2284 2505; x_wconf 90' lang='lat' dir='ltr'>referre</span> <span class='ocrx_word' id='word_1_923' title='bbox 2299 2474 2339 2505; x_wconf 85' lang='lat' dir='ltr'>ad</span> <span class='ocrx_word' id='word_1_924' title='bbox 2354 2473 2430 2506; x_wconf 90' lang='lat' dir='ltr'>fidei</span> <span class='ocrx_word' id='word_1_925' title='bbox 2445 2474 2634 2511; x_wconf 71' lang='lat' dir='ltr'>doctrinam,</span> 
     </span>
     <span class='ocr_line' id='line_1_129' title="bbox 1571 2518 2669 2559; baseline -0.002 -9"><span class='ocrx_word' id='word_1_926' title='bbox 1571 2519 1627 2550; x_wconf 87' lang='lat' dir='ltr'>sed</span> <span class='ocrx_word' id='word_1_927' title='bbox 1656 2518 1696 2550; x_wconf 89' lang='lat' dir='ltr'>ad</span> <span class='ocrx_word' id='word_1_928' title='bbox 1718 2518 1957 2559; x_wconf 87' lang='lat' dir='ltr'>philosophicas</span> <span class='ocrx_word' id='word_1_929' title='bbox 1981 2518 2170 2558; x_wconf 90' lang='lat' dir='ltr'>opiniones,</span> <span class='ocrx_word' id='word_1_930' title='bbox 2199 2519 2244 2549; x_wconf 89' lang='lat' dir='ltr'>sic</span> <span class='ocrx_word' id='word_1_931' title='bbox 2266 2519 2319 2550; x_wconf 89' lang='lat' dir='ltr'>vel</span> <span class='ocrx_word' id='word_1_932' title='bbox 2341 2518 2429 2549; x_wconf 90' lang='lat' dir='ltr'>aliter</span> <span class='ocrx_word' id='word_1_933' title='bbox 2455 2518 2669 2557; x_wconf 57' lang='lat' dir='ltr'>sentirede„</span> 
     </span>
     <span class='ocr_line' id='line_1_130' title="bbox 1570 2561 2657 2602; baseline 0 -8"><span class='ocrx_word' id='word_1_934' title='bbox 1570 2563 1734 2594; x_wconf 89' lang='lat' dir='ltr'>identitate</span> <span class='ocrx_word' id='word_1_935' title='bbox 1750 2562 1876 2593; x_wconf 90' lang='lat' dir='ltr'>formali</span> <span class='ocrx_word' id='word_1_936' title='bbox 1892 2562 2035 2602; x_wconf 89' lang='lat' dir='ltr'>corporis</span> <span class='ocrx_word' id='word_1_937' title='bbox 2052 2561 2169 2593; x_wconf 90' lang='lat' dir='ltr'>Christi</span> <span class='ocrx_word' id='word_1_938' title='bbox 2184 2562 2218 2593; x_wconf 90' lang='lat' dir='ltr'>in</span> <span class='ocrx_word' id='word_1_939' title='bbox 2233 2561 2350 2594; x_wconf 85' lang='lat' dir='ltr'>triduo.</span> <span class='ocrx_word' id='word_1_940' title='bbox 2371 2563 2533 2594; x_wconf 91' lang='lat' dir='ltr'>Tenentes</span> <span class='ocrx_word' id='word_1_941' title='bbox 2549 2561 2657 2595; x_wconf 82' lang='lat' dir='ltr'>enim</span> 
     </span>
     <span class='ocr_line' id='line_1_131' title="bbox 1570 2601 2657 2648; baseline 0.001 -11"><span class='ocrx_word' id='word_1_942' title='bbox 1570 2616 1670 2638; x_wconf 85' lang='lat' dir='ltr'>unam</span> <span class='ocrx_word' id='word_1_943' title='bbox 1684 2612 1809 2637; x_wconf 89' lang='lat' dir='ltr'>tantum</span> <span class='ocrx_word' id='word_1_944' title='bbox 1825 2606 1963 2637; x_wconf 87' lang='lat' dir='ltr'>formam</span> <span class='ocrx_word' id='word_1_945' title='bbox 1979 2607 2218 2637; x_wconf 88' lang='lat' dir='ltr'>substantialem</span> <span class='ocrx_word' id='word_1_946' title='bbox 2233 2607 2267 2637; x_wconf 90' lang='lat' dir='ltr'>in</span> <span class='ocrx_word' id='word_1_947' title='bbox 2283 2608 2476 2648; x_wconf 88' lang='lat' dir='ltr'>composito,</span> <span class='ocrx_word' id='word_1_948' title='bbox 2497 2607 2536 2638; x_wconf 90' lang='lat' dir='ltr'>de</span> <span class='ocrx_word' id='word_1_949' title='bbox 2553 2607 2636 2647; x_wconf 67' lang='lat' dir='ltr'>quo-‘-</span> <span class='ocrx_word' id='word_1_950' title='bbox 2655 2601 2657 2607; x_wconf 69' lang='grc'><em>’</em></span> 
     </span>
     <span class='ocr_line' id='line_1_132' title="bbox 2651 2651 2864 2683; baseline 0 -7"><span class='ocrx_word' id='word_1_951' title='bbox 2651 2651 2672 2666; x_wconf 90' lang='grc'>”·</span> <span class='ocrx_word' id='word_1_952' title='bbox 2692 2654 2752 2678; x_wconf 70' lang='lat' dir='ltr'>pm.</span> <span class='ocrx_word' id='word_1_953' title='bbox 2774 2654 2799 2681; x_wconf 88' lang='lat'>1,</span> <span class='ocrx_word' id='word_1_954' title='bbox 2821 2661 2864 2683; x_wconf 81' lang='lat' dir='ltr'>qu.</span> 
     </span>
    </p>
   </div>
   <div class='ocr_carea' id='block_1_37' title="bbox 1570 2649 2634 2691">
    <p class='ocr_par' dir='ltr' id='par_1_46' title="bbox 1570 2649 2634 2691">
     <span class='ocr_line' id='line_1_133' title="bbox 1570 2649 2634 2691; baseline 0 -9"><span class='ocrx_word' id='word_1_955' title='bbox 1570 2661 1643 2682; x_wconf 91' lang='lat' dir='ltr'>rum</span> <span class='ocrx_word' id='word_1_956' title='bbox 1666 2661 1803 2682; x_wconf 88' lang='lat' dir='ltr'>numero</span> <span class='ocrx_word' id='word_1_957' title='bbox 1828 2656 1874 2681; x_wconf 90' lang='lat' dir='ltr'>est</span> <span class='ocrx_word' id='word_1_958' title='bbox 1897 2650 2021 2681; x_wconf 89' lang='lat' dir='ltr'>Auctor</span> <span class='ocrx_word' id='word_1_959' title='bbox 2037 2652 2063 2687; x_wconf 66' lang='lat'>⁹,</span> <span class='ocrx_word' id='word_1_960' title='bbox 2088 2656 2324 2691; x_wconf 88' lang='lat' dir='ltr'>consequenter</span> <span class='ocrx_word' id='word_1_961' title='bbox 2346 2651 2457 2683; x_wconf 87' lang='lat' dir='ltr'>dicunt</span> <span class='ocrx_word' id='word_1_962' title='bbox 2475 2652 2530 2682; x_wconf 91' lang='lat' dir='ltr'>sic.</span> <span class='ocrx_word' id='word_1_963' title='bbox 2555 2649 2634 2691; x_wconf 53' lang='lat' dir='ltr'>Opia</span> 
     </span>
    </p>
   </div>
   <div class='ocr_carea' id='block_1_38' title="bbox 2660 2686 2706 2703">
    <p class='ocr_par' dir='ltr' id='par_1_47' title="bbox 2660 2686 2706 2703">
     <span class='ocr_line' id='line_1_134' title="bbox 2660 2686 2706 2703; baseline 0 0"><span class='ocrx_word' id='word_1_964' title='bbox 2660 2686 2706 2703; x_wconf 71' lang='lat' dir='ltr'>m</span> 
     </span>
    </p>
   </div>
   <div class='ocr_carea' id='block_1_39' title="bbox 2746 2685 2863 2709">
    <p class='ocr_par' dir='ltr' id='par_1_48' title="bbox 2746 2685 2863 2709">
     <span class='ocr_line' id='line_1_135' title="bbox 2746 2685 2863 2709; baseline 0 -6"><span class='ocrx_word' id='word_1_965' title='bbox 2746 2685 2789 2704; x_wconf 78' lang='grc' dir='ltr'>ιη.</span> <span class='ocrx_word' id='word_1_966' title='bbox 2799 2688 2823 2709; x_wconf 86' lang='lat'>4,</span> <span class='ocrx_word' id='word_1_967' title='bbox 2838 2685 2863 2703; x_wconf 78' lang='lat' dir='ltr'>et</span> 
     </span>
    </p>
   </div>
   <div class='ocr_carea' id='block_1_40' title="bbox 1570 2694 2807 2736">
    <p class='ocr_par' dir='ltr' id='par_1_49' title="bbox 1570 2694 2807 2736">
     <span class='ocr_line' id='line_1_136' title="bbox 1570 2694 2807 2736; baseline 0.001 -10"><span class='ocrx_word' id='word_1_968' title='bbox 1570 2701 1682 2726; x_wconf 89' lang='lat' dir='ltr'>nantes</span> <span class='ocrx_word' id='word_1_969' title='bbox 1705 2701 1814 2726; x_wconf 87' lang='lat' dir='ltr'>autem</span> <span class='ocrx_word' id='word_1_970' title='bbox 1837 2704 1905 2726; x_wconf 89' lang='lat' dir='ltr'>esse</span> <span class='ocrx_word' id='word_1_971' title='bbox 1927 2695 2035 2735; x_wconf 91' lang='lat' dir='ltr'>plures</span> <span class='ocrx_word' id='word_1_972' title='bbox 2058 2694 2178 2726; x_wconf 86' lang='lat' dir='ltr'>formas</span> <span class='ocrx_word' id='word_1_973' title='bbox 2201 2696 2420 2726; x_wconf 80' lang='lat' dir='ltr'>substantiales</span> <span class='ocrx_word' id='word_1_974' title='bbox 2442 2696 2477 2726; x_wconf 93' lang='lat' dir='ltr'>in</span> <span class='ocrx_word' id='word_1_975' title='bbox 2500 2703 2729 2736; x_wconf 57' lang='lat' dir='ltr'>compo-,1025</span> <span class='ocrx_word' id='word_1_976' title='bbox 2746 2707 2807 2730; x_wconf 76' lang='lat' dir='ltr'>icit.</span> 
     </span>
    </p>
   </div>
   <div class='ocr_carea' id='block_1_41' title="bbox 1570 2739 1928 2776">
    <p class='ocr_par' dir='ltr' id='par_1_50' title="bbox 1570 2739 1928 2776">
     <span class='ocr_line' id='line_1_137' title="bbox 1570 2739 1928 2776; baseline 0 -6"><span class='ocrx_word' id='word_1_977' title='bbox 1570 2741 1641 2776; x_wconf 91' lang='lat' dir='ltr'>sito,</span> <span class='ocrx_word' id='word_1_978' title='bbox 1666 2740 1754 2770; x_wconf 88' lang='lat' dir='ltr'>aliter</span> <span class='ocrx_word' id='word_1_979' title='bbox 1777 2739 1928 2770; x_wconf 83' lang='lat' dir='ltr'>dicerent.</span> 
     </span>
    </p>
   </div>
   <div class='ocr_carea' id='block_1_42' title="bbox 793 2911 2296 3043">
    <p class='ocr_par' dir='ltr' id='par_1_51' title="bbox 793 2911 2296 3043">
     <span class='ocr_line' id='line_1_138' title="bbox 1237 2911 1855 2955; baseline -0.002 0"><span class='ocrx_word' id='word_1_980' title='bbox 1237 2913 1556 2955; x_wconf 86' lang='lat' dir='ltr'>ARTICULUS</span> <span class='ocrx_word' id='word_1_981' title='bbox 1587 2911 1855 2955; x_wconf 86' lang='lat' dir='ltr'>SEPTIMUS</span> 
     </span>
     <span class='ocr_line' id='line_1_139' title="bbox 793 3005 2296 3043; baseline -0.001 -5"><span class='ocrx_word' id='word_1_982' title='bbox 793 3006 950 3038; x_wconf 84' lang='lat' dir='ltr'><strong>UTRUM</strong></span> <span class='ocrx_word' id='word_1_983' title='bbox 975 3006 1072 3038; x_wconf 86' lang='lat' dir='ltr'>ISTA</span> <span class='ocrx_word' id='word_1_984' title='bbox 1097 3007 1344 3039; x_wconf 78' lang='lat' dir='ltr'>CONVERsm</span> <span class='ocrx_word' id='word_1_985' title='bbox 1368 3007 1470 3038; x_wconf 81' lang='lat' dir='ltr'>FIAT</span> <span class='ocrx_word' id='word_1_986' title='bbox 1494 3007 1538 3038; x_wconf 85' lang='lat' dir='ltr'>IN</span> <span class='ocrx_word' id='word_1_987' title='bbox 1561 3006 1776 3043; x_wconf 85' lang='lat' dir='ltr'>INSTANTI,</span> <span class='ocrx_word' id='word_1_988' title='bbox 1801 3006 1887 3037; x_wconf 86' lang='lat' dir='ltr'>VEL</span> <span class='ocrx_word' id='word_1_989' title='bbox 1910 3006 2012 3037; x_wconf 75' lang='lat' dir='ltr'>FIAT</span> <span class='ocrx_word' id='word_1_990' title='bbox 2035 3005 2296 3038; x_wconf 66' lang='lat' dir='ltr'>suem-:ssim</span> 
     </span>
    </p>
   </div>
   <div class='ocr_carea' id='block_1_43' title="bbox 1031 3085 2060 3119">
    <p class='ocr_par' dir='ltr' id='par_1_52' title="bbox 1031 3085 2060 3119">
     <span class='ocr_line' id='line_1_140' title="bbox 1031 3085 2060 3119; baseline -0.001 -8"><span class='ocrx_word' id='word_1_991' title='bbox 1031 3087 1064 3111; x_wconf 93' lang='lat' dir='ltr'>IV</span> <span class='ocrx_word' id='word_1_992' title='bbox 1084 3086 1172 3116; x_wconf 65' lang='lat' dir='ltr'>Sem„</span> <span class='ocrx_word' id='word_1_993' title='bbox 1193 3086 1251 3111; x_wconf 83' lang='lat' dir='ltr'>dist.</span> <span class='ocrx_word' id='word_1_994' title='bbox 1270 3094 1303 3118; x_wconf 80' lang='lat' dir='ltr'>xi,</span> <span class='ocrx_word' id='word_1_995' title='bbox 1323 3094 1368 3119; x_wconf 91' lang='lat' dir='ltr'>qu.</span> <span class='ocrx_word' id='word_1_996' title='bbox 1386 3093 1404 3117; x_wconf 83' lang='grc' dir='ltr'>ι,</span> <span class='ocrx_word' id='word_1_997' title='bbox 1424 3092 1471 3111; x_wconf 84' lang='lat' dir='ltr'>art.</span> <span class='ocrx_word' id='word_1_998' title='bbox 1492 3085 1519 3116; x_wconf 77' lang='lat'>3.</span> <span class='ocrx_word' id='word_1_999' title='bbox 1539 3085 1589 3118; x_wconf 69' lang='lat' dir='ltr'>qu⁸</span> <span class='ocrx_word' id='word_1_1000' title='bbox 1610 3093 1637 3117; x_wconf 66' lang='grc' dir='ltr'>ας</span> <span class='ocrx_word' id='word_1_1001' title='bbox 1659 3085 1756 3116; x_wconf 86' lang='lat' dir='ltr'>Quodl.</span> <span class='ocrx_word' id='word_1_1002' title='bbox 1773 3085 1832 3116; x_wconf 85' lang='lat' dir='ltr'>vn,</span> <span class='ocrx_word' id='word_1_1003' title='bbox 1852 3092 1898 3118; x_wconf 89' lang='lat' dir='ltr'>qu.</span> <span class='ocrx_word' id='word_1_1004' title='bbox 1915 3092 1950 3115; x_wconf 75' lang='lat' dir='ltr'>tv,</span> <span class='ocrx_word' id='word_1_1005' title='bbox 1969 3090 2016 3111; x_wconf 79' lang='lat' dir='ltr'>art.</span> <span class='ocrx_word' id='word_1_1006' title='bbox 2036 3092 2060 3111; x_wconf 80' lang='lat'>2.</span> 
     </span>
    </p>
   </div>
   <div class='ocr_carea' id='block_1_44' title="bbox 468 3178 664 3293">
    <p class='ocr_par' dir='ltr' id='par_1_53' title="bbox 468 3178 664 3293">
     <span class='ocr_line' id='line_1_141' title="bbox 478 3178 664 3210; baseline 0 -11"><span class='ocrx_word' id='word_1_1007' title='bbox 478 3178 491 3210; x_wconf 95' lang='lat' dir='ltr'> </span> <span class='ocrx_word' id='word_1_1008' title='bbox 528 3178 664 3199; x_wconf 95' lang='lat' dir='ltr'>   </span> 
     </span>
     <span class='ocr_line' id='line_1_142' title="bbox 468 3210 488 3293; baseline 0 -42"><span class='ocrx_word' id='word_1_1009' title='bbox 468 3210 488 3293; x_wconf 95' lang='lat' dir='ltr'>  </span> 
     </span>
    </p>
   </div>
   <div class='ocr_carea' id='block_1_45' title="bbox 519 3190 587 3251">
    <p class='ocr_par' dir='ltr' id='par_1_54' title="bbox 519 3190 587 3251">
     <span class='ocr_line' id='line_1_143' title="bbox 519 3190 587 3251; baseline 0.044 -41"><span class='ocrx_word' id='word_1_1010' title='bbox 519 3190 520 3210; x_wconf 95' lang='lat' dir='ltr'> </span> <span class='ocrx_word' id='word_1_1011' title='bbox 585 3190 587 3251; x_wconf 95' lang='lat' dir='ltr'>   </span> 
     </span>
    </p>
   </div>
   <div class='ocr_carea' id='block_1_46' title="bbox 484 3191 518 3248">
    <p class='ocr_par' dir='ltr' id='par_1_55' title="bbox 484 3191 635 3248">
     <span class='ocr_line' id='line_1_144' title="bbox 484 3191 518 3248; baseline 0 -13"><span class='ocrx_word' id='word_1_1012' title='bbox 484 3191 518 3248; x_wconf 49' lang='lat'>2³¹2}-</span> 
     </span>
    </p>
   </div>
   <div class='ocr_carea' id='block_1_47' title="bbox 458 3293 628 3381">
    <p class='ocr_par' dir='ltr' id='par_1_56' title="bbox 458 3293 628 3381">
     <span class='ocr_line' id='line_1_145' title="bbox 459 3293 626 3345; baseline 0.006 -1"><span class='ocrx_word' id='word_1_1013' title='bbox 459 3293 512 3345; x_wconf 95' lang='lat' dir='ltr'>   </span> <span class='ocrx_word' id='word_1_1014' title='bbox 612 3344 626 3345; x_wconf 95' lang='lat' dir='ltr'> </span> 
     </span>
     <span class='ocr_line' id='line_1_146' title="bbox 458 3345 628 3381; baseline 0 0"><span class='ocrx_word' id='word_1_1015' title='bbox 458 3345 515 3381; x_wconf 95' lang='lat' dir='ltr'> </span> <span class='ocrx_word' id='word_1_1016' title='bbox 612 3345 628 3381; x_wconf 95' lang='lat' dir='ltr'> </span> 
     </span>
    </p>
   </div>
   <div class='ocr_carea' id='block_1_48' title="bbox 607 3267 659 3289">
    <p class='ocr_par' dir='ltr' id='par_1_57' title="bbox 607 3267 659 3289">
     <span class='ocr_line' id='line_1_147' title="bbox 607 3267 659 3289; baseline -0.019 -3"><span class='ocrx_word' id='word_1_1017' title='bbox 607 3267 659 3289; x_wconf 53' lang='grc' dir='ltr'>ΙΙ.</span> 
     </span>
    </p>
   </div>
   <div class='ocr_carea' id='block_1_49' title="bbox 510 3465 1341 3500">
    <p class='ocr_par' dir='ltr' id='par_1_58' title="bbox 510 3465 1341 3500">
     <span class='ocr_line' id='line_1_148' title="bbox 510 3465 1341 3500; baseline -0.001 -10"><span class='ocrx_word' id='word_1_1018' title='bbox 510 3465 538 3500; x_wconf 85' lang='grc' dir='ltr'>α)</span> <span class='ocrx_word' id='word_1_1019' title='bbox 551 3466 604 3500; x_wconf 82' lang='lat' dir='ltr'>fiat</span> <span class='ocrx_word' id='word_1_1020' title='bbox 622 3466 775 3492; x_wconf 77' lang='lat' dir='ltr'>successive.</span> <span class='ocrx_word' id='word_1_1021' title='bbox 793 3481 811 3484; x_wconf 98' lang='lat'><em>-</em></span> <span class='ocrx_word' id='word_1_1022' title='bbox 829 3465 973 3491; x_wconf 74' lang='lat' dir='ltr'>successive</span> <span class='ocrx_word' id='word_1_1023' title='bbox 990 3465 1020 3496; x_wconf 79' lang='lat' dir='ltr'>F,</span> <span class='ocrx_word' id='word_1_1024' title='bbox 1038 3465 1074 3490; x_wconf 73' lang='lat' dir='ltr'>sit</span> <span class='ocrx_word' id='word_1_1025' title='bbox 1091 3465 1238 3490; x_wconf 76' lang='lat' dir='ltr'>successiva</span> <span class='ocrx_word' id='word_1_1026' title='bbox 1259 3465 1341 3490; x_wconf 73' lang='lat' dir='ltr'>tertia.</span> 
     </span>
    </p>
   </div>
   <div class='ocr_carea' id='block_1_50' title="bbox 488 3172 2635 3383">
    <p class='ocr_par' dir='ltr' id='par_1_59' title="bbox 488 3172 2635 3383">
     <span class='ocr_line' id='line_1_149' title="bbox 577 3172 2635 3226; baseline -0.001 -10"><span class='ocrx_word' id='word_1_1027' title='bbox 577 3205 629 3226; x_wconf 92' lang='lat' dir='ltr'><em>A</em></span> <span class='ocrx_word' id='word_1_1028' title='bbox 667 3188 689 3212; x_wconf 89' lang='lat' dir='ltr'>D</span> <span class='ocrx_word' id='word_1_1029' title='bbox 709 3188 886 3214; x_wconf 83' lang='lat' dir='ltr'>SEPTIMUM</span> <span class='ocrx_word' id='word_1_1030' title='bbox 905 3189 957 3214; x_wconf 88' lang='lat' dir='ltr'>s1c</span> <span class='ocrx_word' id='word_1_1031' title='bbox 977 3188 1213 3214; x_wconf 63' lang='lat' dir='ltr'>moenum-ua.</span> <span class='ocrx_word' id='word_1_1032' title='bbox 1234 3174 1396 3213; x_wconf 90' lang='lat' dir='ltr'>Videtur</span> <span class='ocrx_word' id='word_1_1033' title='bbox 1409 3175 1516 3225; x_wconf 91' lang='lat' dir='ltr'>quod</span> <span class='ocrx_word' id='word_1_1034' title='bbox 1572 3186 1617 3212; x_wconf 92' lang='lat' dir='ltr'>ea</span> <span class='ocrx_word' id='word_1_1035' title='bbox 1645 3174 1854 3212; x_wconf 88' lang='lat' dir='ltr'>substantia</span> <span class='ocrx_word' id='word_1_1036' title='bbox 1875 3173 2046 3224; x_wconf 90' lang='lat' dir='ltr'>corporis</span> <span class='ocrx_word' id='word_1_1037' title='bbox 2075 3172 2226 3211; x_wconf 91' lang='lat' dir='ltr'>Christi.</span> <span class='ocrx_word' id='word_1_1038' title='bbox 2256 3174 2349 3210; x_wconf 92' lang='lat' dir='ltr'>Non</span> <span class='ocrx_word' id='word_1_1039' title='bbox 2368 3185 2457 3222; x_wconf 85' lang='lat' dir='ltr'>ergo</span> <span class='ocrx_word' id='word_1_1040' title='bbox 2486 3182 2635 3213; x_wconf 91' lang='lat' dir='ltr'>utrum-</span> 
     </span>
     <span class='ocr_line' id='line_1_150' title="bbox 488 3219 2635 3286; baseline 0.001 -22"><span class='ocrx_word' id='word_1_1041' title='bbox 488 3219 649 3286; x_wconf 39' lang='lat' dir='ltr'>5²³3&amp;st</span> <span class='ocrx_word' id='word_1_1042' title='bbox 667 3227 738 3265; x_wconf 87' lang='lat' dir='ltr'>ista</span> <span class='ocrx_word' id='word_1_1043' title='bbox 775 3229 977 3266; x_wconf 89' lang='lat' dir='ltr'>conversio</span> <span class='ocrx_word' id='word_1_1044' title='bbox 1006 3241 1086 3266; x_wconf 91' lang='lat' dir='ltr'>non</span> <span class='ocrx_word' id='word_1_1045' title='bbox 1113 3228 1180 3266; x_wconf 88' lang='lat' dir='ltr'>fiat</span> <span class='ocrx_word' id='word_1_1046' title='bbox 1207 3228 1246 3265; x_wconf 92' lang='lat' dir='ltr'>in</span> <span class='ocrx_word' id='word_1_1047' title='bbox 1275 3228 1419 3275; x_wconf 88' lang='lat' dir='ltr'>istanti,</span> <span class='ocrx_word' id='word_1_1048' title='bbox 1449 3228 1516 3265; x_wconf 91' lang='lat' dir='ltr'>sed</span> <span class='ocrx_word' id='word_1_1049' title='bbox 1571 3239 1648 3277; x_wconf 92' lang='lat' dir='ltr'>que</span> <span class='ocrx_word' id='word_1_1050' title='bbox 1668 3235 1724 3265; x_wconf 90' lang='lat' dir='ltr'>est</span> <span class='ocrx_word' id='word_1_1051' title='bbox 1751 3227 1790 3264; x_wconf 92' lang='lat' dir='ltr'>in</span> <span class='ocrx_word' id='word_1_1052' title='bbox 1809 3227 1947 3264; x_wconf 89' lang='lat' dir='ltr'>eodem</span> <span class='ocrx_word' id='word_1_1053' title='bbox 1977 3225 2141 3273; x_wconf 90' lang='lat' dir='ltr'>instanti,</span> <span class='ocrx_word' id='word_1_1054' title='bbox 2163 3226 2230 3263; x_wconf 91' lang='lat' dir='ltr'>sed</span> <span class='ocrx_word' id='word_1_1055' title='bbox 2258 3225 2296 3263; x_wconf 91' lang='lat' dir='ltr'>in</span> <span class='ocrx_word' id='word_1_1056' title='bbox 2318 3227 2474 3264; x_wconf 92' lang='lat' dir='ltr'>duobus</span> <span class='ocrx_word' id='word_1_1057' title='bbox 2493 3227 2635 3268; x_wconf 56' lang='lat' dir='ltr'>instan-⁴</span> 
     </span>
     <span class='ocr_line' id='line_1_151' title="bbox 536 3278 2634 3331; baseline 0.001 -15"><span class='ocrx_word' id='word_1_1058' title='bbox 536 3298 589 3316; x_wconf 66' lang='lat' dir='ltr'>w-</span> <span class='ocrx_word' id='word_1_1059' title='bbox 612 3286 639 3331; x_wconf 61' lang='lat' dir='ltr'>‘fi</span> <span class='ocrx_word' id='word_1_1060' title='bbox 667 3280 734 3318; x_wconf 91' lang='lat' dir='ltr'>fiat</span> <span class='ocrx_word' id='word_1_1061' title='bbox 762 3282 974 3318; x_wconf 88' lang='lat' dir='ltr'>successive</span> <span class='ocrx_word' id='word_1_1062' title='bbox 996 3287 1024 3318; x_wconf 60' lang='grc' dir='ltr'>α.</span> <span class='ocrx_word' id='word_1_1063' title='bbox 1054 3283 1096 3318; x_wconf 93' lang='lat' dir='ltr'>In</span> <span class='ocrx_word' id='word_1_1064' title='bbox 1123 3282 1197 3318; x_wconf 87' lang='lat' dir='ltr'>hac</span> <span class='ocrx_word' id='word_1_1065' title='bbox 1225 3281 1326 3318; x_wconf 88' lang='lat' dir='ltr'>enirn</span> <span class='ocrx_word' id='word_1_1066' title='bbox 1356 3293 1516 3318; x_wconf 92' lang='lat' dir='ltr'>conver·</span> <span class='ocrx_word' id='word_1_1067' title='bbox 1571 3280 1684 3317; x_wconf 90' lang='lat' dir='ltr'>tibus.</span> <span class='ocrx_word' id='word_1_1068' title='bbox 1715 3280 1792 3318; x_wconf 87' lang='lat' dir='ltr'>Sed</span> <span class='ocrx_word' id='word_1_1069' title='bbox 1819 3279 1917 3316; x_wconf 89' lang='lat' dir='ltr'>inter</span> <span class='ocrx_word' id='word_1_1070' title='bbox 1943 3278 2135 3329; x_wconf 85' lang='lat' dir='ltr'>quaelibet</span> <span class='ocrx_word' id='word_1_1071' title='bbox 2153 3279 2232 3316; x_wconf 92' lang='lat' dir='ltr'>duo</span> <span class='ocrx_word' id='word_1_1072' title='bbox 2261 3278 2437 3318; x_wconf 84' lang='lat' dir='ltr'>instantia</span> <span class='ocrx_word' id='word_1_1073' title='bbox 2465 3289 2521 3318; x_wconf 89' lang='lat' dir='ltr'>est</span> <span class='ocrx_word' id='word_1_1074' title='bbox 2538 3289 2634 3319; x_wconf 88' lang='lat' dir='ltr'>tem-</span> 
     </span>
     <span class='ocr_line' id='line_1_152' title="bbox 515 3310 2633 3383; baseline 0.001 -13"><span class='ocrx_word' id='word_1_1075' title='bbox 515 3310 604 3363; x_wconf 48' lang='grc' dir='ltr'><strong>ἑῷ</strong></span> <span class='ocrx_word' id='word_1_1076' title='bbox 628 3327 776 3372; x_wconf 46' lang='lat' dir='ltr'>&amp;sione</span> <span class='ocrx_word' id='word_1_1077' title='bbox 795 3334 901 3383; x_wconf 90' lang='lat' dir='ltr'>prius</span> <span class='ocrx_word' id='word_1_1078' title='bbox 921 3342 975 3371; x_wconf 91' lang='lat' dir='ltr'>est</span> <span class='ocrx_word' id='word_1_1079' title='bbox 994 3334 1202 3371; x_wconf 88' lang='lat' dir='ltr'>substantia</span> <span class='ocrx_word' id='word_1_1080' title='bbox 1221 3333 1341 3382; x_wconf 90' lang='lat' dir='ltr'>panis,</span> <span class='ocrx_word' id='word_1_1081' title='bbox 1362 3341 1399 3370; x_wconf 93' lang='lat' dir='ltr'>et</span> <span class='ocrx_word' id='word_1_1082' title='bbox 1416 3341 1516 3382; x_wconf 88' lang='lat' dir='ltr'>post·</span> <span class='ocrx_word' id='word_1_1083' title='bbox 1571 3345 1645 3382; x_wconf 92' lang='lat' dir='ltr'>pus</span> <span class='ocrx_word' id='word_1_1084' title='bbox 1668 3333 1843 3370; x_wconf 87' lang='lat' dir='ltr'>medium</span> <span class='ocrx_word' id='word_1_1085' title='bbox 1860 3332 1892 3369; x_wconf 79' lang='grc'>*.</span> <span class='ocrx_word' id='word_1_1086' title='bbox 1921 3333 2024 3380; x_wconf 85' lang='lat' dir='ltr'>Ergo</span> <span class='ocrx_word' id='word_1_1087' title='bbox 2043 3339 2194 3382; x_wconf 88' lang='lat' dir='ltr'>oportet</span> <span class='ocrx_word' id='word_1_1088' title='bbox 2222 3333 2329 3382; x_wconf 92' lang='lat' dir='ltr'>quod</span> <span class='ocrx_word' id='word_1_1089' title='bbox 2357 3334 2453 3371; x_wconf 90' lang='lat' dir='ltr'>haec</span> <span class='ocrx_word' id='word_1_1090' title='bbox 2472 3346 2633 3372; x_wconf 91' lang='lat' dir='ltr'>conver-</span> 
     </span>
    </p>
   </div>
   <div class='ocr_carea' id='block_1_51' title="bbox 2643 3338 2778 3368">
    <p class='ocr_par' dir='ltr' id='par_1_60' title="bbox 2643 3338 2778 3368">
     <span class='ocr_line' id='line_1_153' title="bbox 2643 3338 2778 3368; baseline -0.007 -6"><span class='ocrx_word' id='word_1_1091' title='bbox 2643 3338 2645 3341; x_wconf 91' lang='lat'>&#39;</span> <span class='ocrx_word' id='word_1_1092' title='bbox 2660 3340 2672 3352; x_wconf 87' lang='grc'><em>·</em></span> <span class='ocrx_word' id='word_1_1093' title='bbox 2685 3338 2714 3362; x_wconf 85' lang='lat' dir='ltr'>D.</span> <span class='ocrx_word' id='word_1_1094' title='bbox 2729 3345 2778 3368; x_wconf 82' lang='lat'>7⁴·-</span> 
     </span>
    </p>
   </div>
   <div class='ocr_carea' id='block_1_52' title="bbox 2873 2386 2918 4088">
    <p class='ocr_par' dir='ltr' id='par_1_61' title="bbox 2873 2386 2918 4088">
     <span class='ocr_line' id='line_1_154' title="bbox 2873 2386 2918 4088; baseline 0 0"><span class='ocrx_word' id='word_1_1095' title='bbox 2873 2386 2918 4088; x_wconf 95' lang='lat' dir='ltr'> </span> 
     </span>
    </p>
   </div>
  </div>
 </body>
</html>
