2878 4088
155 2760 164 2770 ·
174 2758 208 2781 cf.
217 2759 317 2787 qu.]xxv,
326 2759 362 2781 In—

156 2786 216 2807 trod.

392 199 438 236 50
616 199 879 246 QUAESTIO
910 199 1028 254 XXV,
1051 198 1343 236 ARTICULUS
1372 198 1417 234 III
1445 219 1470 222 -
1500 197 1764 243 QUAESTIO
1794 198 1936 244 XXVI,
1956 198 2249 253 ARTICULUS
2278 200 2355 247 1,11

441 280 504 311 Sed
526 281 590 310 hoc
617 278 862 319 intelligendum
892 279 1022 320 quando
1045 280 1227 311 indistincte
1256 277 1454 318 indulgentia

386 325 485 355 datur.
511 324 717 364 Quandoque
741 324 828 354 enim
847 323 1059 364 distinguitur.
1084 324 1173 355 Sicut
1188 324 1283 364 Papa,
1300 324 1333 353 in
1357 331 1453 362 gene-

384 369 501 399 ralibus
524 369 790 404 absolutionibus,
811 368 872 399 illis
896 369 953 408 qui
975 374 1140 399 transeunt
1161 378 1259 403 mare,
1283 367 1335 397 dat
1359 366 1452 406 quin-

386 423 449 453 que
465 414 583 450 annos}
608 413 685 449 aliis,
704 413 760 453 qui
775 418 940 444 transeunt
960 418 1097 449 montes,
1115 419 1192 449 tres;
1211 412 1277 442 aliis
1294 420 1407 441 unum.
1444 438 1445 441 ,

439 458 507 488 Nec
531 463 639 488 tamen
654 458 924 498 quotiescumque
942 457 1028 488 vadit
1042 456 1123 487 infra
1138 462 1265 497 tempus
1284 455 1453 494 indulgen·
1476 464 1485 485 ς

385 503 456 538 tiae,
473 502 567 532 toties
583 511 654 532 eam
670 502 887 542 consequitur.
905 501 1110 541 Quandoque
1127 507 1234 531 autem
1251 499 1290 530 ad
1306 499 1453 530 determi-

385 552 496 577 natum
518 551 645 587 tempus
666 546 766 583 datur,
788 552 823 577 ut
846 556 922 576 cum
945 546 1069 582 dicitur,
1090 545 1289 585 Quicumque
1307 543 1396 574 vadit
1410 542 1454 573 ad

385 591 550 622 ecclesiam
578 591 674 621 talem
699 600 798 631 usque
821 590 864 621 ad
886 591 952 621 tale
974 595 1105 630 tempus,
1129 589 1245 620 habeat
1267 593 1391 619 tantum
1415 587 1454 617 de

386 635 610 676 indulgentia:
640 635 825 675 intelligitur
855 635 952 665 semel
983 640 1116 665 tantum.
1151 633 1214 664 Sed
1242 634 1268 663 si
1290 633 1324 662 in
1347 632 1454 671 aliqua

386 679 529 710 Ecclesia
559 681 599 710 sit
627 679 824 719 indulgentia
854 679 1019 719 perennis,
1045 679 1126 709 sicut
1149 679 1182 708 in
1207 677 1340 708 ecclesia
1357 676 1454 708 ‚beati
1468 686 1476 699 ¹

386 724 470 755 Petri
493 723 700 764 quadraginta
716 724 850 759 dierum,
867 729 954 759 tunc,
972 724 1099 763 quoties
1115 722 1229 763 aliquis
1247 721 1342 758 vadit,
1359 721 1453 751 toties

386 767 618 808 indulgentiam
641 769 859 808 consequitur.

441 813 492 843 An
510 822 649 843 oumrtm
664 822 824 842 menmium
840 811 930 852 quod
946 821 1040 842 causa
1062 821 1130 842 non
1149 811 1319 851 requiritur
1335 809 1375 839 ad
1390 809 1454 839 hoc

387 857 477 897 quod
500 856 678 887 secundum
702 866 773 887 eam
795 857 970 887 mensurari
1002 855 1115 886 debeat
1141 855 1286 885 remissio
1303 859 1452 894 poenae:

387 901 442 931 sed
465 901 505 931 ad
528 902 591 931 hoc
620 900 710 941 quod
739 901 875 930 intentio
898 900 1028 930 illorum
1059 909 1199 940 quorum
1222 899 1335 929 merita
1365 908 1454 928 com-

386 946 606 981 municantur,
631 944 671 975 ad
693 945 800 984 ipsum
830 945 995 984 pervenire
1024 944 1158 984 possint.
1193 944 1323 974 Bonum
1347 948 1455 973 autem

386 990 482 1020 unius
506 990 710 1019 continuatur
725 988 814 1018 alteri
838 988 1015 1028 dupliciter.
1041 988 1115 1018 Uno
1136 987 1247 1023 modo,
1264 997 1321 1027 per
1345 988 1455 1017 carita-

386 1039 469 1063 tem:
494 1038 525 1063 et
547 1033 592 1062 sic
609 1033 704 1062 etiam
723 1032 791 1062 sine
814 1031 1019 1071 indulgentiis
1039 1032 1153 1071 aliquis
1170 1037 1216 1061 est
1232 1031 1380 1061 omnium
1396 1031 1455 1060 bo-

386 1086 504 1107 norum
526 1077 683 1116 particeps
707 1085 790 1114 quae
806 1075 897 1111 fiunt,
915 1076 940 1105 si
963 1076 997 1105 in
1021 1076 1148 1105 caritate
1171 1076 1219 1105 sit.
1244 1075 1319 1104 Alio
1341 1074 1453 1110 modo,

386 1130 443 1160 per
465 1120 679 1150 intentionem
695 1119 848 1149 facientis.
873 1119 914 1149 Et
937 1119 981 1149 sic
1005 1128 1062 1158 per
1078 1118 1300 1158 indulgentias,
1318 1118 1344 1147 si
1360 1127 1455 1148 causa

386 1165 525 1204 legitima
553 1164 642 1198 adsit,
667 1168 774 1203 potest
796 1163 932 1193 intentio
963 1162 1047 1192 illius
1072 1163 1128 1202 qui
1150 1172 1210 1202 pro
1234 1162 1369 1192 utilitate
1392 1162 1454 1192 Ec-

387 1209 499 1239 clesiae
524 1213 672 1248 operatus
697 1212 752 1243 est,
770 1206 810 1237 ad
832 1207 930 1237 istum
954 1206 1143 1236 continuari.

546 1273 645 1303 ART.
663 1272 714 1302 111.
739 1282 843 1302 UTRUM
866 1281 926 1302 PRO
949 1281 1126 1302 TEMPORALI
1149 1280 1288 1302 sunsmm

688 1326 809 1346 DEBEAT
833 1326 915 1346 rrum
938 1326 1151 1346 mnumizmm

450 1395 471 1414 D
495 1394 628 1414 'reanum
652 1394 696 1414 sm
726 1393 931 1413 PROCEDITUR.
964 1382 1100 1413 Videtur
1123 1382 1213 1423 quod
1236 1392 1296 1423 pro
1327 1388 1454 1422 tempo-

390 1398 507 1459 Arali
527 1428 668 1458 subsidio
691 1437 760 1458 non
783 1427 897 1458 debeat
919 1427 988 1458 fieri
1008 1427 1216 1467 indulgentia.
1241 1427 1327 1465 Quia
1345 1428 1455 1457 remis-

386 1475 434 1504 sio
459 1478 666 1513 peccatorum
682 1478 729 1502 est
744 1471 908 1512 quoddam
931 1472 1103 1512 spirituale.
1124 1471 1188 1502 Sed
1203 1471 1277 1502 dare
1293 1472 1454 1512 spirituale

386 1527 444 1558 pro
469 1517 638 1557 temporali
662 1522 708 1546 est
731 1517 877 1546 simonia.
902 1516 988 1556 Ergo
1012 1516 1075 1546 hoc
1099 1515 1168 1546 fieri
1191 1526 1259 1546 non
1283 1515 1387 1546 debet.

442 1571 471 1592 2.
495 1562 691 1596 Pmmrnam,
709 1561 883 1601 spiritualia
905 1560 1044 1591 subsidia
1067 1566 1142 1590 sunt
1157 1561 1258 1601 magis
1279 1561 1456 1591 necessaria

386 1616 483 1646 quam
506 1606 703 1646 temporalia.
729 1605 792 1636 Sed
815 1615 874 1645 pro
898 1605 1114 1645 spiritualibus
1144 1604 1291 1636 subsidiis
1318 1614 1387 1635 non
1408 1605 1455 1635 vi-

386 1651 500 1681 dentur
523 1650 592 1680 fieri
614 1649 841 1690 indulgentiae.
873 1650 959 1690 Ergo
983 1649 1087 1680 multo
1111 1650 1218 1680 minus
1245 1659 1305 1690 pro
1329 1655 1456 1690 tempo-

385 1695 501 1726 ralibus
525 1694 594 1725 fieri
618 1694 745 1725 debent.

440 1739 502 1770 SED
527 1749 651 1769 CONTRA
673 1749 728 1769 Esr
752 1739 935 1769 communis
954 1738 1116 1769 Ecclesiae
1140 1737 1354 1774 consuetudo,
1372 1747 1455 1778 quae

385 1794 444 1824 pro
468 1783 776 1824 peregrinationibus
807 1789 838 1814 et
861 1783 1075 1824 eleemosynis
1106 1782 1259 1814 faciendis
1287 1782 1455 1823 indulgen·
1470 1791 1493 1812 ῖς

385 1829 444 1859 tias
467 1827 551 1858 facit.

439 1873 629 1903 RESPONDEO
654 1882 814 1902 mmmmm
838 1871 928 1912 quod
943 1872 1132 1913 temporalia
1152 1871 1192 1902 ad
1215 1872 1389 1912 spiritualia
1405 1881 1456 1902 or-

386 1917 549 1947 dinantur:
575 1917 651 1957 quia
674 1922 805 1956 propter
828 1917 1001 1956 spiritualia
1024 1917 1178 1947 debemus
1202 1917 1249 1947 uti
1271 1916 1455 1956 temporali-

385 1963 455 1992 bus.
479 1962 520 1992 Et
542 1961 616 1992 ideo
640 1971 699 2001 pro
716 1961 947 2001 temporalibus
971 1962 1156 2002 simpliciter
1174 1971 1242 1991 non
1264 1966 1371 2001 potest
1386 1960 1455 1991 fieri

1565 288 1594 308 2.
1618 278 1815 314 Paanranm,
1832 278 1991 318 praelatus
2015 278 2149 318 quilibet
2179 279 2259 319 gerit
2281 288 2453 320 personam
2476 279 2575 310 totius

1507 322 1720 352 multitudinis
1744 323 1826 353 sicut
1849 331 1933 352 unus
1956 322 2056 352 homo
2080 323 2160 362 gerit
2182 332 2354 363 personam
2381 333 2482 354 suam.
2513 323 2577 354 Sed

1508 367 1642 406 quilibet
1673 372 1780 406 potest
1813 366 1901 396 alteri
1925 367 2163 397 communicare
2196 367 2282 397 bona
2304 377 2362 398 sua
2393 377 2452 408 pro
2476 368 2575 398 altero

1508 409 1740 441 satisfaciendo.
1765 411 1851 450 Ergo
1872 416 1903 440 et
1917 410 2075 450 praelatus
2098 415 2206 450 potest
2229 412 2468 442 communicare
2491 412 2577 442 bona

1507 455 1720 485 multitudinis
1743 455 1803 485 sibi
1834 455 2034 485 commissae.
2067 454 2108 484 Et
2131 455 2176 485 sic
2206 454 2332 486 videtur
2355 455 2445 496 quod
2475 456 2577 496 possit

1495 534 1497 536 ¹
1507 499 1720 538 indulgentias
1743 498 1857 529 facere.

1563 543 1625 574 San
1650 553 1783 579 CONTRA,
1799 544 1906 574 minus
1931 548 1977 574 est
1993 543 2272 573 excommunicare
2295 552 2393 583 quam
2408 543 2576 584 indulgen-

1507 588 1565 617 tias
1581 587 1694 618 facere.
1712 587 1775 618 Sed
1790 588 1853 618 hoc
1869 597 1937 618 non
1952 592 2059 628 potest
2079 586 2226 618 sacerdos
2241 587 2432 627 parochialis
2446 589 2473 618 ⁹.
2490 588 2576 628 Ergo

1507 641 1568 662 nec
1591 631 1680 662 illud.

1563 677 1752 707 Responmzo
1769 686 1930 706 mesanum
1946 675 2035 716 quod
2051 675 2267 716 indulgentiae
2287 674 2438 706 effectum
2459 676 2578 706 habent

1508 720 1688 751 secundum
1712 720 1801 761 quod
1825 730 1923 761 opera
1939 719 2147 751 satisfactoria
2169 721 2265 750 unius
2281 720 2370 750 alteri
2386 725 2578 760 computan-

1507 770 1569 801 tur,
1585 775 1654 796 non
1677 766 1784 796 solum
1807 774 1845 795 ex
1861 765 1893 795 vi
1916 765 2061 801 caritatis,
2079 764 2135 795 sed
2151 774 2189 795 ex
2212 765 2391 795 intentione
2417 764 2578 804 operantis

1508 809 1617 849 aliquo
1641 809 1742 840 modo
1766 809 1884 840 directa
1907 809 1947 839 ad
1969 810 2086 849 ipsum.
2112 808 2175 840 Sed
2190 809 2326 839 intentio
2348 808 2482 839 alicuius
2505 814 2578 849 pot-

1509 859 1556 884 est
1579 854 1619 884 ad
1642 854 1778 884 alterurn
1794 854 1885 894 dirigi
1907 854 2087 894 tripliciter:
2113 858 2168 884 aut
2190 854 2224 884 in
2240 853 2379 893 speciali,
2397 858 2452 883 aut
2474 854 2508 883 in
2523 862 2578 893 ge-

1508 898 1617 934 nerali,
1635 905 1690 929 aut
1704 899 1738 929 in
1754 898 1914 938 singulari.
1939 898 1975 928 In
1991 898 2142 938 singulari
2158 897 2300 938 quidem,
2317 898 2399 928 sicut
2415 907 2491 928 cum
2507 897 2579 938 quis

1508 952 1568 982 pro
1593 943 1655 973 alio
1672 942 1822 973 satisfacit
1838 942 2054 973 determinate.
2079 943 2120 973 Et
2143 943 2188 972 sic
2212 942 2346 983 quilibet
2360 947 2468 982 potest
2490 942 2579 972 alteri

1509 996 1567 1017 sua
1590 996 1688 1027 opera
1716 988 1965 1017 communicare.
1982 1004 2003 1010 -
2027 987 2063 1017 In
2086 987 2215 1027 speciali
2246 992 2373 1023 autem,
2398 987 2480 1017 sicut
2503 995 2579 1016 cum

1510 1031 1581 1070 quis
1605 1037 1674 1061 orat
1696 1040 1756 1071 pro
1773 1032 2022 1071 congregatione
2038 1041 2095 1061 sua
2119 1036 2150 1061 et
2165 1030 2372 1061 familiaribus
2395 1036 2427 1061 et
2449 1030 2579 1061 benefa-

1509 1075 1661 1110 ctoribus,
1678 1080 1710 1105 et
1732 1074 1772 1105 ad
1795 1075 1859 1105 hoc
1882 1076 1978 1105 etiam
2001 1075 2126 1106 ordinat
2153 1085 2211 1105 sua
2234 1085 2332 1116 opera
2361 1074 2578 1106 satisfactoria.

1509 1118 1550 1148 Et
1573 1119 1617 1148 sic
1640 1119 1693 1148 ille
1717 1119 1774 1158 qui
1790 1120 2031 1158 congregationi
2054 1125 2187 1159 praeest,
2204 1125 2311 1159 potest
2330 1129 2428 1160 opera
2449 1120 2504 1150 illa
2527 1119 2579 1150 alii

1510 1163 1761 1198 communicare,
1778 1162 1970 1202 applicando
1986 1163 2200 1193 intentionem
2215 1164 2346 1194 illorum
2370 1164 2427 1204 qui
2449 1169 2524 1194 sunt
2539 1163 2579 1194 de

1510 1207 1760 1245 congregatione
1776 1216 1834 1236 sua
1857 1205 1897 1236 ad
1916 1207 2004 1237 hunc
2021 1206 2238 1238 determinate.
2255 1225 2278 1230 -
2301 1207 2365 1238 Sed
2379 1209 2414 1238 in
2428 1208 2579 1248 generali,

1509 1250 1592 1280 sicut
1615 1259 1691 1280 cum
1715 1250 1786 1290 quis
1811 1259 1910 1289 opera
1924 1259 1982 1280 sua
2005 1250 2131 1281 ordinat
2153 1250 2194 1281 ad
2214 1251 2339 1282 bonum
2355 1261 2530 1282 commune
2546 1252 2581 1282 in

1509 1294 1658 1334 generali.
1683 1294 1725 1324 Et
1747 1294 1792 1324 sic
1815 1294 1879 1330 ille,
1892 1295 1949 1334 qui
1967 1299 2092 1334 praeest
2110 1295 2272 1325 Ecclesiae
2290 1295 2487 1335 generaliter,
2506 1301 2581 1336 pot-

1510 1343 1557 1368 est
1581 1348 1679 1378 opera
1701 1338 1755 1368 illa
1779 1339 2029 1375 communicare,
2046 1339 2237 1379 applicando
2253 1339 2467 1370 intentionem
2490 1349 2582 1370 suam

1509 1382 1550 1412 ad
1572 1383 1660 1413 hunc
1682 1383 1734 1413 vel
1757 1382 1798 1413 ad
1820 1383 1922 1413 illum.
1957 1383 1999 1414 Et
2030 1384 2107 1424 quia
2136 1383 2238 1414 homo
2269 1389 2317 1414 est
2344 1393 2417 1424 pars
2447 1393 2582 1424 congre-

1509 1427 1656 1466 gationis,
1674 1432 1706 1457 et
1729 1427 1935 1467 congregatio
1960 1433 2007 1458 est
2029 1437 2101 1468 pars
2125 1427 2297 1465 Ecclesiae,
2323 1428 2397 1458 ideo
2420 1429 2455 1459 in
2476 1429 2581 1459 inten-

1509 1472 1599 1502 tione
1621 1472 1735 1512 privati
1758 1472 1837 1502 boni
1855 1472 1991 1502 intentio
2015 1472 2094 1503 boni
2118 1473 2374 1513 congregationis
2397 1472 2581 1509 includitur,

1510 1521 1542 1546 et
1564 1516 1643 1546 boni
1665 1516 1764 1546 totius
1780 1516 1952 1547 Ecclesiae.
1977 1517 2018 1547 Et
2033 1516 2107 1547 ideo
2123 1517 2176 1547 ille
2199 1518 2256 1557 qui
2279 1522 2404 1558 praeest
2418 1517 2582 1548 Ecclesiae

1509 1565 1617 1600 potest
1632 1561 1872 1591 communicare
1889 1570 1927 1591 ea
1950 1570 2033 1601 quae
2057 1566 2132 1592 sunt
2147 1562 2414 1602 congregationis,
2431 1567 2463 1592 et
2485 1562 2582 1592 huius

1509 1605 1668 1642 hominis;
1693 1610 1724 1635 et
1747 1605 1800 1635 ille
1823 1606 1880 1645 qui
1902 1612 2027 1646 praeest
2054 1606 2312 1646 congregationi,
2339 1615 2377 1637 ea
2400 1615 2485 1647 quae
2507 1611 2583 1637 sunt

1509 1649 1605 1680 huius
1628 1649 1785 1686 hominis;
1810 1649 1866 1680 sed
1889 1659 1958 1680 non
1981 1651 2186 1681 convertitur.

1565 1694 1628 1725 Sed
1650 1703 1758 1734 neque
1781 1694 1884 1734 prima
1907 1695 2159 1725 communicatio
2182 1704 2290 1735 neque
2312 1694 2453 1726 secunda
2475 1694 2582 1726 indul-

1509 1739 1616 1779 genfia
1639 1738 1763 1774 dicitur,
1781 1738 1837 1769 sed
1852 1739 1959 1769 solum
1981 1740 2092 1770 tertia:
2116 1745 2248 1780 propter
2267 1739 2344 1770 duo.
2368 1739 2488 1776 Primo,
2506 1740 2582 1780 quia

1509 1793 1567 1824 per
1589 1783 1658 1814 illas
1682 1783 2004 1818 communicationes.
2021 1785 2284 1824 quamvishomo
2301 1784 2443 1815 solvatur
2457 1794 2476 1815 a
2490 1789 2582 1815 reatu

1509 1837 1636 1868 poenae
1659 1833 1817 1868 quantum
1840 1827 1880 1858 ad
1903 1828 2020 1865 Deum,
2044 1834 2153 1859 tamen
2175 1838 2244 1859 non
2274 1829 2408 1859 solvitur
2431 1838 2450 1859 a
2472 1828 2581 1859 debito

1510 1872 1648 1903 faciendi
1670 1872 1919 1903 satisfactionem
1941 1873 2119 1903 iniunctam
2135 1872 2174 1903 ad
2191 1882 2289 1913 quam
2305 1873 2464 1913 obligatus
2481 1879 2528 1904 est
2543 1882 2582 1904 ex

1509 1922 1682 1958 praecepto
1706 1917 1878 1947 Ecclesiae.
1912 1916 1976 1948 Sed
2008 1927 2065 1958 per
2094 1918 2219 1948 tertiam
2252 1917 2583 1949 communicationem

1509 1962 1611 1992 homo
1628 1962 1724 1992 etiam
1739 1962 1778 1992 ab
1794 1962 1858 1991 hoc
1874 1961 1982 1992 debito
1999 1962 2142 1992 solvitur.
2158 1980 2182 1985 —
2197 1961 2359 1998 Secundo,
2376 1963 2453 2002 quia
2467 1963 2502 1992 in
2517 1971 2583 1993 una

385 2005 598 2046 indulgentia:
625 2005 680 2036 sed
702 2016 762 2046 pro
778 2006 1008 2046 temporalibus
1032 2005 1184 2036 ordinatis
1200 2005 1240 2036 ad
1263 2005 1455 2045 spiritualia;
1469 2016 1497 2037 40
1510 2015 1658 2047 persona,
1679 2005 1731 2036 vel
1753 2006 1787 2036 in
1818 2015 1884 2036 una
1914 2007 2174 2046 congregatione,
2197 2015 2266 2036 non
2290 2012 2337 2037 est
2365 2006 2584 2038 indeficientia

386 2051 467 2081 sicut
490 2051 645 2090 repressio
661 2050 868 2081 inimicorum
891 2050 1064 2086 Ecclesiae,
1082 2051 1138 2091 qui
1157 2059 1271 2090 pacem
1294 2050 1456 2080 Ecclesiae

385 2096 580 2135 perturbant,
607 2095 688 2125 sicut
711 2095 908 2125 constructio
942 2095 1148 2125 ecclesiarum
1177 2100 1208 2125 et
1230 2095 1400 2134 pontium,
1426 2099 1457 2125 et

386 2140 518 2170 aliarum
542 2139 829 2180 eleemosynarum.
864 2139 906 2170 Et
931 2149 988 2179 per
1011 2140 1074 2170 hoc
1102 2144 1190 2179 patet
1216 2139 1307 2179 quod
1333 2149 1402 2169 non
1420 2138 1457 2170 fit

386 2185 431 2214 ibi
454 2184 609 2215 simonia:
635 2185 711 2224 quia
733 2194 802 2214 non
826 2183 918 2214 datur
941 2184 1103 2224 spirituale
1125 2193 1186 2224 pro
1209 2184 1389 2224 temporali.

441 2228 535 2259 Unde
559 2234 646 2268 patet
668 2229 787 2259 solutio
812 2228 851 2258 ad
874 2229 1025 2268 primum.

441 2273 492 2303 An
517 2283 679 2303 SECUNDUM
701 2276 862 2303 DICENDUM
886 2272 975 2313 quod
1004 2273 1099 2303 etiam
1123 2282 1182 2313 pro
1206 2282 1287 2313 pure
1310 2273 1456 2312 spiritua-

387 2317 470 2347 libus
493 2323 599 2357 potest
622 2317 690 2348 fieri
710 2317 917 2357 indulgentia,
935 2323 966 2348 et
990 2316 1025 2347 fit
1041 2317 1254 2357 quandoque:
1280 2317 1362 2348 sicut
1386 2317 1457 2357 qui-

389 2371 529 2402 cumque
553 2367 621 2392 orat
643 2372 702 2402 pro
726 2372 800 2402 rege
816 2362 979 2398 Franciae,
995 2362 1091 2392 habet
1114 2361 1227 2392 decem
1244 2361 1310 2392 dies
1333 2371 1392 2402 pro
1409 2362 1458 2392 in-

389 2406 550 2446 dulgentia
566 2417 584 2437 a
599 2407 685 2446 Papa
700 2407 890 2437 Innocentio
915 2406 967 2437 IV.
992 2407 1034 2436 Et
1056 2406 1199 2436 similiter
1215 2416 1344 2437 crucem
1367 2415 1458 2446 prae-

1510 2051 1710 2084 meritorum,
1727 2055 1763 2080 ut
1787 2050 1846 2080 sibi
1869 2055 1901 2080 et
1924 2051 2076 2081 omnibus
2099 2050 2167 2081 aliis
2190 2050 2296 2081 valere
2327 2051 2463 2091 possint.
2486 2050 2582 2082 Unde

1510 2096 1569 2125 iste
1591 2104 1660 2125 non
1683 2094 1858 2125 absolvitur
1881 2104 1899 2124 a
1921 2104 2029 2135 poena
2060 2094 2166 2126 debita
2192 2104 2251 2135 pro
2275 2100 2357 2130 toto,
2373 2095 2435 2126 nisi
2457 2100 2584 2127 tantum

1511 2139 1718 2170 determinate
1741 2148 1801 2179 pro
1826 2148 1866 2169 eo
1890 2138 1945 2169 fiat
1969 2145 2126 2180 quantum
2161 2139 2344 2171 debebatur.
2379 2139 2443 2171 Sed
2464 2140 2498 2171 in
2521 2140 2584 2171 Ec-

1511 2185 1606 2215 clesia
1629 2188 1697 2214 tota
1720 2189 1767 2214 est
1789 2182 2006 2214 indeficientia
2028 2185 2234 2215 meritorum:
2258 2185 2432 2225 praecipue
2451 2189 2583 2225 propter

1470 2238 1494 2259 45
1510 2229 1661 2259 meritum
1686 2227 1813 2258 Christi.
1829 2246 1852 2251 —
1867 2228 1909 2258 Et
1923 2227 1997 2259 ideo
2013 2229 2102 2259 solus
2117 2229 2170 2259 ille
2187 2229 2243 2269 qui
2265 2227 2448 2270 praeficitur
2470 2229 2583 2260 Eccle-

1511 2274 1586 2309 siae,
1602 2277 1709 2313 potest
1731 2272 1944 2312 indulgentias
1968 2272 2082 2304 facere.

1567 2317 1640 2353 Sed,
1657 2327 1733 2348 curn
1756 2317 1899 2348 Ecclesia
1923 2317 1962 2347 sit
1985 2317 2200 2359 congregatio
2213 2317 2386 2359 fidelium;
2409 2327 2583 2358 congrega-

1511 2363 1558 2392 tio
1574 2367 1683 2392 autem
1698 2362 1870 2392 hominum
1894 2361 1933 2391 sit
1957 2361 2085 2402 duplex,
2102 2362 2223 2392 scilicet
2245 2362 2469 2398 oeconomica,
2485 2367 2523 2392 ut
2537 2362 2584 2393 illi

1513 2407 1570 2447 qui
1593 2412 1668 2437 sunt
1690 2406 1730 2436 de
1753 2415 1818 2436 una
1842 2405 1970 2441 familia,
1988 2411 2020 2436 et
2042 2406 2182 2446 politica,
2199 2406 2282 2437 sicut
2303 2406 2350 2436 illi
2365 2407 2423 2446 qui
2446 2412 2521 2437 sunt
2543 2406 2584 2438 de

389 2450 566 2481 dicantibus
590 2451 681 2481 datur
705 2451 902 2491 quandoque
929 2450 1042 2481 eadem
1065 2450 1264 2491 indulgentia
1287 2460 1370 2491 quae
1387 2460 1458 2481 cru·
1473 2459 1499 2480 5⁰
1512 2461 1580 2482 uno
1604 2450 1747 2491 populo:
1772 2450 1915 2480 Ecclesia
1938 2451 2127 2481 assimilatur
2150 2451 2392 2491 congregationi
2414 2451 2583 2491 politicae,

389 2504 460 2525 cem
483 2496 722 2536 accipientibus.

575 2577 829 2622 QUAESTIO
855 2576 1270 2611 VIGESIMASEXTA

521 2645 566 2669 DE
585 2645 639 2669 H1s
659 2645 718 2675 Qui
738 2644 894 2669 POSSUNT
913 2643 1168 2669 INDULGENTIAS
1187 2643 1324 2668 FACERE

452 2727 543 2747 amns
564 2716 833 2748 considerandum
854 2722 900 2748 est
922 2716 961 2747 de
984 2717 1032 2747 his
1056 2717 1113 2757 qui
1131 2722 1268 2757 possunt
1289 2716 1458 2758 indulgen-

452 2764 509 2792 tias
533 2761 635 2792 facere
652 2763 678 2792 ἦ

392 2805 484 2837 Circa
507 2806 596 2846 quod
619 2812 757 2846 quatuor
781 2811 988 2846 quaeruntur.

445 2851 568 2881 Primo:
600 2857 708 2881 utrum
732 2851 867 2890 quilibet
890 2849 1037 2881 sacerdos
1068 2850 1259 2890 parochialis
1286 2851 1389 2890 possit
1411 2851 1459 2881 in—

480 2895 655 2935 dulgentias
678 2895 790 2925 facere.
1332 2927 1335 2930 ,
1409 2892 1411 2894 ’

447 2939 612 2970 Secundo:
637 2945 745 2970 utrum
769 2939 924 2970 diaconus
947 2940 998 2970 vel
1020 2937 1252 2970 non-sacerdos
1282 2940 1384 2979 possit
1407 2949 1459 2970 eas

482 2983 593 3014 facere.

449 3027 577 3057 Tertio:
602 3034 710 3059 utrum
733 3029 905 3069 episcopus
928 3029 1030 3069 possit
1052 3038 1104 3059 eas
1128 3027 1242 3058 facere.

449 3071 587 3146 Qparto:
612 3078 720 3103 utrum
745 3073 880 3103 existens
909 3074 943 3104 in
965 3078 1100 3114 peccato
1133 3072 1260 3103 mortali
1283 3073 1384 3112 possit
1408 3083 1460 3104 eas

496 3125 595 3146 acere.

506 3181 604 3212 ART.
622 3182 644 3211 Ι.
669 3192 774 3212 ursum
798 3193 942 3213 ommam*
965 3192 1122 3213 sacnanos
1145 3192 1349 3214 PARocmAHS

679 3236 781 3256 possm
803 3237 1029 3257 montensi-ms
1053 3237 1171 3258 mcum:

400 3300 482 3361 An
506 3301 621 3321 ramum
637 3302 695 3334 sm·
705 3303 908 3323 Pnocamrun.
932 3293 1067 3324 Videtur
1088 3294 1177 3334 quod
1201 3294 1335 3334 quilibet
1358 3304 1460 3326 sacer-

464 3333 521 3364 dos
544 3336 731 3374 parochialis
755 3338 856 3376 possit
883 3337 1095 3378 indulgentias
1120 3338 1232 3369 facere.
1261 3339 1462 3379 Indulgentia
1475 3349 1502 3370 7⁰

401 3378 486 3407 enim
508 3379 602 3408 habet
617 3379 790 3410 efficaciam
814 3390 851 3411 ex
876 3382 1068 3412 abundantia
1083 3383 1272 3414 meritorum
1288 3383 1460 3414 Ecclesiae.

401 3420 463 3451 Sed
485 3431 552 3452 non
575 3428 622 3452 est
637 3423 742 3463 aliqua
766 3426 969 3464 congregatio
986 3427 1018 3456 in
1043 3436 1106 3466 qua
1126 3437 1194 3457 non
1218 3428 1257 3457 sit
1272 3427 1379 3468 aliqua
1393 3437 1461 3459 me·

400 3465 533 3495 ritorum
556 3466 757 3497 abundantia.
781 3468 866 3507 Ergo
891 3470 1024 3508 quilibet
1054 3471 1199 3501 sacerdos
1223 3477 1328 3511 potest
1358 3471 1462 3503 facere

400 3508 630 3548 indulgentiam
653 3511 678 3540 si
694 3511 787 3541 habet
810 3512 938 3551 plebem
956 3514 1145 3545 subiectam:
1171 3521 1202 3546 et
1225 3516 1367 3547 similiter
1390 3517 1461 3557 qui-

401 3552 478 3583 libet
500 3553 666 3593 praelatus.

1513 2496 1590 2536 quia
1611 2495 1680 2535 ipse
1703 2495 1845 2534 populus
1872 2494 2015 2525 Ecclesia
2037 2494 2168 2531 dicitur3
2194 2495 2249 2526 sed
2270 2500 2449 2526 conventus
2469 2495 2585 2526 diversi

1512 2539 1564 2570 vel
1586 2539 1739 2580 parochia
1761 2539 1795 2569 in
1818 2549 1883 2569 una
1899 2538 2049 2575 dioecesi,
2066 2539 2279 2570 assimilantur
2294 2540 2536 2580 congregationi
2549 2541 2585 2571 in

1513 2584 1643 2615 diversis
1666 2583 1793 2614 familiis
1816 2583 1867 2614 vel
1891 2583 1922 2614 in
1948 2583 2077 2614 diversis
2101 2583 2223 2615 officiis.
2247 2584 2290 2615 Et
2307 2583 2381 2615 ideo
2405 2585 2493 2615 solus
2516 2585 2585 2625 epi-

1513 2638 1632 2668 scopus
1654 2628 1784 2668 proprie
1812 2627 1970 2668 praelatus
2002 2628 2164 2659 Ecclesiae
2195 2628 2326 2659 dicitur:
2351 2634 2383 2659 et
2409 2629 2485 2660 ideo
2515 2630 2585 2670 ipse

1474 2680 1497 2701 55
1513 2673 1611 2709 solus,
1629 2673 1717 2712 quasi
1735 2682 1883 2713 sponsuS,
1899 2672 2034 2703 anulum
2049 2672 2212 2704 Ecclesiae
2230 2674 2352 2714 recipit.
2370 2673 2412 2704 Et
2425 2673 2500 2704 ideo
2515 2674 2586 2714 ipse

1513 2717 1601 2748 solus
1616 2718 1712 2747 habet
1734 2722 1926 2757 potestatem
1942 2717 2072 2757 plenam
2095 2718 2129 2748 in
2153 2717 2390 2758 dispensan‘one
2405 2727 2585 2749 sacramen-

1513 2767 1632 2798 torum,
1649 2767 1680 2792 et
1702 2761 1956 2792 iurisdictionem
1979 2761 2013 2791 in
2036 2761 2108 2792 foro
2133 2771 2312 2799 causarum,
2334 2763 2425 2803 quasi
2447 2771 2586 2803 persona

1513 2806 1659 2846 publica:
1685 2806 1737 2836 alii
1760 2811 1868 2836 autem
1896 2805 2075 2836 secundum
2109 2806 2199 2846 quod
2221 2807 2260 2837 ab
2285 2807 2330 2837 eis
2363 2807 2583 2838 committitur.

1514 2850 1578 2882 Sed
1600 2850 1780 2881 sacerdotes
1803 2851 1860 2891 qui
1882 2850 2030 2891 plebibus
2053 2850 2295 2890 praeficiuntur,
2321 2861 2390 2882 non
2412 2856 2487 2882 sunt
2509 2851 2584 2882 sim-

1473 2900 1500 2921 60
1513 2896 1638 2936 pliciter
1660 2895 1801 2935 praelati,
1819 2893 1874 2925 sed
1897 2895 1988 2935 quasi
2011 2894 2230 2926 coadiutores:
2255 2895 2342 2927 unde
2359 2896 2394 2926 in
2417 2904 2584 2926 consecra-

1513 2941 1602 2971 tione
1625 2939 1829 2970 sacerdotum
1852 2940 2024 2980 episcopus
2047 2939 2132 2976 dicit,
2160 2939 2291 2976 Quanto
2305 2940 2508 2982 fragiliores
2529 2949 2584 2970 su-

1514 2994 1595 3020 mus,
1613 2989 1702 3015 tanto
1727 2983 1833 3025 magis
1855 2984 1990 3014 auxiliis
2013 2984 2063 3014 his
2086 2984 2278 3026 indigemus.
2302 2984 2344 3015 Et
2365 2989 2497 3024 propter
2520 2984 2584 3015 hoc

1515 3030 1611 3060 etiam
1633 3038 1702 3059 non
1725 3029 1835 3059 omnia
1858 3033 2055 3059 sacramenta
2077 3028 2271 3069 dispensant.
2294 3028 2389 3060 Unde
2404 3027 2584 3059 sacerdotes

1514 3073 1722 3115 parochiales,
1746 3073 1797 3103 vel
1820 3073 1959 3109 abbates,
1983 3078 2038 3104 aut
2061 3073 2113 3104 alii
2135 3072 2322 3104 huiusmodi
2344 3073 2491 3114 praelati,
2515 3082 2584 3104 non

1473 3122 1498 3148 ⁶5
1514 3123 1651 3159 possunt
1673 3116 1886 3157 indulgentias
1909 3116 2022 3148 facere.

1570 3163 1612 3193 Et
1633 3171 1692 3203 per
1713 3162 1777 3192 hoc
1800 3167 1888 3202 patet
1910 3161 2078 3202 responsio
2101 3161 2142 3193 ad
2164 3162 2299 3193 obiecta.

1559 3233 1659 3264 ART.
1677 3233 1714 3264 11.
1738 3242 1844 3263 unum
1861 3242 2016 3262 nmcosus
2038 3241 2142 3262 Possrr
2164 3241 2390 3262 montom-rus
2409 3242 2538 3269 racana,

1831 3287 1889 3307 vm.
1913 3286 2000 3307 arms
2023 3285 2260 3307 non-sacnmos

1636 3332 1720 3360 Supra,
1734 3338 1773 3360 qu.
1788 3337 1842 3358 xxv,
1856 3334 1899 3353 art.
1914 3336 1935 3358 2,
1949 3330 1979 3352 nd
1995 3337 2018 3357 ις
2035 3329 2120 3359 Quodl.
2134 3329 2168 3357 11,
2182 3336 2222 3358 qu.
2236 3336 2287 3357 vm,
2302 3333 2344 3352 art.
2360 3336 2385 3357 2,
2399 3330 2428 3351 ad
2443 3335 2464 3352 2.

1581 3393 1601 3413 n
1630 3392 1793 3413 sacrmmm
1826 3392 1871 3412 src
1903 3391 2107 3412 vnocnnrrtm.
2138 3380 2272 3412 Videtur
2305 3381 2395 3421 quod
2430 3381 2585 3412 diaconus

1519 3396 1649 3458 Anon
1672 3427 1774 3467 possit
1792 3425 2004 3466 indulgentias
2028 3425 2146 3462 facere,
2169 3425 2220 3456 vel
2243 3425 2322 3456 alius
2342 3425 2583 3457 non-sacerdos.

1516 3472 1602 3510 Quia
1624 3471 1768 3502 remissio
1792 3475 1999 3511 peccatorum
2023 3475 2071 3501 est
2093 3469 2224 3501 effectus
2248 3470 2396 3501 clavium.
2429 3469 2493 3501 Sed
2516 3479 2584 3501 non

1515 3517 1611 3547 habet
1634 3515 1737 3546 claves
1760 3515 1821 3545 nisi
1843 3514 1931 3545 solus
1954 3513 2112 3545 sacerdos.
2147 3515 2233 3554 Ergo
2267 3515 2336 3555 ipse
2367 3514 2456 3546 solus
2479 3519 2586 3556 potest

1476 3569 1499 3590 νς
1516 3560 1729 3600 indulgentias
1751 3558 1865 3590 facere.

2604 595 2615 606 ·
2622 593 2657 616 Cf.
2664 600 2704 622 qu.
2709 599 2767 622 xxa,
2774 597 2818 616 nrt.
