2918 4088
218 2570 228 2580 ·
243 2565 315 2588 Num.
330 2571 347 2587 1.

456 198 530 234 252

453 277 509 308 sed
532 283 563 307 et
586 287 624 307 ex
647 278 714 308 aliis
733 278 908 308 innumeris
925 276 1078 307 defective
1095 275 1289 316 significatur
1304 276 1399 306 huius
1415 284 1516 305 sacra-

453 322 553 352 menti
577 321 708 352 fructus.

508 365 576 395 Nec
589 366 692 395 obstat
704 365 792 405 quod
809 365 930 396 dicatur
946 364 1176 396 Eucharistiam
1191 364 1250 394 sub
1263 369 1397 404 utraque
1409 363 1515 403 specie

453 410 573 449 integre
597 415 831 449 repraesentare
849 410 1007 440 internam
1026 408 1246 439 refectionem.
1270 407 1435 445 Quoniam
1457 408 1516 437 hu-

453 453 592 484 iusmodi
615 454 775 493 integritas
799 463 856 484 seu
878 454 1015 484 totalitas
1039 451 1296 492 repraesentandi
1310 461 1379 481 non
1394 451 1515 491 simpli-

453 498 530 527 citer
554 503 585 527 et
608 497 762 533 absolute,
787 497 843 527 sed
865 498 1039 538 respective
1063 496 1103 526 ad
1125 496 1263 535 singulas
1280 495 1401 535 species
1423 494 1516 525 intel-

453 541 575 581 ligitur:
601 546 754 581 tanquam
778 542 803 571 si
827 541 983 571 diceretur
1007 540 1097 581 quod
1115 545 1221 570 totum
1236 539 1452 569 Eucharistiae
1468 548 1516 568 sa-

454 590 652 615 cramentum
675 590 887 625 repraesentat
909 586 1065 616 internam
1084 584 1302 619 refectionem,
1318 592 1386 613 non
1401 583 1516 622 partia-

453 629 523 659 liter
545 635 581 658 ut
603 629 725 668 species
748 629 848 669 panis,
873 638 933 660 nec
956 629 1127 669 partialiter
1150 633 1186 658 ut
1209 628 1330 667 species
1353 627 1436 662 vini,
1460 626 1517 656 sed

454 672 699 712 complectendo
723 678 907 712 utrumque.
943 673 1030 703 Cum
1053 682 1120 712 quo
1145 677 1205 702 stat
1231 670 1321 711 quod
1343 676 1516 710 utrumque

454 716 549 746 simul
571 716 756 756 imperfecte
775 717 863 747 illam
877 722 1101 757 repraesentat,
1118 716 1174 747 sed
1189 725 1257 746 non
1272 716 1315 745 ita
1330 713 1516 754 imperfecte

454 760 535 790 sicut
558 760 692 790 alterum
715 765 850 791 tantum.
884 761 1035 801 Singulae
1064 761 1150 791 enim
1180 760 1319 800 species,
1351 764 1382 789 et
1404 759 1516 788 ambae

454 804 559 840 simul,
583 810 820 844 repraesentant
842 815 910 835 non
932 811 1066 845 partem,
1090 804 1146 835 sed
1167 809 1270 834 totam
1292 803 1450 833 internam
1468 812 1516 832 re-

454 847 627 878 fectionem
649 849 793 888 spiritus:
818 848 874 880 sed
891 859 959 879 non
977 853 1228 889 repraesentatur
1250 847 1388 878 totaliter
1406 847 1444 877 ab
1461 846 1516 876 ali-

455 901 518 932 qua
535 901 655 929 earum,
671 902 732 923 nec
755 894 794 922 ab
817 894 970 924 ambabus
994 893 1099 928 simul,
1115 902 1176 923 nec
1192 892 1230 922 ab
1246 891 1422 922 innumeris
1438 891 1515 921 aliis.
1534 916 1537 917 γ

509 936 598 966 Patet
630 946 706 976 ergo
739 936 952 968 diversitatem
981 937 1257 967 sacramentalium
1287 936 1451 975 signorum
1487 940 1518 965 et

455 980 628 1010 modorum
644 980 842 1020 significandi
866 981 899 1011 in
915 982 978 1011 hoc
994 981 1209 1011 Eucharistiae
1233 984 1429 1010 sacramento
1446 978 1517 1008 nul-

454 1024 518 1054 lam
540 1023 654 1054 inferre
678 1024 890 1055 diversitatem
912 1026 946 1055 in
969 1025 1075 1055 fructu
1098 1024 1251 1064 spirituali
1267 1022 1453 1063 significato.

509 1068 578 1098 Nec
602 1077 640 1097 ex
663 1067 803 1098 admixto
829 1068 1015 1098 conferendi
1034 1074 1108 1098 actu
1131 1066 1334 1098 diversificari
1359 1065 1518 1106 significa-

455 1116 524 1141 tum
548 1112 734 1141 sacramenti
758 1111 898 1142 fructum
921 1118 1025 1151 putes.
1050 1112 1133 1141 Nam
1156 1112 1181 1140 si
1205 1110 1366 1140 diversitas
1383 1110 1464 1149 signi
1487 1115 1519 1139 et

454 1154 544 1184 modi
567 1154 765 1194 significandi
787 1164 855 1185 non
877 1155 1034 1185 redundat
1056 1156 1090 1185 in
1105 1155 1275 1194 signatum,
1300 1153 1390 1193 quod
1412 1162 1468 1193 per
1484 1162 1517 1183 se

454 1199 581 1238 respicit
603 1199 740 1238 signum,
765 1199 868 1229 multo
887 1200 994 1229 minus
1017 1198 1204 1229 huiusmodi
1223 1197 1385 1228 diversitas
1400 1195 1517 1226 redun-

454 1241 540 1272 dabit
562 1243 595 1273 in
619 1243 786 1278 collatum,
811 1242 901 1282 quod
923 1252 981 1283 per
1004 1242 1167 1278 accidens,
1192 1251 1249 1272 seu
1272 1250 1329 1281 per
1356 1240 1518 1280 quandam

455 1287 668 1316 annexionem
691 1287 828 1326 respicit.
851 1305 875 1309 —
897 1287 938 1317 Et
961 1286 1179 1317 confirmatur.
1203 1285 1298 1323 Quia,
1323 1285 1406 1315 sicut
1428 1294 1518 1314 com-

454 1331 593 1360 muniter
621 1330 757 1361 fatemur
783 1331 987 1361 sacramentis
1019 1340 1124 1361 novae
1151 1330 1230 1370 legis
1260 1328 1399 1359 conferri
1429 1328 1519 1368 quod

454 1374 656 1413 significatur,
680 1375 723 1405 ita
739 1375 954 1405 communiter
968 1375 1176 1405 abhorremus
1200 1372 1290 1413 quod
1307 1372 1425 1403 modus
1440 1382 1518 1403 con-

454 1418 576 1448 ferendi
600 1425 877 1449 commensuretur
899 1419 1000 1449 modo
1023 1418 1233 1458 significandi.

508 1462 576 1492 XII.
600 1463 648 1492 Ex
672 1464 788 1502 quibus
811 1463 962 1493 omnibus
979 1463 1094 1503 collige
1111 1462 1211 1503 quod,
1229 1467 1367 1502 quatuor
1382 1461 1518 1491 inventis

454 1507 488 1536 in
511 1507 727 1537 Eucharistiae
757 1513 955 1537 sacramento
980 1508 1121 1547 integro,
1150 1506 1270 1536 scilicet
1300 1515 1333 1535 re
1357 1510 1518 1541 contenta,

456 1551 512 1590 qui
537 1550 681 1581 Christus
706 1556 768 1587 est;
799 1551 900 1582 modo
924 1551 1129 1587 continendi,
1154 1550 1275 1580 scilicet
1304 1559 1342 1580 ex
1364 1550 1396 1579 vi
1418 1559 1519 1579 sacra—

454 1595 554 1624 menti
578 1600 609 1625 et
633 1595 903 1632 concomitanter;
929 1596 1035 1635 signis,
1059 1594 1302 1635 significatione,
1327 1602 1402 1624 cum
1418 1593 1518 1624 modo

455 1638 670 1678 significandi;
695 1644 726 1669 et
749 1639 937 1670 collatione:
972 1649 1047 1670 cum
1071 1644 1196 1669 constet
1219 1638 1308 1678 quod
1331 1638 1434 1668 maior
1457 1638 1519 1668 uti-

454 1682 524 1712 litas
547 1683 674 1722 spiritus
698 1689 819 1723 spectet
838 1683 877 1714 ad
892 1684 1049 1714 maiorem
1065 1683 1271 1713 collationem
1287 1692 1305 1712 a
1320 1692 1353 1712 re
1369 1687 1521 1712 contenta

454 1726 694 1769 procedentem,
719 1733 750 1757 et
772 1737 841 1758 non
864 1727 904 1758 ad
926 1727 1063 1758 modum
1087 1727 1303 1758 continentiae
1325 1736 1387 1757 nec
1410 1726 1450 1757 ad
1473 1726 1520 1757 di-

455 1771 634 1801 versitatem
657 1772 832 1811 signorum,
858 1771 1128 1812 significationum
1151 1777 1206 1802 aut
1229 1770 1404 1802 modorum
1424 1771 1520 1810 signi-

455 1814 588 1850 ficandi;
614 1820 645 1845 et
663 1825 712 1846 res
732 1821 882 1846 contenta
897 1817 956 1846 sub
973 1821 1108 1856 utraque
1124 1816 1229 1856 specie
1249 1815 1289 1845 sit
1305 1815 1439 1845 omnino
1455 1824 1521 1845 una

456 1864 487 1888 et
510 1858 632 1895 eadem,
658 1865 689 1889 et
710 1869 778 1890 non
801 1861 901 1900 magis
925 1859 1069 1890 conferat
1091 1859 1286 1900 spiritualem
1305 1858 1446 1889 fructum
1461 1859 1520 1889 sub

455 1912 521 1933 una
544 1912 643 1942 quam
665 1904 724 1933 sub
749 1904 818 1939 alia,
843 1909 898 1934 aut
920 1905 979 1934 sub
1003 1910 1138 1944 utraque
1162 1913 1260 1944 quam
1283 1903 1342 1933 sub
1365 1913 1446 1939 una,
1471 1908 1521 1933 ut-

454 1952 532 1986 pote
544 1947 635 1977 nullo
647 1947 808 1978 mediante
822 1949 1047 1984 instrumento,
1064 1948 1218 1988 nullaque
1233 1947 1394 1978 mediante
1405 1947 1521 1977 virtute

454 1996 548 2021 utens
576 1992 610 2021 in
637 1991 824 2022 huiusmodi
851 1992 1040 2029 collatione;
1072 2001 1274 2032 consequens
1298 1997 1345 2022 est
1371 1996 1408 2021 ut
1432 1991 1521 2021 nulla

454 2035 558 2065 maior
580 2036 698 2065 utilitas
721 2036 891 2076 spiritualis
914 2036 1036 2067 fructus
1059 2037 1227 2076 proveniat
1249 2036 1283 2066 in
1306 2040 1453 2066 sumente
1472 2045 1520 2065 sa-

455 2085 655 2109 cramentum
670 2080 728 2110 sub
744 2085 880 2120 utraque
896 2081 1012 2120 specie,
1030 2090 1128 2120 quam
1143 2080 1310 2120 proveniat
1324 2080 1358 2110 in
1374 2085 1520 2110 sumente

455 2129 689 2154 sacramentum
719 2124 778 2154 sub
803 2124 899 2154 altera
921 2130 1046 2154 tantum
1070 2125 1185 2164 specie.
1219 2124 1260 2154 Et
1283 2124 1347 2154 hoc
1369 2123 1520 2163 intellige,

457 2168 568 2198 ceteris
591 2168 730 2208 paribus.
755 2168 800 2198 Ita
823 2168 923 2208 quod,
946 2174 983 2198 ut
1006 2168 1227 2208 exemplariter
1243 2167 1374 2204 dicatur,
1398 2168 1424 2197 si
1448 2173 1522 2198 sunt

455 2212 508 2242 hic
535 2211 600 2242 duo
628 2212 802 2252 aequaliter
829 2212 974 2252 disposin‘
1001 2212 1040 2242 ad
1067 2212 1352 2248 communionem,
1383 2217 1415 2242 et
1437 2221 1522 2242 unus

456 2256 675 2286 communicet
697 2257 756 2286 sub
781 2257 887 2296 specie
910 2257 1001 2296 panis
1016 2262 1152 2292 tantum,
1176 2257 1254 2287 alter
1268 2265 1345 2286 vero
1362 2257 1420 2286 sub
1436 2261 1522 2286 utra-

456 2309 521 2340 que
543 2300 660 2339 specie,
683 2310 752 2330 non
775 2301 848 2340 plus
871 2300 1012 2340 prodest,
1036 2300 1145 2340 quoad
1167 2301 1299 2340 gratiam
1323 2305 1355 2330 et
1376 2300 1522 2340 spiritua—

456 2345 521 2374 lem
540 2343 689 2379 fructum,
705 2350 939 2375 sacramentum
963 2345 1179 2375 Eucharistiae
1194 2345 1447 2375 communicanti
1462 2345 1521 2375 sub

456 2394 592 2428 utraque
608 2389 725 2428 specie,
743 2398 840 2428 quam
864 2389 1117 2419 communicanti
1137 2389 1196 2419 sub
1222 2389 1329 2428 specie
1347 2389 1438 2428 panis
1453 2393 1522 2419 tan-

457 2438 538 2462 tum.
563 2432 603 2462 Et
618 2433 698 2462 ratio
714 2438 762 2462 est
777 2432 875 2463 dicta:
900 2433 977 2473 quia
995 2442 1063 2463 non
1078 2433 1248 2463 intervenit
1262 2433 1366 2462 maior
1381 2432 1521 2468 collatio,

459 2477 605 2516 quamvis
627 2477 815 2507 interveniat
837 2478 940 2507 maior
963 2476 1163 2516 significatio.
1190 2494 1211 2499 —
1242 2476 1331 2507 Haec
1355 2475 1394 2506 de
1417 2477 1521 2506 tertio.

513 2520 595 2550 XIII.
619 2520 671 2550 Ad
694 2526 880 2560 argumenta
902 2521 936 2550 in
952 2521 1140 2560 oppositum
1155 2519 1392 2560 respondendo,
1409 2519 1524 2550 dicitur

460 2564 501 2594 ad
522 2565 665 2604 primum
680 2565 696 2580 θ’
720 2564 810 2604 quod
837 2565 906 2595 sine
933 2564 1032 2594 dubio
1062 2565 1172 2594 utilius
1199 2569 1245 2594 est
1268 2573 1394 2594 sumere
1416 2569 1523 2594 totum

459 2607 601 2638 fructum
630 2609 819 2639 sacramenti
846 2617 944 2648 quam
974 2614 1098 2648 partem
1120 2607 1242 2639 ftuctus
1265 2607 1424 2638 eiusdem:
1455 2617 1524 2638 non

458 2657 567 2683 tamen
586 2652 695 2682 utilius
713 2657 758 2683 est
773 2662 899 2683 sumere
913 2657 1020 2682 totum
1035 2657 1268 2683 sacramentum
1287 2661 1385 2692 quam
1401 2657 1524 2692 partem

459 2697 656 2732 sacramenti,
681 2696 737 2726 ubi
760 2702 828 2726 tota
850 2697 897 2726 vis
916 2697 1104 2726 sacramenti
1118 2706 1187 2727 non
1202 2696 1309 2726 minus
1325 2701 1372 2726 est
1386 2696 1420 2726 in
1434 2701 1523 2736 parte

460 2750 558 2780 quam
581 2741 614 2770 in
629 2746 710 2776 toto,
735 2741 817 2770 sicut
833 2746 880 2771 est
894 2741 927 2770 in
943 2741 1123 2780 proposito.
1147 2740 1313 2778 Quoniam
1328 2745 1415 2770 totus
1432 2739 1523 2770 Chri-

458 2790 525 2814 stus
556 2785 738 2815 continetur
765 2785 798 2814 in
826 2790 897 2815 toto
925 2790 1123 2815 sacramento
1155 2790 1187 2814 et
1216 2785 1250 2814 in
1281 2784 1422 2824 qualibet
1456 2785 1524 2814 eius

458 2834 564 2868 parte:
588 2838 648 2858 nec
672 2834 719 2859 est
742 2828 917 2859 differentia
939 2829 999 2858 nisi
1022 2829 1057 2859 in
1079 2827 1303 2868 significando,
1327 2837 1395 2858 non
1417 2833 1524 2859 totum

458 2873 509 2902 vel
532 2878 664 2912 partem,
684 2872 863 2912 perfectum
878 2872 929 2903 vel
944 2872 1178 2913 imperfectum,
1194 2872 1251 2902 sed
1265 2872 1299 2902 in
1314 2871 1524 2912 significando

459 2917 630 2957 partialiter
652 2916 703 2946 vel
725 2917 857 2956 integre,
881 2915 1022 2956 perfecte
1044 2917 1095 2946 vel
1118 2915 1314 2956 imperfecte.

515 2960 610 2991 Unde
626 2970 701 2991 cum
716 2961 850 2991 instatur
865 2960 956 3001 quod
973 2961 1162 2991 sacramenti
1177 2970 1249 3000 pars
1265 2959 1351 2990 aliud
1367 2960 1524 3000 significa-

459 3010 508 3035 ret
523 3010 554 3035 et
578 3004 664 3035 aliud
681 3004 849 3040 conferret,
867 3005 943 3045 quia
966 3004 1157 3045 significaret
1171 3009 1295 3044 partem
1318 3009 1350 3034 et
1366 3004 1525 3035 conferret

459 3054 583 3078 totum:
608 3048 726 3088 duplex
742 3047 885 3079 defectus
901 3049 1121 3079 committitur.
1145 3049 1270 3079 Primus
1286 3054 1333 3079 est
1349 3049 1406 3089 qui
1421 3048 1524 3080 dictus

461 3097 517 3128 est,
541 3092 631 3132 quod
653 3102 724 3132 pars
748 3093 936 3123 sacramenti
956 3091 1112 3132 significet
1127 3098 1250 3132 partem
1265 3092 1397 3123 fructus.
1422 3093 1524 3133 Signi-

460 3135 535 3166 ficat
558 3136 644 3166 enim
667 3141 773 3166 totum
796 3136 945 3172 fructum,
971 3136 1026 3166 sed
1047 3137 1226 3176 partialiter.
1251 3154 1271 3159 -
1295 3137 1462 3168 Secundus
1478 3142 1525 3167 est

463 3178 566 3218 quod,
591 3179 665 3210 dato
690 3179 779 3219 quod
802 3180 993 3220 significaret
1015 3185 1138 3220 partem
1168 3186 1200 3211 et
1223 3180 1382 3211 conferret
1404 3186 1523 3218 totum,

462 3232 530 3252 non
545 3228 714 3262 propterea
729 3222 932 3263 derogaretur
947 3224 1074 3264 regulae
1089 3225 1308 3255 sacramentali
1325 3234 1388 3264 qua
1400 3223 1524 3261 dicitur,

463 3266 674 3296 Sacramenta
690 3267 865 3307 conferunt
879 3268 966 3307 quod
980 3268 1177 3308 significant.
1203 3268 1369 3306 Quoniam
1383 3268 1526 3299 verifica-

463 3315 549 3339 retur
565 3309 655 3349 quod
671 3309 829 3340 conferret
839 3310 877 3340 id
893 3311 983 3350 quod
999 3311 1164 3351 significat,
1182 3312 1337 3351 quamvis,
1354 3312 1436 3342 ultra
1451 3313 1525 3348 hoc,

465 3352 624 3383 conferret
646 3353 766 3393 aliquid
788 3354 870 3393 plus.
895 3354 1035 3385 Multum
1051 3356 1138 3385 enim
1153 3356 1235 3386 inter
1249 3364 1283 3385 se
1303 3355 1418 3386 distant
1436 3356 1525 3392 haec,

464 3397 616 3438 conferre
638 3396 738 3432 aliud,
763 3402 812 3433 et,
837 3398 989 3438 conferre
1012 3398 1093 3428 illud
1116 3403 1147 3428 et
1169 3398 1293 3439 aliquid
1309 3399 1396 3438 plus.
1431 3398 1527 3430 Unde

465 3450 504 3470 ex
531 3441 595 3471 hoc
626 3440 715 3480 quod
745 3450 817 3480 pars
847 3442 1035 3471 sacramenti
1066 3441 1191 3472 confert
1218 3441 1375 3482 quidquid
1403 3442 1527 3473 confert

464 3489 581 3520 totum,
605 3490 636 3514 et
659 3483 831 3515 affirmatur
853 3484 944 3524 quod
959 3484 1083 3515 confert
1102 3484 1192 3524 quod
1208 3485 1371 3525 significat,
1390 3490 1421 3516 et
1437 3486 1527 3526 quod

465 3527 589 3558 confert
611 3528 683 3568 plus
707 3537 805 3568 quam
828 3528 975 3569 explicite
998 3527 1165 3568 significet.

1104 196 1368 243 QUAESTlo
1396 196 1557 242 LXXX,
1587 195 1881 233 ARTlCULUS
1909 196 1976 232 ΧΠ

1624 274 1707 304 XIV.
1731 273 1783 304 Ad
1798 273 1978 304 secundum
1988 275 2005 291 *
2029 273 2143 304 dicitur
2157 274 2247 314 quod
2261 276 2368 305 minor
2383 280 2431 306 est
2446 274 2531 305 falsa.
2556 274 2632 305 Non

1570 323 1644 347 sunt
1667 318 1754 348 enim
1777 318 1987 348 instrumenta
2002 317 2120 348 Christi
2135 319 2278 349 contenti
2292 319 2326 349 in
2342 319 2538 350 Eucharistia
2561 327 2632 359 spe-

1570 362 1633 392 cies
1660 362 1902 392 sacramentales
1933 367 1988 392 aut
2016 371 2094 392 usus
2124 371 2250 399 earum,
2282 372 2356 393 vere
2377 368 2409 394 et
2425 363 2561 404 proprie
2584 363 2632 393 lo-

1569 405 1705 446 quendo.
1741 405 1841 443 Quod
1863 405 1937 436 ideo
1961 405 2062 442 addo,
2087 406 2259 445 quoniam,
2286 407 2313 437 si
2335 407 2452 438 alicubi
2478 407 2633 447 scriptum

1569 450 1749 480 inveniatur
1780 449 1870 489 quod
1892 450 1971 480 haec
1998 455 2074 479 sunt
2095 450 2306 480 instrumenta
2328 456 2382 481 aut
2406 451 2496 491 quasi
2518 451 2633 481 instru-

1569 499 1678 524 menta
1701 493 1817 529 divina,
1842 494 1895 534 pie
1915 493 2143 533 exponendum
2160 499 2220 524 est:
2244 494 2296 524 vel
2311 494 2351 525 de
2365 495 2578 525 instrumento
2594 493 2635 524 ad

1569 537 1768 568 excitandam
1784 537 2002 573 devotionem,
2016 542 2047 567 et
2062 547 2130 568 non
2142 537 2182 567 ad
2198 537 2430 569 conferendum
2445 538 2634 569 sacramenti

1569 581 1725 618 fructum;
1749 582 1801 612 vel
1823 582 2026 612 instrumenti
2040 582 2174 612 nomine
2196 581 2439 622 intelligendum
2455 587 2502 612 est
2517 581 2550 612 id
2564 582 2634 612 sine

1569 635 1632 666 quo
1657 636 1733 656 non.
1758 625 1943 657 Secundum
1967 626 2054 655 enim
2077 625 2263 656 huiusmodi
2286 626 2506 657 extensionem
2528 626 2634 656 nomi-

1568 679 1648 700 num
1671 669 1850 700 verificatur
1874 669 1963 710 quod
1989 669 2111 709 species
2135 674 2166 700 et
2189 678 2298 700 earum
2321 679 2398 700 usus
2421 674 2496 700 sunt
2517 670 2634 700 instru-

1568 719 1677 744 menta
1699 714 1740 744 ad
1762 714 1903 744 fructum
1925 714 2131 744 sacramenti:
2157 714 2232 753 quia
2255 714 2323 744 sine
2346 714 2391 744 eis
2413 714 2448 744 in
2470 722 2505 744 re
2526 713 2579 744 vel
2600 714 2635 743 in

1569 763 1647 788 voto
1671 767 1739 788 non
1763 757 1925 788 confertur
1948 758 2136 788 sacramenti
2158 757 2280 788 fructus
2303 767 2322 788 a
2343 766 2378 788 re
2401 762 2552 788 contenta
2574 757 2634 788 sub

1570 807 1779 832 sacramento.

1625 846 1689 877 Ubi
1711 847 1791 877 scito
1816 846 1906 886 quod
1928 845 2115 876 huiusmodi
2138 847 2260 886 species
2284 851 2315 876 et
2337 854 2414 876 usus
2431 854 2541 876 earum
2557 854 2635 875 con·

1570 891 1703 920 veniunt
1726 899 1801 921 cum
1825 891 1892 920 aliis
1915 891 2118 921 sacramentis
2144 899 2211 920 non
2230 890 2338 921 solum
2357 890 2391 920 in
2414 888 2634 930 significando,

1570 933 1627 964 sed
1650 935 1745 964 etiam
1768 935 1803 964 in
1826 934 2033 965 conferendo.
2058 935 2099 964 Et
2121 939 2301 974 propterea,
2325 934 2408 965 sicut
2430 942 2514 974 aqua
2533 933 2637 974 bapti-

1570 979 1630 1008 smi
1653 988 1771 1018 corpus
1804 978 1911 1019 tangit
1933 984 1964 1008 et
1985 988 2044 1008 cor
2067 979 2184 1014 abluit,
2209 979 2253 1009 sic
2276 979 2379 1008 hostia
2401 987 2488 1008 sacra
2518 986 2636 1017 corpus

1569 1023 1670 1061 tangit
1693 1027 1724 1052 et
1748 1032 1804 1052 cor
1827 1023 1891 1052 alit.
1925 1022 1988 1053 Sed
2010 1023 2150 1053 multum
2173 1022 2321 1053 differunt
2344 1023 2378 1052 in
2400 1021 2501 1052 modo
2525 1020 2635 1052 confe-

1570 1065 1670 1096 rendi.
1695 1066 1861 1104 Quoniam
1875 1067 1909 1096 in
1925 1066 1993 1096 aliis
2015 1067 2218 1096 sacramentis
2235 1066 2380 1097 Christus
2399 1065 2560 1096 mediante
2574 1066 2636 1095 vir·

1570 1114 1638 1139 tute
1661 1110 1880 1140 sacramentali
1903 1109 2027 1140 confert
2050 1109 2216 1140 effectum:
2243 1111 2296 1140 hic
2319 1116 2427 1141 autem
2451 1108 2636 1140 immediate

1570 1162 1628 1192 per
1643 1153 1784 1192 seipsum
1799 1153 1940 1183 fructum
1959 1152 2083 1184 confert
2105 1155 2302 1184 sacramenti.
2326 1154 2368 1184 Et
2382 1159 2552 1194 propterea
2567 1158 2636 1184 esto

1571 1201 1683 1226 cautus
1708 1206 1783 1226 cum
1807 1197 2002 1227 obiiciuntur
2024 1197 2211 1227 huiusmodi
2233 1197 2465 1228 similitudines.

1626 1239 1678 1270 Ad
1708 1239 1988 1270 confirmationem
2018 1239 2134 1270 dicitur
2164 1241 2254 1280 quod
2280 1246 2370 1272 actus
2395 1241 2637 1272 sacramentales

1571 1289 1646 1314 sunt
1668 1284 1702 1314 in
1725 1283 1848 1324 duplici
1870 1283 2054 1317 differentia.
2090 1284 2232 1322 Quidam
2255 1285 2342 1315 enim
2365 1290 2439 1315 sunt
2462 1286 2519 1325 qui
2541 1286 2637 1315 inter-

1571 1328 1705 1358 veniunt
1727 1329 1760 1358 in
1784 1328 1853 1368 ipsa
1876 1327 2082 1358 confectione
2104 1329 2304 1359 sacramenti.
2335 1328 2377 1359 Et
2399 1328 2440 1359 de
2462 1329 2512 1359 his
2533 1328 2638 1359 verifi—

1573 1377 1661 1402 catur
1678 1371 1768 1412 quod
1783 1377 1858 1402 sunt
1873 1377 1962 1402 actus
1977 1373 2245 1404 instrumentales.
2268 1391 2291 1396 —
2314 1371 2456 1410 Quidam
2470 1381 2548 1403 vero
2563 1377 2639 1403 sunt

1572 1416 1638 1455 qui,
1663 1421 1737 1456 post
1760 1415 1947 1446 confectum
1970 1422 2222 1453 sacramentum,
2247 1416 2288 1447 ad
2309 1425 2406 1447 usum
2429 1416 2637 1447 solummodo

1571 1465 1717 1500 spectant
1739 1461 1937 1490 sacramenti.
1962 1460 2004 1490 Et
2026 1461 2059 1490 hi
2081 1470 2149 1491 non
2173 1466 2248 1491 sunt
2269 1466 2358 1492 actus
2381 1461 2638 1492 instmmentale‘t

1572 1504 1612 1534 ad
1635 1503 1868 1535 conferendum
1891 1505 2080 1534 sacramenn'
2098 1504 2255 1535 fructum:
2279 1504 2346 1541 sed,
2361 1510 2400 1535 ut
2413 1504 2536 1535 dictum
2551 1505 2637 1541 est’,

1571 1558 1605 1579 se
1628 1548 1747 1579 habent
1768 1554 1805 1579 ut
1828 1549 2120 1588 approximationes
2142 1549 2329 1579 nutrimenti
2351 1548 2392 1579 ad
2409 1549 2443 1580 id
2465 1548 2556 1589 quod
2577 1556 2638 1580 nu-

1571 1593 1672 1623 tritur.
1708 1592 1803 1623 Tales
1830 1598 1939 1623 autem
1965 1598 2040 1623 sunt
2067 1592 2107 1623 de
2136 1593 2253 1633 quibus
2280 1597 2328 1623 est
2349 1602 2455 1624 sermo
2478 1601 2639 1633 praeseus.

1626 1636 1679 1667 Ad
1702 1637 1797 1667 aliam
1821 1636 2102 1667 confirmationem
2120 1636 2235 1668 dicitur
2258 1636 2348 1677 quod
2362 1646 2431 1668 non
2446 1636 2520 1668 ideo
2535 1637 2639 1668 simile

1572 1680 1735 1712 reddimus
1758 1680 1916 1711 iudicium
1939 1680 1978 1711 de
2001 1681 2200 1712 Eucharistia
2224 1686 2255 1712 et
2277 1681 2437 1721 baptismo
2461 1686 2493 1711 et
2507 1681 2576 1712 aliis
2589 1689 2640 1712 sa·

1573 1726 1758 1761 cramentis,
1787 1724 1924 1756 dicendo
1949 1725 2039 1765 quod
2061 1735 2130 1756 non
2152 1726 2301 1766 provenit
2324 1735 2364 1756 ex
2385 1724 2515 1756 defectu
2537 1734 2639 1760 sacru,—

1572 1770 1674 1800 menti
1696 1770 1722 1799 si
1740 1768 1940 1800 infructuose
1955 1769 2154 1810 quandoque
2168 1770 2395 1810 suscipiuntur,
2415 1770 2510 1810 quasi*
2522 1769 2639 1800 eodem

1573 1813 1674 1844 modo
1705 1813 1851 1844 Christus
1882 1819 2034 1854 operetur
2062 1814 2096 1844 in
2122 1814 2186 1844 hoc
2213 1818 2412 1844 sacramento
2439 1818 2471 1844 et
2496 1814 2531 1844 in
2553 1813 2638 1844 aliis:

1574 1867 1650 1888 cum
1673 1862 1798 1888 constet
1821 1857 1911 1898 quod
1933 1867 2002 1888 non
2025 1857 2142 1888 eodem
2155 1857 2256 1888 modo
2281 1857 2426 1888 Christus
2450 1862 2497 1888 est
2518 1858 2554 1888 in
2574 1857 2640 1888 hoc

1573 1907 1773 1932 sacramento
1796 1907 1828 1932 et
1850 1902 1884 1932 in
1906 1901 1993 1938 aliis;
2018 1901 2175 1942 quoniam
2189 1902 2242 1932 hic
2258 1907 2306 1932 est
2319 1911 2378 1942 per
2391 1901 2534 1942 seipsum
2548 1910 2640 1942 prae*

1574 1955 1656 1982 sens,
1680 1946 1714 1976 in
1736 1946 1804 1976 aliis
1827 1954 1885 1985 per
1907 1955 1999 1976 suam
2020 1946 2172 1976 virtutem
2189 1945 2241 1976 vel
2256 1945 2475 1976 assistentiam.
2499 1944 2640 1977 Sedhec

1573 1990 1648 2021 ideo
1672 1989 1788 2020 dicitur
1809 1990 1887 2030 quia
1909 1994 2068 2030 quantum
2091 1989 2131 2020 ad
2153 1989 2360 2020 collationem
2382 1989 2554 2030 spiritualis
2570 1998 2640 2030 gra»

1573 2035 1636 2064 tiae
1665 2033 1752 2064 idem
1775 2039 1822 2064 est
1843 2033 2016 2064 iudicium:
2044 2034 2078 2064 in
2101 2034 2252 2064 omnibus
2276 2034 2363 2064 enim
2391 2033 2554 2065 confertur
2575 2033 2640 2074 spi·

1573 2078 1687 2108 rituale
1711 2077 1836 2108 donum
1859 2078 1886 2108 si
1908 2077 2003 2118 digne
2026 2078 2254 2118 suscipiuntur.

1628 2122 1699 2152 XV.
1722 2122 1775 2152 Ad
1797 2122 1928 2152 tertium
1942 2123 1959 2138 *
1983 2121 2097 2152 dicitur
2125 2121 2231 2162 quod,
2260 2122 2372 2152 ceteris
2395 2122 2541 2163 paribus,
2571 2129 2640 2152 non

1575 2171 1623 2197 est
1647 2166 1758 2196 utilius
1788 2165 1992 2206 spiritualiter
2017 2165 2188 2196 comedere
2215 2171 2246 2196 et
2271 2166 2380 2197 bibere
2406 2170 2640 2199 sacramentum

1575 2220 1675 2250 quam
1698 2209 1868 2241 comedere
1891 2215 2032 2240 tantum:
2067 2211 2143 2250 quia
2165 2210 2336 2242 comedere
2362 2215 2395 2241 et
2416 2210 2525 2241 bibere
2549 2209 2641 2250 spiri-

1574 2254 1701 2285 tualiter
1724 2253 1888 2285 Christum
1917 2259 1992 2284 sunt
2018 2263 2122 2285 unum
2153 2259 2184 2285 et
2210 2254 2297 2285 idem
2326 2255 2410 2285 inter
2434 2262 2488 2290 εις
2519 2258 2552 2284 et
2571 2259 2642 2290 non

1576 2298 1727 2329 differunt
1755 2308 1774 2328 a
1797 2297 1968 2329 comedere
1992 2303 2024 2329 et
2046 2298 2154 2329 bibere
2183 2298 2386 2338 spiritualiter
2409 2298 2642 2328 Eucharistiam

1575 2343 1637 2373 nisi
1663 2342 1732 2373 sola
1758 2342 1913 2373 relatione
1938 2341 1980 2372 ad
2001 2347 2247 2373 sacramentum.
2283 2341 2420 2373 Constat
2442 2341 2530 2372 enim
2553 2341 2643 2382 quod

1575 2387 1693 2418 utilitas
1720 2385 1892 2426 graduatur
1921 2385 2101 2417 seeundum
2122 2387 2308 2417 interiorem
2330 2386 2459 2427 spiritus
2481 2385 2641 2422 fructum,

1575 2436 1608 2461 et
1629 2440 1698 2461 non
1721 2430 1901 2460 secundum
1926 2430 2116 2460 relationem
2138 2430 2179 2460 ad
2201 2435 2454 2461 sacramentum:
2486 2430 2654 2470 quonian.

1575 2475 1687 2505 relatio
1702 2473 1891 2504 huiusmodi
1913 2483 1981 2504 non
1996 2474 2072 2504 facit
2086 2474 2212 2511 melius,
2231 2474 2288 2506 sed
2303 2474 2406 2505 solam
2421 2473 2643 2506 habitudinem

1577 2518 1616 2549 ad
1639 2518 1788 2549 sensibile
1810 2519 1938 2558 signum
1960 2519 1995 2548 in
2010 2527 2076 2558 quo
2093 2518 2240 2549 Christus
2256 2519 2438 2549 continetur
2459 2518 2604 2558 apponit.
2618 2532 2643 2543 -—

1577 2562 1677 2600 Quod
1707 2567 1816 2593 autem
1844 2561 2015 2593 comedere
2042 2568 2074 2592 et
2097 2563 2205 2593 bibere
2228 2562 2430 2603 spiritualiter
2459 2562 2547 2593 idem
2568 2563 2642 2599 dut,

1576 2606 1758 2637 manifestat
1780 2606 1954 2642 Dominus,
1979 2606 2067 2637 Ioan.
2083 2617 2125 2642 vr,
2150 2606 2229 2638 dum
2251 2612 2299 2637 ter
2320 2615 2424 2638 unum
2448 2611 2480 2637 et
2502 2605 2643 2637 eundem

1576 2651 1716 2681 fructum
1749 2651 1891 2681 attribuit
1912 2650 2154 2681 manducationi
2177 2651 2280 2682 carnis
2301 2660 2378 2682 suae
2401 2656 2433 2681 et
2454 2651 2549 2691 potui
2570 2658 2643 2682 aaa·

1576 2696 1681 2735 guinis
1705 2695 1770 2726 sui:
1796 2695 1912 2735 primo,
1937 2704 2013 2725 cum
2036 2694 2113 2725 dicit
2127 2696 2153 2731 *‚
2178 2695 2252 2726 Nisi
2274 2694 2549 2726 manducaveritis
2568 2699 2680 2726 cmv·

1577 2749 1648 2770 nem
1671 2739 1749 2770 Filii
1771 2739 1911 2769 hominis
1934 2744 1966 2775 et
1986 2739 2128 2770 biberitis
2151 2740 2220 2772 eius
2241 2739 2445 2781 sanguinent,
2463 2747 2529 2769 non
2546 2738 2642 2770 hab·

1577 2783 1650 2814 bitis
1673 2783 1772 2814 vitam
1796 2783 1828 2813 in
1853 2783 1962 2819 vobis,·
1984 2783 2138 2820 secundo,
2155 2793 2230 2814 cum
2246 2782 2322 2814 dicit
2336 2784 2363 2820 *,
2390 2782 2456 2820 Qui
2469 2782 2645 2814 manducat
2668 2786 2680 2798 ·

1577 2837 1681 2858 meam
1704 2836 1836 2858 carnem
1858 2832 1890 2858 et
1910 2827 1988 2858 bibit
2009 2837 2115 2858 meum
2136 2827 2340 2869 sanguinem,
2363 2827 2459 2858 habet
2475 2826 2574 2857 vitam
2587 2834 2642 2857 a&

1577 2877 1724 2908 ternam,·
1745 2872 1850 2908 tertio,
1875 2881 1950 2902 cum
1973 2871 2051 2902 dicit
2065 2872 2092 2908 ³,
2120 2871 2185 2908 Qui
2202 2871 2379 2902 manducat
2391 2879 2495 2906 meam
2509 2878 2642 2902 carm

1577 2921 1609 2947 et
1630 2916 1707 2946 bibit
1729 2925 1834 2946 meum
1862 2916 2073 2957 sanguinem,
2105 2916 2138 2946 in
2162 2925 2212 2946 me
2234 2920 2344 2946 manet
2371 2920 2403 2946 et
2424 2923 2486 2956 ego
2513 2913 2547 2944 in
2570 2913 2640 2945 ino.

1577 2961 1641 2991 Ubi
1663 2965 1751 3000 patet
1773 2959 1864 3000 quod
1886 2968 2013 3000 semper
2034 2960 2150 2991 unicus
2172 2959 2413 2990 manducationi
2430 2963 2463 2989 et
2476 2958 2570 2998 potui
2585 2967 2642 2999 ap-

1577 3005 1702 3045 positus
1725 3009 1772 3035 est
1794 3003 1935 3035 fructus:
1969 3004 2092 3044 primo,
2116 3004 2180 3034 vita
2201 3003 2236 3034 in
2256 3003 2366 3039 nobis;
2393 3001 2554 3038 secundo,
2577 3002 2642 3033 vita

1578 3054 1722 3084 aetema;
1746 3049 1850 3084 tertio,
1874 3048 1999 3078 mansio
2022 3048 2056 3078 in
2079 3047 2208 3078 Christo
2231 3052 2263 3078 et
2286 3056 2304 3077 e
2327 3051 2447 3077 contra.

1632 3092 1685 3123 Ad
1706 3092 1888 3123 instantiam
1912 3096 2021 3122 autem
2044 3091 2135 3131 quod
2156 3090 2350 3121 manducare
2372 3094 2420 3120 est
2437 3095 2526 3121 actus
2548 3090 2642 3121 intel·-

1578 3137 1680 3167 lectus
1703 3142 1735 3167 et
1754 3136 1863 3166 bibere
1878 3141 1967 3166 actus
1982 3134 2123 3171 affectus,
2139 3133 2351 3174 respondetur
2365 3133 2455 3174 quod
2473 3134 2553 3164 haec
2567 3139 2643 3165 sunt

1578 3189 1652 3211 vera
1675 3179 1855 3211 secundum
1878 3178 2040 3220 quandam
2055 3178 2358 3219 appropriationem,
2383 3183 2414 3208 et
2436 3187 2505 3209 non
2527 3186 2642 3209 secun-

1579 3224 1657 3254 dum
1672 3224 1910 3264 proprietatem.
1933 3223 1975 3253 Et
1989 3223 2054 3253 hoc
2067 3227 2134 3253 tam
2148 3223 2183 3252 in
2197 3222 2248 3252 via
2263 3231 2361 3262 quam
2375 3222 2410 3252 in
2424 3222 2534 3262 patria.
2557 3222 2643 3253 Nam

1578 3268 1612 3298 in
1634 3268 1686 3298 via
1707 3273 1774 3298 tam
1795 3266 1988 3298 manducare
2004 3275 2103 3306 quam
2117 3266 2225 3296 bibere
2240 3266 2443 3306 spiritualiter
2465 3271 2587 3306 spectat
2601 3265 2642 3297 ad

1580 3311 1708 3342 credere
1723 3312 1757 3341 in
1773 3310 1937 3342 Christum
1952 3310 1978 3346 ⁶,
2001 3311 2058 3350 qui
2075 3314 2174 3346 actus,
2192 3319 2267 3340 cum
2282 3310 2322 3340 sit
2339 3309 2415 3340 fidei
2430 3309 2595 3347 formatae,
2611 3315 2643 3341 et
2668 3312 2680 3323 '

1578 3355 1758 3386 intellectus
1788 3359 1820 3385 et
1844 3353 1976 3385 affectus
1999 3359 2055 3384 est.
2090 3354 2126 3384 In
2152 3355 2251 3394 patria
2277 3359 2385 3385 autem
2415 3353 2524 3385 fruitio
2550 3354 2643 3386 beata

1578 3399 1746 3438 utriusque
1769 3406 1902 3438 quoque
1928 3398 2025 3438 partis
2054 3397 2209 3437 perfectio
2234 3403 2289 3428 est.
2325 3398 2361 3428 In
2384 3398 2476 3429 cuius
2502 3398 2641 3438 signum,

1580 3452 1655 3472 cum
1679 3442 1800 3472 dictum
1824 3446 1905 3472 esset
1929 3441 2019 3482 quod
2041 3442 2163 3472 cibaret
2185 3442 2276 3472 illum
2293 3452 2382 3482 pane
2397 3442 2482 3473 vitae
2504 3447 2536 3473 et
2549 3442 2642 3473 intel·

1580 3486 1690 3521 lectus,
1701 3486 1910 3516 subiunctum
1933 3490 1989 3521 est,
2003 3490 2035 3516 et
2055 3493 2142 3526 aqua
2159 3486 2318 3526 sapientia
2331 3486 2460 3526 potavit
2473 3486 2584 3517 illum:
2605 3491 2643 3517 ut

1579 3534 1808 3560 monstraretur
1835 3530 1989 3569 sapientia
2018 3529 2057 3560 ad
2079 3529 2278 3561 intellectum
2307 3530 2469 3571 pertinens
2497 3535 2530 3561 et
2552 3530 2642 3562 cibus

2658 277 2669 289 ·
2682 277 2753 300 Num.
2769 284 2794 300 u.

2664 1505 2676 1517 ²
2695 1504 2768 1528 Num.
2787 1510 2812 1532 x,
2834 1504 2878 1527 Se-

2664 1530 2748 1562 σει-ιο,-

2666 2123 2677 2134 ·
2690 2122 2762 2146 Num.
2777 2128 2812 2145 ux.

2693 2697 2759 2720 Ver..
2773 2703 2808 2726 54.

2693 2785 2760 2808 Vm.
2774 2791 2807 2814 55.

2668 2874 2680 2885 ·
2694 2873 2762 2896 Vers.
2775 2878 2811 2901 57.

2914 1117 2918 1190 i..i--
2911 1033 2918 1104 Δις-.-
2914 978 2918 1020 A-.
2915 944 2918 963 ..
