2918 4088
42 847 45 890 2
62 848 219 930 ysaa-
211 848 275 923 255

62 891 273 977 ffixezm:

51 1010 54 1012 .
136 980 203 1029 naida
212 979 274 1003 Con-

0 1024 1 1027 .
40 1015 47 1024 ν·
59 1011 133 1037 ner„
157 1009 203 1060 ⁸nt.
216 1006 245 1029 11.

968 190 1230 237 QUAESTIO
1258 192 1417 239 LXXV,
1446 192 1737 230 ARTICULUS
1765 195 1811 231 ΙΙΙ

305 266 406 314 Ergo
426 277 507 302 non
535 273 590 303 est
608 265 751 315 aliquid
776 275 863 315 post
881 267 1220 305 consecrationem.
1250 267 1364 315 Igitur

304 325 370 355 aut
397 325 452 355 est
471 318 688 366 annihilata,
709 327 774 355 aut
801 319 840 356 in
858 319 1139 369 praeiacentem
1163 319 1363 357 materiam

303 371 479 408 resoluta.

358 434 393 459 2.
423 424 655 470 PRAETEREA,
676 423 769 461 illud
797 425 904 474 quod
932 432 987 461 est
1019 424 1204 461 terminus
1232 437 1256 461 a
1281 437 1361 474 quo

302 474 344 512 in
371 475 540 524 qualibet
557 476 780 524 mutatione,
801 489 882 514 non
907 485 1089 524 remanet,
1110 476 1183 514 nisi
1209 477 1303 513 forte
1323 477 1362 513 in

301 528 472 577 potentia
495 528 694 566 materiae:
716 529 823 576 sicut,
843 530 1000 578 quando
1021 541 1068 566 ex
1087 541 1174 566 aere
1192 529 1236 565 fit
1254 529 1360 577 ignis,

301 580 426 618 forma
444 581 541 618 aeris
559 593 640 618 non
658 589 789 619 manet
815 582 887 619 nisi
915 581 954 618 in
972 581 1142 631 potentia
1160 581 1360 628 materiae;

303 640 340 670 et
367 633 537 671 similiter
563 634 720 684 quando
749 646 796 671 ex
827 634 915 671 albo
942 633 987 670 fit
1013 633 1177 682 nigrum.
1217 634 1294 671 Sed
1322 634 1361 671 in

301 686 378 723 hoc
405 694 643 724 sacramento
663 686 871 724 substantia
888 686 999 736 panis
1027 693 1064 723 et
1081 686 1162 724 vini
1181 698 1220 723 se
1246 686 1362 724 habet

302 738 399 776 sicut
425 739 611 777 terminus
639 752 663 777 a
690 751 781 788 quo,
802 751 943 788 corpus
962 746 1093 776 autem
1119 739 1182 776 vel
1209 739 1361 787 sanguis

303 791 442 841 Christi
460 791 557 829 sicut
583 791 770 829 terminus
787 792 837 828 ad
865 803 1004 840 quem:
1034 790 1123 828 dicit
1146 791 1250 828 enim
1268 793 1360 829 Am-

300 835 493 891 151οεί115,
483 856 523 881 111
541 844 638 881 libro
659 845 704 881 de
726 845 867 893 Officiis
885 844 924 880 *z
953 845 1050 880 Ante
1074 845 1361 881 benedictionem

300 897 376 934 alia
395 902 413 918 ²
439 898 576 947 species
603 898 829 943 nominatur,
851 903 937 945 post
963 897 1251 934 benedictionem
1279 909 1360 934 cor-

294 961 368 1000 pus
393 951 637 999 significatur.
667 950 788 1009 Ergo,
814 949 910 986 facta
938 949 1241 995 consecratione,
1271 950 1360 987 sub-

300 1001 436 1040 stantia
453 1001 564 1051 panis
591 1003 654 1039 vel
680 1001 761 1039 vini
779 1014 860 1040 non
883 1010 1024 1050 manet,
1045 1002 1118 1039 nisi
1144 1003 1239 1040 forte
1258 1015 1360 1040 reso-

299 1056 379 1093 luta
406 1054 445 1092 in
473 1067 585 1092 suam
612 1055 823 1092 materiam.

355 1107 389 1145 3.
419 1108 659 1155 PRAETEREA‚
689 1115 839 1158 oportet
863 1110 1022 1145 alterurn
1051 1108 1359 1146 contradictorio-

299 1172 386 1198 rum
407 1172 489 1197 esse
512 1172 662 1198 verum.
685 1161 762 1198 Sed
781 1162 877 1198 haec
895 1169 951 1198 est
968 1162 1079 1198 falsa:
1100 1163 1216 1199 Facta
1235 1174 1359 1199 conse—

298 1215 476 1260 eratione,
495 1215 697 1251 substantia
709 1216 822 1264 panis
839 1215 898 1253 vel
914 1216 994 1252 vini
1011 1220 1062 1252 est
1079 1215 1227 1264 aliquid.
1258 1215 1359 1263 Ergo

298 1267 395 1304 haec
422 1273 478 1303 est
504 1278 615 1304 vera:
646 1268 853 1304 Substantia
875 1269 987 1317 panis
1004 1267 1063 1306 vel
1088 1269 1167 1305 vini
1188 1273 1239 1304 est
1258 1268 1358 1305 nihil.

353 1319 427 1358 SED
447 1331 592 1361 <zormu
610 1331 676 1357 EST
695 1320 802 1369 quod
829 1319 1065 1368 Augustinus
1085 1320 1183 1367 dicit,
1204 1320 1244 1357 in
1263 1320 1359 1358 libro

295 1371 612 1424 Octogintatrium
633 1374 896 1415 Quaestionum
910 1373 948 1395 '¹‘-
940 1374 1070 1410 .Deus
1084 1385 1158 1410 non
1179 1379 1229 1410 est
1247 1385 1360 1410 causa

298 1425 472 1462 tendendi
497 1427 534 1462 in
564 1438 638 1463 non
667 1438 753 1462 esse.
785 1426 861 1463 Sed
890 1426 966 1463 hoc
993 1433 1278 1463 sacramentum
1305 1425 1359 1463 di-

298 1477 390 1515 vina
416 1477 554 1515 virtute
581 1478 787 1527 perficitur.
819 1479 921 1528 Ergo
949 1478 989 1515 in
1018 1479 1094 1516 hoc
1121 1486 1359 1524 sacramento

268 1579 270 1581 K
297 1542 381 1569 uon
407 1530 640 1568 annihilatur
667 1530 877 1568 substantia
903 1531 1013 1579 panis
1041 1538 1107 1568 aut
1132 1522 1223 1568 vini.

111 1962 271 2038 1,εέ

120 2035 272 2119 dan-..tv

59 3463 62 3474 ζ
89 3438 126 3464 α
145 3446 211 3464 num.
225 3446 275 3470 neq.

351 1583 576 1620 Responnzo
604 1595 786 1621 01011111)οΜ
812 1584 931 1632 quod,
948 1583 1039 1632 quia
1066 1583 1276 1620 substantia
1294 1595 1360 1642 pa-

297 1634 358 1672 nis
384 1637 447 1672 vel
464 1635 544 1672 vini
571 1647 653 1672 non
680 1644 811 1672 manet
835 1636 875 1672 in
902 1637 978 1673 hoc
1006 1643 1256 1682 sacramento,
1277 1636 1360 1684 qui-

297 1687 402 1736 dam,
421 1687 673 1747 impossibile
686 1695 905 1737 reputantes
933 1689 1040 1738 quod
1067 1688 1276 1725 substantia
1294 1700 1360 1738 pa-

297 1740 357 1785 nis
375 1741 437 1778 vel
454 1740 536 1778 vini
563 1740 604 1778 in
622 1753 763 1790 corpus
781 1743 844 1778 vel
863 1741 1090 1790 sanguinem
1110 1740 1250 1778 Christi
1269 1753 1359 1778 con-

296 1801 485 1840 vertatur,
523 1788 738 1843 posuerunt
774 1794 882 1853 quod
921 1806 992 1844 per
1031 1793 1360 1831 consecrationem

298 1846 508 1885 substantia
534 1846 645 1896 panis
672 1848 735 1884 vel
761 1846 842 1884 vini
869 1848 930 1884 vel
959 1846 1160 1884 resolvitur
1187 1846 1227 1883 in
1254 1859 1360 1896 prae-

217 1899 483 1938 “miscentem
513 1899 725 1947 materiam,
749 1901 812 1937 vel
839 1900 947 1960 quod
975 1899 1242 1937 annihiletur*

350 1951 576 1991 Ptaeiacens
613 1960 744 1990 autem
780 1953 940 1990 materia
967 1952 1007 1989 in
1041 1965 1160 2002 quam
1197 1964 1361 2002 corpora

297 2005 417 2045 mixta
453 2005 593 2043 resolvi
611 2013 801 2055 possunt,
832 2013 920 2043 sunt
948 2013 1115 2055 quatuor
1150 2006 1357 2042 elementa:

262 2070 380 2107 gnon
407 2058 512 2096 enim
539 2066 664 2108 potest
682 2058 765 2096 fieri
793 2058 974 2096 resolutio
1003 2058 1043 2095 in
1065 2058 1263 2097 materiam
1285 2058 1359 2108 pri-

298 2124 417 2173 mam,
437 2111 489 2149 ita
516 2112 624 2161 quod
652 2112 734 2149 sine
760 2111 885 2149 forma
913 2111 1055 2156 existat,
1084 2111 1176 2160 quia
1202 2111 1361 2148 materia

295 2164 381 2203 sine
407 2165 533 2202 forma
561 2176 643 2202 esse
680 2177 761 2202 non
797 2172 932 2214 potest.
977 2164 1080 2202 Cum
1117 2171 1247 2201 autem
1273 2172 1360 2214 post

296 2217 629 2256 'consecrationem
665 2217 760 2255 nihil
788 2218 860 2255 sub
897 2217 1098 2267 speciebus
1134 2217 1360 2254 sacramenti

298 2278 495 2309 remaneat
521 2270 594 2308 nisi
621 2283 762 2320 corpus
791 2278 828 2308 et
855 2270 1008 2319 sanguis
1027 2269 1060 2315 β,
1088 2269 1278 2319 oportebit
1305 2269 1360 2307 di-

296 2335 385 2363 cere
404 2324 512 2374 quod
531 2325 720 2361 elementa
738 2323 778 2360 in
797 2336 897 2373 quae
925 2324 1091 2360 resoluta
1112 2330 1168 2360 est
1186 2322 1360 2360 substan-

298 2375 351 2414 tia
377 2377 552 2426 panisiet
578 2377 670 2424 vini,
691 2376 780 2414 inde
808 2376 1005 2414 discedant
1031 2387 1101 2425 per
1127 2383 1280 2412 motum
1305 2377 1360 2413 lo-

299 2430 434 2466 calem.
485 2426 606 2476 Quod
646 2441 762 2467 sensu
802 2429 1071 2479 perciperetur.
1114 2451 1140 2455 -
1182 2428 1362 2466 Similiter

299 2481 416 2519 etiam
443 2482 652 2520 substantia
678 2482 788 2531 panis
815 2484 877 2519 vel
903 2482 983 2519 vini
1011 2489 1142 2519 manet
1168 2493 1292 2531 usque
1311 2482 1360 2518 ad

299 2533 482 2572 ultimum
499 2535 643 2572 instans
670 2535 976 2572 consecrationis.
1005 2536 1048 2572 In
1067 2534 1202 2572 ultimo
1231 2542 1361 2572 autem

299 2587 454 2625 instanti
472 2587 768 2625 consecrationis
786 2587 864 2625 iam
883 2595 938 2625 est
958 2587 1011 2625 ibi
1038 2587 1248 2625 substantia
1265 2589 1327 2624 vel
1346 2593 1361 2615 Υ

298 2641 471 2691 corporis
506 2642 570 2678 vel
606 2640 800 2689 sanguinis
837 2640 997 2678 Christi:
1027 2641 1124 2678 sicut
1157 2640 1197 2677 in
1224 2640 1360 2677 ultimo

352 2752 380 2786 α)
399 2754 464 2779 alia.
480 2768 499 2773 --
518 2754 565 2779 itta
583 2754 613 2778 P.

351 2787 367 2822 β
397 2789 516 2823 sanguis.
534 2803 553 2808 -
573 2789 674 2815 Christi
691 2789 762 2814 addit
779 2789 861 2815 tertia.

351 2833 369 2859 γ
398 2825 447 2851 vel.
464 2838 485 2844 -
502 2825 563 2850 Om.
582 2825 618 2850 sE
636 2830 662 2849 et
679 2825 762 2850 tertia.

348 2859 376 2895 ὃ)
395 2861 468 2894 quod
484 2860 658 2886 annihiletur.
669 2874 689 2879 -
706 2860 756 2890 Vel,
770 2860 841 2894 quod
861 2860 886 2885 in
901 2859 1100 2892 praeiacentem
1119 2859 1260 2884 materiam
1279 2860 1361 2885 resol-

298 2898 380 2922 vatur
398 2904 489 2929 margo
509 2896 537 2922 Ρ.

2399 199 2468 236 165

1416 268 1567 305 1115131111
1594 270 1846 317 generationis
1872 271 1949 308 iarn
1977 273 2071 310 inest
2098 275 2231 312 forma.
2261 277 2371 313 Unde
2390 289 2470 314 non

1416 321 1484 357 erit
1511 322 1601 358 dare
1630 322 1787 371 aliquod
1821 323 1962 360 instans
1990 325 2029 361 in
2057 338 2135 374 quo
2165 327 2209 363 sit
2237 327 2288 364 ibi
2326 329 2470 377 praeia-

1416 384 1505 410 cens
1534 373 1702 411 materia.
1732 375 1824 412 Non
1853 376 1956 412 enim
1990 385 2114 436 Ρο1051
2141 379 2214 415 dici
2242 381 2348 439 quod
2375 393 2470 430 pau-

1415 425 1520 462 latim
1539 426 1748 464 substantia
1766 427 1875 476 panis
1894 430 1956 465 vel
1974 429 2054 465 vini
2079 432 2315 468 resolvatur
2307 445 2345 469 m
2363 445 2470 482 prae-

1416 478 1602 515 iacentem
1630 479 1840 526 materiam,
1861 482 1922 517 vel
1950 482 2162 519 successive
2188 484 2399 531 egrediatur
2422 486 2469 523 de

1415 532 1501 567 loco
1530 531 1757 580 specierum.
1797 533 1916 579 Quia,
1946 533 1976 569 si
2004 535 2079 570 hoc
2115 534 2295 584 inciperet
2321 536 2404 573 fieri
2432 537 2470 574 in

1415 583 1551 620 ultimo
1571 584 1723 621 instanti
1742 597 1833 622 suae
1853 586 2158 632 consecrationis,
2179 587 2292 625 simul
2316 589 2387 625 sub
2407 589 2470 626 ali-

1416 647 1493 684 qua
1520 643 1625 685 parte
1644 636 1791 673 hostiae
1820 646 1916 675 esset
1937 650 2077 687 corpus
2107 639 2244 676 Christi
2272 652 2363 678 cum
2382 642 2470 678 sub-

1415 688 1550 725 stantia
1564 688 1690 738 panis:
1713 689 1820 739 quod
1839 698 1893 727 est
1912 698 2044 728 contra
2061 692 2253 740 praedicta
2266 693 2297 729 *.
2318 694 2359 732 Si
2377 706 2469 731 vero

1415 740 1569 790 incipiat
1596 741 1680 778 fieri
1707 750 1794 779 ante
1821 743 2167 791 consecrationem,
2194 745 2263 782 erit
2289 746 2380 782 dare
2407 746 2471 783 ali-

1415 794 1522 842 quod
1549 801 1704 853 tempus
1740 794 1779 831 in
1808 807 1887 844 quo
1925 796 1996 832 sub
2030 796 2157 845 aliqua
2183 805 2289 846 parte
2326 798 2471 836 hostiae

1415 857 1542 895 neque
1570 845 1639 883 erit
1667 847 1874 885 substantia
1906 848 2033 897 Ρ31115,
2064 861 2190 898 neque
2227 850 2295 887 erit
2332 863 2471 900 corpus

1417 898 1575 936 Christi:
1605 900 1712 959 quod
1740 908 1796 937 est
1823 900 2108 938 inconveniens.

1467 952 1516 988 Et
1551 952 1627 989 hoe
1661 952 1813 1002 ipsimet
1847 954 2093 1003 perpendisse
2130 954 2318 992 videntur.
2360 956 2472 994 Unde

1414 1013 1628 1054 posuerunt
1659 1005 1763 1042 aliud
1791 1006 1862 1043 sub
1899 1006 2170 1054 disiunctione,
2199 1007 2338 1045 scilicet
2364 1009 2472 1057 quod

1415 1056 1687 1095 311111111101·111·.δ
1721 1081 1746 1085 -
1775 1059 1851 1096 Sed
1879 1071 1951 1096 1100
1978 1060 2053 1096 hoc
2080 1037 2204 1109 pote⁷st
2235 1072 2327 1097 esse.
2369 1061 2472 1108 Quia

1414 1121 1491 1147 non
1514 1110 1582 1147 erit
1595 1116 1607 1132 ⁸
1627 1111 1717 1147 dare
1737 1111 1905 1160 aliquem
1919 1113 2084 1149 modum
2103 1125 2182 1162 quo
2201 1125 2341 1163 corpus
2363 1114 2470 1151 Chri-

1415 1162 1460 1199 sti
1486 1175 1625 1200 verum
1653 1163 1807 1223 incipiat
1835 1176 1915 1201 esse
1944 1164 1983 1201 in
2010 1165 2086 1202 hoc
2114 1174 2370 1213 sacramento,
2399 1166 2470 1204 nisi

1414 1228 1483 1265 per
1510 1215 1804 1254 conversionem
1842 1217 2070 1255 substantiae
2107 1218 2217 1277 panis
2244 1219 2284 1255 in
2319 1219 2468 1269 i'psum:

1415 1281 1514 1317 quae
1542 1268 1702 1318 quidem
1730 1269 1930 1307 conversio
1958 1270 2109 1318 tollitur,
2126 1271 2252 1330 posita
2274 1273 2337 1308 vel
2363 1272 2470 1309 anni-

1414 1321 1594 1358 hilatione
1613 1321 1766 1371 panis,
1742 1321 1754 1347 ζ
1786 1324 1848 1359 vel
1875 1323 2133 1360 resolutione
2124 1335 2164 1360 111
2191 1323 2470 1373 Ρ13013001110111

1414 1374 1625 1411 materiam.
1645 1397 1671 1400 —
1700 1374 1879 1412 Similiter
1906 1375 2021 1412 etiam
2057 1388 2137 1413 non
2165 1384 2221 1413 est
2247 1377 2338 1413 dare
2365 1378 2469 1414 unde

1413 1426 1494 1464 talis
1523 1427 1702 1464 resolutio
1731 1428 1793 1464 vel
1820 1427 2040 1465 annihilatio
2062 1428 2101 1465 in
2129 1430 2204 1466 hoc
2232 1437 2469 1467 sacramento

1392 1486 1610 1516 causetur:
1649 1492 1741 1516 cum
1778 1480 1935 1517 effectus
1972 1481 2198 1518 sacramenti
2240 1482 2471 1530 significetur

1413 1543 1482 1581 per
1508 1532 1692 1578 formam3
1722 1540 1903 1569 neutrum
1922 1541 2051 1570 autem
2080 1534 2223 1571 horum
2242 1534 2471 1582 significatur

1413 1596 1483 1633 per
1510 1585 1606 1621 haec
1632 1585 1751 1621 verba
1786 1585 1952 1632 formae,
1981 1587 2070 1623 Hoc
2097 1593 2147 1622 est
2174 1599 2308 1636 corpus
2334 1600 2469 1624 meum.

1467 1637 1580 1674 Unde
1598 1644 1701 1685 patet
1718 1637 1952 1686 praedictam
1970 1638 2202 1686 positionem
2222 1651 2304 1676 esse
2325 1639 2469 1677 falsam.

1467 1690 1524 1726 An
1540 1701 1674 1726 1>R1M1JM
1694 1701 1791 1726 ERGO
1811 1702 1991 1727 mcENDUM
2011 1692 2117 1740 quod
2137 1692 2346 1728 substantia
2363 1693 2471 1741 panis

1414 1743 1476 1779 vel
1494 1741 1586 1786 vini,
1605 1742 1701 1779 facta
1720 1743 2014 1790 consecratione,
2030 1755 2157 1792 neque
2181 1744 2252 1781 sub
2273 1744 2472 1793 speciebus

1415 1794 1642 1832 sacramenti
1660 1802 1802 1841 manet,
1822 1807 1948 1844 neque
1968 1795 2067 1832 alibi.
2087 1797 2180 1834 Non
2198 1804 2328 1834 tamen
2347 1798 2472 1846 sequi-

1414 1855 1476 1884 tur
1494 1848 1601 1896 quod
1620 1847 1867 1885 annihiletur:
1897 1849 2129 1886 convertitur
2152 1849 2256 1886 enim
2274 1849 2314 1886 in
2332 1862 2472 1899 corpus

1416 1900 1566 1938 Christi.
1598 1900 1703 1938 Sicut
1730 1912 1810 1937 non
1835 1901 2017 1950 sequitur,
2038 1901 2068 1938 si
2096 1914 2162 1939 aer
2189 1914 2235 1939 ex
2253 1915 2333 1951 quo
2360 1915 2472 1950 gene-

1415 1960 1518 1990 ratus
1547 1961 1602 1990 est
1620 1953 1727 2001 ignis,
1747 1965 1828 1990 non
1856 1953 1902 1990 sit
1928 1953 1980 1991 ibi
2007 1955 2069 1991 vel
2088 1954 2187 2002 alibi,
2208 1955 2314 2004 quod
2343 1955 2389 1992 sit
2406 1968 2471 1993 an-

1415 2005 1606 2043 nihilatus.

1467 2060 1525 2096 Α1)
1553 2071 1743 2096 SECUNDUM
1776 2071 1958 2097 DtCENDuM
1991 2059 2098 2108 quod
2131 2059 2255 2097 forma
2289 2073 2388 2109 quae
2417 2069 2472 2098 est

1414 2111 1600 2148 terminus
1628 2124 1650 2148 a
1678 2124 1778 2161 quo,
1807 2111 1887 2149 n'on
1921 2112 2155 2149 convertitur
2181 2113 2236 2149 111·
2248 2112 2362 2150 3113111
2396 2114 2471 2151 for-

1414 2176 1532 2211 mam,
1553 2165 1620 2201 sed
1639 2176 1719 2201 una
1736 2165 1860 2201 forma
1878 2165 2046 2202 succedit
2064 2165 2168 2202 alteri
2187 2165 2227 2202 in
2246 2166 2416 2204 subiecto
2432 2172 2469 2204 ηε

1415 2224 1451 2254 01
1478 2217 1566 2254 ideo
1593 2217 1719 2266 prima
1736 2217 1860 2254 forma
1879 2229 1959 2254 non
1987 2226 2159 2255 remanet
2181 2218 2253 2255 nisi
2280 2218 2320 2255 in
2337 2226 2470 2268 poten-

1414 2269 1465 2307 tia
1491 2269 1683 2307 materiae.
1714 2270 1791 2307 Sed
1818 2269 1881 2307 hic
1900 2268 1912 2291 ⁰
1940 2270 2148 2308 substantia
2174 2271 2284 2320 panis
2312 2283 2470 2310 conver-

1414 2322 1504 2360 titur
1539 2322 1579 2360 in
1606 2335 1747 2372 corpus
1785 2322 1942 2368 Christi,
1973 2331 2015 2360 ut
2042 2336 2159 2373 supra
2176 2323 2196 2346 ’⁸‘
2224 2324 2368 2362 dictum
2403 2332 2469 2363 est.

1414 2376 1526 2413 Unde
1554 2375 1650 2412 ratio
1678 2387 1759 2413 non
1786 2375 1967 2425 sequitur.

1467 2429 1524 2465 AD
1543 2440 1702 2466 TERTIUM
1729 2441 1910 2466 mCENDUM
1929 2429 2048 2478 quod,
2068 2429 2154 2466 11001
2170 2437 2258 2479 Ρο51
2275 2441 2471 2468 001150013-

1414 2481 1560 2518 tionem
1579 2482 1674 2518 haec
1693 2481 1739 2518 sit
1765 2482 1866 2528 falsa,
1887 2483 2094 2520 Substantia
2106 2484 2219 2532 panis
2246 2489 2296 2520 est
2314 2484 2454 2533 aliquid
2459 2497 2473 2529 ;

1414 2534 1454 2571 id
1481 2542 1611 2571 tamen
1635 2534 1674 2572 in
1702 2535 1808 2583 quod
1829 2534 2038 2572 substantia
2064 2535 2173 2584 panis
2193 2547 2378 2573 conversa
2405 2544 2470 2584 est,

1415 2594 1470 2624 est
1497 2586 1652 2636 aliquid.
1682 2588 1731 2624 Et
1749 2587 1836 2625 ideo
1865 2587 2073 2625 substantia
2091 2587 2201 2637 panis
2227 2601 2308 2626 non
2336 2596 2391 2626 est
2408 2601 2472 2626 311-

1415 2639 1582 2677 1111111313.

1467 2753 1490 2786 ε)
1509 2754 1568 2779 erit.
1587 2767 1607 2772 —
1624 2757 1665 2778 est
1683 2753 1713 2779 Ρ.

1465 2788 1491 2823 ζ)
1506 2789 1596 2821 panis.
1612 2803 1632 2808 -
1649 2789 1814 2814 substantiae
1827 2788 1909 2820 panis
1927 2789 1946 2813 F
1966 2794 1991 2813 et
2009 2789 2090 2814 tertia.

1466 2824 1494 2857 η)
1511 2824 1637 2850 subiecto.
1654 2838 1674 2843 -
1690 2824 1750 2855 PG;
1769 2824 1929 2849 substantia.

1467 2858 1493 2893 Θ)
1511 2860 1561 2885 hic.
1577 2874 1597 2879 —
1615 2859 1699 2890 PD1c;
1718 2859 1791 2885 haec.

973 2973 1307 3006 Commentaria
1331 2972 1581 3006 Garamans
1602 2972 1805 3006 Caietam

296 3054 469 3119 >Tri-utus
492 3045 604 3076 clarus.
628 3062 650 3067 -
680 3045 716 3075 In
744 3054 880 3085 corpore
909 3045 1048 3081 articuli,
1080 3045 1184 3085 primo
1213 3045 1362 3075 recitatur
1386 3042 1390 3095 Ι

362 3090 475 3130 opinio
499 3088 702 3126 disiuncfiva3
721 3088 875 3125 secundo,
887 3094 1037 3119 tractatur
1051 3089 1154 3129 prima
1176 3088 1362 3119 disiunctio-

299 3134 350 3164 nis
372 3143 446 3174 pars
459 3134 493 3170 *3
517 3134 621 3170 tertio,
638 3138 788 3164 tractatur
803 3133 926 3173 reliqua
949 3142 1020 3173 pars
1037 3134 1089 3169 ”3
1114 3138 1145 3163 et
1161 3138 1285 3173 quarto,
1301 3138 1362 3163 tra—

302 3183 427 3209 ctantur
441 3178 553 3208 ambae
568 3178 673 3214 simul,
687 3177 911 3208 concludendo
928 3178 1117 3217 opinionem
1129 3186 1197 3207 esse
1212 3176 1323 3207 falsam
1334 3178 1360 3207 *.

356 3221 394 3253 11.
410 3221 554 3253 Primum
569 3222 642 3252 satis
657 3227 745 3262 patet
755 3222 789 3252 in
801 3222 913 3252 littera.
926 3221 989 3252 Sed
1004 3222 1087 3252 circa
1101 3220 1290 3257 secundum,
1303 3221 1363 3251 sci-

300 3265 377 3297 licet
398 3265 488 3306 quod
509 3266 600 3306 panis
623 3275 681 3296 seu
696 3266 808 3296 vinum
830 3275 889 3306 per
904 3266 1178 3296 consecrationem
1196 3264 1363 3295 resolvitur

300 3310 335 3340 in
357 3310 591 3351 praeiacentem
613 3311 788 3346 materiam,
804 3310 928 3341 Auctor
942 3309 1087 3350 procedit
1101 3314 1194 3340 utens
1209 3309 1363 3349 implicite

300 3353 364 3384 hac
383 3353 596 3385 distinctione.
625 3354 718 3385 Hanc
741 3354 973 3385 resolutionem
995 3353 1063 3384 fieri
1080 3354 1114 3384 in
1129 3353 1363 3393 praeiacentem

299 3398 476 3436 materiam,
498 3404 605 3440 potest
626 3398 760 3439 intelligi
783 3398 966 3439 dupliciter:
990 3398 1041 3428 vel
1063 3398 1097 3428 in
1120 3398 1283 3428 materiam
1298 3398 1363 3438 pri-

300 3450 405 3480 mam3
429 3442 481 3473 vel
495 3443 535 3474 in·
545 3442 712 3479 elementa,
730 3443 893 3473 manentia
907 3442 958 3473 vel
973 3442 1165 3482 egredientia
1179 3442 1206 3472 *.
1230 3441 1362 3482 Propte-

300 3493 361 3517 oen-
375 3487 480 3527 primo
508 3487 669 3528 improbat
697 3487 839 3528 primum
867 3487 1050 3517 membrum
1072 3504 1095 3510 —-
1117 3486 1245 3523 scilicet,
1274 3485 1363 3527 quod

1414 3045 1474 3075 ista
1495 3044 1649 3074 resolutio
1672 3053 1741 3074 non
1762 3043 1799 3074 fit
1820 3044 1855 3074 in
1872 3044 2036 3074 materiam
2059 3044 2205 3084 primam.
2237 3044 2322 3082 Quia
2343 3045 2474 3075 materia

1414 3097 1481 3119 non
1504 3093 1611 3128 potest
1633 3097 1701 3118 esse
1723 3088 1791 3118 sine
1814 3087 1927 3118 forma.

1471 3132 1534 3163 Ubi
1557 3133 1638 3162 scito
1661 3131 1767 3172 quod,
1799 3132 1874 3172 quia
1897 3132 2008 3172 opinio
2035 3132 2094 3161 ista
2122 3132 2215 3172 ponit
2243 3131 2473 3162 resolutionem

1415 3185 1539 3217 puram,
1563 3176 1718 3216 quoniam
1741 3175 1860 3206 nullius
1882 3176 2029 3206 meminit
2050 3176 2279 3216 generationis,
2304 3185 2379 3206 cum
2400 3176 2474 3206 nul-

1414 3221 1484 3251 lum
1506 3226 1606 3260 ponat
1628 3229 1798 3260 generans;
1829 3221 1855 3250 si
1881 3220 1973 3260 ponit
1995 3220 2225 3250 resolutionem
2253 3220 2288 3250 in
2309 3220 2473 3251 materiam

1415 3264 1562 3305 primam,
1582 3265 1675 3305 ponit
1691 3269 1925 3304 consequenter
1939 3264 2103 3294 materiam
2118 3264 2254 3304 primam
2270 3264 2338 3294 sine
2353 3263 2472 3300 formas

1416 3308 1507 3349 quod
1530 3314 1576 3339 est
1590 3308 1788 3349 impossibile
1810 3307 1988 3338 secundum
2004 3317 2114 3338 causas
2129 3307 2282 3338 secundas
2305 3313 2337 3338 et
2359 3307 2473 3348 poten)-

1414 3354 1492 3384 tiam
1516 3353 1576 3383 Dei
1599 3352 1800 3388 ordinariam,
1820 3351 1977 3392 quidquid
2005 3352 2046 3382 sit
2069 3351 2110 3382 de
2130 3351 2273 3392 possibili
2295 3351 2473 3382 secundum

1415 3397 1592 3437 potentiam
1608 3397 1669 3427 Dei
1692 3396 1880 3427 absolutam.
1903 3396 2067 3434 Quoniam
2090 3396 2155 3427 hoc
2177 3401 2223 3426 est
2245 3400 2330 3426 extra
2351 3404 2472 3435 propo-

1416 3442 1528 3472 situm:
1563 3441 1717 3481 quoniam
1747 3440 1881 3471 stultum
1909 3446 1956 3471 est
1980 3449 2102 3480 ponere
2131 3441 2165 3470 in
2188 3440 2251 3470 hoc
2275 3444 2471 3469 sacramento

1417 3484 1575 3526 quidquid
1598 3485 1685 3515 Deus
1708 3490 1814 3525 potest
1837 3484 1949 3515 facere.
1973 3483 2066 3515 Unde
2084 3493 2151 3514 non
2166 3488 2294 3524 oportet
2315 3483 2403 3513 aliter
2421 3483 2473 3513 hic

2497 700 2570 722 ἈΙ-τ.
2586 706 2607 722 2.
