2878 4088
479 180 537 205 Vlll

483 248 622 278 duorum
647 245 876 285 exemplarium
909 244 1074 277 distractus
1096 245 1157 276 fuit
1189 247 1323 286 scriptor
1345 247 1378 276 in
1402 255 1457 286 qu.
1480 255 1543 275 Lm.

481 292 587 322 Huius
619 289 814 330 quaestionis
844 289 994 321 articulus
1018 290 1147 330 primus
1170 296 1216 320 est
1244 292 1277 321 in
1302 290 1544 320 Commentario

483 334 725 376 quaestiuncula
739 333 880 365 secunda
902 333 986 375 (dist.
1003 344 1128 364 xxxvm.
1154 343 1207 373 qu.
1224 344 1245 365 1.
1262 340 1317 364 art.
1336 334 1385 374 3);
1411 334 1545 364 Urbinas

481 386 589 410 autem
613 379 671 410 sub
688 383 874 418 argumenta
893 378 993 418 primi
1016 378 1149 414 articuli,
1165 378 1245 408 idest
1265 378 1424 408 secundae
1447 386 1545 417 quae-

482 423 670 459 stiunculae,
686 423 782 453 habet
796 423 1039 462 responsionem
1056 427 1086 452 et
1110 422 1285 452 solutiones
1295 422 1425 461 primae
1448 430 1545 461 quae-

482 467 670 503 stiunculae,
686 467 842 506 incipiens
867 476 884 496 a
908 465 1045 496 formula
1074 467 1143 505 ipsa
1173 465 1421 495 Commentarii:
1449 477 1463 491 «
1483 465 1545 495 Re-

481 512 627 552 spondeo
652 510 824 543 dicendum
848 510 891 540 ad
907 511 1050 551 primam
1078 510 1295 549 quaestionem
1326 509 1416 548 quod
1434 521 1462 538 ».
1497 508 1545 538 Ex

480 557 540 587 hac
563 557 626 587 iam
655 555 793 587 formula
816 559 903 594 patet
931 554 1131 592 transcriptio
1156 562 1193 582 ex
1225 553 1323 582 altero
1355 552 1545 593 exemplari3

481 601 536 632 sed
564 599 686 631 accedit
717 599 806 639 quod
838 598 1105 638 Supplementum
1128 606 1296 636 nunquam
1319 597 1430 627 habuit
1453 598 1545 627 istam

480 645 718 686 portiunculam
736 643 978 677 commentarii,
995 642 1116 681 quippe
1133 641 1224 670 cuius
1246 641 1378 670 materia
1392 642 1426 671 in
1450 641 1544 672 Sum-

481 699 534 720 ma
558 690 598 720 11*
627 689 681 719 11⁸⁶
706 697 760 727 qu.
786 696 930 717 nxxxvm.
962 685 1010 715 De
1035 685 1138 720 Voto,
1163 690 1369 724 praetractata
1397 686 1436 716 sit
1459 691 1490 716 et
1512 686 1546 716 in

481 734 661 774 analysibus
677 730 904 770 Compilatoris
919 739 987 759 non
1004 733 1196 768 compareat.
1212 746 1235 751 -
1250 728 1340 759 Haec
1360 729 1400 759 ad
1416 729 1545 760 eviden-

480 779 557 808 tiam
588 776 762 807 ostendunt
795 774 913 804 codicis
941 773 1128 812 scriptorem
1156 772 1222 802 duo
1253 774 1445 814 exemplaria
1473 780 1545 805 ante

481 822 595 852 oculos
618 821 774 851 habuisse.
799 818 845 848 Ex
868 818 1012 857 pluribus
1036 817 1103 846 aliis
1120 817 1216 856 signis
1239 818 1304 847 huc
1327 819 1544 858 spectantibus

480 865 636 896 sufficiant
659 869 719 894 tres
743 867 839 892 notae
862 861 1050 900 marginales
1073 861 1235 900 scriptoris
1257 862 1355 892 rubro
1380 869 1543 894 exaratae:

480 910 537 940 fol.
556 918 615 948 ¹07
632 913 718 938 recto
736 906 775 936 ad
791 905 889 936 finem
914 914 968 944 qu.
985 915 1066 934 Lxrv.
1094 917 1108 931 α
1127 905 1179 935 hic
1203 905 1357 937 deficiunt
1377 907 1442 938 due
1465 917 1544 948 que-

479 955 597 984 stiones
615 952 653 982 de
669 950 803 981 muliere
818 954 1013 979 menstruata
1029 958 1112 988 quae
1133 950 1291 980 habentur
1306 951 1419 982 eadem
1436 953 1544 982 distin-

479 999 585 1028 ctione
603 996 642 1026 32
663 1005 698 1031 »3
715 994 771 1024 fol.
790 993 849 1023 186
866 1002 958 1023 verso
982 992 1022 1023 ad
1037 992 1136 1024 finem
1153 1003 1207 1034 qu.
1224 1005 1297 1025 xcn.
1325 1008 1338 1022 ι
1357 995 1432 1026 hinc
1450 997 1544 1027 etiam

479 1041 597 1071 dimisit
612 1039 644 1080 ij.
662 1038 811 1069 articulos
827 1037 984 1068 habentur
999 1042 1106 1068 tamen
1122 1039 1225 1078 prima
1243 1045 1331 1079 parte
1351 1050 1386 1076 »3
1406 1039 1463 1071 fol.
1484 1041 1544 1081 187

479 1094 569 1115 verso
594 1088 668 1123 post
691 1088 746 1113 art.
763 1082 905 1122 primum
927 1091 980 1122 qu.
994 1091 1069 1112 xcm
1095 1094 1109 1109 «
1122 1083 1174 1113 hic
1190 1083 1210 1113 i.
1228 1084 1378 1114 articulus
1395 1084 1502 1116 deficit
1517 1098 1544 1116 ».

478 1129 552 1159 Sola
571 1127 767 1166 comparatio
789 1125 1017 1166 exemplarium
1033 1126 1171 1157 invicem
1187 1127 1266 1158 haec
1282 1129 1470 1168 scriptorem
1486 1129 1542 1160 do—

478 1182 548 1204 cere
567 1172 683 1211 potuit.
712 1170 786 1201 Huc
811 1171 906 1200 etiam
921 1171 1128 1210 probabiliter
1146 1172 1284 1211 pertinet
1303 1173 1393 1213 quod
1409 1174 1544 1204 Urbinas

477 1217 602 1248 duobus
626 1215 705 1245 locis
729 1220 839 1244 contra
862 1215 1083 1246 auctoritatem
1107 1217 1338 1256 exemplarium
1368 1227 1502 1248 suorum
1526 1228 1544 1249 a

477 1260 604 1292 citando
630 1259 798 1296 abstinuit;
823 1259 912 1298 quod
935 1260 1024 1290 aliter
1047 1260 1197 1299 explicari
1215 1270 1283 1291 non
1303 1271 1399 1302 posse
1418 1262 1544 1294 videtur

476 1314 574 1346 quam
589 1303 782 1334 assumendo
799 1304 961 1343 cognitam
976 1303 1073 1334 fuisse
1089 1305 1235 1344 scriptori
1254 1305 1410 1337 diversam
1430 1316 1544 1338 eorum

475 1350 664 1380 lectionem:
690 1347 721 1378 S.
740 1348 883 1378 Thomas
900 1349 974 1379 citat
994 1358 1089 1379 suum
1111 1351 1390 1387 commentarium,
1408 1351 1544 1393 Compi-

474 1395 556 1425 lator
569 1393 736 1424 Summam
760 1392 836 1434 (135
852 1393 871 1422 b
883 1401 915 1431 4,
939 1393 998 1423 160
1011 1403 1029 1423 a
1043 1393 1075 1433 2)
1086 1404 1094 1430 ;
1118 1394 1193 1424 ideo
1217 1396 1352 1435 scriptor
1375 1401 1546 1437 utramque

475 1438 698 1478 allegationem
722 1437 922 1477 supprimere
940 1438 1097 1468 maluerit.
1122 1438 1233 1469 Tertio
1249 1445 1356 1470 tamen
1377 1441 1452 1471 loco
1477 1451 1543 1482 quo

475 1483 514 1514 ad
537 1483 704 1513 Summam
719 1482 911 1512 remittimur
934 1482 1012 1522 (192
1026 1483 1045 1512 b
1057 1481 1114 1525 67)
1132 1483 1267 1514 Urbinas
1289 1485 1474 1516 citationem
1491 1486 1544 1516 dat

475 1527 709 1558 Commentarii
731 1525 937 1556 decurtatam.

529 1572 617 1602 Libri
641 1579 758 1610 corpus
782 1576 813 1600 et
836 1571 943 1601 tabula
966 1570 1180 1608 Quaestiones
1209 1578 1339 1603 centum
1362 1580 1543 1605 numerant.

475 1616 630 1654 Quaestio
647 1615 767 1646 scilicet
783 1614 822 1645 de
838 1615 1026 1655 Purgatorio
1042 1621 1196 1656 tanquam
1212 1619 1445 1658 septuagesima
1460 1620 1543 1650 inse-

473 1662 551 1691 ritur
561 1661 611 1690 vel
620 1660 726 1691 verius
735 1659 830 1690 inseri
843 1666 958 1700 coepta
969 1665 1026 1697 est,
1039 1660 1103 1690 hoc
1117 1661 1217 1691 modo
1230 1660 1285 1703 (cf.
1298 1663 1356 1692 251
1373 1673 1391 1692 a
1405 1662 1540 1706 1-b32):

478 1718 492 1732 «
511 1705 636 1735 Deinde
661 1703 930 1735 considerandum
961 1711 1011 1735 est¹
1035 1705 1075 1735 de
1104 1707 1300 1745 purgatorio.
1337 1707 1430 1738 Circa
1453 1708 1543 1748 quod

475 1754 672 1790 quaeruntur
696 1749 874 1788 quinque...
897 1749 949 1779 Ad
970 1749 1113 1789 primum
1136 1751 1181 1780 sic
1204 1752 1420 1791 prosequitur.
1446 1752 1542 1783 Vide-

474 1800 525 1824 tur
549 1793 638 1834 quod
661 1793 882 1833 purgatorium
904 1803 973 1823 non
996 1794 1036 1824 sit
1058 1799 1132 1833 post
1154 1795 1237 1825 hanc
1264 1796 1394 1828 vitam...
1418 1796 1470 1827 Ad
1493 1807 1541 1828 se-

475 1838 619 1869 cundum
642 1837 848 1868 dicendum...
871 1838 1043 1869 habentem
1067 1839 1229 1870 can‘tatem
1251 1849 1293 1870 ne
1314 1841 1363 1871 ad.
1388 1841 1440 1871 hic
1463 1841 1542 1872 defi-

475 1884 564 1913 ciunt
586 1886 636 1921 4or
659 1882 783 1912 articuli
806 1887 838 1912 et
859 1882 1026 1913 modicum
1050 1883 1220 1914 solutionis
1240 1885 1337 1924 primi
1360 1886 1484 1916 articuli
1507 1887 1540 1917 in

474 1927 538 1957 fine
558 1940 585 1957 ›.
615 1927 701 1957 Nota
723 1927 757 1956 in
780 1927 851 1966 ipso
882 1932 970 1957 textu
1003 1928 1119 1967 scripta
1141 1934 1207 1964 est,
1231 1938 1299 1959 non
1322 1930 1356 1959 in
1378 1931 1540 1971 margine;

474 1971 529 2002 sed
550 1971 615 2001 duo
632 1971 726 2001 verba
753 1984 767 1998 ‹
786 1971 838 2001 hic
862 1971 1015 2002 deficiunt
1034 1985 1047 1999 ›
1074 1973 1175 2003 minio
1192 1973 1308 2013 scripta
1323 1980 1406 2004 sunt.
1432 1975 1540 2013 Quare

473 2016 523 2046 vel
548 2016 638 2046 cuius
662 2016 750 2045 iussu
773 2025 792 2045 a
815 2015 1029 2055 descriptione
1053 2015 1214 2054 destiterit,
1235 2018 1328 2047 nobis
1351 2027 1419 2048 non
1443 2029 1540 2060 appa-

472 2066 528 2090 ret.
554 2059 787 2097 Quaestionem
810 2060 843 2089 in
867 2060 1040 2100 exemplari
1063 2069 1123 2090 suo
1147 2061 1372 2101 Supplementi
1394 2072 1461 2094 non
1485 2064 1539 2094 ad-

472 2104 579 2140 fuisse,
591 2105 660 2144 ipse
675 2104 793 2143 prodit,
807 2104 895 2140 dum,
913 2105 1022 2134 titulos
1039 2106 1265 2144 quaestionum
1281 2107 1378 2137 rubro
1395 2109 1540 2138 transcri-

472 2149 559 2184 bens,
577 2149 623 2178 bis
639 2157 811 2178 numerum
835 2149 1031 2189 quaestionis
1048 2150 1206 2190 corrigere
1222 2150 1342 2181 debuit.
1366 2152 1440 2182 Hoc
1455 2154 1539 2193 peri-

471 2194 509 2223 tis
532 2193 738 2223 manifestum
760 2193 818 2223 erit
834 2203 872 2223 ex
886 2193 988 2224 modo
1011 2194 1158 2224 notandi:
1183 2195 1261 2235 lxxji
1283 2196 1381 2236 lxxiji.
1414 2197 1538 2228 Tabula

470 2238 580 2268 titulos
597 2238 792 2278 quaestionis
817 2244 849 2268 et
871 2239 1079 2269 articulorum
1102 2239 1243 2279 integros
1259 2241 1395 2277 exhibet,
1413 2241 1469 2272 sed
1484 2242 1538 2273 de-

470 2282 555 2318 ficit,
578 2288 615 2313 ut
637 2291 694 2322 par
717 2288 782 2318 est,
807 2282 902 2313 index
924 2282 1078 2313 foliorum
1102 2293 1200 2324 quem
1224 2290 1378 2315 annotare
1401 2287 1491 2317 solet.
1514 2305 1539 2310 —

471 2326 696 2357 Correctiones
720 2332 795 2356 sunt
818 2337 836 2357 a
858 2327 961 2367 prima
983 2337 1093 2358 manu.
1118 2328 1236 2368 Siglam
1260 2329 1407 2360 dedimus
1429 2331 1469 2362 N.

527 2371 578 2402 23.
589 2390 612 2394 —
622 2371 793 2401 Vaticanus
806 2372 870 2411 746
883 2371 918 2402 P.
931 2372 967 2402 11.
985 2372 1020 2402 ln
1037 2373 1159 2413 origine
1173 2383 1247 2404 cum
1258 2374 1370 2405 codice
1386 2375 1450 2414 746
1467 2375 1501 2405 P.
1513 2375 1535 2406 1.

470 2415 596 2446 Tertiae
619 2416 728 2452 Partis,
745 2415 858 2446 eadem
881 2425 980 2447 manu
995 2418 1124 2457 scripto,
1142 2427 1226 2448 unus
1249 2419 1328 2449 liber
1343 2418 1412 2450 fuit.
1438 2419 1537 2458 Quod

469 2465 556 2500 patet
579 2470 617 2490 ex
640 2461 703 2491 hoc
727 2460 817 2500 quod
832 2460 986 2491 foliorum
1009 2467 1106 2492 notae
1126 2463 1298 2495 continuae
1315 2469 1389 2494 sunt
1413 2464 1538 2503 (1--234

471 2504 660 2544 235-453);
684 2505 762 2535 item
778 2506 1003 2545 quaestionum
1025 2506 1111 2546 (1-xc
1126 2508 1364 2548 xcr-enxxxxx);
1388 2509 1466 2539 item
1481 2509 1537 2539 ha-

469 2559 540 2579 rum
564 2550 682 2586 tabula,
699 2550 815 2590 scripta
837 2556 912 2590 post
927 2555 1049 2581 textum
1069 2551 1292 2592 Supplementi
1309 2552 1344 2592 (f.
1357 2560 1433 2592 444.
1447 2558 1535 2584 recto

470 2593 531 2624 col.
551 2603 579 2624 2.
596 2594 702 2624 media
724 2595 838 2625 rubro:
866 2595 1056 2635 «Incipiunt
1077 2596 1215 2636 capitula
1237 2597 1333 2627 tercie
1356 2598 1453 2637 partis
1476 2597 1537 2628 fra-

468 2639 522 2668 tris
546 2638 675 2669 Thome
699 2638 738 2669 de
760 2639 893 2679 Aquino
925 2639 1044 2670 ordinis
1072 2639 1204 2671 fratrum
1227 2641 1465 2681 predicatorum
1493 2642 1535 2682 »)‚

469 2691 551 2722 quae
572 2689 636 2713 tam
654 2684 806 2714 continua
822 2689 870 2714 est
884 2689 921 2714 ut
942 2683 982 2714 ad
1004 2684 1143 2715 rubricas
1161 2695 1214 2726 qq.
1238 2695 1286 2716 xe.
1310 2696 1371 2716 xcx.
1388 2687 1536 2718 transitus

469 2727 507 2757 de
533 2727 641 2758 Tertia
663 2727 754 2758 Parte
777 2727 817 2758 ad
847 2728 1117 2769 Supplementum
1141 2739 1182 2760 ne
1205 2730 1304 2761 verbo
1328 2731 1461 2771 quidem
1487 2732 1536 2762 in-

469 2771 608 2808 dicetur;
642 2772 771 2802 tandem
803 2773 928 2803 rubrica
959 2773 1091 2804 ultimae
1123 2775 1320 2814 quaestionis
1352 2776 1396 2806 sic
1427 2776 1534 2807 audit:

471 2829 484 2842 «
505 2816 658 2854 Quaestio
677 2817 808 2847 clxxxix.
834 2822 865 2847 et
887 2818 1000 2848 ultima
1015 2819 1120 2848 tocius
1139 2819 1322 2850 voluminis.
1347 2820 1396 2850 De
1412 2821 1536 2851 iusticia

469 2866 500 2890 et
516 2860 732 2891 misericordia
748 2861 799 2892 dei
822 2868 970 2902 respectu
986 2862 1234 2903 dampnatorum
1254 2876 1281 2894 ».
1307 2864 1355 2894 Ex
1370 2865 1419 2895 his
1438 2874 1536 2905 appa-

467 2910 514 2935 ret
535 2906 652 2935 librum
679 2906 817 2945 spissum
840 2907 874 2936 in
897 2906 980 2937 duos
1011 2907 1148 2938 divisum
1172 2917 1240 2938 esse
1270 2917 1327 2948 per
1356 2909 1534 2950 ligatorem.

521 2949 642 2980 Eadem
672 2959 772 2980 manu
801 2951 909 2990 scripti
939 2957 1014 2982 sunt
1041 2957 1103 2982 tres
1135 2952 1264 2983 codices
1287 2953 1433 2984 Vaticani
1457 2954 1534 2994 726,

467 2994 543 3033 733,
560 3002 635 3033 741,
661 2995 716 3034 qui
741 3004 813 3025 cum
835 3001 946 3026 nostro
969 2996 1034 3035 746
1057 2997 1217 3037 integrum
1241 2997 1394 3029 Summae
1417 3008 1535 3039 corpus

468 3039 642 3069 continent.
668 3038 809 3079 Scriptor
831 3040 922 3070 seriei
945 3045 993 3071 ter
1016 3041 1049 3070 ni
1073 3040 1165 3071 fallor
1188 3051 1221 3072 se
1244 3042 1469 3074 manifestavit:
1500 3043 1534 3074 in

467 3082 578 3113 codice
594 3083 658 3122 726
676 3083 799 3114 Primae
815 3083 914 3114 Partis
927 3083 948 3114 f.
966 3093 992 3115 1.
1010 3090 1098 3115 recto
1114 3086 1147 3116 in
1163 3085 1275 3117 infima
1293 3088 1443 3127 marginis
1460 3097 1532 3118 ora:

470 3140 483 3153 ‹
504 3127 539 3156 It.
557 3136 616 3166 ego
641 3128 745 3158 bruno
765 3129 872 3168 incepi
887 3129 974 3159 hune
997 3128 1115 3159 librum
1137 3140 1167 3160 x.
1191 3129 1242 3160 die
1258 3132 1376 3162 mensis
1393 3132 1533 3163 octobris

467 3171 637 3201 millesimo
661 3172 975 3212 quadringentesimo
998 3183 1040 3203 ιι]
1059 3184 1095 3210 »;
1119 3175 1153 3204 in
1176 3175 1239 3214 733
1264 3175 1388 3206 Primae
1412 3176 1533 3207 Secun-

468 3215 526 3245 dae
549 3215 570 3245 f.
592 3223 618 3245 1.
635 3221 722 3246 recto
746 3217 780 3247 in
803 3215 945 3247 inferiori
968 3218 1126 3257 margine:
1160 3232 1174 3246 «
1190 3219 1260 3259 Ego
1284 3220 1388 3251 bruno
1411 3221 1533 3261 incepit

466 3259 553 3289 hunc
575 3259 692 3290 librum
715 3270 776 3291 xxr.
801 3261 906 3300 aprilis
925 3271 957 3297 »3
982 3261 1098 3292 ultimo
1122 3263 1155 3292 in
1178 3269 1290 3294 nostro
1307 3265 1371 3304 746
1391 3270 1467 3305 post
1485 3270 1531 3296 ta-

466 3303 575 3333 bulam
599 3303 619 3333 f.
637 3304 712 3342 453.
729 3313 821 3334 verso
839 3305 900 3335 col.
921 3313 948 3335 1.
965 3305 1071 3336 media
1093 3307 1208 3337 rubro:

558 3360 572 3374 α
591 3347 657 3385 Qui
680 3357 733 3378 me
756 3348 911 3379 scribebat
932 3348 937 3390 Ι
957 3350 1118 3381 Brunonis
1140 3360 1262 3382 nomen
1285 3352 1422 3383 habebat

590 3391 761 3423 Davantrie
782 3399 876 3424 natus
899 3393 1134 3434 Traiectefique
1155 3394 1160 3436 Ι
1180 3395 1264 3426 dioc.

591 3435 802 3467 Decretorum
826 3437 939 3468 doctor
961 3437 1022 3468 fuit
1044 3449 1082 3469 ur
1102 3438 1107 3479 1
1128 3439 1175 3469 bis
1199 3440 1350 3470 Patavine
1368 3453 1397 3471 ›.

521 3479 611 3510 Haec
633 3485 710 3511 nota
733 3481 849 3522 scripta
870 3481 995 3512 videtur
1015 3483 1098 3514 circa
1113 3483 1257 3514 medium
1281 3493 1403 3515 annum
1431 3485 1530 3524 1456,

1597 244 1623 273 si
1646 252 1764 282 nempe
1786 243 1941 282 temporis
1963 243 2120 274 rationem
2136 252 2174 274 ex
2193 242 2272 274 datis
2288 243 2424 276 duarum
2445 246 2591 287 priorum
2611 246 2666 278 de-

1598 287 1715 318 ducere
1738 287 1821 317 licet.
1846 286 2072 318 Correctiones
2095 288 2256 328 scriptoris
2274 294 2358 320 sunt.
2383 290 2467 330 Sigla
2490 291 2548 321 erit
2570 291 2615 322 M.

1655 331 1779 361 Doctor
1816 330 1986 362 Patavinus
2020 332 2253 372 Supplemento
2289 334 2462 375 prologum
2491 336 2666 375 praemittit

1598 374 1619 405 f.
1649 375 1724 405 255.
1749 380 1856 412 recto;
1891 375 1973 406 duae
2002 377 2125 417 primae
2153 377 2255 407 lineae
2277 379 2375 410 rubro
2399 385 2542 410 exaratae
2572 385 2664 417 sunt;

1597 419 1700 458 prima
1722 419 1825 450 littera
1847 421 1935 451 verbi
1962 434 1975 448 α
1995 421 2070 452 Huc
2089 434 2103 448 ›
2129 422 2214 462 picta
2238 427 2300 453 est:

1655 577 1670 593 ‹
1686 567 1845 604 Sequentes
1859 567 2027 596 addiciones
2041 569 2113 597 facte
2128 575 2194 597 sunt
2207 578 2225 597 a
2238 569 2376 608 Magistro
2390 577 2473 607 petro
2487 572 2523 599 de
2537 573 2663 601 Avernia

1600 615 1679 634 sacre
1699 607 1860 644 Theologie
1881 609 2010 636 doctore.

1654 648 1718 675 Huc
1740 656 1833 684 usque
1857 655 1972 676 sanctus
1993 649 2108 677 thomas
2136 657 2280 677 summam
2308 649 2401 677 tocius
2428 659 2507 679 sacre
2534 651 2666 680 doctrine

1598 686 1740 722 perduxit.
1761 687 1867 716 Tribus
1888 687 2055 716 distinctam
2076 688 2213 726 partibus.
2229 697 2351 726 quarum
2366 689 2491 718 mediam
2506 699 2621 720 rursum
2635 692 2666 720 in

1599 726 1672 757 duas
1686 727 1806 763 partitus
1824 735 1875 756 est.
1896 729 1982 756 Istam
2003 737 2072 758 vero
2093 728 2211 758 terciam
2225 736 2260 757 vet
2280 729 2412 758 ultimam
2432 737 2586 767 preventus
2606 731 2664 760 vite

1599 775 1650 794 sue
1671 767 1796 796 termino
1816 777 1878 796 non
1899 769 2048 797 conclusit.
2071 768 2207 798 Similiter
2228 769 2313 797 etiarn
2335 770 2427 798 multa
2446 770 2502 799 alia
2525 772 2666 808 opuscula

1597 805 1775 844 incompleta
1801 807 1925 845 reliquit.
1953 815 1986 836 ut
2013 809 2293 838 commentacionem
2320 809 2461 838 librorum
2489 811 2526 839 de
2547 812 2609 841 celo
2637 818 2666 840 et

1598 847 1718 875 mundo.
1734 847 1874 877 librorum
1895 848 2021 885 politice.
2042 855 2165 878 tractum
2187 850 2222 878 de
2238 859 2305 887 rege
2326 856 2354 878 et
2374 859 2464 888 regno
2486 857 2514 879 et
2534 851 2591 880 alia
2611 852 2665 880 hu-

1598 885 1734 916 iusmodi.
1750 889 1766 924 ἓ
1782 887 1958 917 Addiciones
1973 896 2126 926 sequentes
2140 889 2213 918 facte
2228 896 2294 919 sunt
2308 899 2325 918 a
2340 889 2506 920 Venerabili
2526 890 2664 928 Magistro

1598 927 1684 955 Petro
1708 928 1744 956 de
1764 928 1900 957 Alvernia
1921 937 2000 956 sacre
2022 929 2182 967 Theologie
2204 930 2332 958 doctore.
2354 937 2382 959 et
2403 930 2479 959 beati
2499 931 2599 960 thome
2621 931 2664 960 di-

1598 966 1718 1003 scipulo.
1735 968 1784 1004 qui
1798 967 1884 996 etiam
1899 967 1995 1006 aliqua
2015 969 2071 998 alia
2091 971 2127 998 de
2149 969 2203 999 hiis
2225 979 2281 1007 que
2302 970 2394 1000 isdem
2415 977 2530 999 sanctus
2551 971 2664 1000 incom-

1597 1006 1675 1042 pleta
1695 1007 1808 1044 reliquit
1829 1007 1890 1045 ipse
1911 1009 2036 1045 perfecit.
2052 1010 2069 1045 g
2084 1010 2115 1038 In
2129 1009 2190 1038 istis
2204 1017 2301 1038 autem
2316 1010 2516 1039 addicionibus
2531 1011 2664 1040 ordinem

1597 1053 1709 1074 tantum
1725 1048 1761 1075 de
1782 1057 1836 1076 suo
1858 1048 1963 1085 posuit.
1978 1058 2102 1086 sequens
2119 1050 2243 1078 formam
2258 1050 2287 1078 in
2309 1050 2505 1087 superioribus
2526 1051 2604 1080 libris
2626 1053 2664 1080 ab

1597 1086 1662 1122 ipso
1676 1087 1794 1115 Thoma
1807 1095 1957 1117 servatam.
1980 1090 2076 1117 Verba
2092 1098 2161 1118 vero
2182 1091 2218 1118 de
2239 1096 2343 1127 quarto
2358 1090 2431 1119 libro
2452 1091 2664 1120 sentencias-um

1599 1126 1728 1155 eiusdem
1750 1128 1876 1156 doctoris
1893 1128 2002 1165 accepit
2022 1135 2054 1157 ut
2074 1129 2176 1158 iacent.
2198 1131 2240 1158 Ita
2259 1137 2357 1159 tamen
2379 1132 2459 1168 quod
2473 1131 2564 1160 multa
2579 1140 2664 1169 argu-

1598 1172 1697 1194 menta
1719 1166 1828 1195 dimisit
1849 1168 1923 1197 forte
1947 1168 2078 1197 brevitati
2102 1169 2264 1198 intendens.
2290 1171 2306 1206 g
2331 1170 2475 1200 Differ-unt
2497 1177 2595 1201 autem
2620 1181 2664 1200 se—

1599 1206 1717 1242 quentia
1737 1216 1755 1234 a
1775 1208 2003 1243 precedentibus.
2025 1209 2124 1238 Primo
2146 1210 2214 1247 quia
2230 1211 2330 1238 beatus
2343 1211 2476 1239 Thomas
2490 1220 2557 1240 cum
2571 1218 2664 1241 totam

1598 1246 1774 1283 theologiam
1789 1247 1976 1276 conclusisset
1996 1248 2027 1276 in
2047 1248 2102 1277 ista
2122 1249 2244 1278 Summa
2263 1259 2414 1288 nunquam
2435 1250 2466 1279 in
2486 1260 2520 1279 ea
2540 1250 2664 1280 remictit

1598 1285 1653 1314 nisi
1668 1287 1705 1314 ad
1719 1295 1792 1315 eam.
1804 1288 1835 1315 In
1850 1287 2050 1317 addicionibus
2061 1298 2129 1317 vero
2145 1289 2329 1318 remissiones
2344 1297 2411 1319 sunt
2425 1291 2462 1318 ad
2475 1290 2564 1320 libros
2578 1299 2666 1328 super

1599 1326 1767 1354 sentencias.
1789 1328 1869 1364 quod
1890 1327 1956 1356 ideo
1972 1328 2083 1357 accidit.
2102 1329 2170 1366 quia
2190 1330 2228 1358 ad
2248 1330 2372 1358 litteram
2388 1331 2423 1358 de
2444 1332 2490 1366 4¹⁰
2510 1337 2578 1359 sunt
2598 1331 2664 1359 abs-

1598 1372 1686 1394 tracte
1700 1366 1739 1394 ibi
1761 1367 1837 1395 enim
1859 1368 1962 1396 merito
1984 1368 2031 1397 alii
2052 1368 2116 1397 libri
2139 1369 2307 1408 allegantur.
2329 1370 2397 1408 quia
2417 1377 2460 1398 est
2480 1370 2665 1400 continuacio

1599 1405 1728 1434 eiusdem
1745 1406 1860 1435 lecture.
1883 1408 2018 1436 Secundo
2040 1409 2108 1446 quia
2122 1409 2219 1438 nescio
2241 1419 2299 1447 qua
2319 1409 2366 1438 via
2386 1410 2438 1438 iste
2458 1411 2585 1448 potuerit
2599 1417 2664 1441 tan-

1598 1453 1660 1474 tum
1675 1446 1796 1476 deficere
1811 1453 1843 1475 ut
1856 1448 2005 1476 materiam
2020 1454 2079 1476 tam
2101 1449 2286 1478 essencialem
2307 1450 2453 1487 theologie
2473 1450 2546 1479 sicut
2567 1457 2610 1479 est
2626 1451 2663 1480 de

1597 1486 1765 1523 purgatorio
1787 1493 1815 1515 et
1836 1488 1872 1515 de
1893 1487 2108 1524 impedimentis
2123 1490 2284 1526 penitencie
2298 1490 2448 1519 obmiserit
2462 1500 2519 1528 que
2533 1491 2562 1519 in
2583 1491 2665 1520 nullo

1597 1526 1663 1555 loco
1685 1527 1811 1563 predicte
1832 1537 1946 1556 summe
1966 1537 1984 1557 a
2004 1529 2124 1557 doctore
2141 1536 2287 1558 tractatur.
2302 1537 2335 1559 ut
2347 1537 2416 1567 pote
2430 1531 2527 1560 relicta
2540 1540 2595 1568 pro
2609 1531 2664 1560 ista

1596 1566 1698 1595 ultima
1711 1573 1801 1604 parte.
1816 1574 1848 1596 ut
1867 1569 1941 1596 ordo
1962 1578 2075 1597 summe
2097 1569 2234 1607 exigebat.
2249 1570 2325 1600 Hinc
2346 1580 2415 1608 ergo
2430 1578 2474 1600 est
2493 1572 2576 1608 quod
2591 1571 2664 1601 alius

1597 1606 1709 1635 addidit
1727 1607 1814 1637 etiam
1827 1608 1865 1636 ad
1878 1608 2021 1645 predictas
2034 1608 2180 1638 addicio—
2189 1610 2256 1645 (col.
2272 1613 2313 1646 2.)
2333 1620 2385 1640 nes
2399 1610 2461 1640 illas
2483 1611 2617 1640 materias
2630 1611 2661 1641 in

1597 1646 1711 1684 aliquos
1731 1647 1803 1676 alios
1826 1649 2004 1676 necessarios
2024 1649 2169 1678 articulos.
2190 1651 2228 1678 Et
2247 1650 2358 1682 isteee.
2381 1651 2550 1680 addiciones
2570 1651 2663 1683 conti·-

1597 1693 1701 1714 nentur
1724 1686 1754 1715 in
1775 1687 1832 1720 fine
1853 1688 1939 1716 huius
1961 1688 2035 1716 libri.
2058 1690 2076 1725 5
2097 1690 2148 1718 Est
2169 1689 2256 1719 etiam
2281 1690 2311 1720 in
2331 1690 2401 1728 ipsis
2425 1691 2558 1722 secundis
2580 1691 2664 1721 addi-

1597 1726 1728 1755 cionibus
1739 1727 1848 1764 aliquid
1863 1728 2050 1765 superfluum.
2066 1735 2098 1757 ut
2112 1730 2232 1758 materia
2246 1731 2281 1759 de
2296 1730 2408 1760 iusticia
2422 1738 2450 1759 et
2466 1730 2663 1761 misericordia

1597 1767 1643 1795 dei
1658 1776 1714 1804 que
1735 1768 1859 1804 perfecte
1873 1767 1903 1796 in
1917 1768 2011 1805 prima
2031 1776 2112 1806 parte
2125 1777 2283 1808 ponuntur.
2305 1770 2344 1799 ibi
2366 1771 2443 1800 enim
2465 1771 2663 1809 estproprius

1596 1807 1678 1835 locus
1698 1806 1748 1835 ubi
1770 1808 1806 1835 de
1827 1807 1930 1836 divinis
1945 1808 2039 1846 agitur
2052 1809 2203 1841 attributis.
2220 1811 2236 1847 g
2252 1810 2388 1843 Similiter
2401 1812 2437 1840 de
2455 1810 2662 1841 iustificatione

1595 1847 1676 1884 impii
1691 1857 1748 1884 que
1762 1848 1962 1884 copiosissime
1976 1855 2113 1878 tractatur
2126 1850 2156 1878 in
2170 1850 2264 1887 prima
2285 1855 2329 1879 2⁸.
2351 1850 2381 1879 in
2402 1851 2460 1880 fine
2481 1861 2547 1880 cum
2564 1851 2662 1888 >agitur

1597 1888 1632 1915 de
1657 1887 1806 1916 effectibus
1828 1889 1923 1925 gracie
1943 1895 2056 1926 gratum
2080 1890 2216 1918 facientis.
2239 1889 2403 1919 cuiusmodi
2426 1898 2469 1920 est
2492 1890 2662 1920 iustificacio

1596 1927 1686 1964 impii.
1703 1929 1719 1963 ἓ
1735 1928 1793 1955 Sed
1808 1927 1838 1956 in
1852 1928 1908 1957 isto
1930 1929 2003 1957 libro
2018 1939 2075 1966 que
2089 1930 2204 1958 fuerunt
2225 1931 2298 1959 bene
2320 1930 2418 1960 addita
2438 1931 2468 1959 in
2484 1930 2662 1968 marginibus

1595 1967 1716 2004 signabo
1737 1973 1766 1995 et
1787 1968 1892 2005 loquar
1913 1969 1962 1996 ubi
1986 1969 2056 2006 poni
2080 1970 2254 1998 debuissent.
2279 1980 2336 2007 que
2359 1979 2428 1999 vero
2453 1970 2550 1999 minus
2575 1971 2661 2000 etiam

1595 2007 1715 2044 signabo
1737 2014 1764 2035 et
1785 2008 1898 2045 loquar.
1913 2009 1963 2037 ubi
1977 2009 2033 2037 iam
2049 2009 2079 2037 in
2093 2010 2155 2046 ipsa
2170 2020 2285 2039 summa
2298 2011 2334 2039 ab
2349 2010 2410 2039 eius
2425 2017 2525 2040 sancto
2541 2011 2663 2040 doctore

1594 2047 1651 2076 sint
1672 2047 1781 2084 optime
1804 2055 1976 2084 pertractata
1992 2060 2018 2077 ».

1648 2087 1702 2116 Hic
1723 2089 1867 2124 quaedam
1888 2090 2064 2118 advertenda
2085 2096 2160 2118 sunt.
2184 2090 2262 2126 Quid
2283 2091 2320 2118 de
2344 2090 2555 2119 Commentarii
2577 2100 2662 2128 argu-

1595 2127 1698 2155 mentis
1717 2127 1831 2156 omissis
1853 2135 1880 2157 et
1895 2129 1931 2156 de
1946 2128 2130 2158 citationibus
2150 2139 2250 2159 verum
2265 2130 2310 2166 sit,
2331 2139 2419 2167 supra
2439 2135 2475 2158 n⁰
2497 2137 2525 2159 2.
2547 2136 2576 2160 et
2598 2132 2615 2167 5
2633 2131 2660 2160 3.

1594 2166 1732 2203 vidimus;
1755 2169 1913 2197 secundum
1937 2169 2008 2198 haec
2029 2170 2128 2198 Bruno
2150 2170 2380 2208 interpretandus
2403 2177 2453 2199 aut
2474 2170 2660 2209 corrigendus

1594 2214 1645 2236 est.
1661 2223 1677 2229 -
1695 2209 1760 2243 Qua
1780 2208 1827 2237 via
1846 2209 1976 2246 quaestio
1998 2209 2129 2247 specialis
2150 2211 2186 2239 de
2200 2210 2371 2249 Purgatorio
2393 2210 2502 2240 omissa
2520 2210 2571 2247 sit,
2591 2221 2662 2249 pro—

1593 2247 1725 2276 babiliter
1750 2247 1858 2277 dictum
1887 2256 1929 2278 est
1950 2254 1985 2278 n⁰
2001 2259 2027 2286 7.
2050 2250 2100 2279 fin.
2130 2250 2213 2280 Circa
2233 2250 2428 2288 poenitentiae
2453 2250 2661 2288 impedimenta

1593 2287 1775 2325 Compilator
1795 2289 1907 2317 sciverit
1920 2290 2120 2319 tractationem
2142 2300 2244 2320 eorum
2266 2291 2320 2319 sibi
2341 2300 2394 2328 per
2407 2291 2558 2320 Summam
2577 2300 2660 2329 prae-

1592 2335 1703 2364 reptam
1731 2328 1818 2357 fuisse
1845 2337 1985 2366 quantum
2013 2331 2186 2368 Hypocrisin
2212 2338 2240 2360 et
2265 2331 2364 2360 Ludos
2391 2337 2516 2368 spectat;
2544 2331 2579 2360 cf.
2601 2331 2660 2361 11⁸¹·

1592 2366 1641 2395 11¹⁶
1654 2377 1703 2406 qq.
1719 2377 1776 2397 cxx.
1796 2377 1912 2405 crxvm,
1929 2377 1957 2399 et
1971 2380 2008 2407 97
2021 2371 2103 2406 a48;
2125 2371 2366 2408 impedimentum
2387 2370 2520 2399 Exercitii
2539 2371 2660 2401 militiae

1592 2414 1620 2436 et
1633 2409 1838 2445 negotiationis
1851 2419 1903 2446 per
1917 2420 1947 2439 se
1961 2411 2056 2439 solum
2071 2411 2177 2440 utiliter
2190 2411 2375 2440 inserendum
2390 2420 2452 2439 non
2465 2411 2625 2441 crediden't.
2641 2428 2659 2435 -

1592 2448 1739 2477 Secundas
1759 2449 1940 2485 Additiones‚
1956 2450 2029 2479 idest
2049 2452 2287 2488 Supplementum
2309 2452 2347 2480 ad
2367 2451 2617 2488 Supplementum,
2629 2452 2660 2481 in

1590 2488 1665 2516 libro
1688 2489 1832 2518 Brunonis
1853 2500 1914 2518 non
1933 2490 2104 2527 invenimus,
2119 2501 2214 2529 neque
2234 2492 2266 2520 in
2285 2498 2364 2520 textu
2384 2500 2478 2529 neque
2498 2491 2530 2520 in
2550 2492 2660 2522 tabula.

1591 2529 1686 2556 Unam
1708 2529 1799 2557 solam
1815 2537 1915 2559 notam
1930 2530 2092 2560 invenimus
2114 2532 2274 2569 signantem
2292 2531 2443 2560 articulum
2469 2533 2659 2569 superfluum,

1591 2577 1696 2606 nempe
1717 2569 1787 2598 folio
1805 2570 1870 2607 377.
1886 2581 1908 2599 r.
1922 2571 1977 2600 col.
1994 2579 2027 2600 2:
2045 2584 2060 2598 a
2076 2573 2130 2600 Iste
2145 2572 2281 2601 articulus
2302 2571 2420 2607 (scilicet
2433 2573 2537 2601 Utmm
2552 2572 2659 2602 Christi

1590 2609 1761 2638 resurrectio
1776 2609 1812 2638 sit
1826 2619 1913 2640 causa
1926 2618 2042 2641 nostrae
2055 2612 2285 2648 resurrectionis)
2299 2611 2411 2650 positus
2425 2611 2478 2640 fuit
2491 2621 2542 2649 per
2556 2613 2659 2644 docto-

1591 2657 1652 2676 rem
1674 2658 1761 2686 supra
1781 2649 1812 2679 in
1842 2651 1872 2678 3⁸
1899 2657 1979 2688 parte
2003 2662 2031 2689 q.
2063 2653 2098 2680 56
2120 2662 2161 2680 ar.
2183 2652 2218 2680 i0.
2246 2652 2324 2681 unde
2353 2652 2455 2681 frustra
2475 2652 2588 2683 videtur
2610 2653 2659 2683 hic

1590 2688 1702 2725 positus
1716 2699 1768 2726 per
1781 2690 1944 2720 additorem
1961 2702 1987 2719 ».
2010 2692 2064 2721 Hic
2085 2701 2153 2721 vero
2179 2692 2316 2721 articulus
2337 2693 2375 2721 ad
2395 2692 2544 2721 Secundas
2563 2692 2657 2723 Addi-

1590 2728 1684 2757 tiones
1699 2739 1760 2758 non
1774 2730 1906 2767 pertinet,
1922 2731 1991 2769 quia
2004 2741 2064 2760 non
2079 2732 2109 2760 in
2130 2732 2188 2760 fine
2202 2733 2253 2761 sed
2274 2731 2304 2760 in
2318 2732 2417 2761 medio
2438 2732 2512 2761 libro
2534 2731 2656 2763 obtinet.

1589 2770 1637 2798 An
1658 2778 1726 2807 ergo
1742 2771 1841 2799 Bruno
1856 2771 2004 2800 Secundas
2018 2773 2190 2801 Additiones
2205 2773 2338 2801 consulto
2360 2772 2475 2801 omisit?
2496 2773 2544 2801 An
2557 2773 2656 2810 prolo-

1590 2818 1658 2846 gum
1681 2819 1714 2838 ex
1742 2810 1815 2839 libro
1843 2811 1901 2839 alio
1923 2820 1940 2840 a
1961 2821 2014 2840 suo
2040 2812 2195 2849 exemplari
2221 2812 2387 2850 descripsit?
2416 2812 2582 2841 Patavinus
2603 2812 2654 2842 uli-

1590 2850 1709 2886 quando
1730 2850 1899 2888 scriptorem
1915 2853 2061 2889 exemplar
2080 2862 2165 2881 suum
2187 2852 2317 2882 amisisse
2331 2853 2376 2881 vel
2397 2861 2582 2890 quocumque
2596 2852 2655 2882 alio

1589 2890 1680 2918 modo
1707 2900 1762 2919 usu
1784 2891 1845 2919 eius
1875 2891 2043 2921 destitutum
2064 2893 2164 2928 fuisse,
2187 2893 2242 2922 hac
2261 2893 2374 2922 ratione
2394 2893 2475 2930 quod
2495 2892 2526 2921 in
2545 2891 2656 2921 codicis

1588 2930 1687 2958 tabula
1717 2930 1791 2959 tituli
1821 2932 2030 2966 Quaestionum
2052 2932 2253 2970 Supplementi
2276 2942 2294 2963 a
2317 2932 2440 2962 lectione
2463 2931 2572 2969 vulgari
2593 2938 2656 2962 tota

1589 2969 1716 2998 dictione
1739 2970 1891 3000 differunt:
1919 2981 1961 3000 ex.
1976 2982 2018 3010 gr.
2033 2974 2095 3010 (qu.
2113 2981 2191 3008 uix,
2212 2972 2243 3001 in
2263 2973 2321 3003 hoc
2341 2981 2390 3010 qu.
2411 2973 2490 3008 eux)
2513 2983 2527 2999 a<
2544 2973 2588 3001 De
2609 2972 2655 3001 his

1589 3018 1646 3046 que
1660 3016 1791 3047 spectant
1804 3012 1841 3039 ad
1859 3011 2108 3048 resurrectionem,
2126 3019 2154 3041 et
2167 3012 2263 3050 primo
2280 3013 2316 3041 de
2329 3012 2396 3041 loco
2411 3011 2574 3041 animarum
2587 3019 2655 3049 post

1589 3056 1712 3079 mortem
1730 3061 1744 3076 ιν
1761 3050 1816 3086 alii,
1834 3063 1848 3078 κ
1862 3053 1905 3080 De
1919 3051 1963 3080 his
1978 3061 2035 3089 que
2048 3061 2103 3090 pro
2117 3059 2199 3089 parte
2212 3050 2452 3082 resurrectionem
2466 3052 2625 3089 precedunt
2637 3063 2652 3079 »

1587 3089 1647 3124 ille;
1670 3089 1708 3118 ita
1723 3090 1841 3128 ubique,
1857 3100 1917 3120 non
1932 3097 2082 3129 tantopere
2100 3092 2219 3129 quidem
2240 3092 2291 3120 sed
2305 3097 2403 3120 tamen
2424 3091 2556 3127 omnino,
2572 3091 2653 3121 diffe-

1587 3136 1662 3157 runt.
1685 3131 1727 3158 Ex
1748 3131 1805 3159 hoc
1825 3130 1930 3160 coniici
1950 3140 2036 3168 posse
2056 3131 2207 3160 videbatur
2226 3131 2411 3168 scriptorem,
2434 3132 2503 3160 dum
2524 3132 2653 3161 tabulam

1587 3170 1785 3206 Supplementi
1799 3177 1936 3206 exararet,
1947 3180 2008 3200 non
2017 3171 2152 3200 habuisse
2166 3171 2319 3208 exemplar,
2331 3177 2358 3200 et
2371 3172 2410 3200 ob
2422 3171 2498 3200 hanc
2510 3171 2652 3200 rationem

1587 3209 1718 3238 omisisse
1739 3211 1880 3239 secundas
1900 3210 2081 3247 Additiones,
2101 3220 2174 3248 quas
2193 3211 2345 3240 nuntiavit.
2366 3211 2570 3240 Coniecturam
2591 3221 2653 3240 non

1586 3258 1684 3279 veram
1699 3259 1761 3279 esse
1775 3250 1978 3287 comperimus.
2001 3252 2076 3279 Nam
2096 3251 2169 3279 tituli
2183 3251 2384 3279 Articulorum
2403 3251 2433 3280 in
2459 3252 2557 3280 tabula
2579 3253 2653 3280 Bm-

1586 3289 1672 3318 nonis
1686 3298 1747 3318 non
1762 3290 1856 3318 solum
1871 3289 1958 3319 iidem
1973 3297 2041 3319 sunt
2054 3290 2105 3328 qui
2119 3290 2149 3319 in
2163 3290 2237 3326 aliis,
2252 3292 2302 3320 sed
2317 3291 2404 3320 etiam
2422 3291 2525 3320 iisdem
2539 3291 2653 3320 varian-

1584 3328 1651 3358 tulis
1674 3329 1810 3358 differunt
1830 3330 1867 3358 ab
1881 3330 2047 3367 analysibus
2065 3329 2096 3359 in
2117 3337 2203 3366 textu,
2218 3340 2236 3360 a
2250 3331 2355 3368 quibus
2369 3331 2443 3361 tituli
2464 3331 2652 3363 articulorum

1586 3367 1616 3396 in
1636 3367 1741 3397 tabulis
1762 3370 1960 3399 sumebantur.
1974 3371 2026 3399 Ex.
2046 3380 2088 3408 gr.
2107 3371 2168 3407 (qu.
2186 3379 2227 3406 iv,
2246 3370 2276 3399 in
2297 3371 2354 3400 hoc
2374 3381 2423 3408 qu.
2438 3374 2520 3407 xcxv)
2540 3378 2651 3403 textus:

1585 3418 1600 3434 ‹
1617 3414 1715 3436 utrum
1729 3415 1790 3437 tota
1803 3408 1861 3438 vita
1875 3409 1928 3438 hec
1941 3408 1978 3439 sit
1991 3409 2174 3439 contritionis
2189 3417 2304 3447 tempus
2321 3421 2354 3447 »3
2368 3411 2499 3441 tabulae:
2521 3423 2536 3438 ι
2552 3417 2650 3441 utrum

1585 3453 1647 3475 tota
1668 3447 1722 3476 ista
1742 3448 1800 3476 vita
1820 3448 1856 3476 sit
1876 3455 1989 3486 tempus
2004 3449 2185 3479 contritionis
2197 3461 2222 3478 ».
2244 3451 2323 3481 Haec
2337 3450 2439 3481 intima
2452 3450 2653 3481 convenientia

1585 3495 1654 3515 casu
1671 3496 1732 3515 non
1746 3488 1861 3525 regitur,
1874 3490 1924 3518 sed
1939 3490 2108 3527 exemplari;
2124 3490 2249 3527 ideoque
2263 3490 2393 3528 sequitur
2402 3492 2570 3520 Brunonem
2584 3497 2652 3520 ante
