2878 4088
0 317 10 347 b

86 349 99 360 ¹
122 346 159 369 cf.
182 351 230 373 arg.
253 343 302 366 Sed

88 375 151 396 ⁶0¹⁸!-
165 378 185 394 ².

89 424 301 448 mter-ammaon.

90 453 130 475 lib.
146 452 180 477 x.
199 457 222 473 n.
254 456 274 478 3-
290 461 301 466 -

89 477 200 507 Append.
246 482 301 508 ¹pp.

91 505 161 533 Greg.
175 504 262 532 Magni.

45 1208 49 1213 ι
94 1181 108 1194 ·
118 1179 146 1203 ln
159 1184 267 1207 corpore.

107 2456 320 2506 hssmffffi:

109 2512 164 2533 ΜΠ.

108 2589 120 2600 “
130 2587 187 2616 cap.
193 2593 216 2615 v,
221 2593 281 2610 vers.
289 2594 296 2609 ι
300 2593 320 2616 5.

588 210 853 259 QUAESTIO
882 209 1018 256 XXIX,
1039 206 1332 245 ARTICULUS
1361 207 1412 242 IX
1433 227 1456 232 -
1478 205 1742 252 QUAESTIO
1772 207 1890 253 XXX,
1912 207 2203 245 ARTICULUS
2230 208 2245 244 I

381 291 571 322 stponnno
595 299 755 320 mmmmm
774 287 864 329 quod
887 288 988 318 oratio
1005 286 1205 327 deprecativa
1229 290 1275 315 est
1289 284 1394 315 forma

327 335 423 365 huius
445 334 650 365 sacramenti:
674 339 710 364 ut
731 339 819 374 patet
841 342 898 373 per
919 332 1016 362 verba
1042 330 1150 361 lacobi
1165 330 1192 366 *3
1216 334 1248 359 et
1271 338 1309 359 ex
1331 338 1394 359 usu

327 379 493 409 Romanae
515 378 687 415 Ecclesiae,
704 387 788 418 quae
810 377 917 407 solum
938 376 1042 406 verbis
1066 374 1273 414 deprecativis
1295 373 1394 403 utitur

327 423 363 453 in
377 422 550 453 collatione
573 423 669 453 huius
684 422 871 453 sacramenti
887 422 913 451 *.
939 420 1041 451 Cuius
1064 420 1144 450 ratio
1163 417 1331 458 multiplex
1346 426 1394 447 as-

328 467 479 506 signatur.

383 511 510 547 Primo,
535 511 612 551 quia
640 511 816 551 suscipiens
845 513 1079 540 sacramentum
1109 507 1173 538 hoc
1203 511 1250 536 est
1275 505 1395 536 viribus

329 555 466 595 propriis
490 555 668 586 destitutus.
691 554 786 586 Unde
809 553 930 594 indiget
953 552 1150 583 orationibus
1173 550 1340 581 sublevari.

385 598 547 635 Secundo,
564 600 640 640 quia
663 599 754 630 datur
777 598 978 633 exeuntibus,
994 597 1052 637 qui
1074 597 1138 626 iam
1154 594 1305 626 desinunt
1327 602 1396 624 esse

331 641 371 673 de
386 642 458 674 foro
474 643 647 680 Ecclesiae,
665 649 696 674 et
710 644 744 674 in
759 642 859 673 solius
874 642 936 672 Dei
950 651 1050 672 manu
1067 640 1282 680 requiescunt.
1302 636 1396 669 Unde

332 688 362 718 ei
383 697 442 727 per
465 689 644 718 orationem
668 687 924 718 committuntur.

387 731 510 769 Tertio,
526 732 603 772 quia
620 732 684 762 hoc
707 735 941 762 sacramentum
955 738 1024 759 non
1046 728 1142 758 habet
1157 727 1298 766 aliquem
1322 725 1397 756 effe-

333 780 422 806 ctum
437 777 494 816 qui
509 785 635 816 semper
650 785 688 806 ex
704 775 892 815 operatione
903 773 1038 804 ministri
1053 776 1279 811 consequatur,
1293 769 1398 800 omni-

332 820 392 850 bus
415 829 499 860 quae
522 825 596 850 sunt
619 819 658 850 de
682 819 818 850 essentia
840 817 1028 848 sacramenti
1050 816 1109 846 rite
1132 814 1283 855 peractis:
1316 814 1398 843 sicut

333 864 494 895 character
515 865 550 895 in
573 864 732 904 baptismo
755 868 787 893 et
810 861 1068 896 confirmatione3
1094 864 1125 889 et
1139 858 1399 889 transubstantia-

332 909 379 939 tio
402 909 437 939 in
458 908 670 944 Eucharistia;
687 913 719 938 et
736 906 881 937 remissio
904 904 1028 945 peccati
1049 904 1084 934 in
1106 902 1315 943 poenitentia,
1335 901 1399 931 exi-

333 958 435 983 stente
458 952 660 987 contritione,
678 960 761 991 quae
785 955 832 980 est
855 949 894 980 de
918 949 1054 979 essentia
1075 947 1263 977 sacramenti
1285 945 1400 986 poeni-

333 997 461 1033 tentiae,
476 1005 545 1027 non
568 1001 676 1026 autem
699 994 740 1026 de
763 994 898 1025 essentia
920 993 1016 1023 huius
1039 991 1237 1022 sacramenti.
1261 990 1303 1020 Et
1324 988 1399 1020 ideo

333 1041 368 1071 in
389 1041 454 1071 hoc
476 1045 675 1071 sacramento
698 1048 767 1070 non
782 1043 889 1079 potest
912 1047 980 1068 esse
1003 1035 1107 1067 forma
1121 1035 1284 1066 indicativi
1298 1033 1399 1070 modi,

333 1085 416 1116 sicut
437 1085 472 1115 in
494 1083 663 1125 praedictis
686 1083 899 1114 sacramentis.

388 1129 440 1159 An
463 1138 582 1159 PRIMUM
596 1137 679 1159 aneo
698 1137 859 1158 nrcannuu
875 1125 965 1167 quod
978 1126 1044 1156 hoc
1059 1129 1303 1159 sacramentum,
1320 1123 1402 1153 sicut

335 1178 367 1204 et
389 1172 550 1214 praedicta
564 1173 591 1209 *,
609 1178 767 1213 quantum
790 1177 837 1202 est
861 1170 900 1201 de
923 1180 957 1201 se
975 1170 1071 1201 habet
1093 1167 1327 1203 certitudinem,
1346 1166 1403 1198 sed

334 1222 441 1258 potest
455 1216 605 1258 impediri
627 1226 666 1248 ex
681 1216 813 1248 fictione
835 1215 1026 1255 recipientis,
1044 1214 1139 1244 etiam
1155 1213 1181 1243 si
1203 1217 1402 1243 sacramento

334 1271 370 1293 se
393 1262 540 1292 subiiciat
561 1271 619 1302 per
641 1261 865 1296 intentionem,
882 1259 973 1300 quod
995 1258 1122 1290 nullum
1150 1256 1301 1288 effectum
1325 1266 1403 1286 con-

336 1311 498 1347 sequatur.
516 1306 580 1337 Et
604 1310 736 1346 propter
764 1306 829 1336 hoc
851 1313 920 1335 non
943 1309 990 1334 est
1021 1302 1124 1334 simile
1155 1301 1194 1332 de
1221 1302 1286 1332 hoc
1309 1306 1341 1331 et
1363 1299 1403 1331 de

337 1350 410 1381 aliis
427 1351 641 1387 sacramentis,
657 1351 692 1381 in
707 1349 825 1390 quibus
848 1357 975 1388 semper
996 1347 1110 1388 aliquis
1134 1345 1266 1377 effectus
1290 1354 1404 1376 conse-

360 1395 458 1426 uitur.

339 1404 361 1436 q
392 1439 444 1470 An
475 1448 637 1470 saetmntm
666 1448 827 1469 mmmmm
857 1436 947 1478 quod
978 1445 1036 1479 per
1057 1436 1165 1476 ipsum
1195 1439 1303 1465 actum
1316 1457 1324 1470 ,
1348 1434 1405 1478 qui

337 1483 470 1524 ponitur
491 1484 526 1514 in
548 1482 662 1519 forma,
688 1482 818 1519 scilicet,
836 1492 901 1523 per
922 1481 1016 1512 istam
1039 1485 1185 1511 sanctam
1209 1479 1404 1514 unctionem,

338 1528 412 1558 satis
435 1528 622 1568 exprimitur
642 1527 790 1558 intentio.

393 1572 444 1602 An
468 1581 604 1603 ramum
625 1581 787 1602 menmium
810 1569 900 1611 quod
929 1570 1026 1600 verba
1047 1569 1101 1600 illa
1130 1567 1293 1599 indicativi
1315 1566 1406 1598 modi

338 1625 422 1657 quae
437 1615 616 1647 secundum
630 1625 756 1646 morem
772 1613 977 1655 quorundam
995 1614 1242 1654 praemittuntur
1258 1612 1405 1648 orationi,

337 1670 407 1691 non
429 1666 504 1691 sunt
526 1660 631 1691 forma
644 1661 740 1691 huius
762 1659 968 1690 sacramenti:
994 1657 1050 1689 sed
1065 1662 1139 1688 sunt
1161 1656 1320 1698 quaedam
1343 1655 1406 1686 dis-

338 1704 457 1745 positio
481 1703 521 1735 ad
543 1704 691 1740 formam,
717 1704 910 1744 inquantum
933 1703 1069 1733 intentio
1092 1702 1228 1733 ministri
1257 1700 1406 1731 determi-

337 1754 432 1780 natur
454 1748 494 1780 ad
517 1754 625 1779 actum
647 1748 740 1779 illum
762 1757 820 1789 per
841 1747 896 1778 illa
917 1747 1023 1778 verba.

421 1836 522 1868 ART.
538 1836 591 1867 IX.
615 1846 721 1867 urium
742 1846 916 1867 PRAamcrA
938 1845 1055 1866 omno
1079 1845 1125 1866 srr
1148 1844 1326 1865 conparans

655 1890 762 1912 rom
784 1891 875 1912 mnus
899 1890 1092 1911 sinemurum

406 1978 428 2000 ι)
450 1978 560 2000 norum
583 1979 629 2000 s1c
651 1978 857 2000 Pnocnmrun.
877 1968 1012 1999 Videtur
1036 1967 1126 2008 quod
1148 1967 1309 2008 praedicta
1338 1977 1408 1997 ora-

343 1981 453 2044 Atio
469 2014 486 2030 ⁸
506 2023 575 2044 non
594 2014 635 2044 sit
651 2018 838 2054 competens
861 2012 965 2043 forma
985 2013 1081 2043 huius
1101 2012 1299 2042 sacramenti.
1324 2011 1409 2049 Quia

309 2061 316 2068 ·
341 2058 377 2088 in
399 2057 511 2088 formis
534 2057 671 2088 aliorum
693 2062 966 2089 sacramentorum
988 2056 1025 2087 fit
1046 2057 1169 2087 mentio
1194 2056 1234 2086 de
1256 2056 1408 2086 materia:

343 2102 426 2133 sicut
448 2107 536 2142 patet
557 2102 592 2132 in
610 2101 866 2133 confirmatione.
889 2101 983 2139 Quae
998 2110 1067 2131 non
1089 2100 1126 2130 fit
1144 2100 1178 2131 in
1194 2100 1297 2131 verbis
1319 2109 1409 2141 prae-

344 2145 445 2177 dictis
469 2146 555 2186 Ergo
578 2156 647 2177 non
671 2151 718 2176 est
741 2146 935 2176 conveniens
958 2144 1072 2175 forma.

398 2199 428 2221 2.
452 2190 649 2226 Pmranax,
665 2191 747 2221 sicut
770 2189 900 2221 effectus
923 2189 1019 2220 huius
1043 2189 1231 2219 sacramenti
1261 2189 1411 2228 provenit

343 2235 378 2265 in
400 2244 461 2265 nos
484 2244 542 2275 per
564 2234 816 2265 misericordiam
846 2233 1003 2269 divinam,
1026 2234 1070 2263 ita
1094 2238 1125 2264 et
1148 2233 1285 2263 aliorum
1308 2243 1410 2263 sacra-

343 2284 540 2310 mentorum.
564 2278 627 2310 Sed
649 2279 683 2309 in
699 2278 810 2309 formis
833 2278 970 2308 aliorum
989 2282 1261 2308 sacramentorum
1283 2287 1352 2307 non
1375 2276 1412 2308 fit

344 2324 468 2354 mendo
492 2322 532 2354 de
554 2322 772 2354 misericordia
795 2322 910 2358 divina,
936 2321 992 2352 sed
1015 2322 1115 2362 magis
1139 2321 1178 2352 de
1201 2322 1357 2352 Trinitate
1381 2327 1412 2352 et

345 2367 386 2398 de
407 2368 568 2408 passione.
592 2367 678 2408 Ergo
702 2367 845 2398 similiter
869 2366 964 2396 debet
987 2375 1054 2396 esse
1077 2366 1140 2396 hic.

402 2412 432 2443 3.
456 2412 653 2448 Pna'arnaaa,
670 2411 788 2452 duplex
812 2410 943 2441 effectus
959 2411 1062 2440 huius
1094 2411 1283 2441 sacramenti
1305 2411 1339 2440 in
1362 2410 1412 2440 lit-

345 2461 413 2487 tera
434 2457 566 2497 ponitur
580 2457 607 2487 ⁴*.
632 2455 695 2487 Sed
717 2456 750 2486 in
766 2455 869 2486 verbis
885 2454 1052 2495 praedictis
1068 2464 1136 2485 non
1159 2454 1195 2485 fit
1214 2455 1336 2485 mentio
1352 2455 1413 2485 nisi

347 2499 388 2531 de
409 2510 488 2537 uno,
505 2500 626 2531 scilicet
641 2500 681 2531 de
703 2500 891 2531 remissione
909 2504 1136 2539 peccatorum:
1161 2509 1229 2529 non
1249 2504 1357 2530 autem
1373 2499 1413 2530 de

347 2544 507 2585 corporali
529 2545 705 2580 sanatione,
728 2543 769 2575 ad
791 2553 890 2584 quam
914 2543 1048 2574 Iacobus
1078 2542 1204 2574 ordinat
1234 2544 1414 2574 orationem

347 2587 433 2624 fidei,
450 2588 558 2620 dicens
573 2590 608 2619 *t
636 2588 751 2620 Oratio
757 2588 842 2630 fidei
856 2588 985 2619 sanabit
1002 2588 1175 2629 infirmum.
1200 2588 1286 2628 Ergo
1310 2588 1414 2619 forma

348 2632 510 2673 praedicta
531 2638 579 2663 est
601 2633 834 2673 incompetens.

404 2677 593 2707 Rnsponnno
617 2686 777 2713 memnon
806 2676 897 2717 quod
924 2676 1085 2717 praedicta
1115 2677 1217 2707 oratio
1248 2682 1295 2707 est
1324 2687 1414 2708 com-

349 2726 462 2762 petens
485 2719 589 2752 forma
610 2721 706 2752 huius
729 2721 926 2752 sacramenti.
951 2721 1038 2759 Quia
1052 2721 1153 2761 tangit
1168 2727 1413 2758 sacramentum,

349 2766 383 2796 in
413 2766 478 2796 hoc
501 2764 591 2805 quod
621 2765 753 2801 dicitur,
775 2775 835 2805 per
857 2765 951 2795 istam
981 2770 1126 2796 sanctam
1158 2765 1341 2796 unctionem
1348 2773 1361 2802 ;
1384 2771 1416 2796 et

349 2809 430 2841 illud
453 2809 543 2849 quod
566 2814 716 2850 operatur
745 2810 779 2840 in
808 2814 1024 2845 sacramento,
1048 2809 1169 2840 scilicet
1191 2809 1334 2840 divinam
1357 2810 1415 2840 mi-

349 2853 582 2890 sericordiam;
619 2858 651 2884 et
684 2852 834 2894 effectum
847 2876 855 2890 ,
889 2853 1009 2884 scilicet
1049 2853 1267 2884 remissionem
1299 2864 1416 2894 pecca-

351 2904 469 2930 torum.

406 2942 457 2973 An
480 2952 597 2973 ramum
621 2951 704 2971 aimo
727 2951 887 2972 memnon
911 2940 1001 2981 quod
1029 2942 1160 2972 materia
1190 2942 1286 2973 huius
1316 2952 1417 2973 sacra-

351 2988 453 3018 menti
482 2991 588 3027 potest
619 2985 753 3026 intelligi
783 2995 840 3026 per
863 2990 971 3016 actum
1000 2986 1178 3016 unctionis:
1209 2995 1278 3016 non
1309 2992 1417 3017 autem

351 3032 483 3062 materia
505 3029 758 3061 confirmationis
774 3039 831 3070 per
854 3035 962 3060 actum
985 3030 1019 3060 in
1034 3029 1139 3060 forma
1157 3039 1352 3070 expressum.
1376 3031 1418 3061 Et

352 3075 427 3107 ideo
450 3085 518 3106 non
541 3080 588 3105 est
610 3074 723 3104 simile.

407 3120 459 3150 An
482 3129 646 3150 sacmmtm
667 3128 828 3149 mmmmm
851 3117 942 3158 quod
963 3117 1180 3149 misericordia
1208 3119 1336 3159 respicit
1358 3120 1418 3150 mi-

353 3164 477 3194 seriam.
501 3163 543 3194 Et
566 3164 642 3203 quia
657 3163 720 3193 hoc
743 3168 977 3193 sacramentum
993 3162 1085 3193 datur
1107 3163 1141 3193 in
1164 3168 1247 3193 statu
1263 3164 1418 3200 miseriae,

354 3207 474 3238 scilicet
495 3206 696 3244 infirmitatis,
711 3206 785 3238 ideo
809 3207 918 3248 potius
941 3207 993 3238 hic
1010 3216 1108 3247 quam
1130 3207 1164 3237 in
1188 3207 1255 3238 aliis
1277 3207 1314 3238 fit
1328 3217 1419 3238 men-

354 3252 401 3282 tio
424 3251 464 3282 de
485 3251 711 3282 misericordia.

411 3295 462 3326 Ar>
485 3305 619 3326 Taurum
641 3306 802 3327 mcanmm
817 3295 907 3336 quod
929 3296 964 3326 in
986 3295 1090 3326 forma
1106 3294 1201 3326 debet
1224 3296 1359 3336 exprimi
1375 3295 1420 3327 ef-

356 3338 459 3370 fectus
481 3339 673 3380 principalis,
690 3345 722 3371 et
745 3341 802 3381 qui
824 3349 951 3380 semper
972 3339 1134 3371 inducitur
1157 3349 1196 3370 ex
1222 3346 1420 3371 sacramento

356 3383 418 3414 nisi
440 3384 480 3413 sit
502 3383 644 3414 defectus
668 3393 706 3414 ex
728 3390 817 3425 parte
839 3385 1030 3425 recipientis.
1054 3384 1130 3415 Non
1153 3389 1261 3415 autem
1283 3384 1353 3415 talis
1377 3384 1421 3415 ef-

1417 469 1426 490 5

1412 693 1438 708 10

1415 912 1437 932 15

1416 1133 1442 1149 2⁰

1418 1356 1442 1377 ²5

1421 1579 1446 1600 30

1422 1801 1445 1821 35

1423 2021 1450 2041 4⁰

1424 2247 1449 2267 45

1428 2467 1454 2488 ςο

1430 2688 1452 2709 55

1430 2908 1457 2928 60

1432 3127 1456 3153 ὃς

1435 3353 1462 3374 70

2458 207 2504 253 57

1707 325 1960 370 QUAESTIO
1983 328 2254 362 TRIGESIMA

1546 393 1591 418 DE
1609 392 1767 418 EFFECTU
1787 393 2006 418 SACRAMENTI
2024 394 2211 420 EXTREMAE
2231 397 2412 422 UNCTIONIS

1453 475 1605 538 Damna
1629 464 1898 496 considerandum
1919 470 1965 494 est
1985 464 2024 495 de
2045 465 2159 496 effectu
2175 467 2269 497 huius
2285 469 2471 499 sacramenti
2482 470 2508 499 ἢ

1513 509 1606 540 Circa
1630 508 1719 549 quod
1743 514 1940 549 quaeruntur
1962 509 2029 539 tria.

1504 554 1630 584 Primo:
1655 559 1764 584 utrum
1796 558 1935 583 extrema
1965 554 2075 583 unctio
2099 553 2201 584 valeat
2224 554 2263 584 ad
2292 557 2511 587 remissionem

1538 603 1757 638 peccatorum.

1506 641 1673 673 Secundo:
1698 646 1807 672 utrum
1830 642 1945 671 sanitas
1962 641 2136 681 corporalis
2151 642 2190 671 sit
2210 641 2340 672 effeetus
2355 644 2450 674 huius
2466 654 2512 674 sa-

1539 686 1702 716 eramenti.

1507 730 1635 760 Tertio:
1660 735 1770 760 utrum
1785 730 1850 759 hoc
1865 734 2100 760 sacramentum
2116 730 2328 760 characterem
2343 731 2513 771 imprimat.

1622 809 1763 840 ART.1.
1786 819 1892 839 UTRUM
1919 819 2063 839 ssxrnaMA
2090 819 2204 840 [meno
2228 820 2348 840 VALEAT

1733 863 1775 883 AD
1799 863 2003 884 aamssromm
2034 864 2237 884 racemorum

1653 915 1674 929 u.
1689 913 1739 931 νιιι,
1754 911 1795 930 art.
1811 914 1830 936 3,
1845 908 1874 929 ad
1888 914 1913 933 ις
1928 908 1961 929 lv
1973 908 2046 934 Sem„
2061 909 2113 931 dist.
2129 915 2153 936 n,
2168 915 2206 937 qu.
2221 915 2237 936 ι,
2252 913 2294 932 art.
2311 917 2330 937 ι,
2345 910 2389 939 qu⁸
2402 918 2429 937 4:

1537 908 1620 935 supm'
1649 936 1697 956 ont.
1714 934 1789 961 Germ,
1805 940 1856 963 cap.
1870 941 1953 961 axxm:
1968 935 2004 956 De
2017 935 2092 963 Malo,
2107 942 2147 964 qu.
2162 942 2198 962 vu,
2214 940 2255 959 nrt.
2272 944 2304 963 ιι,
2319 937 2348 958 ad
2364 945 2397 964 14.

1582 934 1614 956 lv

1456 1004 1539 1068 An
1564 1003 1681 1024 panarum
1704 1003 1750 1024 s1c
1778 1003 1982 1024 paccamrun.
2013 993 2147 1024 Videtur
2171 995 2260 1035 quod
2291 1001 2430 1026 extrema
2458 1006 2519 1027 un-

1520 1038 1584 1069 ctio
1607 1047 1676 1068 non
1698 1038 1800 1068 valeat
1823 1038 1863 1068 ad
1886 1039 2107 1069 remissionem
2134 1045 2351 1079 peccatorum.
2381 1040 2433 1071 Ad
2455 1041 2518 1071 hoc

1455 1083 1542 1113 enim
1566 1082 1656 1123 quod
1671 1092 1728 1122 per
1750 1092 1854 1112 unum
1870 1088 1976 1123 potest
1992 1082 2084 1119 effici,
2101 1084 2188 1114 aliud
2205 1094 2273 1114 non
2289 1085 2431 1124 exigitur.
2456 1085 2519 1116 Sed

1454 1128 1489 1158 in
1505 1137 1544 1158 eo
1562 1127 1617 1167 qui
1634 1132 1807 1157 extremam
1822 1128 2010 1157 unctionem
2026 1128 2150 1168 accipit,
2166 1129 2336 1169 requiritur
2351 1130 2519 1169 poeniten-

1455 1172 1499 1202 tia
1522 1170 1562 1202 ad
1584 1176 1792 1211 peccatorum
1815 1172 2046 1202 remissionem.
2071 1172 2156 1212 Ergo
2182 1183 2239 1213 per
2263 1178 2435 1204 extremam
2458 1184 2518 1204 un-

1456 1216 1598 1246 ctionem
1621 1225 1688 1245 non
1712 1215 1915 1246 dimittuntur
1936 1221 2077 1256 peccata.

1514 1269 1544 1290 2.
1568 1260 1763 1296 Pmmmmm,
1780 1261 1814 1290 in
1837 1266 1971 1300 peccato
1994 1270 2063 1291 non
2091 1266 2166 1291 sunt
2187 1261 2248 1291 nisi
2271 1262 2345 1292 tria:
2379 1263 2519 1298 macula,

1457 1309 1562 1335 reatus
1585 1313 1721 1344 poenae,
1739 1309 1770 1334 et
1785 1304 1937 1344 reliquiae
1960 1305 2093 1344 peccati.
2118 1305 2181 1336 Sed
2199 1315 2256 1346 per
2272 1311 2445 1337 extremam
2460 1317 2520 1337 un-

1458 1349 1601 1380 ctionem
1623 1358 1691 1379 non
1722 1349 1891 1379 remittitur
1923 1355 2092 1389 peccatum
2126 1350 2234 1389 quoad
2265 1351 2425 1381 maculam
2453 1351 2521 1381 sine

1458 1394 1667 1424 contritione:
1693 1403 1775 1433 quae
1792 1393 1887 1423 etiam
1904 1394 1972 1423 sine
1987 1394 2140 1424 unctione
2158 1395 2297 1425 remittit.
2322 1395 2390 1425 Nec
2405 1396 2522 1426 iterum

1458 1437 1569 1479 quoad
1591 1447 1748 1478 poenam:
1773 1438 1850 1477 quia
1873 1437 1987 1474 adhuc,
2003 1438 2030 1468 si
2053 1439 2262 1475 convalescat,
2279 1444 2405 1469 tenetur
2427 1439 2522 1479 perfi-

1459 1492 1530 1513 cere
1550 1481 1798 1512 satisfactionem
1814 1482 2000 1512 iniunctam.
2017 1482 2086 1512 Nec
2102 1482 2211 1522 quoad
2226 1483 2374 1523 reliquias
2391 1484 2520 1524 eulpae:

1459 1527 1536 1567 quia
1558 1526 1662 1557 adhuc
1685 1531 1852 1556 remanent
1875 1526 2100 1566 dispositiones
2125 1536 2162 1557 ex
2186 1528 2307 1558 actibus
2330 1527 2522 1567 praeceden-

1458 1571 1544 1602 tibus
1566 1571 1704 1607 relictae‚
1721 1576 1757 1601 ut
1779 1576 1866 1611 patet
1889 1576 1963 1611 post
1995 1571 2292 1602 convalescentiam.
2324 1572 2409 1612 Ergo
2433 1572 2523 1602 nullo

1458 1615 1560 1646 modo
1584 1625 1641 1655 per
1664 1620 1837 1645 extremam
1861 1615 2049 1645 unctionem
2072 1614 2108 1645 fit
2131 1621 2338 1655 peccatorum
2369 1616 2523 1646 remissio.

1517 1660 1546 1690 3.
1571 1660 1767 1695 Pnaaramza,
1784 1659 1927 1689 remissio
1951 1665 2158 1699 peccatorum
2180 1669 2249 1690 non
2271 1659 2307 1690 fit
2330 1661 2524 1696 successive,

1460 1704 1516 1735 sed
1539 1705 1572 1734 in
1594 1704 1734 1734 instanti.
1759 1703 1822 1734 Sed
1850 1709 1989 1734 extrema
2018 1705 2129 1734 unctio
2160 1714 2227 1734 non
2251 1704 2286 1734 fit
2316 1710 2384 1735 tota
2411 1705 2524 1735 simul:

1461 1749 1537 1790 quia
1559 1748 1667 1789 plures
1682 1749 1852 1778 unctiones
1867 1748 2083 1788 requiruntur.
2107 1748 2193 1788 Ergo
2217 1749 2285 1779 eius
2305 1748 2436 1780 effectus
2459 1759 2525 1779 non

1461 1798 1508 1824 est
1531 1793 1674 1823 remissio
1698 1798 1916 1832 peccatorum.

1517 1837 1580 1868 San
1605 1846 1728 1867 CONTRA
1751 1846 1806 1867 asr
1836 1836 1926 1877 quod
1949 1835 2063 1867 dicitur
2095 1837 2155 1867 Iac.
2171 1847 2191 1866 v
2207 1838 2241 1867 *:
2274 1837 2310 1867 Si
2333 1837 2366 1868 in
2384 1838 2528 1878 peccatis

1462 1887 1518 1918 est,
1535 1881 1737 1912 dimittentur
1759 1881 1798 1911 ei.

1519 1936 1549 1956 2.
1573 1926 1770 1962 Pmaraam,
1787 1935 1885 1956 omne
1909 1930 2143 1956 sacramentum
2165 1935 2269 1956 novae
2292 1926 2369 1966 legis
2397 1927 2528 1966 gratiam

1463 1970 1597 2001 confert.
1622 1969 1686 2000 Sed
1715 1979 1773 2010 per
1801 1970 1934 2010 gratiam
1963 1969 2000 2000 fit
2022 1970 2166 2000 remissio
2190 1976 2407 2010 peccatorum.
2442 1971 2527 2010 Ergo

1464 2020 1604 2045 extrema
1626 2014 1750 2050 unctio,
1767 2023 1843 2044 cum
1866 2014 1906 2044 sit
1928 2020 2163 2044 sacramentum
2185 2024 2289 2045 novae
2312 2015 2399 2055 legis,
2417 2024 2528 2054 opera-

1463 2064 1515 2089 tur
1537 2058 1576 2089 ad
1599 2058 1821 2088 remissionem
1843 2059 1976 2097 peccati.

1518 2103 1707 2133 Ruspoxmzo
1731 2112 1891 2132 mmmmm
1915 2101 2004 2142 quod
2027 2102 2195 2142 quodlibet
2225 2108 2459 2133 sacramentum
2483 2108 2530 2132 est

1463 2147 1645 2178 institutum
1667 2146 1882 2186 principaliter
1898 2146 1937 2176 ad
1953 2155 2056 2176 unum
2080 2146 2239 2182 effectum,
2264 2147 2409 2187 quamvis
2434 2147 2530 2177 etiam

1464 2191 1543 2222 alios
1560 2201 1598 2221 ex
1614 2190 1825 2230 consequenti
1839 2189 1991 2221 inducere
2006 2191 2117 2230 possit.
2141 2191 2183 2221 Et
2198 2192 2274 2231 quia
2296 2197 2530 2221 sacramentum

1465 2235 1565 2277 efficit
1579 2234 1665 2276 quod
1673 2235 1808 2276 figurat
1821 2235 1848 2270 ἦ
1865 2233 1938 2265 ideo
1956 2245 1993 2265 ex
2009 2236 2077 2275 ipsa
2093 2234 2324 2275 significatione
2343 2236 2530 2266 sacramenti

1465 2280 1560 2311 debet
1576 2280 1678 2319 accipi
1694 2279 1762 2309 eius
1785 2279 1967 2319 principalis
1983 2279 2123 2310 effectus.
2148 2279 2326 2310 Adhibetur
2344 2285 2452 2310 autem
2466 2280 2530 2310 hoc

1464 2329 1700 2355 sacramentum
1723 2323 1902 2354 secundum
1932 2323 2068 2354 modum
2092 2323 2258 2354 cuiusdam
2288 2324 2529 2354 medicationis:

1466 2369 1548 2399 sicut
1570 2368 1745 2408 baptismus
1772 2377 1830 2408 per
1852 2367 1988 2398 modum
2019 2368 2199 2398 ablutionis
2232 2368 2392 2399 Medicina
2422 2373 2531 2398 autem

1467 2418 1514 2443 est
1537 2412 1576 2443 ad
1591 2411 1778 2452 pellendum
1800 2411 2027 2442 infirmitatem.
2057 2412 2151 2442 Unde
2166 2412 2381 2452 principaliter
2396 2413 2459 2443 hoc
2483 2422 2531 2442 sa-

1467 2462 1667 2487 cramentum
1691 2462 1738 2486 est
1760 2457 1942 2487 institutum
1965 2456 2005 2486 ad
2024 2456 2202 2487 sanandum
2218 2456 2434 2487 infirmitatem
2456 2466 2532 2496 pec-

1467 2501 1545 2532 cati:
1570 2506 1615 2537 ut,
1642 2501 1724 2531 sicut
1746 2500 1922 2540 baptismus
1952 2506 1999 2531 est
2022 2500 2180 2541 quaedam
2203 2501 2372 2540 spiritualis
2402 2510 2532 2540 regene-

1466 2546 1558 2582 ratio,
1580 2551 1611 2575 et
1633 2545 1832 2585 poenitentia
1858 2544 2017 2585 quaedam
2040 2545 2209 2585 spiritualis
2233 2545 2413 2581 suscitatio,
2436 2546 2479 2575 ita
2503 2551 2534 2575 et

1468 2595 1608 2620 extrema
1630 2589 1741 2619 unctio
1759 2594 1805 2619 est
1828 2589 1986 2629 quaedam
2001 2589 2170 2629 spiritualis
2193 2590 2313 2619 sanatio
2329 2589 2380 2619 vel
2395 2589 2534 2619 medica-

1467 2635 1524 2665 tio.
1545 2634 1634 2665 Sicut
1649 2639 1758 2664 autem
1773 2634 1948 2673 corporalis
1970 2633 2141 2664 medicatio
2163 2634 2395 2673 praesupponit
2418 2643 2534 2673 corpo-

1467 2679 1567 2709 ralem
1581 2679 1680 2708 vitam
1695 2678 1729 2708 in
1743 2677 1914 2715 medicato,
1930 2678 1974 2708 ita
1992 2678 2161 2718 spiritualis
2177 2678 2383 2717 spiritualem.
2404 2678 2445 2708 Et
2460 2677 2534 2708 ideo

1468 2724 1532 2754 hoc
1555 2727 1789 2753 sacramentum
1805 2731 1872 2752 non
1896 2722 1988 2752 datur
2007 2727 2117 2753 contra
2141 2721 2283 2752 defectus
2307 2723 2423 2762 quibus
2446 2722 2535 2762 spiri-

1468 2767 1562 2798 tualis
1585 2768 1649 2797 vita
1680 2766 1819 2802 tollitur,
1843 2766 1963 2797 scilicet
1996 2772 2106 2797 contra
2129 2772 2298 2807 peccatum
2329 2767 2481 2806 originale
2505 2771 2535 2796 et

1469 2811 1620 2842 mortale:
1638 2810 1694 2841 sed
1710 2816 1820 2841 contra
1835 2811 1907 2841 illos
1923 2810 2066 2842 defectus
2087 2811 2203 2850 quibus
2219 2811 2319 2841 homo
2335 2811 2536 2850 spiritualiter

1469 2855 1657 2891 infirmatur,
1673 2860 1710 2885 ut
1725 2864 1793 2885 non
1808 2855 1923 2885 habeat
1937 2854 2116 2895 perfectum
2131 2855 2275 2895 vigorem
2294 2854 2333 2885 ad
2349 2861 2437 2885 actus
2452 2855 2535 2885 vitae

1470 2900 1587 2940 gratiae
1610 2899 1661 2929 vel
1683 2899 1812 2939 gloriae.
1837 2899 1878 2929 Et
1901 2899 1953 2930 hic
1976 2899 2119 2930 defectus
2149 2899 2227 2930 nihil
2261 2905 2307 2929 est
2330 2899 2415 2929 aliud
2438 2909 2535 2939 quarn

1471 2943 1630 2984 quaedam
1654 2942 1797 2973 debilitas
1821 2948 1853 2973 et
1870 2943 2052 2984 ineptitudo
2077 2953 2159 2983 quae
2175 2944 2209 2974 in
2231 2944 2325 2974 nobis
2347 2943 2536 2983 relinquitur

1472 2998 1511 3019 ex
1533 2993 1666 3028 peccato
1691 2987 1806 3017 actuali
1828 2987 1880 3018 vel
1903 2988 2058 3028 originali.
2092 2988 2133 3018 Et
2157 2994 2267 3018 contra
2289 2989 2371 3018 hanc
2395 2987 2536 3018 debilita-

1471 3038 1538 3063 tem
1560 3032 1661 3062 homo
1684 3032 1853 3062 roboratur
1874 3041 1933 3072 per
1955 3033 2018 3062 hoc
2042 3038 2285 3062 sacramentum.

1527 3075 1591 3107 Sed
1614 3076 1689 3116 quia
1711 3076 1775 3106 hoc
1798 3076 1897 3106 robur
1915 3077 2014 3116 gratia
2037 3076 2121 3111 facit,
2139 3085 2222 3116 quae
2238 3085 2348 3107 secum
2363 3086 2431 3106 non
2448 3085 2536 3106 com-

1472 3121 1590 3161 patitur
1605 3125 1784 3160 peccatum,
1801 3119 1875 3150 ideo
1899 3130 1937 3151 ex
1953 3122 2174 3161 consequenti,
2192 3121 2217 3151 si
2233 3121 2355 3151 invenit
2370 3126 2538 3160 peccatum

1473 3164 1616 3204 aliquod,
1628 3164 1679 3194 vel
1690 3164 1825 3194 mortale
1837 3164 1887 3195 vel
1898 3165 2032 3201 veniale,
2045 3165 2154 3205 quoad
2171 3165 2309 3205 culpam,
2322 3165 2405 3195 tollit
2420 3165 2536 3204 ipsum,

1474 3207 1653 3240 dummodo
1676 3218 1745 3238 non
1773 3214 1914 3248 ponatur
1943 3209 2027 3239 obex
2051 3219 2088 3239 ex
2111 3215 2199 3250 parte
2229 3210 2426 3249 recipientis:
2457 3209 2538 3238 sicut

1474 3253 1570 3283 etiam
1593 3252 1633 3283 de
1656 3252 1853 3283 Eucharistia
1872 3258 1903 3283 et
1926 3253 2170 3284 confirmatione
2187 3263 2282 3294 supra
2297 3255 2313 3270 *
2337 3253 2458 3283 dictum
2482 3258 2536 3282 est.

1474 3297 1516 3327 Et
1538 3297 1612 3327 ideo
1636 3297 1731 3327 etiam
1754 3297 1889 3327 Iacobus
1913 3296 1952 3327 de
1975 3298 2162 3328 remissione
2189 3298 2312 3338 peccati
2339 3297 2538 3327 conditiona-

1474 3341 1545 3372 liter
1567 3341 1720 3381 loquitur,
1747 3340 1855 3371 dicens
1871 3342 1906 3371 *z
1931 3341 1967 3371 Si
1994 3341 2026 3371 in
2045 3342 2188 3382 peccatis
2210 3342 2260 3378 sit,
2288 3341 2487 3372 dimittentur
2509 3340 2539 3370 ei

1476 3384 1585 3426 quoad
1609 3385 1747 3425 culpam.
1781 3385 1856 3415 Non
1881 3386 1968 3415 enim
1991 3395 2117 3426 semper
2145 3385 2229 3416 delet
2254 3391 2439 3426 peccatum,
2465 3385 2539 3424 quia

118 3427 174 3476 ''gal''
187 3426 330 3476 Sssf-»flg{⁵g·
357 3426 460 3458 fectus
483 3432 530 3458 est
552 3427 726 3468 corporalis
748 3429 873 3466 sanitas,
889 3434 926 3459 ut
949 3438 987 3459 ex
1011 3428 1101 3459 dictis
1117 3430 1134 3446 ⁴*
1157 3434 1253 3469 patet,
1275 3430 1421 3468 quamvis
1475 3439 1544 3460 non
1567 3439 1692 3469 semper
1714 3430 1851 3460 invenit:
1875 3429 1931 3460 sed
1954 3439 2079 3470 semper
2107 3431 2236 3461 remittit
2259 3429 2366 3470 quoad
2397 3429 2539 3459 debilita-

118 3481 164 3509 φι-
173 3460 332 3503 {J-c'mnfm’
359 3470 555 3512 quandoque
574 3477 734 3512 sequatur.
757 3473 893 3504 Ratione
910 3474 1001 3504 cuius
1017 3473 1152 3504 Iacobus
1168 3474 1255 3504 hunc
1272 3472 1422 3504 effectum
1475 3480 1542 3505 tem
1565 3473 1768 3514 praedictam,
1786 3483 1884 3514 quam
1908 3473 2039 3514 quidam
2054 3475 2071 3491 ⁴*
2095 3475 2249 3515 reliquias
2269 3473 2396 3514 peccati
2419 3472 2538 3503 dicunt.

119 3514 159 3536 qu.
174 3513 230 3535 xxx,
244 3511 287 3529 art.
297 3513 317 3528 2.

359 3515 500 3546 attribuit
522 3516 670 3552 orationi,
687 3525 770 3556 quae
792 3522 839 3548 est
861 3517 966 3548 forma
987 3518 1083 3548 huius
1106 3518 1303 3549 sacramenti.

501 3612 613 3637 sunus
632 3612 734 3638 Τιικοι.
748 3613 779 3639 D.
797 3613 914 3639 Tuom
931 3613 964 3639 T.
983 3614 1026 3640 lx.

1531 3517 1672 3556 Quidam
1688 3519 1705 3534 *⁹
1727 3527 1803 3548 vero
1823 3517 1934 3548 dicunt
1949 3517 2039 3558 quod
2061 3519 2276 3559 principaliter
2299 3523 2345 3548 est
2360 3517 2539 3547 institutum

2537 471 2546 479 ·
2562 468 2598 491 Cf.
2620 474 2658 496 qu.
2678 475 2747 495 xxix,

2540 495 2626 517 lntrod.

2555 1846 2563 1855 ·
2579 1845 2645 1867 Vers.
2663 1851 2693 1873 ¹5·

2557 2240 2567 2250 ·
2588 2239 2648 2260 Part.
2669 2238 2709 2266 111,
2728 2244 2767 2266 qu.

2557 2271 2608 2292 un,
2623 2269 2664 2287 art.
2682 2273 2700 2293 ι,
2711 2266 2739 2286 ad
2749 2273 2767 2287 ι.

2564 3043 2574 3052 ·
2584 3041 2616 3062 1v
2629 3041 2702 3069 Seni„
2720 3043 2773 3065 dist.

2564 3074 2604 3093 vu.
2615 3074 2653 3096 qu.
2665 3075 2688 3095 n,
2700 3074 2740 3091 art.
2753 3076 2773 3096 α,

2564 3095 2608 3122 qu·
2621 3095 2675 3121 ι,εά
2687 3103 2709 3121 ι;
2722 3096 2774 3117 dist.

2564 3127 2594 3146 ix,
2611 3127 2649 3149 qu.
2666 3128 2682 3147 ι,
2696 3126 2737 3144 art.
2753 3129 2774 3151 3,

2565 3148 2609 3174 (ιιι8
2623 3154 2647 3173 2;
2663 3148 2715 3170 dist.
2731 3155 2773 3175 xu,

2565 3178 2706 3229 35:155&
2723 3175 2774 3223 ¹¹th

2565 3227 2773 3253 111,qu.1.xxn,m.

2566 3254 2621 3280 7,ad
2628 3259 2774 3281 2;qu.1.xxix,

2565 3283 2641 3327 imile.
2659 3312 2705 3334 arg.
2727 3306 2776 3328 Sed

2565 3334 2647 3353 contra
2664 3340 2682 3354 ι.

2566 3360 2576 3370 '
2590 3358 2613 3379 B.
2625 3359 2712 3380 Albert.
2722 3374 2728 3384 ‚
2742 3358 2775 3380 lV

2565 3385 2638 3411 Sent„
2647 3385 2700 3406 dist.
2711 3391 2775 3411 xxm,

2566 3416 2607 3433 art.
2624 3419 2631 3433 ι
2651 3427 2656 3432 .

2566 3439 2576 3449 ·
2601 3419 2650 3459 Cf.⁴
2663 3437 2756 3459 ualens.

2565 3464 2651 3486 Summ.
2659 3463 2728 3491 p.1V,
2735 3470 2773 3491 qu.

2565 3497 2587 3515 v.
2595 3496 2627 3512 m.
2636 3496 2657 3517 7,
2667 3493 2708 3511 nrt.
2719 3496 2743 3515 2;
2754 3496 2774 3511 s.

2566 3516 2693 3538 Bonav.1v
2701 3516 2774 3542 Sent„

2566 3543 2618 3564 dist.
2627 3548 2692 3567 xxm,
2703 3546 2744 3564 an.
2754 3548 2775 3568 π,

1436 3572 1460 3593 75
1476 3567 1587 3593 contra
1610 3562 1749 3593 veniale:
1774 3562 1864 3603 quod
1887 3562 2018 3603 quidem
2045 3572 2113 3593 non
2136 3568 2251 3603 potest,
2275 3561 2352 3592 dum
2376 3562 2453 3591 haec
2476 3561 2539 3590 vita
2565 3575 2603 3597 qu.
2619 3574 2639 3590 ι.

2363 3612 2396 3638 8*
