2878 4088
21 762 23 764 ¹
16 494 45 731 sumammuh?
9 449 30 480 Ἴ-
8 253 31 427 -φμαέηιιιῑ,

109 1198 120 1210 ·
202 1203 229 1226 u,
243 1203 266 1221 n.

108 1223 136 1248 S.
205 1223 257 1247 loct.
272 1229 298 1247 n.

548 191 812 238 QUAESTIO
841 193 988 238 XLVII,
1010 190 1302 229 ARTICULUS
1330 189 1375 235 V,
1395 189 1446 225 VI
1465 209 1490 214 -
1511 188 1775 235 QUAESTIO
1805 191 1972 236 XLVIII,
1994 191 2284 229 ARTICULUS
2313 193 2327 229 I
2475 203 2520 240 91

348 279 416 301 esse
438 270 479 301 ad
502 280 579 301 eum
602 272 659 311 qui
681 281 748 302 non
772 271 867 302 habet
889 272 1060 301 caritatem.
1087 271 1173 310 Ergo
1193 276 1224 300 et
1246 269 1409 300 matrimo-
1464 268 1582 308 pellere
1615 274 1786 308 praecepto
1811 268 1850 298 ad
1872 270 2112 300 matrimonium
2141 271 2321 310 spirituale,
2346 271 2464 301 scilicet
2487 270 2527 300 ad

346 315 439 345 nium
462 320 509 345 est
531 314 571 345 ad
595 324 670 345 eum
694 316 750 355 qui
772 325 840 345 non
863 315 941 346 vult,
1465 313 1687 352 episcopatum
1711 312 1944 353 accipiendum.
1979 314 2064 354 Ergo
2096 320 2201 354 potest
2225 320 2255 344 et
2277 320 2366 355 pater
2396 315 2527 345 camalis

405 368 434 389 2.
459 359 655 395 Pinarum,
672 360 698 389 si
713 359 766 389 illa
782 369 865 399 quae
887 358 948 389 fuit
963 364 1082 394 coacta,
1098 357 1309 399 postmodum
1333 366 1410 387 con·
1465 356 1505 386 ad
1527 357 1768 387 matrimonium
1791 357 1925 387 carnale.

348 403 471 439 sentiat,
489 404 547 433 erit
561 403 803 434 matrimonium
813 412 936 433 verum.
957 402 1020 433 Sed
1031 404 1090 433 iste
1102 403 1157 443 qui
1174 403 1279 442 coegit
1294 402 1409 442 primo,
1521 400 1584 431 San
1609 410 1742 436 CONTRA,
1758 406 1846 440 patre
1863 402 2038 441 imperante
2058 402 2307 438 matrimonium,
2323 402 2407 433 filius
2422 408 2528 443 potest

348 456 386 477 ex
409 456 569 477 consensu
592 447 676 477 illius
699 457 766 478 non
789 448 912 488 ligatur.
947 447 1033 486 Ergo
1057 456 1095 477 ex
1118 447 1223 487 primo
1251 454 1411 476 consensu
1433 455 1442 475 5
1466 445 1534 475 sine
1557 450 1691 485 peccato
1711 445 1898 485 religionem
1922 446 2036 475 intrare
2052 446 2078 475 ὓ.
2104 445 2188 486 Ergo
2211 456 2278 476 non
2294 452 2419 477 tenetur
2443 447 2471 477 ei
2494 447 2527 476 in

347 491 502 531 ligabatur
525 492 741 521 matrimonio.
1466 489 1530 519 hoc
1553 489 1693 519 obedire.

403 534 466 566 San
490 545 627 571 CONTRA,
651 536 893 565 matrimonium
926 540 973 565 est
1003 535 1114 565 relatio
1145 533 1411 574 aequiparantiae.
1524 542 1553 563 2.
1578 533 1774 570 pannum,
1791 534 1816 564 si
1832 538 1992 564 teneretur
2008 533 2148 569 obedire,
2165 534 2322 573 sponsalia
2338 544 2394 574 per
2416 544 2528 574 paren-

348 578 412 609 Sed
434 579 504 609 talis
526 580 638 610 relatio
653 579 827 619 aequaliter
849 585 896 609 est
913 579 947 609 in
963 584 1112 618 utroque.
1137 578 1234 618 Ergo,
1251 578 1276 607 si
1292 577 1330 606 sit
1353 577 1412 606 im·
1467 581 1514 606 tes
1530 582 1691 607 contracta
1714 578 1834 618 absque
1851 587 2010 608 consensu
2034 576 2174 607 filiorum
2191 584 2294 607 essent
2313 578 2443 608 stabilia.
2467 578 2529 608 Sed

348 622 570 663 pedimentum
601 632 640 653 ex
662 629 752 663 parte
782 623 878 653 unius
891 646 898 659 ‚
922 632 990 653 non
1014 623 1072 652 erit
1100 622 1342 652 matrimonium
1375 630 1413 650 ex
1467 621 1530 651 hoc
1554 626 1601 651 est
1624 627 1735 651 contra
1756 622 1826 652 iura
1841 623 1867 651 ⁴².
1891 621 1988 661 Ergo,
2006 627 2065 651 etc.

348 672 438 707 parte
460 667 598 698 alterius.
1429 674 1454 688 ¹⁰
1522 665 1712 695 stpoumzo
1730 675 1888 695 monimum
1905 665 2003 705 quod,
2021 675 2096 695 cum
2115 666 2148 695 in
2164 666 2369 696 matrimonio
2386 666 2425 695 sit
2441 666 2530 705 quasi

401 712 591 742 Rnspommo
608 720 768 742 menbrum!
792 710 891 750 quod,
909 719 984 740 cum
1000 710 1242 740 matrimonium
1258 709 1297 738 sit
1316 717 1414 748 quae·
1468 708 1626 748 quaedam
1642 709 1774 739 servitus
1789 715 1954 749 perpetua,
1971 715 2060 749 pater
2075 719 2142 739 non
2163 715 2268 749 potest
2291 719 2405 749 cogere
2427 708 2530 739 filium

349 755 423 786 dam
446 756 575 792 relatio;
599 762 631 786 et
653 764 721 785 non
753 755 854 794 possit
875 754 996 784 innasci
1026 754 1136 784 relatio
1159 754 1193 783 in
1216 761 1284 783 uno
1313 757 1414 782 extre-
1468 752 1508 782 ad
1530 753 1772 783 matrimonium
1795 763 1852 793 per
1874 759 2096 793 praeceptum,
2123 763 2197 784 cum
2220 754 2259 784 sit
2282 754 2397 783 liberae
2421 753 2531 783 condi-

348 808 478 830 morum
501 800 569 830 sine
592 800 655 830 hoc
679 798 768 839 quod
790 798 845 828 fiat
867 798 901 828 in
925 798 1004 828 alio:
1033 797 1107 827 ideo
1132 795 1290 837 quidquid
1312 796 1414 836 imPe-
1467 797 1574 826 tionis.
1599 796 1662 827 Sed
1684 803 1791 837 potest
1814 807 1889 828 eum
1913 797 2064 828 inducere
2089 807 2126 828 ex
2152 798 2330 828 rationabili
2354 807 2456 828 causa.
2492 797 2532 827 Et

349 843 394 874 dit
416 844 658 874 matrimonium
680 843 715 872 in
737 851 824 878 uno,
849 841 983 881 impedit
1005 842 1112 882 ipsum
1135 842 1168 871 in
1199 841 1314 876 alter03
1339 840 1415 880 quia
1467 845 1556 876 tunc,
1573 841 1655 871 sicut
1670 851 1703 871 se
1726 842 1821 872 habet
1835 841 1920 872 filius
1943 841 1983 872 ad
2007 851 2134 872 causam
2149 842 2247 878 illam,
2263 842 2306 872 ita
2330 851 2363 872 se
2382 842 2477 872 habet
2493 841 2532 871 ad

348 897 416 917 non
431 893 539 927 potest
554 897 622 917 esse
646 886 735 926 quod
750 886 864 926 aliquis
887 886 926 915 sit
948 886 996 915 vir
1014 895 1082 916 non
1106 886 1224 920 uxoris,
1240 884 1292 914 vel
1308 883 1414 923 aliqua
1429 893 1451 913 ¹5
1468 891 1676 924 praeceptum
1699 886 1811 925 patris:
1836 891 1888 922 ut,
1916 886 1942 916 si
1965 896 2059 916 causa
2091 886 2143 916 illa
2168 892 2261 927 cogat
2284 886 2323 916 de
2346 886 2532 916 necessitate

348 932 387 961 sit
409 940 491 962 uxor
505 940 574 962 non
589 931 709 961 habens
727 931 842 966 virum,
862 930 944 960 sicut
963 935 1064 960 mater
1077 938 1145 959 non
1164 930 1284 959 habens
1300 927 1413 958 filium.
1467 929 1519 959 vel
1543 929 1582 959 de
1598 930 1774 966 honestate,
1792 935 1823 960 et
1837 935 2044 970 praeceptum
2068 931 2209 961 similiter
2226 935 2335 970 cogat;
2360 930 2434 960 alias
2454 939 2531 960 non.

348 975 390 1005 Et
411 974 485 1005 ideo
509 974 624 1005 dicitur
639 975 855 1005 communiter
879 973 968 1014 quod
984 974 1226 1004 matrimonium
1244 982 1308 1003 non
1325 973 1414 1003 clau-
1523 973 1574 1003 An
1598 984 1715 1004 ramum
1737 984 1820 1005 aneo
1844 985 2002 1004 mmmmm
2026 974 2115 1015 quod
2136 975 2270 1005 verbum
2293 974 2443 1015 Apostoli
2465 983 2533 1004 non

348 1018 444 1049 dicat.
1467 1018 1654 1058 intelligitur
1676 1019 1709 1048 in
1732 1018 1792 1049 illis
1816 1019 1849 1049 in
1873 1019 1989 1059 quibus
2013 1025 2059 1049 est
2082 1019 2160 1049 liber
2183 1019 2231 1049 sui
2254 1019 2336 1049 sicut
2359 1023 2457 1059 pater.
2492 1018 2533 1048 Et

403 1062 454 1093 An
478 1072 595 1093 pansum
618 1072 701 1093 nnoo
725 1072 885 1093 mmmmm
909 1062 1008 1103 quod,
1026 1063 1171 1103 quamvis
1195 1067 1282 1092 actus
1306 1071 1415 1091 aman—
1468 1062 1654 1092 huiusmodi
1672 1068 1719 1093 est
1730 1063 1981 1099 matrimonium,
1993 1073 2050 1103 per
2066 1063 2155 1103 quod
2171 1064 2266 1093 etiam
2282 1062 2367 1093 filius
2381 1062 2418 1093 fit
2432 1067 2531 1102 pater.

347 1107 387 1137 tis
410 1107 511 1147 possit
533 1108 664 1138 transire
687 1108 721 1137 in
743 1116 812 1137 non
836 1112 1006 1143 amantem,
1023 1112 1130 1137 tamen
1151 1107 1230 1137 unio
1253 1107 1336 1139 inter
1359 1115 1415 1136 eos
1430 1113 1455 1128 ²0
1524 1107 1575 1136 An
1598 1117 1760 1137 ssscunntm
1784 1117 1943 1137 nrcnunum
1967 1107 2055 1147 quod
2086 1107 2180 1137 Iacob
2204 1107 2278 1137 alias
2305 1107 2471 1137 tenebatur
2493 1105 2532 1136 ad

347 1160 417 1182 non
439 1156 546 1192 potest
569 1161 636 1182 esse
659 1152 720 1182 nisi
743 1151 783 1181 sit
805 1157 918 1182 mutua
941 1152 1069 1182 amatio.
1093 1151 1135 1181 Et
1153 1150 1226 1181 ideo
1251 1150 1327 1180 dicit
1341 1150 1414 1180 Phi·
1469 1150 1652 1181 faciendum
1675 1151 1739 1181 hoc
1763 1151 1852 1191 quod
1875 1151 2045 1182 mandabat
2068 1151 2167 1182 Isaac:
2196 1157 2266 1181 tum
2289 1156 2420 1191 propter
2441 1151 2532 1181 mali-

280 1203 322 1226 ³·-
347 1195 515 1236 losophus,
532 1196 566 1226 in
581 1195 654 1226 VIII
669 1195 773 1226 Ethic.
790 1196 817 1232 *‚
831 1195 921 1235 quod
937 1195 976 1226 ad
992 1195 1174 1231 amicitiam,
1188 1204 1271 1235 quae
1286 1195 1319 1224 in
1337 1204 1414 1234 qua·
1469 1196 1546 1225 tiam
1563 1195 1687 1225 illarum
1703 1196 1874 1226 mulierum
1885 1197 1918 1232 *;
1938 1201 2007 1226 turn
2021 1196 2095 1236 quia
2111 1205 2220 1226 semen
2238 1195 2390 1226 Chanaan
2402 1194 2441 1226 de
2452 1200 2532 1225 terra

348 1239 423 1270 dam
445 1240 568 1270 unione
591 1241 744 1276 consistit,
761 1240 931 1280 requiritur
954 1239 1139 1270 redamatio.
1470 1249 1553 1279 quae
1569 1240 1682 1270 semini
1698 1240 1948 1270 Patriarcharum
1967 1241 2210 1280 promittebatur
2225 1241 2252 1275 ὓ,
2270 1245 2335 1270 erat
2351 1238 2532 1279 disperden-

404 1284 455 1314 An
479 1294 642 1315 sncunnux
665 1294 824 1314 nxcnuntm
848 1284 938 1324 quod
962 1294 999 1314 ex
1023 1293 1183 1314 consensu
1205 1283 1306 1314 libero
1330 1283 1415 1313 illius
1470 1283 1548 1314 dum
1564 1285 1590 1314 ³.
1615 1284 1656 1314 Et
1679 1284 1752 1314 ideo
1777 1284 1862 1314 Isaac
1885 1285 2067 1324 praecipere
2089 1289 2223 1324 poterat.

348 1328 409 1368 qui
422 1329 517 1369 prius
540 1334 670 1359 coactus
694 1334 757 1364 est,
775 1338 850 1365 ,non
873 1328 910 1359 fit
932 1329 1172 1359 matrimonium
1195 1328 1256 1358 nisi
1279 1328 1415 1367 inquan-
1429 1334 1453 1354 ²5
1524 1329 1576 1358 An
1599 1338 1734 1358 *rrenrnm
1757 1338 1915 1358 uicturum
1939 1327 2028 1368 quod
2051 1338 2118 1358 non
2142 1329 2246 1358 iurant
2268 1328 2329 1358 nisi
2346 1327 2399 1358 illa
2423 1327 2533 1358 condi-

348 1377 420 1403 tum
443 1382 618 1403 consensus
640 1372 834 1413 praecedens
857 1373 889 1403 in
913 1373 1012 1403 altero
1041 1372 1145 1403 adhuc
1168 1377 1276 1402 manet
1298 1372 1332 1402 in
1355 1381 1415 1401 suo
1469 1372 1559 1402 tione
1582 1372 1812 1408 subintellecta,
1827 1373 1856 1403 si
1879 1373 1945 1403 illis
1962 1373 2134 1413 placuerit.
2158 1373 2199 1402 Et
2214 1373 2274 1412 ipsi
2298 1372 2479 1412 obligantur
2494 1371 2534 1402 ad

348 1417 469 1457 vigore.
493 1416 597 1454 Unde,
614 1418 640 1447 si
663 1416 850 1453 dissentiret,
871 1426 938 1447 non
961 1416 1051 1447 fieret
1074 1417 1325 1447 matrimonium.
1471 1426 1527 1447 eos
1550 1417 1636 1447 bona
1658 1416 1722 1446 fide
1745 1416 1974 1447 inducendum.

1525 1460 1576 1490 An
1602 1470 1749 1490 onan-mu
1765 1471 1924 1491 mmmmm
1947 1460 2037 1501 quod
2053 1460 2183 1500 quidam
2207 1461 2317 1491 dicunt
2337 1459 2426 1500 quod
2449 1460 2534 1500 Papa

1469 1514 1537 1535 non
1560 1510 1667 1545 potest
1689 1506 1871 1545 praecipere
1895 1505 1990 1535 alicui
2013 1504 2103 1545 quod
2134 1505 2268 1545 accipiat
2291 1505 2511 1544 episcopatum
2526 1528 2533 1540 ,

1432 1553 1457 1574 ³⁰
1472 1549 1547 1588 quia
1570 1559 1744 1579 consensus
1768 1549 1863 1579 debet
1878 1549 1957 1579 liber
1980 1559 2057 1579 esse.
2074 1568 2095 1571 -
2118 1548 2191 1583 Sed,
2207 1549 2270 1579 hoc
2286 1549 2403 1589 posito,
2419 1549 2535 1588 periret

413 1602 434 1622 n
451 1602 591 1622 curm-tm
618 1602 664 1623 src
679 1602 884 1622 PRocanuR.
908 1591 1043 1622 Videtur
1065 1591 1155 1632 quod
1177 1601 1238 1622 nec
1257 1601 1315 1631 per
1338 1601 1416 1621 con·
1471 1593 1702 1623 ecclesiasticus
1726 1592 1815 1623 ordo.
1839 1593 1908 1623 Nisi
1932 1594 2018 1623 enirn
2041 1593 2154 1632 aliquis
2186 1598 2294 1633 posset
2318 1593 2390 1632 cogi
2420 1592 2459 1622 ad
2482 1602 2534 1622 su-

350 1607 543 1667 Asensum
574 1636 831 1666 conditionatum
853 1635 908 1666 fiat
930 1636 1181 1666 matrimonium.
1219 1635 1304 1673 Quia
1327 1634 1417 1675 quod
1470 1637 1672 1677 scipiendum
1684 1638 1826 1677 regimen
1841 1637 2013 1673 Ecclesiae,
2025 1637 2168 1667 Ecclesia
2184 1637 2362 1667 conservari
2377 1646 2444 1666 non
2459 1645 2534 1676 pos-

348 1681 408 1711 sub
433 1679 619 1711 conditione
641 1678 783 1720 ponitur,
799 1690 866 1710 non
883 1680 1068 1720 simpliciter
1087 1680 1279 1710 enuntiatur.
1304 1679 1368 1710 Sed
1382 1680 1416 1709 in
1471 1686 1535 1711 set:
1560 1691 1635 1711 cum
1659 1681 1856 1721 quandoque
1879 1681 1923 1711 illi
1948 1682 2003 1721 qui
2027 1686 2101 1711 sunt
2123 1680 2232 1711 idonei
2264 1680 2303 1711 ad
2326 1681 2407 1716 hoc,
2431 1680 2535 1710 nolint

347 1725 554 1756 matrimonio
571 1729 700 1764 oportet
715 1733 783 1754 esse
798 1725 894 1754 verba
909 1724 1094 1764 simpliciter
1114 1724 1322 1764 exprimentia
1338 1733 1416 1753 con·
1470 1725 1631 1765 suscipere
1653 1726 1714 1755 nisi
1738 1726 1850 1755 coacti.

347 1778 488 1800 sensum.
521 1768 607 1809 Ergo
631 1767 774 1799 condiu'o
799 1769 932 1799 alicuius
963 1777 1138 1799 consensus
1161 1777 1228 1798 non
1252 1767 1327 1798 facit
1349 1777 1416 1798 ma·
1431 1772 1454 1793 ³5
1526 1769 1567 1799 Et
1582 1769 1656 1799 ideo
1680 1769 1853 1799 dicendum
1870 1769 1959 1809 quod
1974 1778 2041 1799 non
2066 1775 2112 1799 est
2131 1769 2233 1799 simile
2249 1770 2323 1799 hinc
2342 1768 2427 1799 inde.
2451 1768 2535 1806 Quia

347 1813 546 1844 trimonium.
1469 1822 1538 1843 non
1562 1819 1609 1843 est
1628 1814 1734 1853 aliqua
1750 1813 1922 1853 corporalis
1939 1813 2071 1843 servitus
2094 1814 2127 1843 in
2151 1813 2355 1843 matrimonio
2372 1813 2534 1853 spirituali,

405 1866 435 1888 2.
458 1857 655 1894 Puni-unna,
671 1857 914 1887 matrimonium
930 1856 1024 1887 debet
1040 1866 1108 1887 esse
1124 1861 1257 1887 certum.
1281 1856 1344 1887 Sed
1359 1857 1416 1886 ubi
1470 1858 1552 1888 sicut
1574 1858 1607 1887 in
1632 1858 1800 1897 corporali.
1824 1858 1880 1888 Est
1904 1858 1990 1888 enim
2014 1857 2175 1898 spirituale
2191 1858 2431 1887 matrimonium
2454 1858 2536 1887 sicut

348 1901 463 1932 dicitur
485 1901 607 1942 aliquid
629 1902 689 1932 sub
721 1900 924 1937 conditione,
950 1902 1081 1941 ponitur
1103 1900 1182 1931 illud
1212 1901 1271 1931 sub
1303 1900 1414 1931 dubio.
1470 1901 1635 1942 quoddam
1659 1901 1803 1932 officium
1833 1901 2063 1942 dispensandae
2097 1902 2307 1942 reipublicae:
2332 1901 2344 1931 1
2363 1902 2439 1932 Cor.
2460 1911 2492 1931 iv
2507 1902 2534 1937 ’ἢ

347 1946 434 1987 Ergo
457 1945 527 1976 talis
551 1955 726 1976 consensus
749 1955 817 1976 non
841 1945 916 1976 facit
938 1946 1191 1976 matrimonium.
1470 1946 1524 1977 Sic
1547 1956 1606 1976 nos
1629 1946 1789 1977 existimet
1809 1946 1915 1982 homo,
1934 1951 1992 1977 etc.

348 1990 616 2071 ffifi{{2,‘²{³t⁸{t22’
629 1989 1415 2074 {ssa1?t¹{³⁵0<‚⁶1?05'1{32{t{¹?⁰{r2ss‚{iffiitrissxffi
1429 1998 1455 2018 ⁴⁰
1559 2011 1811 2055 QUAEST10
1840 2011 2446 2055 QUADRAGES1MAOCTAVA

459 1482 560 1514 ART.
575 1483 615 1514 V.
639 1493 744 1513 urium
767 1493 825 1513 Pssn
848 1492 1027 1513 CONSENSUM
1051 1491 1307 1513 conorrxonxrum

727 1537 797 1557 mar
821 1536 1040 1557 uam-monzun

347 2080 387 2110 sit
410 2084 592 2110 contractus
615 2078 757 2119 quidam,
781 2078 906 2109 videtur
929 2078 1019 2118 quod
1042 2078 1143 2118 possit
1165 2077 1234 2108 fieri
1256 2088 1315 2119 per
1337 2087 1415 2108 con-
1784 2069 1830 2093 DE
1849 2069 2002 2094 OBIECTO
2022 2069 2219 2094 CONSENSUS

348 2123 540 2155 ditionatum
564 2133 768 2154 consensum.
1533 2131 1626 2151 emon
1650 2120 1918 2151 considerandum
1943 2126 1989 2150 est
2012 2120 2052 2150 de
2076 2120 2203 2151 obiecto
2228 2129 2402 2150 consensus
2423 2121 2449 2150 ’ἦ

402 2169 593 2199 ΒΕεΡοΝοκο
617 2177 778 2197 mmmmm
802 2165 892 2207 quod
907 2166 1051 2197 conditio
1075 2166 1221 2207 apposita
1236 2172 1291 2197 aut
1314 2172 1361 2197 est
1376 2165 1416 2196 de
1475 2132 1627 2196 DCirca
1651 2165 1742 2205 quod
1765 2169 1962 2205 quaeruntur
1986 2163 2061 2194 duo.

347 2213 517 2254 praesenti,
534 2217 589 2242 aut
612 2217 659 2242 est
682 2211 721 2242 de
745 2211 864 2242 futuro.
898 2210 932 2241 Si
955 2210 994 2241 de
1025 2211 1199 2251 praesenti,
1224 2216 1255 2241 et
1277 2220 1345 2241 non
1370 2216 1416 2241 est
1429 2218 1453 2238 45
1525 2210 1652 2240 Primo:
1681 2214 1791 2239 utrum
1821 2218 1996 2239 consensus
2025 2209 2082 2248 qui
2105 2207 2180 2238 facit
2211 2208 2471 2244 matn‘monium,
2496 2209 2535 2238 sit

349 2257 506 2288 contraria
528 2256 745 2291 matrimonio,
762 2256 827 2285 sive
851 2255 891 2285 sit
912 2255 1047 2286 honesta
1069 2255 1135 2285 sive
1157 2255 1336 2291 inhonesta,
1357 2259 1416 2285 stat
1559 2263 1735 2284 consensus
1758 2254 1791 2283 in
1815 2253 1973 2283 carnalem
1997 2252 2158 2293 copulam.

349 2301 592 2332 matrimonium
615 2305 717 2330 stante
733 2299 929 2335 conditione,
949 2305 980 2330 et
1004 2309 1041 2330 ea
1059 2309 1127 2330 non
1143 2305 1244 2330 stante
1261 2309 1329 2330 non
1345 2304 1414 2329 stat.
1526 2298 1693 2329 Secundo:
1718 2303 1826 2328 utrum
1843 2307 2018 2328 consensus
2041 2298 2074 2327 in
2098 2297 2237 2336 aliquam
2253 2302 2384 2337 propter
2407 2306 2535 2327 causam

349 2345 413 2376 Sed
436 2346 462 2376 si
485 2345 525 2374 sit
547 2345 705 2375 contraria
728 2344 822 2374 bonis
844 2344 1050 2380 matrimonii,
1066 2353 1134 2374 non
1158 2343 1293 2374 efficitur
1308 2344 1415 2374 matri—
1559 2343 1762 2373 inhonestam
1785 2341 1878 2372 faciat
1900 2342 2151 2371 matrimonium.

310 2405 322 2410 -
349 2390 499 2420 monium
515 2389 543 2419 *-

1554 2409 1653 2439 ART.
1671 2408 1694 2438 Ι.
1718 2418 1822 2438 unum
1846 2418 2016 2438 consensus
2041 2418 2095 2438 om
2118 2417 2208 2437 racrr
2231 2416 2448 2437 ammomum

406 2434 440 2464 Si
455 2438 564 2464 autem
579 2438 619 2463 sxt
642 2432 786 2463 condmo
802 2432 842 2462 de
864 2432 984 2468 futuro,
1001 2437 1056 2462 aut
1071 2437 1118 2462 est
1132 2441 1317 2468 necessana,
1334 2438 1416 2463 sicut
1431 2441 1456 2462 5⁰
1680 2463 1726 2483 ⁵11
1750 2462 1921 2483 CONSENSUS
1943 2462 1975 2482 m
1999 2461 2163 2482 CARNALEM
2187 2461 2331 2481 COPULAM

349 2478 453 2509 solem
477 2478 551 2508 oriri
575 2487 652 2508 cras.
676 2477 718 2507 Et
739 2482 817 2507 tunc
836 2481 883 2507 est
901 2477 1158 2507 matrimonium:
1184 2477 1259 2516 quia
1277 2477 1350 2506 talia
1366 2476 1416 2507 fu-

349 2527 420 2553 tura
442 2523 506 2552 iam
525 2527 599 2552 sunt
617 2522 794 2562 praesentia
815 2521 849 2551 in
870 2521 972 2551 causis
995 2521 1069 2551 suis.
1085 2539 1108 2543 —
1130 2521 1197 2550 Aut
1221 2526 1267 2551 est
1291 2521 1415 2551 contin-
1535 2530 1555 2550 n
1579 2529 1696 2549 panum
1717 2529 1763 2549 src
1786 2528 1991 2548 nocturum.
2015 2517 2149 2547 Videtur
2169 2517 2258 2557 quod
2282 2526 2456 2547 consensus
2479 2517 2535 2556 qui

350 2576 438 2607 gens,
459 2572 495 2597 ut
517 2565 604 2596 datio
627 2566 783 2606 pecuniae
805 2565 856 2596 vel
879 2565 1056 2605 acceptatio
1072 2570 1251 2606 parentum.
1276 2565 1317 2595 Et
1338 2570 1416 2595 tunc
1472 2533 1610 2594 Afacit
1631 2563 1883 2598 matrimonium,
1896 2563 1936 2592 sit
1953 2571 2127 2592 consensus
2142 2562 2176 2591 in
2193 2561 2351 2591 carnalem
2374 2561 2534 2600 copulam.

349 2611 436 2642 idem
461 2616 507 2641 est
529 2609 686 2641 iudicium
706 2609 746 2640 de
768 2609 823 2639 tali
839 2618 999 2640 consensu
1022 2610 1104 2640 sicut
1127 2609 1166 2639 de
1183 2618 1343 2639 consensu
1360 2610 1416 2649 qui
1470 2609 1556 2639 Dicit
1579 2609 1666 2638 enim
1693 2608 1913 2648 Hieronymus
1937 2607 1954 2623 *
1984 2605 2073 2646 quod
2103 2606 2288 2636 voventibus
2317 2605 2535 2646 virginitatem

312 2643 322 2707 ἶ
349 2655 386 2686 fit
408 2665 466 2696 per
487 2655 583 2685 verba
606 2654 646 2685 de
669 2653 789 2684 futuro.
825 2653 918 2684 Unde
941 2663 1010 2684 non
1033 2653 1107 2684 facit
1129 2654 1372 2684 matrimonium
1387 2655 1414 2684 *.
1431 2662 1453 2682 55
1471 2663 1536 2683 non
1559 2653 1665 2683 solum
1689 2652 1824 2687 nubere,
1848 2651 1904 2682 sed
1927 2651 2008 2681 velle
2031 2650 2150 2680 nubere
2179 2650 2360 2680 damnabile
2383 2654 2438 2679 est.
2474 2649 2536 2680 Sed

404 2700 446 2730 Et
468 2709 526 2740 per
548 2699 612 2729 hoc
635 2704 722 2739 patet
744 2698 863 2728 solutio
887 2697 927 2728 ad
950 2698 1085 2728 obiecta.
1469 2707 1538 2728 non
1562 2701 1644 2727 esset
1667 2696 1846 2727 damnabile
1869 2695 1930 2725 nisi
1954 2700 2035 2725 esset
2057 2694 2227 2734 virginitati
2247 2694 2460 2724 contrarium:
2483 2695 2536 2724 cui

1469 2742 1601 2782 nuptiae
1630 2750 1698 2771 non
1729 2740 1961 2771 contrariantur
1989 2740 2050 2769 nisi
2073 2739 2195 2769 ratione
2226 2738 2356 2768 carnalis
2388 2738 2534 2778 copulae.

493 2773 593 2804 ΛΒΤ·
610 2773 663 2804 VI·
688 2782 793 2803 UTRUM
815 2782 938 2803 AmeS
962 2782 1139 2803 PmCEPTO
1162 2782 1268 2803 ”³⁸¹⁵
1469 2786 1556 2826 Ergo
1581 2794 1756 2816 consensus
1778 2784 1952 2814 voluntatis
1975 2784 2031 2824 qui
2055 2789 2101 2814 est
2123 2783 2157 2813 in
2179 2783 2318 2823 nuptiis,
2344 2787 2390 2812 est
2412 2782 2445 2811 in
2469 2791 2534 2812 car-

448 2828 551 2849 rossn-
576 2827 728 2848 comum
751 2827 792 2847 An
816 2826 1035 2847 nummorum«
1058 2826 1312 2847 CONTRAHENDUM
1469 2831 1576 2861 nalem
1600 2829 1762 2870 copulam·

720 2867 755 2888 ¹¹⁸
769 2867 823 2894 ¹¹⁵‘’
838 2873 876 2895 ⁴¹⁰·
893 2872 941 2893 ω’
957 2870 999 2889 m·
1014 2872 1033 2895 ⁵·
1429 2882 1470 2902 εον
1528 2884 1556 2904 2.
1580 2874 1784 2909 Pmarnnm,
1811 2873 1920 2903 omnia
1944 2881 2026 2912 quae
2056 2876 2130 2902 sunt
2155 2871 2189 2901 in
2218 2870 2423 2901 matrimonio
2453 2871 2535 2900 inter

413 2930 434 2951 n
459 2930 578 2951 sexum
601 2929 646 2949 sm
673 2928 878 2949 puocam‘run.
909 2917 1043 2949 Videtur
1067 2917 1157 2958 quod
1184 2918 1298 2958 aliquis
1324 2928 1416 2958 prae·
1469 2919 1574 2949 virum
1598 2923 1629 2948 et
1650 2927 1796 2953 uxorem,
1812 2921 1949 2957 possunt
1972 2925 2039 2946 esse
2062 2916 2147 2946 licita
2169 2916 2251 2945 inter
2278 2914 2405 2945 fratrem
2428 2919 2460 2944 et
2482 2924 2533 2944 so-

353 2933 510 3005 Acepto
533 2964 629 3004 patn's
652 2963 753 3004 possit
783 2962 934 3002 compelli
963 2962 1002 2992 ad
1026 2963 1267 2993 matrimonium
1291 2968 1415 2993 contra·
1469 2972 1586 2998 rorem,
1603 2967 1736 3002 excepta
1759 2961 1875 2992 carnali
1899 2960 2026 3000 copula.
2055 2959 2117 2990 Sed
2139 2969 2206 2990 non
2230 2964 2336 2999 potest
2358 2958 2426 2988 fieri
2449 2958 2534 2989 licite

349 3009 502 3040 bendum.
522 3009 647 3039 Dicitur
663 3008 749 3038 enim
765 3007 808 3037 ad
822 3006 945 3038 Coloss.
962 3017 996 3036 111
1011 3007 1044 3037 *2
1061 3006 1148 3041 Filii,
1162 3007 1285 3037 obedite
1293 3016 1416 3047 paren·
1469 3008 1552 3038 inter
1575 3016 1631 3037 eos
1655 3015 1830 3036 consensus
1853 3004 2103 3035 matrimonialis.
2128 3004 2213 3043 Ergo
2231 3012 2404 3033 consensus
2426 3003 2533 3032 matri-

349 3054 432 3085 tibus
455 3053 569 3084 vestris
585 3061 650 3093 per
681 3051 800 3082 omnia.
835 3051 921 3091 Ergo
945 3051 1040 3081 etiam
1063 3051 1097 3081 in
1118 3051 1182 3081 hoc
1211 3051 1256 3081 eis
1286 3051 1416 3081 obedire
1469 3051 1617 3082 monialis
1640 3055 1687 3080 est
1710 3059 1885 3080 consensus
1908 3050 1941 3079 in
1965 3049 2123 3080 carnalem
2147 3047 2307 3088 copulam.

349 3103 508 3129 tenentur.
1429 3101 1454 3127 ⁶5
1526 3095 1555 3125 3.
1579 3095 1779 3130 Pmnmnm,
1804 3094 1830 3124 si
1852 3093 1968 3124 mulier
1983 3093 2067 3123 dicat
2089 3093 2168 3128 viro,
2188 3091 2360 3122 Consentio
2386 3091 2418 3121 in
2442 3095 2481 3126 te,
2499 3096 2535 3121 ut

407 3151 436 3172 2.
459 3142 656 3177 Pium-rma,
674 3140 752 3171 Gen.
769 3150 865 3170 xxvm
880 3140 906 3174 *,
924 3139 1010 3170 Isaac
1019 3139 1187 3180 praecepit
1209 3139 1303 3169 Iacob
1326 3138 1416 3179 quod
1471 3149 1536 3170 non
1560 3147 1741 3180 cognoscas
1755 3147 1814 3174 me,
1830 3147 1899 3168 non
1915 3142 1962 3168 est
1984 3146 2159 3168 consensus
2179 3135 2434 3166 matn'monialis:
2459 3135 2534 3174 quia

351 3195 416 3217 non
439 3186 598 3226 acciperet
620 3194 757 3215 uxorem
779 3184 819 3215 de
835 3183 974 3225 filiabus
995 3184 1162 3214 Chanaan.
1192 3183 1260 3214 Nec
1287 3192 1416 3223 praece·
1470 3188 1517 3214 est
1539 3184 1584 3213 ibi
1603 3182 1724 3223 aliquid
1739 3187 1851 3212 contra
1873 3182 2080 3212 substantiam
2095 3179 2245 3221 praedicti
2262 3189 2446 3210 consensus.
2471 3178 2534 3209 Sed

351 3231 449 3271 pisset
469 3230 531 3260 nisi
553 3229 594 3260 de
608 3229 677 3260 iure
691 3229 883 3270 praecipere
897 3228 1062 3268 potuisset.
1087 3228 1172 3268 Ergo
1195 3227 1280 3258 filius
1303 3228 1336 3258 in
1352 3228 1416 3258 hoc
1469 3237 1538 3258 non
1561 3232 1643 3257 esset
1664 3227 1726 3257 nisi
1748 3226 1851 3257 dictus
1883 3235 2058 3256 consensus
2082 3230 2163 3255 esset
2185 3225 2218 3254 in
2243 3224 2399 3254 carnalem
2433 3232 2533 3263 copu-

352 3278 478 3305 tenetur
501 3273 631 3304 obedire
654 3274 744 3314 patri.
1469 3272 1543 3302 lam.
1568 3271 1665 3311 Ergo,
1682 3276 1741 3300 etc.

409 3317 439 3348 3.
462 3317 667 3353 Pan-ram,
690 3317 798 3348 nullus
821 3317 916 3348 debet
938 3317 1141 3357 promittere,
1165 3316 1337 3356 praecipue
1359 3325 1416 3356 per
1429 3326 1457 3347 το
1526 3324 1556 3354 4.
1581 3315 1778 3350 Panum,
1794 3315 1828 3344 in
1844 3314 1986 3355 qualibet
2001 3323 2034 3344 re
2049 3314 2176 3343 initium
2200 3311 2470 3342 consummationi
2485 3320 2534 3340 re-

351 3362 578 3397 iuramentum,
594 3370 654 3401 pro
675 3361 732 3392 illo
756 3371 854 3402 quem
876 3370 945 3391 non
968 3366 1075 3401 potest
1097 3370 1213 3401 cogere
1229 3359 1268 3390 ad
1290 3369 1414 3390 servan·
1469 3359 1616 3400 spondet.
1642 3358 1705 3389 Sed
1719 3359 1961 3388 matrimonium
1977 3362 2218 3388 consummatur
2233 3366 2290 3397 per
2305 3355 2463 3385 carnalem
2479 3364 2533 3385 co-

353 3405 442 3436 dum.
466 3404 529 3436 Sed
551 3410 697 3445 parentes
719 3406 912 3446 promittunt
939 3405 1046 3436 futura
1069 3405 1273 3435 matrimonia
1294 3413 1354 3444 pro
1378 3403 1415 3434 fi-
1469 3404 1590 3444 pulam.
1615 3403 1711 3442 Ergo,
1728 3412 1803 3433 cum
1826 3403 1966 3432 initietur
1989 3411 2046 3442 per
2069 3410 2272 3436 consensum,
2297 3399 2421 3430 videtur
2444 3398 2533 3439 quod

352 3450 412 3486 liis,
429 3454 460 3479 et
484 3449 580 3479 etiam
601 3449 780 3480 iuramento
803 3449 940 3480 firmant.
969 3449 1055 3490 Ergo
1078 3454 1214 3489 possunt
1242 3453 1414 3489 praecepto
1470 3457 1646 3478 consensus
1669 3447 1709 3476 sit
1730 3447 1764 3476 in
1787 3446 1946 3476 carnalem
1970 3446 2131 3486 copulam.

353 3502 469 3534 eogere
490 3492 575 3523 filios
597 3492 638 3523 ad
659 3493 870 3533 implendum.
1526 3491 1588 3523 San
1613 3500 1746 3526 coum,
1770 3490 1878 3520 nullus
1902 3490 2104 3520 consentiens
2131 3490 2165 3519 in
2197 3488 2354 3519 carnalem
2382 3487 2531 3527 copulam

407 3546 439 3576 4.
455 3537 652 3573 Pium-nana,
664 3542 753 3577 pater
768 3538 946 3578 spiritualis,
959 3538 1080 3568 scilicet
1094 3538 1190 3578 Papa,
1202 3541 1309 3577 potest
1325 3546 1414 3567 com·
1429 3548 1453 3569 75
1470 3541 1517 3567 est
1539 3537 1629 3576 virgo
1652 3540 1761 3566 mente
1784 3539 1815 3564 et
1838 3544 1942 3565 carne.
1966 3534 2029 3565 Sed
2051 3535 2161 3564 beatus
2178 3533 2311 3563 Ioannes
2334 3531 2531 3571 Evangelista

2555 449 2564 458 ·
2572 447 2631 468 Vide
2640 453 2689 468 can.
2697 447 2767 468 Puel-

2554 474 2587 521 ssi,
2594 479 2656 495 caus.
2666 473 2716 500 XX,
2726 479 2766 501 qu.

2559 624 2604 646 'Ca
2621 623 2766 650 .Exl1'tteris,

2556 650 2586 672 de
2596 631 2711 678 Bespom.
2722 651 2765 672 Im-

2554 677 2607 704 pub.
2629 688 2639 692 -
2658 677 2693 698 Cf.
2716 683 2767 704 cap.

2559 703 2608 724 Tua
2624 709 2667 724 nos
2688 704 2767 731 requi-

2558 730 2620 756 sivit,
2635 730 2691 751 ibid.

2559 1201 2568 1211 ·
2586 1198 2621 1221 Cf.
2639 1198 2698 1221 Gen.
2719 1204 2769 1227 cap.

2559 1231 2729 1254 xxvr,vers.34‚
2737 1231 2770 1253 35;

2559 1258 2611 1305 ἓεὲςῖ.
2629 1258 2699 1280 xxvn,
2710 1258 2769 1274 vers.

2559 1308 2570 1316 ·
2586 1304 2642 1327 Gen.
2658 1310 2710 1332 cap.
2727 1310 2770 1331 ιιι,

2560 1338 2619 1353 vers.
2628 1337 2652 1359 7;
2665 1337 2770 1358 capam,

2560 1364 2705 1406 Yz‘fffczia

2560 1417 2619 1432 vers.
2640 1410 2673 1436 ¹6;
2731 1410 2769 1431 od⁴

2560 1444 2610 1465 cap.
2626 1443 2694 1463 xxm,
2710 1443 2770 1458 vers,

2560 1470 2593 1492 23.

2562 1904 2572 1914 ‘
2588 1902 2653 1924 Vere.
2674 1909 2691 1924 ι.

2561 2123 2572 2134 '
2582 2121 2616 2143 Cf.
2629 2127 2667 2149 qu.
2675 2127 2727 2148 ιιι-ν,
2736 2121 2772 2143 ln-

2561 2149 2622 2170 trod.

2562 2606 2572 2616 ⁶
2586 2606 2647 2636 Aug.
2663 2604 2692 2626 de
2706 2605 2773 2626 Bono

2565 2631 2657 2658 Vidust„
2665 2637 2714 2658 cap.
2723 2637 2753 2653 ix.
2763 2643 2771 2647 -

2564 2658 2622 2679 Vide
2649 2663 2699 2679 can.
2730 2657 2772 2678 Vo-

2562 2684 2681 2710 ventibus,
2719 2684 2773 2705 dist.

2563 2711 2656 2737 xxvu‚
2672 2714 2694 2732 et
2709 2717 2771 2732 caus.

2562 2737 2636 2764 XVII,
2651 2744 2689 2765 qu.
2704 2744 2720 2758 ι.
