2878 4088
395 202 465 238 192
1046 190 1309 238 QUAESTIO
1338 189 1540 234 LXXXIII,
1561 187 1855 226 ARTICULUS
1882 189 1912 225 11

447 271 477 301 3.
501 270 703 306 Pmrnaaa,
728 279 846 309 corpus
878 270 1013 301 caeleste
1040 280 1108 300 non
1135 275 1242 310 potest
1273 268 1386 304 dividi,
1414 267 1453 297 ad
1507 268 1563 298 ubi
1586 267 1681 298 habet
1703 276 1763 307 pro
1786 268 2027 298 inconvenienti
2050 267 2140 308 quod
2158 278 2276 309 corpus
2297 271 2570 308 mathematicum,

389 316 496 345 minus
520 319 677 354 quantum
697 313 736 344 ad
751 314 959 345 substantiam
981 315 1204 354 sphaerarum:
1230 312 1315 343 unde
1339 311 1453 342 dicitur
1508 311 1598 351 quod
1613 311 1692 341 nihil
1709 316 1755 341 est
1771 311 1857 341 aliud
1874 321 1971 351 quarn
1996 311 2212 343 dimensiones
2235 319 2406 353 separatae,
2422 316 2462 346 sit
2476 316 2571 347 simul

150 362 160 371 ·
174 360 240 381 Vers.
258 360 292 381 ¹8—
390 359 447 389 Iob
463 368 567 389 xxxvn
579 359 606 394 ὓ,
623 357 713 398 quod
729 358 811 389 caeli
831 359 918 389 velut
933 368 1009 389 aere
1023 358 1209 389 solidissimi
1221 356 1352 398 firmati
1367 360 1450 386 sunt.
1507 364 1583 385 curn
1606 355 1668 386 alio
1693 365 1829 395 corpore
1851 356 1987 386 naturali
2009 357 2158 387 sensibili.
2179 356 2284 393 Unde,
2301 357 2375 388 dato
2392 359 2482 399 quod
2497 361 2571 391 sub-

390 403 423 434 Si
447 412 522 443 ergo
547 411 664 442 corpus
687 402 864 442 gloriosum
879 412 947 433 non
963 408 1068 442 potest
1091 402 1184 432 simul
1209 410 1276 431 esse
1297 409 1372 430 cum
1388 398 1451 428 alio
1507 399 1601 429 tilitas
1624 399 1755 439 gloriosi
1779 401 1922 440 corporis
1939 399 2075 430 auferret
2091 401 2129 431 ab
2147 410 2186 431 eo
2202 401 2266 432 hoc
2282 401 2372 441 quod
2387 409 2435 434 est
2449 404 2571 444 replere

390 456 525 487 corpore
548 447 582 477 in
606 446 722 477 eodem
751 447 826 477 loco
856 447 978 477 ratione
1008 446 1197 481 subtilitatis,
1221 452 1388 483 nunquam
1413 441 1452 472 ad
1474 453 1484 473 ς
1506 443 1627 479 locum,
1651 453 1719 474 non
1742 449 1850 475 tamen
1873 445 2017 484 sequitur
2041 445 2130 484 quod
2153 450 2285 485 propter
2299 446 2364 476 hoc
2379 453 2488 487 posset
2503 457 2572 478 esse

390 492 514 522 caelum
538 500 727 531 empyreum
750 491 919 522 ascendere
943 492 1068 531 poterit.
1093 489 1191 526 Quod
1207 493 1253 518 est
1270 496 1450 518 erroneum.
1507 497 1582 517 cum
1606 487 1668 518 alio
1693 497 1829 528 corpore
1852 488 1885 518 in
1909 488 2025 519 eodem
2048 489 2143 519 loco:
2169 490 2254 529 quia,
2278 496 2404 521 remoto
2422 500 2461 522 eo
2482 492 2572 531 quod

444 545 475 574 4.
500 536 696 571 Pramum,
713 545 830 575 corpus
852 535 941 575 quod
956 544 1022 564 non
1038 538 1144 574 potest
1166 531 1261 562 simul
1285 541 1352 562 esse
1376 540 1451 561 cum
1506 532 1539 562 in
1555 532 1662 562 minus
1679 537 1736 568 est,
1751 542 1819 563 non
1835 538 1967 573 propter
1986 533 2050 563 hoc
2071 539 2255 564 removetur
2271 533 2361 574 quod
2376 535 2410 565 in
2425 535 2498 575 plus
2515 542 2570 566 est.

389 579 451 610 alio
469 589 615 619 corpore,
631 585 738 619 potest
753 589 791 610 ex
808 580 934 610 alterius
958 578 1123 608 obstaculo
1147 575 1294 616 impediri
1309 576 1342 606 in
1357 580 1451 605 motu
1561 576 1646 616 Ergo
1670 576 1795 607 videtur
1818 576 1908 616 quod
1926 577 2006 607 illud
2021 577 2111 617 quod
2126 578 2261 618 impedit
2285 588 2402 619 corpus
2425 585 2571 610 nostrum

389 633 459 660 suo,
483 624 534 654 vel
557 624 653 654 etiam
676 623 806 654 includi.
831 623 893 654 Sed
915 623 993 653 haec
1016 631 1083 651 non
1106 625 1242 660 possunt
1265 620 1451 659 contingere
1505 629 1592 650 nunc
1607 630 1648 651 ne
1665 621 1759 651 simul
1784 630 1859 651 cum
1882 621 1944 651 alio
1970 631 2106 662 corpore
2129 622 2168 652 sit
2190 623 2223 652 in
2246 622 2361 653 eodem
2377 623 2463 660 loco,
2479 624 2570 655 nullo

389 668 577 708 corporibus
600 668 755 708 gloriosis.
788 668 873 706 Ergo
905 670 1039 706 possunt
1068 664 1163 695 simul
1186 673 1255 694 esse
1277 665 1311 695 in
1334 663 1451 694 eodem
1466 674 1491 688 ιο
1504 664 1605 694 modo
1629 666 1748 705 poterit
1767 666 1805 695 ab
1822 675 1862 696 eo
1878 666 2035 696 removeri
2058 675 2115 706 per
2138 666 2247 700 dotem
2272 667 2461 698 subtilitatis.
2484 668 2572 699 Nihil

389 712 463 742 loco
488 722 562 743 cum
587 712 654 742 aliis
678 712 875 751 corporibus.
1505 709 1591 739 enim
1607 714 1714 749 potest
1729 710 1899 749 prohibere
1915 719 2033 750 corpus
2049 710 2182 750 aliquod
2196 721 2237 741 ne
2253 711 2293 742 sit
2308 711 2404 742 simul
2419 713 2571 744 situatum

445 757 474 787 5.
498 757 693 792 ΡΜΒΤΕΕΕΑ,
717 756 799 786 sicut
821 764 854 784 se
877 754 971 784 habet
994 757 1133 792 punctus
1156 752 1196 783 ad
1218 757 1387 792 punctum,
1407 753 1451 782 ita
1505 762 1580 784 cum
1610 753 1673 784 alio
1704 763 1840 794 corpore
1868 755 1902 785 in
1935 754 2051 785 eodem
2074 754 2166 791 loco,
2185 756 2251 786 'nisi
2274 755 2338 786 hoc
2361 755 2451 796 quod
2473 757 2507 787 in
2531 766 2571 787 eo

388 801 472 831 linea
495 800 535 831 ad
557 801 684 835 lineam,
710 805 741 829 et
763 797 946 838 superficies
977 796 1017 827 ad
1040 795 1254 837 superficiem,
1279 802 1310 827 et
1333 806 1450 837 corpus
1504 798 1635 838 requirit
1665 797 1826 829 diversum
1856 799 1970 829 situm:
2004 799 2083 830 nihil
2115 800 2202 830 enim
2229 805 2277 830 est
2301 800 2571 840 impedimentum

389 844 428 876 ad
450 854 578 884 corpus.
602 844 665 876 Sed
689 843 754 874 duo
777 847 896 882 puncta
925 845 1062 881 possunt
1085 850 1153 871 esse
1176 841 1281 877 simul,
1306 846 1342 871 ut
1364 846 1451 881 patet
1504 841 1660 873 identitati
1691 843 1752 873 nisi
1784 842 1874 883 quod
1907 849 1954 874 est
1986 853 2081 874 causa
2114 843 2309 875 diversitatis·
2343 844 2437 876 Hanc
2463 850 2571 877 autem

389 889 519 929 quando
542 889 644 918 lineae
660 897 694 918 se
709 891 861 926 tangunt;
886 891 918 916 et
933 885 1076 916 similiter
1100 885 1181 916 duae
1204 886 1307 916 lineae
1322 886 1356 915 in
1372 895 1450 916 con·
1465 895 1488 915 ις
1505 885 1742 917 distinctionem
1765 887 1844 918 situs
1867 897 1935 918 non
1958 888 2090 928 requirit
2112 888 2219 928 aliqua
2247 889 2391 928 corporis
2419 889 2570 929 qualitas:

387 938 474 963 tactu
497 932 632 962 duarum
655 930 916 971 superficierum;
948 935 979 960 et
1002 929 1084 960 duae
1107 929 1292 970 superficies
1315 931 1348 960 in
1373 939 1450 960 con·
1505 931 1581 970 quia
1604 932 1734 971 corpori
1756 941 1824 963 non
1847 931 1981 963 debetur
2003 932 2116 972 aliquis
2144 933 2222 963 situs
2246 933 2370 964 ratione
2393 943 2470 965 suae
2493 943 2572 974 qua-

387 982 473 1007 tactu
490 976 628 1006 duorum
645 984 834 1015 corporum:
860 975 935 1014 quia
959 974 1111 1014 contigua
1127 979 1201 1005 sunt
1220 984 1359 1014 quorum
1377 974 1450 1004 ulti-
1504 974 1609 1005 litatis.
1634 974 1738 1012 Unde,
1754 981 1881 1007 remoto
1905 986 1923 1007 a
1946 986 2083 1017 corpore
2106 976 2246 1008 sensibili
2265 977 2355 1017 quod
2376 978 2416 1009 sit
2432 977 2571 1010 calidum

149 1025 160 1034 ·
174 1023 320 1050 (2³12th-
337 1029 359 1047 ¹³
387 1030 439 1050 ma
461 1025 537 1050 sunt
558 1019 663 1054 simul,
680 1024 716 1050 ut
731 1024 818 1058 patet
840 1018 883 1048 VI
898 1018 1026 1059 Physic.
1039 1019 1056 1035 ⁴*
1078 1018 1165 1058 Ergo
1185 1027 1253 1049 non
1273 1023 1320 1049 est
1340 1023 1451 1048 contra
1505 1024 1560 1049 aut
1583 1018 1750 1059 frigidum,
1775 1025 1830 1050 aut
1855 1029 1949 1059 grave
1976 1026 2031 1052 aut
2058 1021 2145 1057 leve,
2168 1021 2379 1053 nihilominus
2401 1022 2436 1053 in
2458 1032 2498 1053 eo
2522 1031 2571 1054 re-

148 1049 361 1102 {ifffii'¹1;.x}?{{·p.';„ss
386 1070 530 1095 naturam
554 1064 696 1103 corporis
720 1064 799 1102 quin
822 1063 923 1102 possit
939 1072 1007 1093 esse
1022 1062 1118 1093 simul
1142 1071 1218 1093 cum
1234 1062 1297 1092 alio
1315 1071 1450 1102 corpore
1504 1068 1613 1093 manet
1644 1064 1814 1094 necessitas
1846 1065 2026 1103 praedictae
2061 1065 2291 1096 distinctionis:
2327 1072 2363 1097 ut
2395 1071 2483 1107 patet
2513 1076 2572 1107 per

148 1107 208 1149 &²
224 1108 243 1123 ⁸·
252 1101 295 1123 Th·
307 1102 358 1122 ¹²⁰¹*
386 1109 419 1138 in
443 1107 558 1138 eodem
581 1108 666 1138 loco.
700 1106 762 1137 Sed
786 1106 943 1147 quidquid
966 1107 1139 1137 nobilitatis
1167 1112 1279 1137 natura
1306 1107 1450 1146 corporis
1464 1106 1758 1148 „Philosophum
1782 1108 1816 1139 in
1839 1108 1883 1139 IV
1900 1109 2028 1149 Plysic.
2052 1110 2085 1145 *3
2109 1114 2141 1140 et
2169 1110 2265 1141 etiam
2288 1119 2345 1150 per
2373 1120 2407 1142 se
2436 1111 2570 1151 planum
2597 1115 2812 1145 ‘Lusiones-sit.

164 1144 169 1150 ’
385 1153 511 1192 patitur,
536 1157 641 1182 totum
665 1152 793 1191 corpori
816 1151 957 1191 glorioso
982 1151 1200 1191 praestabitur.
1225 1151 1310 1190 Ergo
1333 1160 1450 1191 corpus
1505 1156 1561 1181 est.
1585 1150 1736 1183 Similiter
1758 1152 1855 1183 etiam
1876 1153 2009 1184 materia
2031 1162 2099 1184 non
2122 1159 2229 1193 potest
2250 1154 2404 1186 inducere
2431 1156 2570 1187 necessi-

384 1197 561 1237 gloriosum
591 1205 629 1226 ex
657 1205 732 1226 suae
764 1195 943 1226 subtilitatis
974 1196 1168 1235 proprietate
1201 1195 1329 1226 habebit
1360 1194 1451 1235 quod
1503 1199 1602 1226 tatem
1625 1196 1805 1236 praedictae
1829 1196 2056 1228 distinctionis:
2081 1198 2157 1237 quia
2179 1199 2329 1229 materiae
2351 1208 2420 1230 non
2443 1198 2571 1231 advenit

384 1241 485 1281 possit
508 1250 576 1271 esse
599 1240 694 1271 simul
718 1249 793 1272 cum
817 1240 879 1270 alio
903 1249 1040 1280 corpore
1062 1241 1096 1271 in
1120 1239 1237 1270 eodem
1259 1239 1344 1270 loco.
1503 1240 1582 1270 situs
1604 1241 1665 1271 nisi
1687 1240 1849 1272 mediante
1878 1241 2054 1281 quantitate
2084 1240 2269 1272 dimensiva.
2301 1241 2452 1274 Similiter
2474 1244 2571 1276 etiam

147 1292 157 1301 ·
171 1291 227 1318 cap.
236 1289 355 1312 1.-s.Th.
439 1284 502 1315 San
526 1294 650 1315 com-im
673 1294 727 1315 asi·
751 1283 841 1324 quod
856 1285 989 1315 Boetius
1006 1284 1091 1320 dicit,
1108 1284 1143 1315 in
1158 1284 1239 1315 libro
1255 1283 1295 1314 de
1314 1284 1403 1314 Trin.
1417 1284 1447 1313 *x
1503 1293 1611 1324 neque
1634 1283 1739 1316 forma
1760 1285 1861 1316 situm*
1880 1285 1977 1316 habet
1998 1285 2059 1317 nisi
2083 1295 2120 1317 ex
2143 1287 2275 1317 materia
2297 1287 2394 1318 situm
2421 1287 2569 1319 habente.

146 1317 196 1339 ¹⁸⁶¹·
213 1323 228 1339 ¹·
384 1329 423 1359 In
448 1338 582 1359 numero
606 1328 822 1369 differentiam
845 1329 987 1359 varietas
1013 1328 1225 1359 accidentium
1239 1328 1338 1370 facit.
1363 1328 1449 1358 Nam
1463 1339 1487 1359 ²5
1502 1328 1612 1359 Restat
1628 1338 1703 1369 ergo
1721 1329 1810 1369 quod
1825 1330 1995 1361 necessitas
2011 1329 2222 1361 distinctionis
2238 1330 2379 1362 duorum
2395 1341 2570 1372 corporum

384 1378 450 1403 tres
470 1373 616 1403 homines
639 1383 740 1414 neque
766 1383 902 1414 genere,
928 1383 1029 1413 neque
1054 1373 1173 1414 specie,
1197 1372 1253 1404 sed
1275 1373 1343 1403 suis
1365 1372 1448 1403 acci·
1502 1373 1536 1404 in
1559 1373 1622 1404 situ
1646 1379 1793 1405 causatur
1816 1384 1834 1404 a
1856 1379 1969 1405 natura
1995 1374 2178 1414 quantitatis
2206 1374 2412 1412 dimensivae,
2437 1376 2492 1407 cui
2512 1386 2571 1417 per

383 1417 528 1448 dentibus
550 1417 680 1448 distant.
713 1418 809 1453 Nam,
833 1418 862 1448 si
885 1418 936 1448 vel
957 1417 1067 1448 animo
1091 1422 1208 1448 cuncta
1230 1417 1270 1448 ab
1293 1417 1342 1448 his
1364 1417 1448 1448 acci·
1502 1426 1536 1448 se
1560 1419 1712 1449 convenit
1743 1418 1840 1449 situs:
1874 1417 1958 1449 cadit
1989 1419 2076 1450 enim
2102 1418 2137 1450 in
2160 1418 2348 1451 definitione
2381 1420 2460 1457 eius,
2493 1421 2570 1462 quia

383 1461 492 1492 dantia
514 1471 711 1502 separamus,
729 1467 834 1492 tamen
859 1462 950 1493 locus
973 1467 1021 1492 est
1038 1462 1162 1493 cunctis
1184 1462 1340 1498 diversus,
1356 1471 1448 1502 quem
1502 1462 1662 1501 quantitas
1681 1462 1858 1494 dimensiva
1881 1468 1928 1494 est
1949 1463 2114 1503 quantitas
2127 1463 2246 1494 habens
2267 1464 2364 1495 situm
2380 1465 2407 1495 ⁵.
2431 1465 2473 1496 Et
2494 1464 2570 1498 inde
2595 1468 2604 1476 “
2616 1463 2756 1487 (ἎΑΜΜ-
2765 1464 2812 1487 ⁰⁶·

384 1515 483 1536 unum
502 1506 638 1547 fingere
661 1506 751 1537 nullo
775 1506 871 1537 modo
889 1515 1073 1546 possumus.
1107 1506 1210 1546 Ergo.
1238 1506 1264 1536 si
1286 1511 1448 1546 ponantur
1503 1511 1550 1536 est
1573 1506 1672 1547 quod,
1697 1507 1827 1538 remou‘s
1851 1507 2002 1538 omnibus
2029 1506 2097 1538 aliis
2125 1516 2209 1548 quae
2231 1513 2306 1540 sunt
2328 1509 2362 1540 in
2384 1518 2436 1545 re,
2460 1508 2570 1541 distin—
2737 1507 2745 1519 ¹
2772 1507 2778 1513 '
2803 1507 2811 1515 ‘

385 1549 450 1581 duo
467 1559 603 1590 corpora
619 1560 687 1581 esse
701 1550 735 1581 in
750 1560 818 1581 uno
835 1551 920 1587 loco,
938 1555 1032 1582 erunt
1046 1560 1150 1582 unum
1166 1560 1284 1590 corpus
1298 1560 1446 1581 numero.
1463 1559 1489 1580 ³⁰
1503 1551 1617 1582 ctionis
1640 1552 1809 1583 necessitas
1838 1552 1999 1583 invenitur
2021 1551 2056 1583 in
2078 1551 2147 1583 sola
2175 1553 2351 1592 quantitate
2382 1552 2568 1585 dimensiva.

439 1604 468 1624 2.
492 1595 688 1631 Pinarum,
705 1604 842 1635 corpora
856 1595 995 1635 gloriosa
1010 1596 1166 1626 maiorem
1190 1595 1448 1626 convenientiam
1502 1595 1536 1627 Si
1558 1597 1645 1627 enim
1676 1596 1850 1637 accipiatur
1878 1596 1962 1627 linea
1991 1601 2143 1636 separata,
2173 1602 2303 1636 oportet
2333 1597 2434 1638 quod,
2458 1598 2485 1628 si
2507 1598 2571 1630 sint

382 1639 546 1669 habebunt
569 1648 645 1670 cum
667 1639 742 1670 loco
771 1649 869 1679 quam
896 1640 1025 1680 spiritus
1052 1639 1197 1679 angelici.
1231 1638 1294 1670 Sed
1320 1639 1448 1680 spiritus
1502 1640 1584 1671 duae
1607 1641 1710 1671 lineae
1736 1640 1787 1672 vel
1813 1640 1897 1672 duae
1919 1645 2024 1680 partes
2052 1640 2148 1672 unius
2175 1641 2289 1678 lineae,
2309 1641 2400 1682 quod
2421 1642 2485 1674 sint
2508 1642 2570 1674 dis-

383 1683 528 1723 angelici,
543 1688 581 1714 ut
596 1682 727 1723 quidam
750 1683 871 1720 dicunt,
889 1693 959 1715 non
981 1690 1113 1724 possent
1136 1683 1288 1724 distingui
1309 1693 1448 1714 numero
1501 1685 1619 1715 tinctae
1649 1686 1682 1715 in
1718 1685 1798 1715 situ:
1833 1684 1907 1715 alias
1940 1684 2024 1715 linea
2056 1683 2161 1715 addita
2193 1685 2296 1716 lineae
2332 1695 2401 1717 non
2432 1686 2571 1718 efficeret

382 1728 443 1758 nisi
465 1732 570 1758 essent
585 1728 619 1758 in
634 1727 764 1759 diversis
786 1728 885 1758 locis:
915 1733 946 1758 et
968 1734 1099 1768 propter
1121 1728 1185 1759 hoc
1207 1734 1336 1768 ponunt
1358 1728 1448 1768 quod
1501 1730 1614 1766 maius,
1636 1729 1726 1770 quod
1749 1735 1796 1760 est
1819 1734 1930 1760 contra
1953 1738 2164 1761 communem
2186 1730 2285 1762 animi
2309 1731 2568 1771 conceptionem.

382 1781 513 1802 necesse
536 1776 583 1802 est
606 1781 674 1803 esse
697 1781 752 1802 eos
767 1772 802 1802 in
817 1772 902 1808 loco,
919 1777 951 1803 et
966 1772 1056 1812 quod
1079 1777 1152 1803 ante
1174 1772 1334 1803 mundum
1350 1773 1448 1803 creari
1463 1780 1485 1800 35
1502 1773 1543 1804 Et
1565 1774 1709 1805 similiter
1731 1779 1778 1806 est
1806 1773 1846 1804 de
1873 1771 2103 1814 superficiebus
2126 1778 2158 1805 et
2181 1775 2371 1814 corporibus
2393 1775 2569 1807 matbema-

144 1818 213 1848 ‘.Cf·
235 1818 255 1839 11
278 1817 356 1845 Sena,
383 1825 451 1846 non
473 1821 650 1856 potuerunt
665 1817 692 1846 ’ἦ
723 1816 808 1856 Ergo
831 1816 936 1847 multo
959 1817 1060 1856 magis
1083 1816 1202 1847 debent
1228 1816 1334 1847 dicere
1356 1817 1447 1857 quod
1501 1818 1581 1848 ticis.
1615 1818 1656 1848 Et
1679 1819 1755 1858 quia
1782 1818 1931 1849 materiae
1959 1817 2093 1849 debetur
2119 1817 2198 1849 situs
2224 1819 2419 1858 inquantum
2448 1820 2570 1851 substat

144 1844 252 1899 iffi*
275 1851 312 1872 ‘¹¹³'
333 1850 356 1871 ¹‘
384 1859 450 1891 duo
463 1869 599 1900 corpora
611 1860 859 1901 qualiacumque
870 1870 939 1891 non
951 1866 1087 1901 possunt
1102 1862 1216 1891 essein
1233 1861 1348 1892 eodem
1360 1861 1446 1892 loco.
1502 1861 1772 1898 dimensionibus,
1801 1861 1915 1893 exinde
1944 1861 2106 1902 praedicta
2134 1863 2304 1894 necessitas
2335 1862 2375 1894 ad
2403 1865 2569 1896 materiam

438 1904 627 1934 Rnspommo
651 1914 810 1935 mesanum
827 1904 916 1945 quod
930 1914 999 1936 non
1014 1910 1121 1945 potest
1143 1905 1206 1935 dici
1224 1905 1314 1946 quod
1330 1915 1448 1946 corpus
1501 1907 1649 1938 situatam
1672 1906 1848 1938 derivatur:
1880 1912 1925 1942 ut,
1949 1906 2032 1938 sicut
2053 1915 2122 1938 non
2145 1911 2192 1937 est
2214 1906 2366 1947 possibile
2393 1916 2462 1939 esse
2489 1907 2568 1940 duas

383 1949 560 1988 gloriosum
582 1949 706 1979 ratione
729 1959 805 1980 suae
828 1949 1007 1980 subtilitatis
1028 1949 1142 1980 habeat
1157 1950 1247 1989 quod
1262 1951 1364 1990 possit
1379 1960 1447 1980 esse
1501 1950 1600 1981 lineas
1615 1951 1667 1981 vel
1681 1950 1760 1982 duas
1779 1956 1883 1991 partes
1905 1950 2009 1982 lineae
2030 1950 2092 1982 nisi
2115 1951 2178 1981 sint
2200 1950 2366 1983 distinctae
2389 1951 2569 1983 secundum

384 2001 459 2023 cum
491 1993 553 2023 alio
585 2002 721 2032 corpore
748 1994 782 2023 in
805 1993 921 2024 eodem
953 1994 1038 2029 loco,
1061 1994 1122 2024 nisi
1154 2003 1212 2034 per
1241 1994 1446 2026 subtilitatem
1460 2005 1486 2025 ω
1501 1995 1607 2031 situm,
1624 1995 1668 2025 ita
1683 1994 1881 2035 impossibile
1897 2000 1944 2025 est
1960 2004 2027 2025 esse
2043 1994 2122 2025 duas
2141 1995 2287 2026 materias
2302 1995 2354 2027 vel
2369 1995 2448 2026 duas
2462 2001 2568 2036 partes

383 2035 542 2068 auferatur
565 2037 604 2067 ab
628 2046 667 2068 eo
690 2036 724 2068 id
746 2047 804 2077 per
827 2037 916 2078 quod
939 2038 1127 2078 prohibetur
1149 2047 1237 2068 nunc
1261 2047 1328 2069 esse
1349 2039 1446 2069 simul
1499 2039 1650 2070 materiae
1665 2040 1726 2070 nisi
1741 2040 1781 2070 sit
1796 2038 1957 2070 distinctio
1973 2039 2061 2070 situs.
2085 2039 2127 2071 Et
2142 2039 2219 2079 quia
2233 2039 2395 2071 distinctio
2417 2041 2568 2072 materiae

147 2088 355 2119 ·B.1nn00en.‚v,
383 2090 458 2112 cum
481 2081 544 2111 alio
567 2090 703 2121 corpore
718 2082 752 2112 in
772 2081 888 2114 eodem
911 2082 996 2113 loco.
1020 2082 1141 2113 Dicunt
1158 2088 1267 2113 autem
1282 2082 1414 2122 quidam
1429 2084 1446 2100 ⁴*
1500 2088 1547 2114 est
1569 2084 1765 2124 principium
1787 2083 1999 2115 distinctionis
2027 2082 2286 2120 individuorum,
2309 2083 2385 2115 inde
2408 2089 2456 2116 est
2478 2084 2568 2126 quod

143 2114 354 2169 ffiff‘ssfffvffflj
382 2124 472 2166 quod
495 2125 682 2165 prohibetur
697 2126 736 2156 ab
751 2126 815 2156 hoc
830 2127 864 2157 in
879 2127 940 2157 isto
963 2131 1046 2157 statu
1069 2127 1192 2157 ratione
1216 2127 1444 2167 corpulentiae,
1499 2127 1632 2158 Boetius
1655 2128 1741 2164 dicit,
1757 2128 1791 2158 in
1806 2128 1888 2159 libro
1904 2127 1944 2159 de
1963 2127 2052 2159 Trin.
2069 2128 2096 2163 *,
2115 2127 2207 2167 quod
2229 2127 2354 2159 duobus
2376 2129 2568 2170 corporibus
2595 2137 2606 2148 ·
2619 2135 2655 2161 ct.
2676 2141 2726 2166 ttu-
2746 2137 2798 2161 Sne

143 2174 208 2216 3b³id⁸=
223 2171 354 2216 d.0t¹¹¹Je¹¹¹·
380 2179 438 2210 per
454 2179 552 2209 quam
574 2170 669 2200 habet
685 2169 775 2210 quod
789 2171 891 2211 replet
912 2171 1033 2202 locum.
1057 2170 1151 2208 Quae
1175 2170 1307 2211 quidem
1327 2181 1445 2213 corpu·
1500 2182 1600 2203 unum
1616 2173 1722 2203 locum
1735 2173 1870 2214 fingere
1885 2172 1976 2203 nullo
1992 2171 2088 2203 modo
2105 2181 2290 2212 possumus,
2306 2177 2343 2204 ut
2357 2172 2440 2204 hanc
2454 2173 2567 2206 saltem
2707 2178 2714 2186 ’

142 2201 354 2248 Lanl’n¹.⁵sizetf'¹i{1
381 2214 477 2245 lentia
500 2214 539 2244 ab
563 2223 602 2244 eo
626 2223 684 2254 per
704 2214 885 2246 subtilitatis
908 2214 1019 2246 dotem
1041 2215 1181 2246 tolletur.
1458 2225 1482 2246 ις
1499 2216 1713 2248 accidentium
1727 2217 1911 2248 varietatem
1930 2215 2091 2248 distinctio
2107 2215 2348 2248 individuorum
2370 2218 2520 2258 requirat.

143 2251 185 2269 ἠ·
199 2254 219 2276 ³¹
234 2254 273 2276 ‘¹¹²‘
289 2254 304 2270 ¹·
436 2257 499 2289 Sed
522 2258 585 2289 hoc
611 2268 680 2289 non
708 2264 815 2299 potest
846 2265 927 2290 stare
957 2264 1090 2300 propter
1112 2259 1189 2290 duo.
1223 2259 1344 2296 Prim0‚
1370 2261 1445 2300 quia
1554 2261 1716 2292 Subtilitas
1739 2266 1848 2292 autem
1871 2270 1889 2291 a
1911 2269 2049 2300 corpore
2071 2260 2213 2301 glorioso
2237 2260 2474 2295 dimensionem
2496 2273 2565 2297 non

382 2302 580 2342 corpulentia
604 2312 701 2343 quam
724 2302 783 2334 dos
805 2304 984 2335 subtilitatis
1014 2302 1126 2340 aufert,
1150 2309 1198 2334 est
1220 2303 1260 2334 ad
1283 2303 1445 2338 defectum
1499 2304 1611 2337 aufert.
1643 2305 1737 2337 Unde
1759 2305 1850 2336 nullo
1874 2305 1974 2336 modo
2003 2304 2106 2336 aufert
2128 2305 2188 2336 sibi
2210 2305 2406 2346 praedictam
2427 2308 2566 2339 necessi-

380 2347 560 2387 pertinens:
593 2352 672 2387 puta
695 2347 800 2387 aliqua
822 2347 1015 2380 inordinatio
1038 2349 1190 2379 materiae
1212 2358 1280 2379 non
1303 2348 1445 2389 perfecte
1469 2386 1471 2389 .
1498 2355 1597 2380 tatem
1620 2350 1832 2381 distinctionis
1855 2350 1934 2380 situs
1957 2349 1996 2380 ab
2019 2349 2083 2380 alio
2106 2359 2252 2390 corpore.
2285 2350 2327 2381 Et
2349 2350 2424 2382 ideo
2448 2361 2566 2393 corpus

380 2391 550 2422 substantis
571 2400 648 2422 suae
672 2391 804 2422 formae.
829 2392 953 2423 Totum
969 2393 1056 2423 enim
1071 2392 1162 2433 quod
1177 2392 1217 2423 ad
1232 2393 1444 2434 integritatem
1498 2395 1675 2435 gloriosum
1690 2404 1759 2425 non
1774 2394 1902 2425 habebit
1923 2394 2047 2425 ratione
2066 2403 2142 2425 suae
2157 2394 2336 2426 subtilitatis
2360 2395 2449 2436 quod
2463 2397 2566 2437 possit

380 2436 522 2476 corporis
545 2436 691 2476 pertinet,
707 2436 741 2467 in
758 2446 893 2477 corpore
913 2442 1065 2477 resurget,
1081 2442 1147 2469 tam
1163 2446 1201 2467 ex
1217 2443 1306 2477 parte
1321 2437 1444 2469 formae
1459 2448 1485 2468 50
1499 2448 1567 2470 esse
1583 2448 1657 2470 cum
1674 2439 1737 2469 alio
1753 2448 1900 2479 corpore.
1924 2437 1988 2469 Sed
2009 2439 2128 2478 poterit
2145 2439 2241 2470 simul
2257 2448 2333 2470 cum
2348 2440 2412 2471 alio
2428 2449 2565 2481 corpore

143 2482 153 2492 '
169 2480 204 2503 Cf·
220 2487 260 2508 qu.
278 2486 352 2508 ιω,
380 2489 478 2520 quam
494 2489 532 2510 ex
547 2486 636 2520 parte
650 2481 800 2512 materiae
815 2481 841 2512 ἦ
866 2481 967 2519 Quod
981 2486 1090 2512 autem
1113 2481 1245 2522 aliquod
1268 2491 1387 2522 corpus
1405 2483 1444 2513 sit
1499 2493 1566 2514 esse
1590 2493 1628 2514 ex
1656 2484 1843 2523 operatione
1871 2483 1996 2514 virtutis
2027 2482 2162 2514 divinae.
2195 2483 2286 2515 Sicut
2317 2485 2413 2516 etiam
2446 2494 2564 2526 corpus

142 2511 183 2529 m*
198 2514 221 2534 4'
235 2513 255 2535 ⁵⁶
379 2524 570 2564 repletivum
593 2524 668 2560 loci,
685 2525 748 2555 hoc
771 2525 865 2556 habet
887 2535 945 2566 per
967 2525 1047 2556 illud
1069 2525 1160 2566 quod
1183 2531 1230 2557 est
1253 2525 1292 2557 de
1315 2527 1444 2567 integri-
1498 2527 1582 2558 Petri
1610 2537 1678 2558 non
1708 2528 1819 2558 habuit
1848 2536 1887 2558 ex
1914 2527 2021 2567 aliqua
2050 2527 2244 2567 proprietate
2273 2527 2373 2560 indita
2402 2529 2494 2570 quod
2524 2529 2564 2563 ad

380 2573 443 2599 tate
465 2574 596 2599 naturae
619 2569 698 2605 eius,
715 2574 747 2600 et
761 2579 829 2600 non
849 2579 887 2601 ex
907 2570 1016 2610 aliquo
1040 2569 1168 2601 defectu
1191 2576 1332 2601 naturae.
1357 2570 1444 2602 Cum
1498 2571 1724 2603 adventionem
1757 2572 1825 2602 eius
1856 2577 2042 2602 sanarentur
2072 2571 2191 2602 infirmi
2214 2573 2249 2603 ἐ
2283 2572 2340 2604 sed
2371 2573 2436 2604 hoc
2468 2573 2565 2606 fiebat
2591 2578 2602 2589 ·
2621 2576 2673 2600 Aee.
2692 2582 2744 2606 οφ·
2762 2583 2790 2605 v,

381 2613 466 2642 enim
489 2613 623 2652 plenum
646 2619 831 2653 opponatur
845 2623 960 2650 vacuo,
976 2614 1057 2647 illud
1071 2615 1178 2648 solum
1195 2624 1263 2645 non
1278 2615 1380 2655 replet
1395 2615 1443 2646 lo-
1497 2617 1613 2649 virtute
1636 2615 1742 2647 divina
1766 2615 1805 2647 ad
1828 2615 2083 2646 aedificationem
2106 2615 2191 2647 fidei.
2216 2616 2261 2648 Ita
2284 2616 2378 2649 faciet
2401 2618 2500 2649 virtus
2515 2618 2564 2650 di·
2590 2609 2651 2626 '³⁸‘
2666 2609 2698 2633 '⁵'

380 2666 466 2692 curn,
483 2666 548 2697 quo
564 2657 671 2697 posito
688 2658 721 2687 in
737 2657 821 2694 loco,
838 2659 1047 2690 nihilominus
1066 2664 1175 2689 manet
1197 2669 1318 2690 vacuus
1340 2660 1442 2691 locus.
1458 2669 1481 2689 55
1498 2662 1571 2691 vina
1593 2666 1629 2691 ut
1652 2670 1770 2700 corpus
1799 2660 1978 2700 gloriosum
2000 2661 2102 2701 possit
2123 2660 2219 2692 simul
2242 2670 2318 2692 cum
2341 2662 2404 2693 alio
2428 2672 2564 2704 corpore

143 2705 152 2714 '
167 2702 223 2730 Ctp·
241 2708 275 2729 w,
290 2708 313 2724 n.
328 2708 352 2745 ²}
379 2701 528 2731 Vacuum
551 2706 658 2731 autem
682 2701 841 2738 definitur,
865 2704 898 2733 in
922 2703 964 2733 IV
979 2703 1107 2744 Physic.
1124 2704 1151 2740 *‚
1169 2703 1259 2744 quod
1282 2709 1330 2734 est
1353 2704 1444 2735 locus
1498 2715 1565 2736 esse
1590 2704 1629 2735 ad
1651 2704 1883 2745 perfectionem
1905 2704 2036 2745 gloriae.

142 2734 351 2782 §Ter‘ffl'otffissja
380 2754 444 2775 non
456 2745 574 2785 plenus
588 2746 730 2776 sensibili
743 2755 891 2786 corpore.
916 2747 1039 2778 Dicitur
1055 2753 1162 2778 autem
1179 2747 1311 2788 aliquod
1326 2757 1443 2788 corpus
1552 2749 1603 2780 An
1627 2759 1744 2780 ramum
1774 2759 1858 2780 noo
1889 2759 2048 2781 oretanum
2079 2749 2170 2790 quod
2199 2759 2318 2790 corpus
2350 2749 2468 2782 Christi
2495 2761 2564 2783 non

380 2798 447 2819 esse
471 2789 618 2820 sensibile
641 2799 679 2820 ex
702 2791 833 2821 materia
856 2797 887 2821 et
906 2790 1009 2822 forma
1030 2797 1061 2822 et
1078 2793 1274 2823 naturalibus
1297 2792 1443 2823 acciden-
1497 2794 1608 2824 habuit
1623 2803 1661 2824 ex
1676 2793 1856 2824 subtilitatis
1879 2793 1955 2824 dote
1979 2793 2070 2834 quod
2091 2794 2194 2834 possit
2211 2803 2280 2825 esse
2297 2795 2394 2826 simul
2409 2804 2485 2826 cum
2500 2796 2564 2827 alio

379 2834 474 2869 tibus,
491 2842 574 2873 quae
597 2834 707 2864 omnia
722 2834 762 2865 ad
777 2835 989 2876 integritatem
1012 2841 1143 2868 naturae
1166 2837 1336 2876 pertinent.
1354 2836 1443 2867 Con·
1497 2847 1634 2879 corpore
1649 2838 1683 2868 in
1699 2837 1815 2869 eodem
1837 2838 1930 2868 loco:
1954 2838 2011 2869 sed
2033 2838 2097 2869 hoc
2120 2838 2241 2870 factum
2261 2844 2309 2870 est
2322 2840 2439 2870 virtute
2457 2839 2564 2872 divim

379 2882 439 2908 stat
462 2878 557 2908 etiam
590 2878 680 2918 quod
712 2888 829 2919 corpus
861 2880 1038 2920 gloriosum
1072 2881 1129 2911 erit
1158 2881 1316 2917 sensibile,
1347 2882 1443 2912 etiam
1455 2888 1483 2909 6·
1497 2887 1571 2923 post
1593 2883 1869 2918 resurrectionem,
1893 2883 1976 2913 sicut
1998 2883 2031 2913 in
2054 2883 2226 2914 nativitate.
2259 2883 2355 2915 Unde
2377 2883 2562 2924 Gregorius,

142 2923 152 2932 '
167 2921 232 2943 Vm.
247 2927 282 2949 39·
379 2921 557 2952 secundum
580 2927 712 2959 tactum,
728 2929 764 2953 ut
779 2929 867 2963 patet
881 2925 915 2954 in
931 2934 1067 2965 corpore
1083 2925 1226 2961 Domini,
1242 2925 1322 2956 Luc.
1339 2925 1396 2956 ult.
1409 2927 1440 2956 ἰ
1496 2927 1530 2957 in
1553 2926 1697 2958 Homilia
1712 2927 1739 2963 *,
1763 2926 1857 2958 dicit:
1885 2927 1975 2958 Illud
1997 2937 2116 2967 corpus
2136 2927 2272 2958 Domini
2294 2928 2429 2960 intravit
2449 2928 2493 2959 ad
2513 2927 2563 2959 dt-
2589 2934 2600 2946 ·
2618 2933 2705 2956 flomu.
2725 2933 2803 2956 XXVI

379 2975 439 2996 nec
467 2966 554 2996 enim
586 2966 684 2997 deerit
714 2968 846 3000 materia
875 2973 930 2999 aut
959 2968 1072 3005 forma,
1102 2974 1156 3000 aut
1183 2969 1338 3000 naturalia
1359 2970 1441 3000 acci·
1495 2971 1637 3011 scipulos
1660 2971 1767 3002 ianuis
1790 2971 1910 3002 clausis
1932 2971 2019 3012 quod
2040 2971 2084 3002 ad
2105 2971 2265 3003 humanos
2288 2972 2401 3004 oculos
2416 2981 2481 3012 par
2502 2981 2562 3002 na·
2587 2960 2612 2982 ¹¹¹
2626 2960 2718 2990 3⁰⁸5·

380 3009 501 3046 dantia,
525 3010 645 3041 scilicet
675 3011 814 3042 calidum
836 3017 868 3042 et
891 3011 1041 3052 frigidum
1063 3018 1096 3045 et
1118 3013 1314 3044 huiusmodi.
1347 3013 1442 3045 Unde
1497 3015 1651 3046 tivitatem
1681 3025 1774 3046 suam
1806 3015 1917 3046 clauso
1950 3012 2031 3047 exiit
2062 3020 2154 3046 utero
2183 3016 2335 3057 Virginis.
2371 3015 2464 3047 Unde
2493 3025 2562 3047 non

379 3059 465 3094 patet
497 3054 586 3094 quod
618 3064 735 3095 corpus
767 3056 955 3096 gloriosum,
983 3067 1052 3088 non
1083 3058 1230 3088 obstante
1262 3058 1442 3090 subtilitatis
1496 3065 1626 3100 oportet
1649 3059 1740 3100 quod
1761 3061 1885 3091 ratione
1907 3060 2087 3091 subtilitatis
2102 3061 2166 3091 hoc
2181 3060 2351 3092 conveniat
2373 3060 2562 3100 corporibus

380 3097 465 3133 dote,
489 3098 622 3138 replebit
644 3099 764 3132 locum.
798 3100 922 3131 Insania
951 3102 1038 3132 enim
1065 3101 1190 3133 videtur
1218 3101 1322 3132 dicere
1351 3102 1479 3142 quod⁶5
1496 3104 1643 3144 gloriosis
1658 3105 1685 3134 ἦ
2589 3111 2599 3122 ·
2622 3109 2658 3133 Cf-
2680 3110 2740 3133 Pan.
2761 3110 2802 3138 m,

379 3142 470 3172 locus
491 3142 549 3172 ubi
572 3148 653 3173 esset
676 3153 794 3184 corpus
816 3144 1004 3184 gloriosum,
1029 3151 1111 3176 esset
1132 3155 1263 3176 vacuus.
1551 3148 1602 3178 An
1626 3157 1790 3179 sacuunmr
1819 3157 1980 3179 nicanum(
2009 3147 2100 3187 quod
2128 3147 2239 3178 lumen
2261 3157 2330 3178 non
2353 3153 2400 3178 est
2423 3157 2560 3189 corpus:
2589 3142 2700 3186 23‘,‚¹‘¹''
2713 3140 2757 3159 ’π’
2774 3144 2800 3164 ”

434 3185 584 3217 Secundo
607 3187 687 3217 ratio
710 3197 825 3219 eorum
848 3189 1009 3228 praedicta
1030 3199 1098 3220 non
1121 3190 1214 3226 valet,
1235 3191 1311 3231 quia
1334 3192 1441 3221 coexi-
1497 3197 1532 3225 ut
1547 3193 1581 3222 in
1604 3192 1709 3222 Prima
1723 3192 1816 3222 Parte
1831 3193 1848 3210 ⁸
1867 3191 1989 3223 dicmm
2004 3197 2062 3222 est.
2085 3191 2180 3222 Unde
2203 3192 2343 3225 obiectio
2359 3192 2504 3232 procedit
2523 3202 2561 3224 ex
2588 3198 2598 3209 ·
2632 3203 2722 3220 mum
2735 3200 2800 3220 m.

380 3230 526 3262 stantiam
542 3232 685 3270 corporis
700 3231 855 3272 impedire
871 3234 904 3263 in
921 3233 1036 3264 eodem
1052 3234 1127 3264 loco
1143 3240 1190 3265 est
1205 3235 1239 3265 in
1254 3235 1327 3275 plus
1343 3244 1441 3275 quam
1496 3235 1591 3267 falsis.
2588 3213 2800 3280 ἔιιι“ιιιιιι,’ξιιί”’3ἶ

379 3274 500 3313 replere
522 3274 642 3307 locum.
671 3275 704 3306 Si
727 3277 814 3307 enim
836 3286 996 3316 ponamus
1020 3277 1236 3309 dImensiones
1260 3288 1328 3309 esse
1351 3288 1441 3319 sepa·
1551 3280 1603 3311 An
1626 3290 1762 3311 niz-rnna
1783 3289 1943 3310 memmi
1965 3278 2056 3319 quod
2078 3287 2196 3319 corpus
2217 3279 2395 3320 gloriosum
2418 3282 2562 3313 transibit
2591 3285 2594 3288 ⁴

380 3322 460 3347 ratas
484 3318 551 3348 sine
574 3319 714 3356 materia,
738 3320 809 3350 illae
836 3319 1052 3352 dimensiones
1075 3332 1153 3352 non*
1166 3323 1291 3363 replent
1319 3323 1440 3354 locum.
1455 3336 1482 3356 70
1496 3324 1644 3364 sphaeras
1666 3324 1830 3354 caelorum
1851 3324 1920 3354 sine
1944 3332 2058 3354 eorum
2081 3322 2247 3360 divisione,
2263 3334 2331 3356 non
2353 3334 2391 3359 ex
2407 3326 2438 3356 vi
2460 3326 2561 3357 subti-

143 3382 153 3392 .
170 3380 227 3409 Cu,-
246 3387 267 3409 ¹.
284 3387 307 3403 n.
327 3381 353 3407 ὃς
380 3360 474 3391 Unde
503 3362 636 3401 quidam
667 3369 825 3402 ponentes
857 3374 996 3397 vacuum
1029 3365 1175 3398 dixerunt
1205 3376 1345 3397 vacuum
1373 3377 1440 3398 esse
1495 3367 1600 3404 litatis,
1617 3367 1673 3398 sed
1688 3377 1727 3398 ex
1741 3367 1849 3401 divina
1869 3367 1996 3403 virtute,
2013 3376 2097 3407 quae
2113 3368 2157 3398 eis
2173 3367 2213 3398 ad
2227 3374 2344 3400 nutum
2359 3369 2393 3400 in
2408 3370 2561 3402 omnibus

142 3413 353 3460 {fpfflffnlessissifi
380 3404 490 3436 locum
516 3406 550 3436 in
573 3416 641 3446 quo
672 3413 747 3438 sunt
775 3408 961 3439 huiusmodi
991 3408 1207 3442 dimensiones
1236 3410 1304 3441 sine
1331 3411 1440 3451 aliquo
1496 3412 1672 3442 subveniet.

142 3466 192 3482 xm.
381 3449 519 3480 sensibili
542 3459 687 3490 corpore.
712 3451 752 3481 Et
767 3456 874 3482 tamen
893 3453 970 3482 istae
993 3452 1209 3484 dimensiones
1231 3455 1442 3493 prohibentur
1550 3455 1602 3485 An
1626 3464 1774 3485 oum-mu
1796 3464 1955 3486 nicanum
1979 3455 2068 3495 quod
2091 3466 2129 3486 ex
2152 3456 2216 3486 hoc
2239 3457 2328 3497 quod
2348 3457 2436 3488 Deus
2459 3458 2504 3489 eis
2520 3458 2559 3489 ad

140 3486 355 3541 J'sfffissgffl‘ff‘ggj
380 3501 421 3522 ne
445 3493 507 3522 sint
529 3494 623 3524 simul
647 3503 722 3524 cum
746 3495 808 3525 alio
832 3505 968 3535 corpore
990 3497 1024 3526 in
1048 3497 1163 3530 eodem
1186 3498 1279 3528 loco:
1304 3504 1339 3528 ut
1355 3503 1442 3538 patet
1495 3504 1611 3529 nutum
1635 3498 1734 3529 aderit
1748 3499 1782 3529 in
1797 3499 1949 3529 omnibus
1973 3508 2056 3539 quae
2079 3500 2202 3537 volunt,
2219 3502 2363 3541 sequitur
2386 3502 2475 3542 quod
2490 3511 2558 3534 non

140 3545 168 3566 n,
184 3546 206 3562 n.
221 3546 255 3562 22-
381 3544 438 3576 per
460 3536 703 3577 Philosophum,
726 3539 758 3568 in
783 3539 825 3568 IV
837 3539 964 3579 Physic.
981 3541 997 3556 ⁴*
1021 3546 1052 3570 et
1075 3542 1107 3571 in
1131 3541 1172 3571 111
1197 3542 1378 3582 Metaplyrs.
1395 3542 1440 3578 ”,
1455 3554 1479 3574 75
1495 3543 1619 3582 possint
1642 3541 1762 3573 includi
1785 3542 1835 3572 vel
1859 3552 2018 3573 carcaram.
