2918 4088
430 160 505 208 304

428 239 467 275 in
496 238 678 277 subiecto.
709 239 756 276 Et
783 238 962 288 proprius
991 238 1073 275 eius
1101 244 1206 274 actus
1236 244 1290 273 est
1317 233 1488 285 proposi-

427 301 511 329 tum
541 292 773 330 emendandi
792 293 876 329 Deo
905 292 1011 341 quod
1040 298 1172 328 contra
1192 302 1283 327 eum
1312 287 1488 326 commis-

1080 158 1343 205 QUAESTIO
1372 156 1569 202 LXXXV,
1598 154 1893 193 ARTICULUS
1921 155 1956 191 V

1543 233 1824 283 apprehensiva
1852 232 2053 282 praeteriti.
2098 232 2336 270 Poenitentia
2371 241 2501 270 autem
2530 244 2610 269 non

1542 286 1704 336 pertinet
1732 287 1781 323 ad
1809 285 1891 323 vim
1919 286 2261 335 apprehensivam,
2292 287 2359 323 sed
2387 287 2437 323 ad
2464 285 2627 335 appeti-v

1542 340 1672 387 tivam,
1703 351 1802 388 quae
1831 339 2108 388 praesupponit
2136 347 2262 376 actum
2293 339 2609 389 apprehensivae.

1543 394 1655 431 Unde
1683 392 1917 443 poenitentia
1945 404 2024 429 non
2053 400 2108 429 est
2136 392 2175 429 in
2203 392 2405 440 memoria,
2433 393 2500 429 sed
2520 404 2610 441 sup-

1543 446 1652 496 ponit
1680 458 1778 483 eam.

1597 501 1654 536 Ao
1683 511 1856 542 QUARTUM
1884 511 2066 536 DICENDUM
2095 499 2202 548 quod
2227 500 2418 544 voluntas,
2448 498 2544 536 sicut
2571 497 2612 535 in

429 358 517 383 sum
545 354 611 382 est.

481 400 538 436 AD
567 411 711 440 PRIMUM,
731 411 828 436 ERGO
857 410 1038 436 mCENDUM
1067 397 1173 446 quod
1200 396 1294 433 ratio
1314 395 1374 432 illa
1402 406 1490 444 pro-

429 452 527 489 cedit
554 452 602 489 de
630 451 864 502 poenitentia
892 451 1108 488 secundum
1137 449 1244 499 quod
1267 456 1322 485 est
1348 447 1488 497 passio.

481 507 538 542 Ao
566 517 755 543 SECUNDUM
787 517 967 542 DICENDUM
996 504 1102 553 quod
1130 502 1340 540 vindictam
1377 508 1489 550 expe-

289 560 303 593 β
429 566 505 595 tere
525 557 540 588 β
568 571 614 595 ex
642 558 820 608 passione
855 559 903 595 de
932 557 1006 595 alio
1043 556 1205 606 pertinet
1239 556 1287 592 ad
1325 553 1490 591 irascibi-

428 613 516 649 lem.
561 612 636 649 Sed
665 619 843 661 appetere
871 612 933 648 vel
961 611 1082 647 facere
1111 609 1317 646 vindictam
1358 620 1404 644 ex
1433 619 1490 644 ra-

427 665 531 703 tione
560 666 608 702 de
637 678 676 702 se
704 666 765 702 vel
793 665 841 701 de
870 664 957 709 alio,
985 662 1147 712 pertinet
1172 662 1220 699 ad
1240 663 1489 698 voluntatem.

482 720 539 755 At>
575 730 734 755 TERTIUM
767 729 948 754 DtCENDUM
986 716 1092 766 quod
1128 714 1317 752 memoria
1351 722 1406 751 est
1433 713 1491 750 vis

2638 559 2649 569 ·
2684 564 2707 579 u.
2715 563 2801 585 unu,
2809 561 2852 580 nrt.

2637 592 2672 633 {a
2683 584 2760 633 ⁸¹11w,
2771 590 2809 613 qu.
2819 590 2852 612 tx,

1544 553 1673 590 Prima
1701 554 1812 590 Parte
1831 552 1851 574 ’¹‘
1879 553 2055 590 habitum
2084 560 2155 599 est,
2185 559 2318 589 movet
2354 564 2491 589 omnes
2519 551 2611 588 alias

1543 606 1732 656 potentias
1761 605 1924 642 animae.
1954 606 2002 642 Et
2030 605 2118 642 ideo
2147 617 2227 642 non
2250 613 2305 642 est
2333 604 2611 642 inconveniens

1545 660 1575 696 si
1602 659 1855 709 poenitentia,
1886 658 1924 695 in
1952 660 2148 696 voluntate
2177 658 2360 705 existens,
2399 657 2544 707 aliquid
2572 657 2612 694 in

1545 712 1701 761 singulis
1728 711 1908 762 potentiis
1937 712 2088 750 animae
2118 719 2311 762 operatur.

481 832 507 867 β)
526 836 659 865 expetere.
677 847 696 851 -
714 835 840 864 appetere
858 831 940 856 tertia.

1102 918 1437 951 Commentario,
1460 918 1712 950 cardinalis
1733 917 1936 950 Caietani

431 1022 477 1084 IN
501 1011 635 1041 articulo
659 1015 772 1049 quarto
796 1009 946 1048 intellige,
970 1008 1115 1043 Novitie‚
1141 1007 1240 1047 quod,
1264 1008 1346 1037 sicut
1372 1008 1490 1037 iustitia
1514 1011 1518 1045 ἶ
1543 1006 1701 1037 mittendo
1718 1016 1752 1037 se
1772 1012 1976 1046 peccatorem
1993 1007 2064 1036 Deo
2081 1005 2216 1042 offenso,
2233 1007 2297 1036 hoc
2314 1006 2400 1036 enim
2416 1011 2464 1036 est
2479 1007 2613 1047 aequale

335 1071 350 1090 ι,
373 1065 402 1086 de

191 1067 200 1076 ·
221 1065 272 1093 Dig.
295 1066 311 1089 1.
458 1061 504 1085 est
527 1055 678 1085 voluntas
702 1054 751 1083 ius
773 1062 867 1083 suum
891 1053 1063 1092 unicuique
1087 1052 1229 1082 tribuens
1244 1052 1276 1087 ⁴⁶,
1310 1052 1353 1081 ita
1375 1051 1489 1090 poeni-
1544 1051 1723 1081 secundum
1743 1051 1831 1091 quid,
1849 1050 1938 1090 quod
1953 1051 1992 1080 ab
2008 1051 2141 1081 homine
2157 1050 2245 1081 reddi
2260 1055 2383 1090 potest:
2409 1050 2518 1091 quoa'd
2533 1060 2613 1091 poe-

190 1091 399 1145 {ssfl‘ftjns‘tssf‘ff‘g
426 1100 524 1130 tentia
554 1104 600 1128 est
622 1098 770 1127 voluntas
800 1097 941 1126 tribuens
969 1096 1039 1125 Deo
1070 1096 1120 1125 ius
1147 1104 1241 1125 suum
1273 1104 1331 1134 pro
1355 1100 1488 1134 peccato
1544 1104 1619 1124 nam
1643 1104 1730 1131 vero,
1754 1094 1925 1134 affligendo
1949 1104 1993 1130 se,
2011 1099 2070 1124 etc.
2358 1094 2362 1098 '

190 1145 241 1166 00³·
260 1145 292 1166 ¹1¹·
426 1149 535 1174 contra
559 1151 634 1172 eum
659 1142 842 1172 commisso.
866 1141 922 1170 Est
946 1140 1041 1175 enim,
1066 1140 1131 1169 sive
1155 1140 1194 1169 sit
1217 1138 1302 1169 idem
1330 1138 1419 1178 quod
1442 1148 1490 1168 re-
1599 1139 1640 1168 Et
1664 1139 1820 1179 quoniam
1843 1138 2030 1168 huiusmodi
2052 1139 2202 1169 voluntas
2226 1148 2264 1169 ex
2287 1139 2402 1169 maiori
2424 1139 2476 1170 vel
2494 1141 2614 1171 minori

1543 1188 1651 1222 potest
1674 1182 1789 1212 affectu
1816 1182 2010 1222 procedere,
2041 1182 2116 1213 ideo
2139 1183 2224 1213 varia
2252 1183 2414 1213 invenitur
2444 1182 2613 1223 dispositio

1542 1235 1616 1256 vere
1632 1227 1885 1266 poenitentium:
1910 1227 2013 1256 maior
2028 1227 2201 1267 minorque
2216 1225 2338 1257 fructus
2355 1226 2480 1258 divinae
2496 1229 2614 1268 gratiae

1544 1270 1618 1300 inde
1642 1270 1826 1310 percipitur.
1875 1287 1877 1290 ·

190 1195 400 1221 ·Cs.art.n,c0m—
425 1189 500 1228 ligio
525 1187 591 1217 sive
613 1196 680 1216 non
696 1187 722 1221 ὓ,
739 1185 808 1215 talis
823 1184 981 1220 voluntas,
999 1184 1153 1223 quoniam
1176 1193 1248 1223 pars
1272 1188 1319 1212 est
1341 1183 1488 1218 iustitiae,

190 1226 260 1244 ment.
276 1228 338 1244 ‘'¹¹¹¹''
354 1228 385 1243 ν’·
425 1241 507 1273 quae
530 1232 563 1261 in
579 1236 652 1261 actu
667 1229 840 1260 voluntatis
856 1228 1009 1259 consistit.
1033 1227 1149 1258 Reddit
1165 1233 1273 1257 autern
1291 1227 1490 1266 poenitentia

424 1278 494 1307 Deo
518 1277 567 1306 ius
584 1284 679 1306 suum
702 1284 761 1314 pro
778 1273 909 1308 offensa,
934 1271 1130 1307 confitendo,
1148 1270 1345 1307 detestando,
1363 1280 1399 1300 ac
1415 1271 1489 1300 sub-

1214 1434 1533 1476 ARTICULUS
1564 1434 1824 1486 QUINTUS

941 1539 1098 1571 UTRUM
1121 1538 1374 1570 PRINCIPIUM
1397 1537 1726 1569 POENITENTIAE
1750 1537 1817 1569 SIT
1841 1537 1899 1568 EX
1923 1537 2094 1568 TIMORE

1207 1627 1241 1651 1v
1261 1626 1344 1656 Sent„
1365 1627 1424 1652 dist.
1443 1634 1494 1657 ην,
1514 1634 1559 1659 qu.
1579 1634 1596 1655 1,
1617 1631 1664 1651 art.
1685 1633 1708 1657 2,
1729 1625 1779 1658 qu·
1801 1633 1824 1651 1.

2640 1723 2706 1774 'sei-³}
2721 1723 2857 1773 aaa?

2641 1783 2692 1805 up.
2706 1767 2755 1800 'Hic
2773 1767 2855 1816 vilerx:

2641 1803 2789 1859 πίνετε.
2798 1803 2833 1858 ¹⁴¹..
2847 1820 2857 1830 '

460 1733 487 1764 χ,
634 1729 657 1754 D
672 1729 833 1759 QU1NTUM
853 1728 904 1753 sxc
925 1715 1187 1753 PROCEDITUR*.
1205 1715 1367 1752 Videtur
1381 1715 1488 1765 quod

451 1774 495 1831 §.V
562 1800 606 1833 Nn
635 1770 869 1820 principium
897 1768 1153 1819 poenitentiae
1187 1781 1268 1807 non
1296 1768 1342 1806 sit
1370 1781 1417 1805 ex
1445 1767 1488 1805 ti-

442 1827 626 1914 ὅέῖιὶ
635 1824 1318 1926 fflssssesififfssssssffssssssss13¹¹¹¹3e0¹1¹¹fi¹30¹t
1327 1822 1490 1925 5333}

188 1941 198 1950 ·
220 1939 270 1961 Art·
290 1944 310 1965 2.
330 1938 358 1960 ad
375 1945 397 1965 ις
425 1932 474 1969 ad
502 1930 709 1976 caritatem,
738 1938 780 1967 ut
809 1942 925 1979 supra
942 1929 962 1951 ‘¹‘
990 1929 1136 1966 dictum
1164 1936 1230 1965 est.
1266 1930 1368 1978 Ergo
1396 1941 1489 1978 poe-

188 1972 264 1994 w'3'
424 1984 582 2022 nitentia
609 1984 729 2031 magis
758 1982 878 2020 oritur
905 1995 951 2019 ex
971 1994 1103 2019 amore
1132 1994 1252 2031 quam
1272 1994 1318 2019 ex
1337 1981 1487 2019 timore.

479 2049 513 2074 2.
543 2039 781 2083 PRAETEREA,
811 2037 861 2073 ad
888 2035 1164 2085 poenitentiam
1193 2035 1372 2072 homines
1400 2047 1489 2085 pro-

423 2098 612 2128 vocantur
643 2102 712 2139 per
740 2089 1042 2138 expectationem
1071 2088 1176 2137 regni
1204 2088 1392 2126 caelestis:
1433 2101 1489 2125 se—

188 2155 197 2165 ·
213 2154 278 2176 Vers-
295 2161 331 2182 ¹7:
347 2160 396 2182 cap·
424 2145 599 2182 cundum
617 2143 710 2180 illud
729 2144 864 2180 Matth.
882 2155 916 2179 1v
934 2142 968 2179 *t
998 2144 1266 2179 Poenitentiam
1286 2144 1406 2192 agite:
1424 2155 1489 2192 ap-

189 2187 222 2207 '¹¹'
238 2187 296 2203 γεῖς’
310 2187 330 2203 ²'
418 2199 683 2249 propinquabit
702 2198 800 2233 enim
821 2208 981 2246 regnum
1001 2196 1204 2233 caelorum.
1229 2195 1306 2233 Sed
1326 2207 1489 2243 regnum

424 2253 621 2288 caelorum
657 2257 713 2286 est
749 2249 946 2286 obiectum
983 2248 1075 2298 spei.
1119 2250 1220 2297 Ergo
1255 2248 1490 2298 poenitentia

425 2304 545 2352 magis
573 2302 746 2352 procedit
773 2314 820 2339 ex
848 2314 915 2352 spe
944 2314 1064 2351 quam
1093 2314 1139 2338 ex
1167 2302 1317 2338 timore.

288 2366 303 2382 ²
481 2358 514 2394 3.
545 2358 784 2403 PRAETEREA,
822 2355 939 2392 timor
975 2363 1031 2391 est
1065 2354 1221 2392 interior
1248 2362 1354 2392 actus
1375 2360 1392 2376 α
1420 2355 1490 2391 ho-

288 2416 302 2448 β
425 2410 551 2448 minis.
590 2408 828 2446 Poenitentia
855 2415 986 2445 autem
1018 2420 1099 2444 non
1126 2408 1279 2444 videtur
1298 2406 1415 2444 essess
1443 2419 1490 2444 ex

426 2475 544 2512 opere
579 2461 770 2507 hominis,
806 2461 872 2498 sed
910 2473 957 2498 ex
991 2472 1108 2510 opere
1143 2460 1234 2498 Dei:
1273 2460 1491 2497 secundum

1544 1717 1649 1752 nobis
1667 1715 1687 1737 ’¹‘
1711 1714 1970 1765 principaliter
1998 1714 2260 1765 operantibus,
2280 1727 2362 1753 non
2379 1722 2511 1752 tamen
2530 1715 2613 1752 sine

1544 1768 1656 1806 nobis
1675 1767 1898 1818 dispositive
1918 1767 2217 1818 cooperantibus
2235 1780 2305 1818 per
2323 1767 2474 1818 aliquos
2493 1776 2612 1806 actus.

1598 1822 1684 1859 Alio
1726 1822 1848 1859 modo
1889 1834 2101 1871 possumus
2143 1821 2251 1871 loqui
2292 1821 2340 1859 de
2377 1821 2615 1871 poenitentia

1544 1882 1737 1924 quantum
1764 1875 1814 1912 ad
1842 1882 1949 1912 actus
1977 1874 2120 1924 quibus
2148 1875 2233 1912 Deo
2254 1875 2428 1924 operanti
2456 1874 2496 1912 in
2523 1887 2614 1925 poe-

1543 1928 1702 1966 nitentia
1721 1933 1733 1949 2
1757 1940 2027 1978 cooperamur.
2058 1929 2242 1975 Quorum
2262 1936 2421 1966 actuum
2439 1928 2613 1977 primum
2740 1937 2752 1955 ³

1543 1981 1779 2032 principium
1810 1989 1872 2018 .est
1906 1981 1978 2018 Dei
2016 1981 2189 2031 operatio
2231 1981 2488 2020 convertentis
2525 1993 2612 2019 cor:

1542 2035 1761 2073 secundum
1790 2035 1883 2072 illud
1916 2037 1952 2072 T
1949 2036 2053 2072 hren.
2075 2036 2141 2072 ult.
2162 2034 2197 2072 *z
2232 2036 2416 2073 Converte
2437 2047 2516 2081 nos,
2536 2036 2614 2073 Do—

1543 2091 1655 2134 mine,
1676 2089 1727 2126 ad
1743 2094 1789 2134 te,
1810 2094 1843 2125 et
1861 2094 2133 2126 convertemur.
2154 2110 2180 2115 —
2201 2088 2405 2126 Secundus
2433 2095 2540 2125 actus
2559 2096 2616 2126 est

1543 2150 1674 2180 motus
1702 2141 1805 2179 fidei.
1840 2163 1865 2168 -
1899 2141 2054 2178 Tertius
2083 2149 2189 2179 actus
2222 2149 2278 2178 est
2309 2149 2440 2179 motus
2466 2141 2615 2179 timoris

1544 2195 1702 2242 servilis,
1724 2207 1804 2244 quo
1828 2194 1915 2244 quis
1939 2195 2078 2232 timore
2107 2194 2388 2244 suppliciorum
2407 2207 2430 2232 a
2449 2194 2615 2244 peccatis

1543 2248 1758 2286 retrahitur.
1780 2271 1805 2275 —
1834 2249 2006 2295 Quartus
2034 2255 2141 2285 actus
2169 2255 2225 2285 est
2252 2255 2382 2285 motus
2410 2247 2503 2297 spei,
2533 2260 2614 2297 quo

1544 2302 1642 2351 quis,
1663 2301 1736 2338 sub
1756 2313 1824 2350 spe
1843 2301 1979 2338 veniae
2007 2301 2316 2350 consequendae,
2347 2301 2508 2338 assumit
2525 2313 2614 2350 pro-

1543 2355 1716 2404 positum
1745 2354 1991 2391 emendandi.
2011 2376 2036 2380 —
2066 2353 2237 2401 Quintus
2265 2362 2372 2391 actus
2400 2361 2456 2391 est
2483 2361 2615 2392 motus

1544 2407 1727 2451 caritatis,
1757 2419 1837 2457 quo
1858 2406 1870 2432 ζ
1898 2407 2011 2444 alicui
2039 2415 2243 2457 peccatum
2271 2407 2444 2457 displicet
2478 2419 2614 2445 secun·
2738 2417 2754 2447 ζ

1544 2461 1641 2498 dum
1669 2460 1858 2509 seipsum,
1888 2467 1925 2497 et
1952 2472 2033 2497 non
2061 2460 2138 2498 iam
2171 2467 2329 2510 propter
2361 2460 2560 2510 supplicia.
2588 2483 2615 2489 -

189 1733 198 1742 ·
206 1731 257 1753 Vid.
267 1732 398 1754 Comment.

189 1758 259 1780 Caiet.
267 1762 320 1786 post
329 1762 369 1780 art.
376 1759 398 1781 6.

2641 2045 2652 2055 ·
2669 2043 2738 2067 orat.
2757 2045 2858 2071 Ierem.,

2642 2076 2702 2093 ven.
2715 2076 2750 2094 αι.

190 2523 199 2531 ·
214 2520 279 2542 Vm·
297 2526 330 2548 ¹9·
426 2516 518 2553 illud
546 2516 679 2553 Ierem.
700 2527 783 2553 xxm
802 2514 836 2551 *z
866 2515 1066 2563 Postquam
1093 2515 1310 2551 convertisti.
1329 2525 1400 2559 me,
1430 2515 1495 2563 egi
1546 2515 1684 2552 Sextus
1712 2521 1819 2551 actus
1843 2521 1899 2550 est
1917 2521 2047 2551 motus
2079 2513 2228 2551 timoris
2255 2513 2391 2561 filialis,
2412 2526 2505 2564 quo,
2525 2525 2614 2564 pro-

420 2570 698 2619 poenitentiam.
741 2568 843 2616 Ergo
871 2566 1106 2617 poenitentia
1138 2579 1218 2604 non
1244 2566 1417 2617 procedit
1445 2578 1490 2604 ex
1543 2575 1629 2617 pter
1656 2566 1911 2604 reverentiam
1940 2567 2024 2614 Dei,
2053 2567 2191 2616 aliquis
2213 2567 2422 2605 emendam
2440 2567 2526 2606 Deo
2545 2579 2614 2605 vo-

426 2622 576 2659 timore.
1544 2620 1732 2658 luntarius
1761 2620 1884 2657 offert.

190 2685 199 2695 ·
215 2683 280 2705 Vers·
297 2690 328 2712 ¹7·
481 2676 554 2713 SEn
593 2686 737 2712 CONTRA
774 2686 839 2710 EST
876 2673 983 2723 quod
1021 2672 1138 2710 Isaiae
1166 2685 1248 2710 xxvl
1275 2672 1296 2694 ’¹‘
1332 2672 1489 2710 dicitur:
1598 2673 1661 2711 Sic
1689 2673 1802 2722 igitur
1828 2680 1931 2722 patet
1964 2673 2072 2722 quod
2100 2681 2207 2711 actus
2234 2673 2492 2723 poenitentiae
2520 2687 2543 2713 a
2570 2674 2614 2712 ti-

286 2737 302 2761 Υ
427 2731 527 2766 Sicut
561 2740 656 2777 quae
692 2728 851 2777 concipit
878 2732 909 2772 Ὺ,
939 2739 1024 2764 cum
1062 2728 1416 2776 appropinquaverit
1443 2727 1495 2763 ad
1544 2739 1654 2764 more
1683 2726 1810 2763 servili
1842 2726 2016 2776 procedit
2050 2726 2148 2764 sicut
2175 2739 2198 2764 a
2225 2726 2353 2777 primo
2381 2734 2492 2766 motu
2520 2728 2613 2766 affe-

1544 2788 1627 2818 ctus
1655 2780 1704 2817 ad
1732 2781 1809 2817 hoc
1837 2779 2039 2817 ordinante
2059 2785 2096 2817 ⁷¹:
2126 2792 2149 2817 a
2176 2779 2316 2818 timore
2349 2788 2481 2818 autem
2507 2780 2614 2819 filiali
2738 2791 2755 2815 η

1538 2833 1640 2874 ‚sicut
1668 2833 1716 2870 ab
1745 2832 1971 2870 immediato
2000 2840 2036 2870 et
2062 2833 2243 2883 proximo
2271 2833 2471 2884 principio.

1593 2888 1653 2926 An
1676 2898 1812 2924 PmMUM
1832 2898 1931 2924 ERGO
1952 2898 2135 2925 DICENDUM
2155 2886 2263 2936 quod
2282 2894 2486 2936 peccatum
2503 2887 2612 2936 prius

1542 2939 1673 2989 incipit
1692 2939 1843 2977 homini
1862 2939 2074 2989 displicere,
2103 2939 2273 2977 maxime
2291 2939 2496 2989 peccatori,
2525 2952 2612 2989 pro-

1543 3001 1627 3043 pter
1655 2993 1852 3043 supplicia,
1882 2991 2154 3042 quae'respicit
2170 2992 2288 3030 timor
2305 2992 2462 3039 servilis,
2492 3005 2612 3042 quam

1542 3054 1700 3096 propter
1726 3045 1799 3083 Dei
1827 3045 2019 3083 offensam
2046 3046 2108 3083 vel
2135 3045 2281 3095 peccati
2309 3045 2588 3095 turpitudinem
2602 3076 2611 3092 ‚

1543 3099 1652 3149 quod
1679 3098 1842 3148 pertinet
1870 3098 1919 3136 ad
1948 3098 2156 3136 caritatem.

1597 3154 1654 3189 An
1673 3164 1863 3190 SECUNDUM
1882 3163 2064 3189 DICENDUM
2084 3151 2192 3200 quod
2213 3150 2253 3188 in
2273 3163 2393 3202 regno
2421 3153 2612 3191 caelorum

1543 3207 1865 3255 appropinquante
1905 3203 2122 3252 intelligitur
2163 3204 2352 3241 adventus
2393 3205 2490 3254 regis
2531 3218 2613 3244 non

1543 3260 1672 3295 solum
1706 3257 1972 3307 praemiantis,
2008 3257 2075 3294 sed
2107 3256 2223 3294 etiam
2250 3257 2456 3307 punientis.
2500 3259 2612 3297 Unde

420 2787 586 2832 partum,
615 2781 742 2818 dolens
769 2781 906 2817 clamat
933 2782 970 2817 in
1000 2780 1189 2817 doloribus
1215 2781 1301 2825 suis,
1330 2781 1383 2816 sic
1391 2780 1495 2828 facti

425 2847 563 2881 sumus,
593 2833 732 2871 scilicet
759 2845 828 2883 per
848 2832 1144 2883 poenitentiam:
1175 2840 1211 2869 et
1238 2840 1371 2882 postea
1402 2833 1491 2870 sub-

191 2897 399 2924 ·11xx1nterpret-
426 2888 537 2933 ditur,
567 2887 785 2925 secundum
813 2887 927 2924 aliam
955 2886 1117 2923 litteram
1135 2886 1170 2923 *z
1200 2887 1236 2923 A
1262 2888 1395 2923 timore
1414 2892 1490 2933 tuo,

290 2948 303 2972 δ
425 2943 599 2987 Domine,
620 2942 867 2990 concepimus,
889 2946 922 2977 et
943 2941 1214 2989 parturivimus
1232 2937 1258 2986 δ,
1287 2946 1321 2976 et
1342 2942 1490 2990 peperi-

427 3007 509 3032 mus
534 2995 704 3044 spiritum
731 2994 868 3040 salutis,
897 2992 993 3031 idest
1020 2992 1277 3043 poenitentiae
1305 2993 1490 3041 salutaris,

427 3055 470 3084 ut
496 3059 566 3096 per
591 3047 802 3097 praemissa
820 3047 840 3068 ³¹⁴
866 3054 980 3096 patet.
1011 3047 1113 3095 Ergo
1141 3045 1377 3096 poenitentia
1403 3059 1490 3096 pro-

429 3100 528 3137 cedit
555 3112 602 3137 ex
628 3099 778 3136 timore.

481 3154 706 3190 REsronnEo
726 3165 908 3190 DICENDUM
928 3153 1036 3202 quod
1056 3152 1103 3189 de
1123 3152 1356 3202 poenitentia
1384 3153 1491 3202 loqui

429 3217 638 3254 possumus
666 3205 874 3254 duplIciter.
917 3206 1005 3243 Uno
1038 3206 1180 3251 modo,
1217 3213 1407 3255 quantum
1442 3206 1491 3243 ad

431 3258 618 3294 habitum.
643 3259 691 3294 Et
710 3257 762 3294 sic
782 3257 1001 3295 immediate
1021 3271 1043 3295 a
1062 3259 1146 3295 Deo
1167 3258 1389 3305 infunditur,
1412 3260 1492 3295 sine

191 3050 201 3060 ¹
217 3049 241 3070 In
258 3049 308 3070 eod.
324 3055 374 3076 cap.

485 3372 512 3405 α)
532 3372 645 3396 interior
670 3375 755 3397 actus.
778 3386 797 3390 —-
821 3375 897 3397 actus
915 3373 944 3402 E,
963 3373 1071 3405 quidam
1099 3373 1211 3398 interior
1236 3376 1312 3398 actus
1330 3372 1360 3403 F,
1383 3373 1492 3404 quidam
1599 3371 1624 3406 δ)
1641 3372 1847 3404 parturivimus.
1864 3386 1883 3390 —
1901 3371 1978 3404 quasi
1992 3372 2191 3403 parturivimus
2210 3373 2292 3403 tertia.

431 3411 507 3433 actus
526 3407 640 3432 interior
657 3408 739 3432 tertia.
1599 3407 1621 3440 ε)
1637 3408 1814 3439 poenitentia.
1832 3421 1851 3426 -
1869 3407 1931 3432 DFa
1950 3413 1975 3432 et
1992 3408 2080 3436 tertia;
2096 3409 2299 3439 poenitentiam.

486 3442 512 3475 β)
531 3450 594 3467 esse.
612 3457 631 3460 —
650 3443 675 3467 in
697 3443 771 3467 nobis
790 3450 846 3467 esse
864 3443 946 3468 tertia.
1598 3443 1624 3476 ζ)
1644 3450 1706 3475 quo.
1722 3457 1742 3461 —
1759 3443 1821 3467 DFa
1841 3447 1866 3467 et
1884 3442 1975 3472 tertia;
1996 3443 2037 3467 vel
2055 3451 2114 3475 quo.

485 3478 512 3512 γ)
531 3478 654 3510 concipit.
671 3493 690 3496 -
707 3478 827 3510 concepit
847 3478 895 3503 PB.
1598 3477 1626 3511 η)
1645 3478 1798 3503 ordinante.
1816 3492 1835 3496 —-
1853 3478 1977 3503 ordinate
1996 3478 2027 3507 Η,
2047 3479 2192 3504 ordinante
2212 3480 2235 3511 b,
2254 3481 2382 3506 ordinato
2400 3481 2443 3506 Pc.
