2878 4088
160 298 173 307 '¹
194 295 283 316 Eccles.
305 293 373 315 Hier.

163 328 214 350 cap.
230 328 251 347 v,
268 322 276 347 5
291 327 311 349 3.

165 471 334 498 ·1bid.,cap.u,
342 471 350 495 5
357 475 376 491 2.

165 518 175 527 ·
184 515 251 542 Ibid.,
259 518 279 536 et
288 519 378 542 cap.111,

168 822 254 876 aaa
263 821 380 876 ¹35²&

168 914 178 924 ·
192 912 260 934 Vera.
277 918 311 939 ¹4,
328 912 373 940 ι5.“

170 1313 179 1321 “
202 1309 238 1331 Cf.
259 1309 320 1330 Part.
341 1308 381 1334 111,

401 207 448 253 54
945 255 947 257 q
1007 204 1270 252 QUAESTIO
1300 203 1435 249 XXIX,
1465 201 1758 238 ARTICULUS
1786 201 1828 248 11,
1848 201 1894 237 111

459 285 487 315 3.
512 284 709 319 plumeam,
727 283 906 314 secundum
925 283 1120 324 Dionysium
1135 284 1162 319 *,
1179 292 1277 313 omne
1293 290 1470 312 sacramen-

402 335 473 360 tum
495 329 546 358 vel
569 327 609 358 ad
626 327 840 369 purgandum
864 333 920 364 est,
944 328 996 358 vel
1019 327 1058 358 ad
1082 327 1341 361 illuminandum,
1357 325 1408 355 vel
1432 323 1471 354 ad

397 372 642 415 perficiendum.
667 372 731 403 Sed
746 377 885 402 extrema
907 373 1019 403 unctio
1035 382 1103 402 non
1118 372 1250 412 ponitur
1265 380 1325 401 nec
1341 369 1381 400 ad
1396 378 1471 408 pur-

403 417 545 458 gandum
574 426 636 447 nec
666 415 706 447 ad
735 416 999 453 illuminandum,
1025 417 1100 456 quia
1129 416 1193 446 hoc
1222 415 1282 445 soli
1312 414 1471 453 baptismo

404 462 584 492 attribuitur
599 462 633 491 *z
664 470 726 491 nec
749 461 789 491 ad
811 460 1060 501 perficiendum,
1086 461 1161 500 quia
1187 460 1268 494 hoc,
1294 456 1472 488 secundum

404 507 512 546 ipsum
541 506 735 547 Dionysium
750 506 783 542 *ἢ
807 506 945 546 pertinet
975 504 1015 535 ad
1046 505 1181 535 chrisma
1204 508 1235 533 et
1258 502 1298 533 ad
1321 501 1472 532 Euchari-

406 550 508 581 stiam.
532 550 618 590 Ergo
644 555 783 580 extrema
806 550 917 580 unctio
942 559 1009 580 non
1033 554 1080 579 est
1102 552 1346 578 sacramentum.

462 594 524 625 San
549 604 689 630 CONTRA,
717 599 914 624 sacramenta
943 593 1104 624 Ecclesiae
1136 591 1329 622 sufficienter
1359 590 1474 620 subve-

406 639 500 669 niunt
524 638 700 669 defectibus
729 639 901 669 hominurn
931 637 1110 668 secundum
1140 636 1316 677 quemlibet
1346 639 1472 664 statum.

407 682 471 714 Sed
494 683 684 713 exeuntibus
702 692 771 713 non
786 682 934 712 subvenit
957 681 1043 712 aliud
1067 690 1165 722 quam
1189 685 1328 711 extrema
1350 678 1473 709 unctio.

407 727 494 768 Ergo
517 728 587 767 ipsa
610 733 657 757 est
679 732 923 757 sacramentum.

465 781 494 802 2.
518 772 716 807 Pau-ranna,
740 776 935 801 sacramenta
957 770 1036 800 nihil
1059 768 1146 800 aliud
1169 774 1244 800 sunt
1259 777 1358 808 quam
1377 775 1474 807 quae-

408 815 483 846 dam
501 815 678 856 spirituales
701 815 879 845 medicinae
895 815 921 845 ἦ
946 813 1010 845 Sed
1025 820 1165 844 extrema
1187 814 1298 844 unctio
1315 817 1361 842 est
1377 821 1474 852 quae-

408 859 482 891 dam
506 860 675 900 spiritualis
697 859 872 890 medicina:
899 859 975 898 quia
993 858 1077 888 valet
1100 857 1139 888 ad
1162 858 1384 888 remissionem
1399 865 1474 896 pec-

409 910 564 939 catorum,
589 909 625 934 ut
647 904 782 933 habetur
805 903 865 933 Iac.
882 913 902 932 v
918 904 944 933 ’ἦ
968 903 1055 942 Ergo
1080 907 1127 932 est
1149 906 1392 932 sacramentum.

462 949 652 978 Rasronnao
676 957 836 977 memnon
860 946 950 986 quod
971 947 1005 976 in
1028 947 1076 976 his
1101 956 1184 986 quae
1207 946 1350 976 Ecclesia
1367 944 1475 974 visibi-

372 999 375 1000 ’
408 992 479 1022 liter
503 997 669 1031 operatur,
694 990 852 1030 quaedam
883 996 957 1020 sunt
986 995 1198 1026 sacramenta,
1222 995 1259 1020 ut
1282 989 1475 1029 baptismus;

410 1035 567 1075 quaedam
591 1035 837 1070 sacramentalia,
861 1039 898 1064 ut
921 1035 1126 1064 exorcismus.
1155 1034 1305 1071 Quorum
1329 1038 1375 1062 est
1397 1033 1476 1062 haec

409 1079 601 1115 differentia,
627 1079 702 1118 quia
729 1083 963 1108 sacramentum
994 1078 1108 1108 dicitur
1131 1077 1185 1107 illa
1207 1078 1290 1107 actio
1314 1076 1476 1106 Ecclesiae

410 1133 493 1163 quae
517 1124 640 1163 attingit
663 1122 703 1152 ad
727 1121 877 1152 effectum
900 1121 1116 1162 principaliter
1138 1122 1298 1151 intentum
1321 1121 1355 1150 in
1376 1119 1476 1150 admi—

408 1168 595 1198 nistratione
625 1172 916 1196 sacramentorum:
948 1165 1004 1196 sed
1031 1165 1257 1196 sacramentale
1288 1164 1402 1194 dicitur
1424 1163 1478 1193 illa

410 1212 493 1242 actio
518 1221 611 1251 quae,
636 1211 782 1251 quamvis
805 1220 873 1241 non
897 1211 1054 1250 pertingat
1076 1209 1116 1239 ad
1138 1210 1230 1239 illum
1254 1207 1414 1243 effectum,
1431 1213 1477 1237 ta-

409 1265 485 1286 men
509 1255 673 1286 ordinatur
696 1255 805 1295 aliquo
829 1254 929 1285 modo
954 1253 993 1284 ad
1015 1254 1103 1284 illam
1130 1254 1291 1284 actionem
1318 1252 1477 1292 principa-

408 1300 473 1330 lem
489 1301 515 1330 *.
540 1299 681 1330 Effectus
712 1305 819 1330 autem
849 1299 991 1329 intentus
1017 1299 1051 1328 in
1074 1297 1347 1328 administratione
1376 1306 1477 1326 sacra-

1525 281 1701 310 mersiones
1717 285 1791 310 sunt
1806 288 1910 310 unum
1933 283 2168 309 sacramentum
2190 278 2349 318 baptismi.
2372 277 2459 318 Ergo
2476 282 2507 308 et
2522 278 2594 319 plu-

1525 334 1575 355 res
1597 325 1767 354 unctiones
1791 329 1866 354 sunt
1888 332 1992 353 unum
2015 327 2260 352 sacramentum.

1584 378 1612 398 2.
1637 368 1833 404 Pium-rarum
1858 368 1884 398 si
1907 376 1975 397 non
1998 372 2081 397 esset
2102 375 2207 397 unum
2229 371 2480 403 sacramentum,
2505 371 2593 402 tunc,

1527 411 1609 442 facta
1631 413 1734 452 prima
1757 412 1928 448 unctione,
1951 420 2020 441 non
2044 415 2207 450 oporteret
2229 409 2270 440 ad
2291 409 2523 450 perfectionem
2545 420 2594 441 sa-

1494 468 1503 488 5
1528 457 1682 486 eramenti
1705 456 1795 496 quod
1817 455 1907 486 fieret
1931 454 2089 486 secunda:
2122 455 2197 494 quia
2227 453 2395 494 quodlibet
2416 463 2594 485 sacramen-

1527 506 1598 531 tum
1620 510 1678 541 per
1703 511 1737 531 se
1759 501 1855 531 habet
1884 509 1952 530 esse
1981 498 2170 539 perfectum.
2205 497 2268 529 Sed
2298 498 2362 528 hoc
2391 497 2508 529 falsum
2537 504 2593 529 est.

1528 545 1614 585 Ergo
1639 550 1686 575 est
1708 554 1811 575 unum
1835 549 2078 575 sacramentum.

1583 590 1773 620 Rasponmzo
1798 598 1958 619 monimum
1982 587 2072 628 quod
2099 596 2203 617 unum
2233 595 2387 623 numero,
2410 595 2468 626 per
2490 596 2525 617 se
2547 587 2596 617 lo-

1529 633 1671 674 quendo,
1693 633 1807 664 dicitur
1829 633 1993 674 tripliciter
2008 633 2035 662 ἥ.
2059 631 2134 662 Uno
2158 630 2270 667 modo,
2291 631 2373 661 sicut
2394 630 2595 667 indivisibile,

1490 689 1515 703 ιο
1530 677 1620 718 quod
1634 688 1695 709 nec
1712 683 1785 708 actu
1800 687 1860 708 nec
1876 677 2021 718 potentia
2036 681 2083 706 est
2098 675 2208 715 plura:
2228 680 2265 705 ut
2280 680 2420 715 punctus
2436 680 2468 705 et
2482 675 2595 706 unitas.

1528 723 1603 753 Alio
1627 722 1739 758 modo,
1756 723 1839 753 sicut
1858 722 2060 756 continuum,
2077 719 2167 760 quod
2183 718 2316 759 quidem
2332 724 2406 749 actu
2422 724 2469 749 est
2483 728 2596 756 unum,

1530 766 1586 797 sed
1601 767 1693 807 plura
1707 767 1869 807 potentia:
1893 771 1930 796 ut
1944 766 2038 796 linea.
2058 765 2170 795 Tertio
2193 763 2305 800 modo,
2322 763 2404 794 sicut
2418 762 2598 803 perfectum

1530 811 1663 851 aliquod
1679 810 1768 852 quod
1785 821 1823 841 ex
1838 811 1983 851 pluribus
2006 809 2148 850 partibus
2171 808 2390 839 constituitur:
2415 813 2452 838 ut
2470 807 2597 844 domus,

1531 865 1614 896 quae
1638 861 1685 886 est
1707 855 1808 886 multa
1831 853 2076 895 quodammodo
2091 854 2126 884 in
2142 858 2226 889 actu,
2250 852 2306 883 sed
2328 852 2382 883 ina
2403 852 2506 883 multa
2521 861 2599 883 con-

1491 910 1513 930 ις
1530 901 1664 931 veniunt
1679 901 1713 931 in
1728 900 1838 940 aliquo
1861 909 1940 930 uno.
1965 899 2006 929 Et
2020 899 2084 929 hoc
2105 896 2207 928 modo
2231 895 2399 937 quodlibet
2421 906 2599 927 sacramen-

1530 951 1601 975 tum
1625 944 1739 975 dicitur
1762 953 1884 974 unum:
1914 944 2108 983 inquantum
2138 942 2239 972 multa
2270 950 2354 981 quae
2376 947 2451 972 sunt
2473 942 2507 972 in
2530 950 2598 971 uno

1531 994 1740 1024 sacramento,
1765 987 1945 1018 adunantur
1960 987 2000 1018 ad
2015 996 2119 1017 unum
2140 985 2385 1026 significandum
2400 986 2452 1016 vel
2467 995 2600 1016 causan-

1532 1033 1620 1063 dum.
1656 1032 1741 1070 Quia
1773 1037 2008 1062 sacramentum
2040 1029 2250 1070 significando
2283 1035 2400 1061 causat.
2436 1030 2477 1061 Et
2506 1029 2598 1067 ideo,

1532 1076 1663 1117 quando
1694 1086 1759 1107 una
1788 1077 1871 1106 actio
1901 1075 2018 1106 sufficit
2044 1074 2084 1105 ad
2110 1073 2285 1115 perfectam
2314 1073 2599 1114 significationem,

1491 1129 1518 1143 ²0
1531 1121 1636 1151 unitas
1663 1121 1852 1150 sacramenti
1882 1120 2026 1150 consistit
2048 1119 2082 1149 in
2105 1119 2159 1149 illa
2187 1119 2314 1149 actione
2343 1123 2487 1150 tantum:
2518 1119 2601 1150 sicut

1531 1169 1619 1205 patet
1641 1165 1675 1194 in
1699 1163 1953 1194 confirmatione.
1985 1161 2126 1200 Quando
2154 1168 2262 1193 autem
2286 1162 2475 1203 significatio
2499 1173 2600 1194 sacra-

1532 1209 1633 1239 menti
1655 1213 1763 1248 potest
1785 1217 1853 1238 esse
1877 1213 1908 1238 et
1930 1208 1965 1237 in
1987 1216 2052 1237 una
2075 1211 2107 1237 et
2129 1207 2163 1236 in
2185 1206 2294 1236 multis
2317 1207 2506 1244 actionibus,
2522 1213 2601 1238 tunc

1533 1258 1767 1284 sacramentum
1797 1250 1907 1292 perfici
1937 1255 2044 1291 potest
2071 1255 2102 1280 et
2123 1260 2189 1280 una
2219 1250 2345 1280 actione
2375 1255 2407 1281 et
2437 1251 2599 1291 pluribus:

1533 1298 1615 1328 sicut
1637 1297 1814 1336 baptismus
1843 1305 1908 1333 una
1937 1295 2144 1325 immersione
2168 1299 2199 1324 et
2221 1294 2338 1330 tribus,
2363 1295 2439 1335 quia
2462 1294 2601 1332 ablutio,

2624 635 2634 645 '¹
2648 633 2747 655 Aristot.
2757 633 2836 655 Meta-

2620 659 2773 688 phya.lib.1V
2784 666 2797 681 c

2624 693 2658 713 νις
2675 676 2797 709 ⁸.Th.1il’.

2623 714 2676 735 lect.
2697 719 2741 741 vn,
2761 718 2811 735 vm.
2825 725 2837 730 -

2624 739 2838 793 .0f..·.¹::¹:.:.¹¹;.q⁰·

170 1343 208 1364 qu.
231 1342 274 1361 Lx,
297 1339 339 1356 art.
362 1341 383 1361 2,

171 1363 199 1384 „d
218 1369 242 1391 3³
258 1362 289 1383 w
303 1362 381 1388 Sem„
409 1350 594 1375 mentorum
619 1349 665 1374 est
689 1344 810 1374 curatio
833 1343 939 1373 morbi
962 1343 1103 1383 peccati:
1138 1342 1234 1372 Isaiae
1258 1351 1342 1372 xxvu
1357 1342 1384 1377 ἦ
1411 1340 1479 1371 Hic
1493 1353 1516 1374 ος
1533 1351 1617 1382 quae
1633 1340 1828 1381 significatur
1842 1341 1877 1370 in
1891 1340 2062 1380 baptismo,
2078 1344 2185 1379 potest
2203 1348 2271 1369 esse
2286 1348 2344 1379 per
2359 1348 2459 1370 unam
2473 1339 2603 1371 immer-

171 1390 344 1443 g'ssssffiwgffiqtj:
360 1394 381 1414 ιι
410 1394 457 1419 est
479 1389 583 1419 omnis
603 1389 757 1430 fructus,
783 1393 819 1418 ut
841 1388 978 1418 tollatur
1000 1392 1180 1427 peccatum.
1212 1386 1254 1416 Et
1278 1385 1370 1422 ideo,
1403 1394 1478 1435 cum
1533 1387 1660 1417 sionem
1675 1390 1707 1416 et
1721 1395 1778 1425 per
1801 1384 1927 1434 multas.
1953 1382 2094 1421 Quando
2118 1388 2227 1433 autem
2249 1382 2391 1423 perfecta
2412 1383 2602 1424 significatio

171 1444 182 1454 ·
196 1432 263 1463 νηὶ.
279 1447 299 1470 9-
410 1432 451 1463 ad
473 1434 560 1463 hunc
583 1432 734 1463 effectum
757 1433 915 1472 pertingat
939 1437 1078 1462 extrema
1100 1431 1230 1467 unctio,
1254 1436 1291 1460 ut
1314 1439 1352 1460 ex
1374 1430 1478 1460 verbls
1532 1441 1602 1462 non
1616 1435 1724 1470 potest
1747 1439 1815 1460 esse
1837 1429 1899 1459 nisi
1913 1438 1971 1468 per
1985 1428 2093 1468 plures
2116 1432 2268 1463 actiones,
2284 1432 2363 1458 tunc
2380 1428 2488 1468 plures
2504 1429 2603 1459 actio—

172 1487 182 1497 ·
206 1485 241 1507 ef.
265 1491 312 1512 arg.
336 1483 385 1506 sed
411 1478 519 1508 Iacobi
534 1479 551 1494 ⁸*
573 1482 680 1517 patet;
703 1486 764 1507 nec
788 1476 953 1507 ordinetur
968 1476 1008 1506 ad
1024 1476 1111 1506 aliud
1133 1480 1368 1506 sacramentum
1387 1474 1478 1514 quasi

172 1514 263 1534 ⁶⁰¹¹'m‘
412 1522 441 1552 ei
465 1531 641 1552 annexum:
667 1526 791 1552 constat
815 1520 904 1561 quod
928 1525 1067 1551 extrema
1090 1520 1201 1551 unctio
1225 1529 1293 1550 non
1317 1524 1364 1549 est
1378 1528 1479 1549 sacra-

410 1566 560 1602 mentale,
584 1565 640 1596 sed
663 1571 907 1596 sacramentum.
1495 1576 1520 1596 30
1534 1574 1602 1595 non
1625 1568 1732 1604 potest
1755 1572 1823 1593 esse
1845 1562 1907 1592 nisi
1930 1571 1987 1602 per
2010 1562 2120 1591 cibum
2143 1566 2174 1591 et
2189 1565 2315 1601 potum.
2339 1561 2381 1592 Et
2395 1561 2540 1592 similiter
2557 1567 2605 1592 est

466 1611 517 1640 An
541 1620 659 1640 ramum
681 1619 764 1640 nano
789 1619 949 1640 mmmmm
979 1608 1070 1649 quod
1099 1608 1210 1639 oleum
1240 1617 1306 1648 quo
1331 1607 1480 1638 catechu-
1534 1610 1568 1639 in
1583 1609 1647 1639 hoc
1663 1612 1880 1638 sacramento:
1905 1607 1981 1646 quia
2000 1606 2122 1636 curatio
2145 1605 2335 1636 interiorum
2349 1605 2521 1637 vulnerum
2535 1615 2604 1637 non

412 1655 500 1685 meni
522 1655 738 1694 inunguntur,
764 1664 821 1685 sua
846 1654 1001 1684 unctione
1027 1663 1096 1684 non
1125 1652 1272 1693 perducit
1295 1651 1335 1683 ad
1357 1652 1480 1692 peccati
1534 1658 1642 1694 potest
1664 1651 1804 1692 perfecte
1827 1650 1997 1691 significari
2016 1650 2078 1680 nisi
2091 1659 2150 1690 per
2165 1650 2404 1690 appositionem
2425 1650 2604 1682 medicinae

413 1699 644 1735 remissionem,
662 1699 738 1739 quia
760 1699 824 1729 hoc
840 1698 879 1728 ad
894 1698 1090 1738 baptismum
1112 1697 1266 1737 pertinet:
1292 1696 1348 1727 sed
1371 1697 1479 1736 aliquo
1535 1697 1575 1728 ad
1591 1697 1728 1728 diversas
1750 1696 1922 1726 vulnerum
1944 1694 2074 1725 radices.
2099 1694 2140 1724 Et
2155 1693 2229 1725 ideo
2249 1694 2357 1734 plures
2372 1695 2515 1726 actiones
2530 1700 2606 1726 sunt

413 1742 513 1773 modo
531 1743 570 1774 ad
585 1744 780 1783 baptismum
804 1743 945 1782 disponit
960 1744 986 1773 ὓ.
1011 1742 1052 1772 Et
1066 1741 1140 1772 ideo
1157 1751 1225 1772 non
1241 1747 1288 1772 est
1303 1750 1481 1772 sacramen·
1536 1741 1576 1772 de
1599 1740 1797 1782 perfectione
1819 1740 1915 1770 huius
1939 1738 2136 1770 sacramenti.

1533 1485 1591 1506 nes
1614 1479 1689 1505 sunt
1712 1473 1752 1504 de
1774 1473 1973 1514 perfectione
1997 1472 2202 1503 sacramenti:
2228 1472 2310 1502 sicut
2324 1477 2412 1512 patet
2427 1473 2462 1503 in
2476 1472 2603 1504 Eucha—

1533 1520 1629 1555 ristia,
1654 1519 1730 1559 quia
1752 1517 1884 1549 refectio
1909 1516 2094 1557 corporalis,
2111 1525 2195 1556 quae
2217 1515 2374 1556 significat
2396 1517 2602 1557 spiritualem,

174 1752 184 1762 ·
202 1749 237 1772 Cf.
256 1749 289 1770 IV
307 1749 384 1775 Sent„

175 1777 229 1798 dist.
249 1782 286 1800 vt.
302 1782 340 1803 qu.
357 1781 385 1801 ιι,

175 1807 217 1825 art.
232 1809 252 1850 31
268 1803 312 1830 quR
327 1808 346 1827 2,
360 1807 387 1830 3³
414 1793 485 1818 tum
507 1787 561 1818 illa
583 1788 706 1825 unctio,
731 1788 812 1818 sicut
834 1788 945 1817 unctio
970 1792 1119 1817 extrema.
1497 1797 1518 1817 35
1590 1787 1641 1816 An
1665 1795 1783 1815 panum
1805 1794 1888 1815 ERGO
1913 1793 2073 1814 mmmmm
2103 1782 2193 1823 quod
2215 1783 2320 1813 unitas
2342 1783 2441 1814 totius
2463 1782 2605 1823 perfecta

175 1829 387 1884 {gf¹·2ff¹3}⁰·²¹¹¹v
469 1831 521 1862 An
545 1842 708 1862 sncrmmm
730 1841 890 1862 mcmmum
914 1830 1004 1871 quod
1023 1831 1087 1860 hoc
1110 1835 1345 1860 sacramentum
1367 1830 1481 1860 imme·
1535 1840 1604 1861 non
1633 1830 1756 1860 tollitur
1783 1838 1840 1869 per
1864 1827 2078 1858 diversitatem
2107 1827 2257 1857 materiae
2287 1833 2342 1858 aut
2369 1827 2491 1858 formae
2522 1837 2606 1868 quae

416 1876 499 1907 diate
522 1877 689 1906 hominem
719 1875 758 1906 ad
787 1876 922 1916 gloriam
955 1875 1112 1915 disponit,
1144 1884 1219 1904 cum
1251 1874 1440 1904 exeuntibus
1464 1884 1482 1904 a
1537 1880 1584 1906 est
1605 1875 1639 1905 in
1662 1874 1804 1914 paru'bus
1827 1873 1935 1903 totius.
1960 1872 2050 1903 Sicut
2073 1877 2198 1902 constat
2220 1871 2310 1911 quod
2332 1881 2401 1903 non
2425 1877 2472 1903 est
2493 1872 2605 1903 eadem

416 1930 552 1960 corpore
582 1920 683 1951 detur.
717 1920 758 1950 Et
788 1921 863 1960 quia
893 1921 926 1950 in
957 1920 1055 1950 veteri
1086 1919 1156 1959 lege
1187 1928 1255 1948 non
1285 1924 1350 1949 erat
1377 1918 1481 1949 adhuc
1536 1919 1667 1950 materia
1691 1918 1792 1949 carnis
1808 1923 1839 1948 et
1855 1918 1945 1953 ossis,
1962 1926 2000 1947 ex
2017 1916 2134 1956 quibus
2158 1916 2362 1946 constituitur
2384 1925 2469 1947 unus
2491 1917 2606 1953 horno,

415 1970 543 2004 tempus
566 1964 773 2005 perveniendi
796 1964 836 1995 ad
858 1964 1003 2004 gloriam,
1028 1964 1104 2003 quia
1130 1963 1287 1993 neminem
1311 1963 1354 1993 ad
1370 1963 1482 2004 perse·
1536 1973 1598 1994 nec
1621 1962 1734 1994 eadem
1756 1962 1869 1993 forma.
1895 1961 1936 1992 Et
1950 1960 2094 1992 similiter
2108 1961 2142 1990 in
2157 1965 2356 1993 sacramento
2377 1960 2605 1997 Eucharistiae,

177 2008 188 2017 '
201 2005 237 2027 M
250 2005 320 2031 Heb„
337 2010 388 2031 cap.
416 2014 501 2039 ctum
525 2009 663 2040 adduxit
692 2010 746 2040 lex
761 2010 796 2045 ἢ
828 2008 902 2039 ideo
932 2007 1011 2038 illud
1040 2012 1275 2038 sacramentum
1301 2007 1346 2037 ibi
1368 2006 1482 2047 praefi·
1496 2017 1524 2037 4ο
1538 2014 1570 2038 et
1591 2008 1626 2038 in
1648 2008 1713 2037 hoc
1736 2010 1952 2041 sacramento,
1975 2005 2138 2045 pluralitas
2160 2005 2311 2035 materiae
2334 2009 2366 2035 et
2388 2004 2512 2035 formae
2533 2006 2607 2036 uni·-

177 2038 217 2058 vu,
233 2038 292 2053 vers.
309 2037 341 2059 ¹9·

415 2054 520 2093 gurari
542 2063 611 2083 non
635 2053 744 2084 debuit
767 2062 824 2093 per
847 2051 979 2092 aliquod
1007 2056 1241 2082 sacramentum
1268 2051 1327 2081 sibi
1350 2060 1482 2091 respon-

417 2097 511 2133 dens,
543 2098 625 2128 sicut
654 2106 711 2137 per
740 2096 876 2137 figuram
906 2096 1050 2127 eiusdem
1079 2096 1213 2136 generis.
1248 2095 1403 2133 Quamvis
1426 2105 1484 2135 per

415 2141 532 2181 figuras
563 2147 702 2172 remotas
734 2141 842 2182 aliquo
874 2140 974 2171 modo
1007 2139 1180 2180 figuratum
1211 2140 1249 2169 sit
1275 2140 1309 2170 in
1333 2139 1483 2170 omnibus

418 2187 634 2216 curationibus
659 2195 742 2226 quae
764 2185 914 2225 leguntur
936 2185 970 2215 in
992 2185 1092 2215 veteri
1114 2184 1195 2223 lege.

1537 2057 1636 2083 tatem
1659 2050 1847 2081 sacramenti
1869 2059 1938 2080 non
1960 2049 2053 2080 tollit.

1592 2096 1644 2126 An
1667 2104 1830 2126 sacrmmm
1860 2103 2020 2124 mesanum
2050 2092 2158 2134 quod,
2186 2093 2333 2133 quamvis
2361 2093 2434 2124 illae
2463 2094 2608 2125 actiones

1538 2141 1601 2171 sint
1630 2139 1738 2180 plures
1769 2138 1969 2178 simpliciter,
1993 2143 2102 2168 tamen
2131 2138 2287 2168 uniuntur
2315 2138 2350 2168 in
2372 2147 2438 2168 una
2467 2137 2607 2179 perfecta

1539 2185 1682 2220 actione,
1708 2193 1791 2224 quae
1819 2188 1866 2213 est
1888 2183 2000 2213 unctio
2031 2182 2180 2213 omnium
2211 2182 2405 2214 exteriorum
2435 2192 2607 2220 sensuum,

471 2230 522 2260 AD
538 2240 673 2260 'mm-nm
695 2239 856 2260 men-imum
874 2228 963 2269 quod
979 2229 1154 2269 Dionysius
1170 2238 1237 2258 non
1253 2227 1328 2258 facit
1343 2228 1484 2268 aliquam
1497 2242 1522 2262 45
1540 2229 1657 2270 quibus
1679 2228 1822 2259 hauritur
1845 2227 1978 2258 morbus
2000 2227 2141 2258 interior.

375 2291 378 2294 ·
417 2275 616 2305 mentionem
640 2274 679 2305 de
703 2279 842 2305 extrema
865 2274 1029 2310 unctione,
1046 2274 1128 2303 sicut
1150 2282 1211 2303 nec
1231 2272 1271 2303 de
1286 2273 1484 2312 poenitentia

417 2328 477 2349 nec
502 2318 540 2349 de
563 2319 787 2354 matrimonio,
813 2318 887 2358 quia
916 2319 985 2358 ipse
1012 2327 1081 2348 non
1108 2317 1244 2348 intendit
1274 2316 1484 2348 determinare

419 2362 458 2393 de
482 2364 683 2393 sacramentis
714 2363 775 2393 nisi
805 2368 963 2403 quatenus
993 2372 1050 2402 per
1080 2371 1117 2392 ea
1147 2362 1347 2392 innotescere
1377 2367 1485 2402 potest

420 2407 648 2438 ecclesiasticae
670 2407 866 2438 hierarchiae
895 2406 1039 2437 ordinata
1069 2405 1234 2446 dispositio
1264 2412 1422 2446 quantum
1445 2406 1486 2436 ad

1594 2274 1644 2304 An
1669 2282 1804 2303 marum
1827 2281 1986 2302 monimum
2010 2271 2110 2312 quod,
2132 2271 2278 2311 quamvis
2300 2271 2334 2302 in
2357 2271 2565 2308 Eucharistia‚
2580 2272 2608 2303 si

1538 2323 1613 2358 post
1635 2317 1912 2348 consecrationem
1934 2316 2025 2356 panis
2047 2316 2202 2346 moriatur
2225 2315 2383 2352 sacerdos.
2402 2316 2482 2347 alius
2506 2326 2608 2348 sacer-

1539 2363 1598 2393 dos
1613 2363 1715 2402 possit
1737 2360 1911 2401 procedere
1934 2359 1974 2391 ad
1997 2360 2272 2391 consecrationem
2287 2361 2363 2397 vini,
2379 2361 2537 2401 incipiens
2550 2361 2609 2392 ubi

1538 2407 1593 2438 ille
1616 2406 1744 2442 dimisit,
1760 2405 1812 2436 vel
1835 2405 1931 2436 etiam
1954 2405 2096 2445 incipere
2111 2414 2130 2434 a
2145 2405 2250 2444 capite
2272 2414 2368 2445 supra
2391 2405 2486 2436 aliam
2508 2411 2609 2437 mate-

419 2453 579 2482 ministros
603 2458 634 2482 et
657 2452 798 2482 actiones
821 2452 1040 2482 ministrorum
1064 2456 1095 2481 et
1117 2451 1317 2490 recipientes.
1348 2451 1484 2487 Tamen,
1500 2463 1526 2484 ςο
1539 2453 1636 2488 riam;
1659 2456 1769 2481 tamen
1784 2450 1818 2480 in
1834 2455 1974 2480 extrema
1996 2449 2150 2480 unctione
2172 2458 2238 2479 non
2255 2454 2363 2489 potest
2377 2459 2396 2480 a
2411 2450 2514 2490 capite
2528 2451 2609 2481 inci-

420 2506 495 2527 cum
510 2506 566 2537 per
582 2502 755 2527 extremam
778 2497 967 2526 unctionem
990 2495 1104 2535 aliquis
1120 2500 1336 2535 consequatur
1353 2496 1486 2536 gratiam

420 2546 451 2570 et
474 2541 695 2571 remissionem
718 2546 935 2580 peccatorum,
958 2550 1027 2570 non
1051 2545 1097 2570 est
1121 2539 1256 2570 dubium
1279 2539 1369 2580 quod
1391 2540 1487 2570 habet

419 2585 485 2615 vim
508 2585 750 2615 illuminativam
774 2590 806 2615 et
823 2585 1032 2625 purgativam,
1050 2585 1132 2615 sicut
1155 2584 1348 2624 baptismus:
1374 2593 1486 2624 quam-

419 2629 466 2659 vis
489 2639 555 2659 non
578 2630 621 2660 ita
643 2630 781 2670 plenam.

442 2717 541 2747 ART.
565 2717 602 2747 II.
629 2727 735 2747 unum
757 2727 901 2748 nxarMA
923 2727 1038 2748 imc'rro
1062 2727 1108 2748 srr
1131 2727 1218 2747 uuum
1240 2727 1466 2748 sacRAMsNTUM

422 2815 506 2878 An
543 2815 704 2835 SECUNDUM
737 2815 782 2835 sm
813 2814 1018 2835 moerorum.
1051 2804 1186 2835 Videtur
1221 2804 1311 2845 quod
1348 2810 1488 2836 extrema

486 2850 596 2879 unctio
626 2859 694 2879 non
718 2850 758 2879 sit
780 2859 884 2880 unum
914 2854 1159 2880 sacramentum.
1193 2849 1278 2887 Quia
1307 2850 1413 2880 unitas
1442 2850 1488 2880 rei

422 2899 469 2924 est
492 2903 530 2924 ex
553 2903 609 2924 sua
631 2894 762 2924 materia
785 2899 817 2924 et
840 2904 878 2925 ex
901 2903 958 2924 sua
980 2893 1103 2924 forma:
1131 2903 1207 2925 cum
1231 2903 1269 2924 ex
1293 2893 1409 2925 eodem
1432 2895 1487 2924 ha·
1501 2904 1528 2924 ⁶0

421 2938 494 2968 beat
516 2948 565 2968 res
596 2948 662 2968 esse
691 2944 722 2968 et
749 2939 913 2969 unitatem.
948 2938 1011 2969 Sed
1041 2938 1145 2969 forma
1173 2939 1270 2969 huius
1300 2939 1488 2969 sacramenti

422 2982 603 3022 frequenter
625 2983 764 3019 iteratur,
789 2983 885 3013 etiam
908 2982 1021 3013 eadem
1042 2983 1131 3019 vice3
1161 2989 1192 3013 et
1215 2983 1347 3013 materia
1369 2983 1488 3023 pluries

422 3027 555 3057 inuncto
586 3026 767 3063 adhibetur,
797 3027 976 3058 secundum
1004 3027 1141 3058 diversas
1163 3033 1278 3067 partes.
1310 3027 1397 3068 Ergo
1420 3037 1488 3058 non

425 3076 471 3100 est
492 3081 595 3101 unum
621 3077 865 3102 sacramentum.

1540 2505 1627 2537 pere,
1644 2494 1700 2526 sed
1723 2494 1818 2525 debet
1840 2503 1967 2534 semper
1989 2493 2180 2534 procedere:
2205 2494 2282 2533 quia
2303 2494 2415 2525 unctio
2437 2495 2472 2525 in
2496 2494 2609 2526 eadem

1541 2546 1630 2581 parte
1657 2539 1739 2570 facta
1768 2544 1894 2570 tanturn
1923 2538 2007 2569 valet
2036 2547 2073 2568 ac
2100 2538 2127 2568 si
2149 2543 2388 2569 consecraretur
2417 2539 2465 2569 bis
2496 2538 2609 2570 eadem

1541 2586 1654 2621 hostia,
1680 2583 1769 2624 quod
1791 2583 1882 2614 nullo
1905 2582 2005 2613 modo
2034 2581 2218 2613 faciendum
2241 2587 2297 2613 est.
2326 2582 2396 2614 Nec
2418 2588 2526 2614 tamen
2549 2583 2610 2614 mi-

1541 2630 1715 2660 nistrorum
1738 2627 1899 2668 pluralitas
1921 2627 2006 2658 tollit
2020 2627 2176 2657 unitatem
2191 2627 2287 2658 huius
2303 2628 2508 2658 sacramenti:
2534 2628 2610 2668 quia

1502 2685 1525 2706 55
1541 2673 1822 2705 instrumentaliter
1844 2677 1970 2702 tantum
1993 2676 2184 2712 operantur:
2208 2671 2344 2702 mutatio
2360 2677 2468 2703 autem
2483 2672 2610 2703 martel-

1541 2719 1648 2749 lorum
1671 2727 1740 2748 non
1762 2716 1846 2748 tollit
1869 2717 2024 2747 unitatem
2048 2716 2244 2756 operationis
2266 2715 2356 2747 fabri.

1756 2807 1856 2839 ART.
1881 2807 1932 2838 111.
1956 2817 2062 2838 uranu
2083 2817 2149 2838 noc
2171 2816 2397 2838 sacamentum

1817 2862 1928 2883 runiu‘r
1951 2861 2136 2882 msrrrurtm
2159 2862 2180 2882 Α
2203 2861 2334 2882 αι-ικιετο

1781 2907 1814 2930 lV
1829 2907 1902 2935 Sene„
1918 2907 1972 2930 diet.
1986 2913 2010 2934 u,
2025 2913 2063 2935 qu.
2079 2913 2095 2933 ι,
2109 2910 2151 2929 ιη.
2165 2913 2189 2934 4,
2204 2906 2250 2935 qu*
2262 2913 2286 2933 4,
2301 2905 2330 2928 ad
2346 2913 2365 2929 ι.

1607 2993 1628 3013 D
1651 2991 1787 3013 ramum
1818 2991 1864 3012 sic
1893 2990 2098 3012 paocaurrua.
2129 2979 2263 3011 Videtur
2295 2978 2386 3020 quod
2415 2979 2479 3011 hoc
2511 2989 2611 3011 sacra-

1544 2995 1755 3058 Amentum
1770 3035 1838 3056 non
1853 3025 1949 3056 fuerit
1970 3025 2153 3056 institutum
2167 3034 2186 3055 a
2202 3024 2341 3055 Christo.
2365 3023 2452 3062 Quia
2467 3023 2508 3055 de
2521 3024 2611 3055 insti-

1543 3073 1668 3103 tutione
1692 3076 1964 3102 sacramentorum
1988 3079 2071 3110 quae
2095 3069 2240 3100 Christus
2263 3069 2408 3104 instituit,
2428 3067 2465 3099 fit
2486 3069 2610 3099 mentio

481 3124 509 3144 2.
533 3115 728 3152 PRAETEREA,
744 3117 812 3156 ipsa
834 3116 946 3147 unctio
971 3121 1018 3147 est
1040 3121 1292 3146 sacramentum:
1317 3115 1489 3147 ridiculum
1502 3129 1527 3155 ες
1542 3117 1577 3147 in
1600 3115 1793 3156 Evangelio:
1818 3115 1901 3145 sicut
1924 3113 1964 3145 de
1986 3114 2185 3145 Eucharistia
2203 3114 2220 3130 ¹*
2243 3118 2275 3143 et
2297 3113 2456 3153 baptismo
2472 3113 2518 3143 “.
2548 3111 2612 3144 Sed

426 3159 511 3188 enim
535 3164 581 3189 est
604 3159 708 3190 dicere
736 3159 825 3200 quod
855 3161 965 3191 oleum
989 3161 1028 3191 sit
1051 3166 1296 3191 sacramentum.
1329 3160 1393 3191 Sed
1415 3166 1489 3191 sunt

425 3203 531 3242 plures
554 3204 732 3234 unctiones.
756 3205 842 3244 Ergo
866 3210 940 3235 sunt
962 3205 1054 3245 plura
1077 3210 1281 3235 sacramenta.

482 3247 511 3277 3.
535 3247 729 3284 Pluinnam,
746 3258 849 3279 unum
868 3255 1104 3280 sacramentum
1118 3250 1158 3280 ab
1173 3259 1241 3280 uno
1257 3249 1402 3280 ministro
1418 3258 1489 3289 per-

427 3289 479 3320 fici
503 3290 605 3322 debet.
630 3291 692 3322 Sed
714 3293 748 3322 in
771 3293 879 3333 aliquo
904 3303 979 3324 casu
1003 3299 1143 3324 extrema
1165 3294 1277 3324 unctio
1299 3303 1368 3324 non
1383 3298 1491 3334 potest

1543 3161 1632 3192 nulla
1654 3159 1691 3191 fit
1716 3159 1839 3190 mentio
1870 3159 1909 3190 de
1941 3164 2081 3190 extrema
2109 3157 2275 3189 unctione.
2309 3157 2396 3197 Ergo
2425 3166 2494 3188 non
2524 3162 2571 3188 est
2593 3167 2612 3187 a

1545 3205 1674 3236 Christo
1697 3205 1850 3235 instituta.

1601 3259 1630 3279 2.
1654 3249 1852 3284 Plurimum,
1876 3247 2025 3288 Magister
2047 3255 2192 3286 expresse
2215 3245 2301 3282 dicit,
2325 3245 2359 3276 in
2377 3245 2513 3284 Quarto,
2536 3255 2612 3276 xxm

1545 3293 1615 3324 dist.
1627 3294 1655 3329 *‚
1668 3292 1758 3333 quod
1773 3297 1821 3323 est
1835 3291 2016 3322 institutum
2034 3291 2073 3321 ab
2085 3289 2260 3331 Apostolis.
2280 3289 2366 3330 Ergo
2382 3290 2451 3330 ipse
2467 3289 2612 3321 Christus

427 3334 537 3374 perfici
559 3336 598 3365 ab
621 3345 688 3366 uno
704 3337 867 3368 ministro:
893 3338 975 3368 sicut
997 3339 1023 3368 si
1046 3343 1120 3378 post
1142 3339 1279 3378 primam
1301 3339 1490 3369 unctionem
1504 3356 1531 3377 70
1544 3348 1602 3379 per
1625 3347 1658 3368 se
1681 3347 1749 3368 non
1772 3336 1917 3367 instituit.

428 3378 543 3408 factam
566 3379 712 3410 sacerdos
734 3382 903 3418 moriatur;
927 3387 1005 3412 tunc
1029 3383 1115 3413 enim
1138 3383 1218 3413 alius
1234 3382 1381 3413 sacerdos
1396 3381 1491 3413 debet

429 3422 560 3452 ulterius
589 3423 770 3462 procedere.
803 3425 888 3465 Ergo
920 3432 1059 3457 extrema
1087 3427 1199 3457 unctio
1228 3436 1296 3457 non
1320 3432 1367 3457 est
1390 3437 1491 3457 sacra-

429 3471 575 3496 mentum
598 3477 710 3498 unum.

485 3509 547 3540 San
572 3520 710 3547 conum,
734 3512 816 3542 sicut
838 3522 871 3543 se
893 3514 988 3544 habet
1018 3515 1180 3545 immersio
1211 3514 1251 3546 ad
1278 3515 1490 3556 baptismum,

1601 3382 1631 3413 3.
1655 3382 1852 3416 Puni-nana,
1869 3384 2103 3410 sacramentum
2118 3379 2346 3415 Eucharistiae,
2360 3378 2452 3419 quod
2466 3378 2612 3410 Christus

1545 3426 1690 3463 instituit,
1707 3426 1803 3456 etiarn
1824 3425 1894 3465 ipse
1916 3433 1974 3464 per
1995 3433 2030 3454 se
2053 3424 2196 3454 exhibuit
2210 3424 2237 3453 *.
2262 3422 2326 3454 Sed
2347 3423 2411 3454 hoc
2434 3432 2612 3454 sacramen-

1545 3477 1616 3501 tum
1637 3471 1706 3511 ipse
1729 3469 1809 3500 nulli
1833 3468 1985 3499 exhibuit.
2009 3468 2095 3508 Ergo
2119 3477 2177 3508 per
2198 3477 2232 3498 se
2254 3477 2324 3498 non
2345 3467 2490 3498 instituit.

1601 3514 1663 3546 San
1687 3511 1821 3549 coam,
1837 3517 2033 3543 sacramenta
2050 3521 2155 3543 novae
2170 3512 2248 3552 legis
2263 3517 2338 3543 sunt
2353 3511 2499 3552 digniora
2513 3519 2611 3551 quam

429 3554 473 3583 ita
496 3563 529 3584 se
551 3554 646 3585 habet
668 3556 777 3586 unctio
801 3556 840 3587 ad
863 3557 926 3587 hoc
949 3565 1191 3590 sacramentum.
1217 3559 1279 3590 Sed
1302 3559 1409 3600 plures
1430 3560 1491 3590 im-
1505 3563 1742 3598 „sacramenta
1756 3557 1870 3588 veteris
1885 3557 1972 3597 legis.
1993 3555 2056 3588 Sed
2071 3557 2180 3587 omnia
2196 3561 2391 3588 sacramenta
2405 3556 2519 3587 veteris
2533 3555 2612 3595 legis

2638 3115 2854 3145 'Mattheus-xxvi,

2638 3143 2807 3198 2333&ss
2817 3176 2855 3197 ιιι,

2638 3201 2724 3251 152⁸&ss
2730 3202 2792 3246 tis}
2799 3202 2852 3252 53¹3·

2639 3297 2721 3346 Zrcnp.
2743 3297 2796 3320 Hoc
2810 3303 2854 3320 m-

2637 3431 2857 3488 Zssfflffm
