2918 4088
45 3355 132 3379 ..ἢ

310 250 551 282 sacramento
570 243 763 280 mediante
783 241 1009 280 substantia:
1040 242 1089 279 ita
1108 242 1247 279 seilicet
1266 243 1373 291 quod

313 295 520 334 accidentia
549 295 721 345 corporis
741 294 879 333 Christi
908 307 988 331 non
1008 294 1149 331 habent
1177 294 1373 331 immedia-

312 356 392 387 tam
425 348 691 386 habitudinem
727 359 855 398 neque
887 347 936 384 ad
969 348 1045 385 1100
1077 355 1372 393 sacramentum,

312 413 440 451 neque
468 401 517 439 ad
545 413 709 451 corpora
741 413 841 450 quae
869 399 999 449 ipsum
1027 398 1282 437 circumstant.
1327 400 1374 436 Et

311 454 401 492 ideo
429 465 510 491 non
536 461 699 503 possunt
725 453 930 490 immutare
958 452 1144 499 medium,
1174 459 1216 489 ut
1244 451 1299 488 sic
1325 451 1373 488 ab

169 519 187 535 α
312 506 442 556 aliquo
470 506 659 556 corporali
687 507 801 544 oculo
829 505 951 543 videri
977 504 1125 555 possint
1145 510 1172 540 α.

175 576 197 597 ¹.
217 568 247 592 ad
259 575 284 598 :a
366 559 547 598 Secundo
575 559 677 609 quia,
697 558 794 596 sicut
812 570 928 608 supra
941 558 962 580 *
980 557 1126 594 dictum
1145 564 1212 604 est,
1233 568 1373 607 corpus

313 661 481 703 stantiae.
503 664 721 703 Substantia
734 671 875 710 autem,
890 663 1121 712 inquantum
1136 661 1373 708 huiusmodi,

312 729 394 756 non
422 725 476 755 est
502 717 671 758 visibilis>
686 718 801 754 oculo
821 715 1021 765 corporali,
1049 727 1177 764 neque
1205 714 1375 752 subiacet

173 771 188 805 β
313 770 426 808 alicui
453 770 598 817 sensui,
627 781 755 819 neque
775 768 790 799 β
817 768 1095 818 imaginationi,
1125 768 1192 805 sed
1221 767 1291 804 soli
1319 767 1374 804 in-

310 822 493 867 tellectui,
523 822 632 860 cuius
661 822 856 860 obiectum
884 829 940 858 est
967 821 1066 870 quod
1092 821 1180 871 quid
1206 826 1256 857 est
1273 820 1304 867 ²¹⁶,
1333 828 1376 857 ut

313 875 450 915 dicitur
476 875 516 912 in
543 876 590 913 III
617 875 663 912 de
688 876 828 912 Anima
847 873 878 911 *.
922 874 970 910 Et
997 873 1103 922 ideo,
1138 872 1292 923 proprie
1321 874 1375 910 lo-

311 928 492 978 quendo,
522 939 663 977 corpus
693 926 849 972 Christi,
880 926 1096 964 secundum
1125 926 1291 964 modum
1319 938 1375 963 es-

312 980 422 1018 sendi
458 992 578 1030 quem
612 980 728 1018 habet
764 979 804 1017 in
838 980 915 1017 hoc
950 987 1188 1017 sacramento
1201 1009 1210 1025 ,
1248 991 1375 1028 neque

313 1045 429 1072 sensu
463 1045 591 1082 neque
619 1032 889 1082 imaginatione
923 1032 1167 1082 perceptibile
1195 1040 1268 1069 est:
1309 1033 1376 1069 sed

53 1131 55 1134 ¹
306 1087 397 1124 solo
425 1086 628 1133 intellectu,
658 1085 726 1135 qui
754 1085 892 1123 dicitur
919 1087 1055 1122 oculus
1083 1085 1295 1135 spiritualis

58 1152 61 1175 ς
94 1168 130 1188 m.
366 1138 579 1189 Percipitur
606 1146 736 1176 autem
764 1138 1023 1176 diversimode
1051 1151 1074 1176 a
1093 1138 1252 1176 diversis
1270 1138 1377 1175 intel-

312 1191 482 1231 lectibus.
514 1191 617 1239 Quia
636 1191 741 1229 enim
761 1192 904 1229 mo'dus
923 1191 1075 1229 essendi
1102 1203 1182 1241 quo
1204 1190 1377 1228 Christus

312 1253 370 1284 est
396 1245 436 1282 in
464 1246 542 1282 hoc
563 1252 815 1292 sacramento,
845 1253 901 1282 est
927 1244 1080 1294 penitus
1109 1252 1378 1293 supernatura-

170 1297 188 1325 t
313 1297 358 1336 lis
381 1303 414 1346 Ὺ,
444 1310 467 1335 a
499 1298 777 1347 supernaturali
810 1297 1021 1346 intellectu,
1059 1297 1198 1335 scilicet
1231 1297 1376 1344 divino,

313 1351 531 1389 seeundum
559 1363 599 1388 se
627 1351 784 1388 visibilis
812 1358 884 1388 est:
914 1358 950 1387 et
977 1362 1047 1400 per
1067 1362 1309 1400 consequens
1328 1350 1376 1387 ab

313 1403 505 1443 intellectu
533 1403 646 1442 beato
673 1405 736 1442 vel
763 1404 886 1453 angeli
913 1405 975 1441 vel
1002 1403 1191 1450 hominis,
1225 1403 1293 1453 qui
1321 1415 1377 1440 se-

313 1509 419 1548 videt
446 1522 492 1548 ea
518 1521 618 1559 quae
646 1509 949 1559 supernaturalia
970 1517 1070 1555 sunt,
1099 1521 1170 1558 per
1186 1509 1378 1546 visionem

268 1576 270 1578 ·
313 1562 467 1600 divinae
495 1562 689 1600 essentiae.
732 1563 793 1599 Ab
821 1562 1012 1599 intellectu
1045 1570 1175 1599 autem
1209 1561 1378 1598 hominis

313 1614 470 1653 viatoris
497 1627 578 1653 non
596 1622 722 1665 potest
739 1615 909 1665 conspici
937 1614 1009 1652 nisi
1027 1627 1097 1665 per
1114 1614 1252 1652 fidem:
1283 1614 1380 1651 sicut

313 1675 352 1705 et
378 1675 503 1705 cetera
531 1668 845 1717 supernaturalia.
890 1668 966 1705 Sed
994 1680 1066 1705 nec
1094 1667 1210 1705 etiam
1237 1667 1379 1704 intelle-

307 1802 311 1804 ’
365 1799 394 1835 α)
408 1801 524 1834 possint.
537 1815 557 1820 —
571 1800 612 1825 PF
619 1808 627 1832 ;
642 1800 731 1833 possit
744 1800 801 1832 GH,
809 1803 927 1832 possunt
940 1799 1019 1825 ceteri
1034 1797 1092 1832 (sed
1106 1800 1127 1824 D
1140 1807 1194 1825 om.
1208 1799 1378 1824 immutare...

306 1835 436 1871 punine).

364 1870 381 1905 β
409 1878 502 1904 neqnoe.
517 1885 538 1891 -
553 1872 601 1898 sed
619 1878 668 1898 nec
685 1871 766 1897 etiam
786 1871 867 1897 tertia.

365 1871 392 1942 13
410 1907 634 1940 supernaturalis.
647 1921 667 1928 -
684 1907 768 1939 PlsG;
786 1906 945 1939 spiritualis.
957 1921 977 1926 —
993 1906 1196 1940 supernaturali
1214 1906 1303 1936 tertia;
1320 1912 1378 1938 spe-

308 2156 311 2157 ’
343 2157 365 2178 it
381 2156 516 2187 corpore
540 2146 664 2177 articuli
681 2146 783 2176 multa
797 2150 971 2176 occurrunt
986 2144 1127 2175 notanda
1146 2150 1176 2175 et
1192 2143 1374 2175 dubitanda.

308 2159 381 2223 'Iln
403 2191 531 2232 primis,
564 2191 646 2221 circa
671 2191 811 2221 rationes
838 2189 1055 2220 conclusionis
1077 2189 1213 2230 primae,
1240 2189 1374 2225 scilicet,

314 2235 442 2277 Corpus
468 2235 589 2266 Christi
617 2234 791 2265 secundum
809 2243 877 2265 esse
899 2233 986 2274 quod
1003 2233 1097 2264 habet
1112 2234 1144 2264 in
1160 2238 1374 2269 sacramento,

312 2289 379 2312 non
392 2284 440 2311 est
454 2279 576 2311 visibile
592 2279 687 2310 oculo
700 2278 875 2319 corporali,
889 2277 1119 2308 advertendum
1131 2283 1178 2308 est
1190 2277 1289 2318 quod,
1302 2277 1377 2308 licet

307 2319 485 2361 Scotus,in
495 2323 553 2354 ult.
567 2333 622 2364 qu.
635 2322 705 2354 dist.
718 2333 738 2353 x
755 2322 797 2353 IV
808 2322 906 2359 Sent.,
918 2323 1087 2362 impugnet
1105 2322 1221 2352 multas
1237 2322 1376 2352 rationes

313 2377 397 2409 quae
417 2367 591 2399 afferuntur
612 2377 672 2408 pro
690 2367 750 2398 hac
766 2367 991 2403 conclusione;
1017 2367 1092 2407 quia
1107 2371 1215 2396 tamen
1229 2371 1376 2396 neutram

313 2413 445 2444 istarum
468 2413 551 2453 quae
573 2412 607 2442 in
629 2411 731 2442 littera
753 2410 927 2442 afferuntur
949 2411 1119 2451 improbat,
1143 2411 1244 2441 immo
1267 2410 1376 2450 potius

312 2461 449 2498 utraque
479 2455 722 2497 quodammodo
754 2456 869 2486 utitur:
893 2473 917 2478 -
939 2460 971 2486 et
997 2454 1137 2486 secunda
1165 2454 1313 2495 quidem,
1343 2464 1377 2485 se

313 2505 443 2532 tenente
467 2509 505 2531 ex
526 2505 615 2540 parte
637 2499 767 2530 visibilis
789 2505 826 2530 ut
841 2500 995 2533 terminus
1011 2505 1058 2530 est
1072 2500 1214 2535 visionis,
1231 2508 1376 2539 expresse

313 2545 432 2581 utitur3
466 2544 570 2584 prima
600 2553 749 2584 quoque,
781 2543 1002 2575 considerante
1031 2543 1154 2574 visibile
1184 2543 1377 2583 inquantum

315 2597 411 2620 causa
433 2593 481 2619 est
494 2589 636 2624 visionis,
656 2587 899 2628 quodammodo
915 2588 1032 2618 utitur:
1055 2605 1079 2610 —
1101 2587 1175 2618 ideo
1192 2593 1377 2618 extraneum

315 2642 334 2664 a
355 2633 529 2674 praesentis
548 2633 653 2673 operis
676 2632 844 2672 proposito
861 2631 936 2662 duxi
952 2631 1122 2663 defendere
1137 2632 1275 2662 rationes
1290 2632 1376 2668 alias,

315 2683 399 2718 quae
421 2677 474 2707 hic
496 2686 565 2707 non
587 2681 763 2716 ponuntur.

371 2721 408 2752 11.
433 2721 469 2751 In
491 2719 632 2751 secunda
654 2721 787 2756 ratione,
811 2719 938 2751 adverte
961 2719 1127 2760 diligenter
1149 2721 1318 2756 terminos,
1341 2725 1378 2750 ut

314 2775 383 2796 non
406 2764 559 2801 fluctues,
590 2765 681 2805 quasi
704 2764 860 2795 contraria
889 2765 923 2794 in
945 2764 1095 2795 Auctoris
1119 2763 1263 2795 doctrina
1288 2765 1377 2795 inve-

64 2807 288 2862 ’ἂψ-11.
314 2809 417 2846 niens,
434 2809 513 2840 dum
530 2809 604 2839 alibi
619 2810 637 2825 *
661 2808 746 2844 dicit,
764 2817 839 2839 011111
857 2808 999 2839 Averroe
1014 2809 1059 2844 ”,
1084 2809 1292 2839 substantiam
1306 2818 1378 2849 par-

74 2840 162 2892 ¹x⁸x⁶¹ix.
175 2842 288 2888 iem:
314 2853 482 2885 ticularem
511 2853 634 2894 percipi
658 2862 676 2883 a
699 2853 884 2892 cogitativa,
914 2853 967 2882 hic
989 2861 1066 2883 vero
1097 2852 1174 2883 dicit
1196 2862 1214 2882 a
1236 2853 1306 2883 solo
1330 2853 1378 2883 in-

72 2891 287 2946 ffhm,
314 2897 445 2929 tellectu
468 2897 676 2928 substantiam
699 2897 862 2937 cognosci.
885 2897 954 2927 Nec
977 2896 1121 2936 loquitur
1143 2896 1183 2927 de
1206 2897 1380 2927 substantia

73 2948 287 2969 tnneomum.
315 2943 350 2974 in
373 2942 550 2978 communi,
574 2940 631 2972 sed
654 2940 693 2972 de
712 2941 887 2971 substantia
902 2941 1064 2980 singulari:
1090 2941 1166 2981 quia
1181 2941 1324 2981 loquitur
1339 2940 1379 2971 de

62 2999 64 3002 ·
316 2995 451 3027 corpore
474 2985 592 3017 Christi
614 2990 651 3016 ut
674 2990 721 3016 est
743 2985 776 3015 in
799 2985 863 3015 hoe
886 2989 1100 3021 sacrament0;
1125 2990 1249 3015 constat
1271 2990 1379 3016 autem

317 3040 434 3072 corpus
450 3029 569 3062 Christi
593 3039 661 3060 esse
685 3028 849 3070 quoddam
865 3029 1033 3069 singulare,
1057 3034 1089 3059 et
1103 3028 1239 3060 modum
1255 3029 1380 3060 essendi

315 3075 351 3106 in
372 3075 436 3106 hoc
459 3079 659 3106 sacramento
684 3083 751 3104 esse
770 3083 839 3104 rem
855 3073 1056 3113 singularem.
1080 3073 1263 3114 Utrumque
1281 3073 1380 3114 siqui-

317 3117 391 3150 dem
419 3123 466 3150 est
494 3127 623 3149 verum:
655 3117 735 3149 illud
762 3117 894 3158 quidem
919 3117 958 3148 de
988 3117 1163 3148 substantia
1194 3116 1382 3148 individuali

316 3162 497 3194 secundum
518 3162 686 3193 materiam
711 3162 868 3202 signatam
891 3162 1083 3202 quantitate3
1114 3162 1178 3192 hoc
1205 3166 1313 3192 autem
1340 3161 1380 3192 de

316 3207 491 3238 substantia
512 3205 698 3237 individuali
719 3211 756 3237 ut
779 3206 874 3237 habet
893 3205 1029 3236 modum
1045 3205 1169 3236 essendi
1191 3215 1291 3248 purae
1304 3206 1380 3236 sub-

314 3251 459 3288 stantiae,
481 3249 564 3282 idest
585 3250 778 3281 substantiae
801 3251 994 3291 inquantum
1009 3248 1211 3286 substantiae,
1235 3255 1272 3280 ut
1293 3255 1381 3291 patet

317 3303 357 3326 ex
370 3295 517 3336 superius
532 3295 549 3312 ⁴*
572 3294 735 3326 declaratis
752 3294 791 3325 de
807 3294 907 3325 modo
923 3294 1125 3325 substantiae.
1149 3293 1192 3324 Et
1212 3299 1380 3335 propterea

316 3339 369 3370 hic
384 3338 473 3370 dicit:
490 3339 676 3370 Substantia
692 3343 808 3375 autem,
826 3339 1016 3381 inquantum
1031 3338 1224 3374 huiusmodi,
1240 3337 1383 3369 subiacet

317 3383 423 3414 solum
444 3383 631 3419 intellectui,
649 3389 709 3414 etc.

370 3427 425 3458 111.
449 3426 544 3458 Circa
556 3427 733 3459 secundam
748 3433 871 3468 partem
889 3427 985 3458 huius
1002 3427 1134 3462 articuli,
1150 3427 1183 3457 in
1199 3436 1264 3467 qua
1280 3427 1382 3466 agitur

316 3470 359 3502 de
383 3471 506 3502 visione
536 3472 761 3508 intellectuali,
794 3471 920 3503 adverte
948 3471 1010 3502 dici
1041 3476 1188 3512 quatuor.
1219 3471 1380 3507 Primum,

77 3297 91 3309 *
108 3292 161 3320 Αῆζ
177 3300 197 3324 ι’,
217 3295 289 3319 Com-

78 3326 150 3346 meat.
175 3329 240 3347 1111111.
265 3329 290 3346 ιιι

959 164 1222 210 QUAESTIO
1251 166 1427 212 LXXVI,
1457 167 1748 206 ARTICULUS
1776 170 1841 208 VII

314 611 454 650 Christi
482 619 537 650 est
564 612 604 649 in
631 612 707 650 hoc
735 618 973 649 sacramento
1001 622 1071 660 per
1098 610 1264 647 modum
1285 609 1373 646 sub·
1399 611 1402 650 Ι

313 1457 490 1495 cundum
516 1454 781 1506 participatam
803 1456 1011 1494 claritatem
1029 1456 1149 1494 divini
1168 1456 1395 1499 intellectus.

2410 176 2480 223 189

1427 252 1509 280 ctus
1537 245 1744 292 angelicus,
1775 250 1988 286 secundum
2017 263 2085 288 sua
2113 254 2314 302 naturalia,
2344 255 2482 292 sufficit

1428 297 1476 355 ad
1501 297 1577 333 hoc
1595 297 1836 335 intuendum.
1865 301 1975 337 Unde
1995 302 2203 341 daemones
2223 318 2302 343 non
2320 316 2480 356 possunt

1428 348 1557 385 v1dere
1595 361 1664 397 per
1691 349 1922 388 intellectum
1952 353 2146 392 Christum
2183 357 2221 393 in
2253 359 2328 395 hoc
2359 372 2480 398 sacra-

1428 408 1572 447 mento,
1593 401 1665 438 nisi
1683 414 1753 450 per
1770 402 1906 440 fidem:
1937 405 1997 441 cui
2017 417 2096 442 non
2115 409 2308 447 voluntate
2323 409 2336 432 δ
2355 423 2479 448 355011-

1427 451 1535 499 1111111,
1565 454 1632 489 sed
1652 454 1699 490 ad
1720 466 1807 491 eam
1826 455 2023 502 signorum
2042 458 2230 496 evidentia
2248 462 2480 501 convincun-

1428 511 1490 541 tur
1503 505 1533 551 *,
1554 514 1669 554 prout
1687 506 1835 553 dicitur,
1858 508 1928 544 Iac.
1950 520 1970 544 11
1989 508 2039 555 *ξ
2060 511 2167 558 quod
2190 513 2386 550 daemones
2403 528 2481 552 cre-

1429 557 1518 594 dunt
1546 564 1579 594 et
1606 561 1901 596 contremiscunt.

1482 611 1538 647 An
1567 622 1701 649 ptumum
1728 623 1825 648 ERGO
1853 624 2034 650 DICENDUM
2062 615 2168 662 quod
2197 618 2329 653 oculus
2358 626 2483 656 noster

1429 675 1639 712 corporeus
1675 675 1745 712 per
1776 664 1921 712 species
1954 669 2243 704 sacramentales
2279 668 2484 717 impeditur

1429 728 1452 752 a
1479 715 1626 752 visione
1655 716 1826 765 corporis
1855 716 1993 754 Christi
2022 718 2093 754 sub
2113 719 2166 755 eis
2185 719 2384 767 existentis,
2405 735 2484 760 non

1430 769 1558 805 solum
1585 780 1655 817 per
1681 769 1847 805 modum
1874 770 2102 817 tegumenti,
2132 771 2227 808 sicut
2253 772 2486 822 impedimur

1430 820 1559 858 videre
1580 820 1619 857 id
1638 821 1745 870 quod
1765 829 1819 858 est
1837 823 2007 858 velatum
2031 835 2279 873 quocumque
2298 827 2486 875 corporali

1429 873 1641 910 velamine:
1681 874 1747 911 sed
1783 873 1875 923 quia
1910 886 2051 924 corpus
2088 875 2226 912 Christi
2259 889 2339 914 non
2373 879 2486 916 habet

1431 925 1699 964 habitudinem
1734 927 1783 963 ad
1818 926 1991 963 medium
2027 928 2133 976 quod
2171 928 2385 967 circumstat
2413 932 2487 968 hoc

1431 986 1715 1016 sacramentum
1742 979 2000 1016 mediantibus
2027 980 2190 1029 propriis
2218 982 2485 1031 accidentibus,

1430 1032 1497 1069 sed
1526 1031 1783 1069 mediantibus
1811 1032 2011 1081 speciebus
2039 1034 2384 1072 sacramentalibus.

1483 1085 1540 1122 Ab
1561 1097 1751 1122 SECUNDUM
1775 1097 1956 1122 DICENDUM
1984 1086 2091 1134 quod
2120 1087 2254 1123 oculus
2282 1088 2487 1138 corporalis

1432 1137 1571 1175 Christi
1589 1137 1694 1175 videt
1712 1137 1884 1187 seipsum
1903 1137 1976 1175 sub
1991 1146 2229 1176 sacramento
2250 1139 2484 1178 existentem:

1430 1203 1511 1228 non
1539 1199 1669 1229 tamen
1696 1198 1821 1240 potest
1847 1190 1979 1228 videre
2007 1191 2136 1241 ipsum
2157 1192 2321 1229 modum
2340 1194 2488 1232 essendi

1431 1256 1510 1294 quo
1540 1251 1595 1280 est
1622 1243 1694 1280 sub
1723 1251 1961 1281 sacramento
1982 1249 2005 1290 ⁸,
2036 1244 2143 1294 quod
2170 1245 2330 1293 pertinet
2357 1247 2405 1283 ad
2432 1246 2487 1284 in-

1430 1298 1622 1334 tellectum
1641 1296 1664 1333 t·
1695 1297 1779 1333 Nec
1805 1304 1936 1334 tamen
1966 1304 2021 1333 est
2049 1296 2170 1334 simile
2198 1298 2246 1334 de
2274 1298 2347 1335 alio
2376 1301 2487 1336 oculo

1430 1350 1616 1399 glorioso:
1660 1349 1751 1399 quia
1786 1357 1822 1386 et
1855 1349 1936 1399 ipse
1978 1351 2114 1387 oculus
2152 1350 2290 1387 Christi
2326 1358 2381 1387 est
2417 1352 2488 1388 sub

1431 1404 1508 1440 hoc
1526 1409 1784 1449 sacramento;
1806 1402 1845 1439 in
1864 1414 1943 1451 quo
1963 1414 2043 1439 non
2063 1403 2324 1440 conformatur
2342 1403 2376 1440 ei
2395 1404 2488 1442 alius

1431 1457 1567 1493 oculus
1599 1455 1798 1503 gloriosus.

1484 1509 1542 1545 An
1560 1520 1720 1545 TERTIUM
1747 1519 1929 1545 DICENDUM
1957 1508 2065 1557 quod
2093 1510 2249 1557 angelus
2276 1509 2401 1548 bonus
2428 1512 2490 1548 vel

1431 1562 1556 1598 malus
1583 1572 1665 1597 non
1692 1568 1817 1610 potest
1844 1560 1987 1609 aliquid
2006 1561 2137 1598 videre
2157 1563 2269 1598 oculo
2290 1574 2487 1612 corporeo,

1432 1614 1497 1651 sed
1527 1615 1655 1650 solum
1684 1614 1798 1650 oculo
1827 1612 2078 1651 intellectuali.
2117 1615 2228 1652 Unde
2256 1627 2335 1652 non
2364 1623 2418 1653 est
2446 1616 2489 1652 si-

1433 1665 1532 1704 milis
1561 1666 1668 1714 ratio,
1697 1674 1739 1703 ut
1767 1678 1814 1703 ex
1842 1665 1949 1703 dictis
1967 1666 1988 1688 ’¹‘
2014 1674 2127 1716 patet.

1429 1798 1493 1824 ciali
1510 1799 1538 1828 F.
1557 1798 1694 1830 spirituali
1721 1799 1807 1824 ceteri.
1825 1812 1844 1817 -
1860 1799 2081 1831 supernaturalia
2107 1800 2191 1832 primo
2219 1801 2276 1826 Ioco
2303 1801 2384 1833 tertia,
2412 1803 2492 1828 altero

1432 1833 1516 1864 121³oe
1535 1834 1699 1866 spiritualia.

1484 1868 1509 1903 δ)
1529 1870 1675 1895 voluntate.
1693 1883 1712 1888 -
1730 1870 1881 1895 voluntarie
1901 1870 1929 1895 P.

1484 1905 1507 1937 ε)
1525 1906 1713 1931 existentem...
1739 1908 1918 1930 sacramento.
1943 1919 1962 1923 —
1980 1905 2025 1934 P1;
2044 1913 2097 1931 om.

1484 1940 1510 1975 ζ)
1539 1941 1738 1967 intellectum.—
1755 1941 1841 1966 solum
1860 1941 1958 1965 addunt
1976 1941 1996 1965 E
2017 1946 2042 1965 et
2060 1941 2141 1966 tertia.

988 2046 1324 2080 Commentaria.
1346 2046 1598 2080 Cardinalis
1619 2046 1821 2079 Caietam

2220 2116 2235 2125 ο

1430 2144 1520 2185 quod
1535 2154 1653 2185 corpus
1669 2144 1787 2176 Christi
1802 2144 1980 2175 secundum
1995 2155 2062 2176 esse
2077 2146 2110 2176 in
2126 2146 2189 2176 hoc
2205 2151 2411 2182 sacramento,
2424 2155 2491 2178 non

1429 2188 1554 2220 videtur
1577 2189 1615 2220 ab
1646 2189 1812 2220 intellectu
1833 2190 1960 2220 viatoris
1982 2190 2131 2220 hominis.
2147 2207 2169 2212 -
2192 2189 2384 2227 Secundum,
2402 2190 2491 2231 quod

1430 2242 1491 2264 nec
1515 2234 1610 2263 etiam
1634 2234 1672 2264 ab
1695 2234 1860 2264 intellectu
1893 2234 2036 2274 angelico
2067 2234 2257 2264 naturaliter.
2280 2252 2303 2256 —
2326 2234 2489 2271 Tertium,

1431 2277 1520 2318 quod
1542 2277 1668 2308 videtur
1698 2278 1737 2308 ab
1760 2278 1924 2308 intellectu
1947 2279 2040 2308 beato
2068 2278 2172 2317 angeli
2193 2278 2244 2308 vel
2266 2279 2404 2309 hominis
2435 2288 2491 2319 per

1430 2322 1589 2352 visionem
1613 2321 1738 2352 divinae
1758 2323 1920 2353 essentiae.
1937 2340 1960 2344 —
1981 2322 2150 2360 Quartum,
2168 2322 2257 2362 quod
2276 2327 2322 2353 est
2345 2323 2491 2353 omnium

1430 2365 1668 2407 praedictorum
1690 2367 1789 2402 ratio,
1822 2367 1897 2407 quia
1926 2367 1984 2396 iste
2007 2366 2123 2397 modus
2147 2366 2270 2396 essendi
2293 2372 2339 2396 est
2364 2367 2490 2407 penitus

1430 2411 1687 2451 supernaturalis,
1711 2420 1748 2441 ac
1771 2420 1829 2451 per
1842 2411 1906 2441 hoc
1929 2410 2107 2441 secundum
2123 2420 2156 2441 se
2179 2410 2380 2450 intelligibilis
2405 2416 2451 2441 est
2473 2421 2491 2441 a

1430 2455 1661 2495 supernaturali
1683 2455 1858 2491 intellectu,
1883 2455 2003 2485 scilicet
2026 2455 2145 2485 divino.

1487 2498 1610 2530 Contra
1635 2500 1694 2530 tn'a
1720 2505 1828 2530 autem
1855 2499 1972 2529 horum
2002 2499 2117 2530 Scotus
2141 2499 2258 2539 arguit,
2282 2499 2316 2529 in
2339 2499 2382 2528 IV
2404 2499 2489 2529 Sent.

1432 2543 1502 2574 dist.
1519 2553 1548 2580 x,
1566 2553 1621 2583 qu.
1638 2554 1692 2574 vm
1708 2545 1734 2574 *.
1759 2543 1800 2574 Et
1814 2544 1930 2584 primo,
1948 2548 2057 2574 contra
2072 2543 2249 2573 secundum
2264 2544 2308 2579 st,
2325 2542 2491 2573 intendens

1432 2587 1522 2628 quod
1546 2593 1613 2618 tam
1639 2587 1818 2618 intellectus
1845 2588 2022 2628 angelicus,
2054 2597 2151 2628 quam
2175 2588 2298 2617 animae
2321 2592 2490 2627 separatae,

1432 2642 1531 2673 quam
1555 2633 1650 2663 etiam
1673 2632 1814 2662 hominis
1838 2633 1938 2668 beati,
1966 2637 2072 2672 potest
2094 2632 2275 2662 naturaliter
2298 2631 2404 2662 videre
2428 2632 2491 2661 exi-

1431 2677 1579 2707 stentiam
1603 2677 1745 2716 corporis
1770 2675 1886 2706 Christi
1908 2676 1941 2706 in
1964 2676 2168 2706 Eucharistia.
2203 2675 2322 2710 Primo,
2347 2676 2421 2715 quia
2444 2676 2492 2705 in-

1431 2721 1576 2752 tellectus
1592 2730 1626 2751 se
1641 2721 1761 2751 habens
1777 2720 1817 2750 ad
1839 2720 2047 2760 intelligibilia
2063 2721 2143 2750 sicut
2161 2720 2229 2759 ipsa
2251 2725 2324 2749 sunt
2339 2719 2370 2749 in
2395 2728 2428 2749 se
2444 2720 2491 2749 in-

1432 2765 1616 2805 telligibilia,
1629 2765 1775 2804 intelligit
1794 2765 1882 2804 prius
1904 2765 2110 2794 substantiam
2133 2773 2230 2804 quam
2253 2772 2490 2803 quemcumque

1432 2809 1568 2840 modum
1591 2810 1670 2839 eius.
1694 2809 1780 2848 Ergo
1803 2809 1911 2839 nullus
1926 2807 2042 2838 modus
2066 2808 2124 2837 sub
2149 2817 2214 2847 quo
2239 2812 2286 2837 est
2307 2807 2488 2841 substantia,

1432 2859 1539 2894 potest
1561 2852 1717 2894 impedire
1736 2852 1986 2883 intellectionem
2001 2852 2192 2881 substantiae
2217 2861 2234 2880 a
2249 2850 2302 2880 tali
2317 2849 2488 2885 intellectu,

1433 2898 1490 2939 qui
1512 2907 1581 2928 non
1604 2896 1764 2937 dependet
1786 2897 1819 2926 in
1843 2895 2049 2935 intelligendo
2073 2905 2091 2925 a
2105 2895 2313 2925 sensibilibus.

1488 2941 1647 2973 Secundo.
1672 2941 1795 2971 Totum
1819 2950 1874 2971 ens
1891 2945 2031 2970 creatum
2055 2944 2101 2969 est
2124 2939 2286 2969 obiectum
2309 2938 2490 2978 proportio-

1432 2991 1545 3017 natum
1568 2986 1622 3016 tali
1645 2985 1820 3016 intellectui
1848 2989 2004 3024 quantum
2028 2982 2067 3013 ad
2094 2982 2311 3022 cognitionem
2333 2987 2398 3012 tam
2421 2982 2489 3011 abs-

1432 3031 1597 3061 tractivam
1610 3039 1707 3070 quam
1719 3029 1907 3059 intuitivam.
1928 3027 1960 3058 Si
1977 3036 2051 3067 ergo
2069 3026 2298 3066 quodcumque
2315 3035 2370 3055 ens
2385 3030 2491 3066 potest

1434 3075 1619 3105 abstractive
1642 3073 1794 3113 cognosci
1818 3082 1835 3102 a
1857 3072 1911 3102 tali
1933 3071 2095 3101 intellectu
2119 3069 2248 3110 quando
2272 3079 2339 3100 non
2363 3074 2409 3100 est
2431 3067 2491 3099 sibi

1433 3128 1592 3159 praesens,
1617 3118 1760 3158 sequitur
1783 3115 1871 3156 quod
1894 3120 1999 3155 potest
2013 3115 2158 3145 intuitive
2172 3113 2305 3153 intelligi
2320 3114 2359 3143 ab
2375 3112 2490 3144 eodem

1432 3162 1563 3203 quando
1595 3158 1648 3192 est'
1671 3161 1730 3191 sibi
1759 3159 1898 3201 perfecte
1924 3168 2073 3199 praesens
2105 3159 2140 3188 in
2169 3158 2298 3198 propria
2328 3157 2491 3188 existentia

1433 3207 1558 3238 actuali.

1492 3250 1611 3281 Tertio.
1623 3250 1730 3280 Virtus
1746 3253 1860 3288 potens
1877 3255 2070 3288 cognoscere
2083 3246 2245 3276 obiectum
2256 3246 2401 3276 intuitive
2413 3244 2490 3275 dum

1433 3300 1480 3326 est
1507 3303 1674 3335 praesens,
1710 3297 1815 3333 potest
1839 3300 2032 3331 cognoscere
2055 3290 2123 3320 eius
2147 3290 2320 3320 absentiam
2344 3289 2420 3319 dum
2444 3294 2491 3318 est

1433 3339 1556 3369 absens.
1582 3337 1644 3369 Sed
1659 3336 1728 3367 talis
1743 3336 1921 3367 intellectus
1944 3339 2050 3375 potest
2073 3343 2266 3374 cognoscere
2282 3333 2490 3373 praesentiam

1433 3383 1524 3423 panis
1548 3381 1678 3422 quando
1702 3386 1749 3411 est
1767 3389 1924 3420 praesens.
1948 3379 2034 3419 Ergo
2049 3383 2155 3418 potest
2171 3386 2362 3417 cognoscere
2379 3376 2490 3406 absen-

1433 3428 1510 3457 tiam
1535 3427 1602 3457 eius
1627 3424 1756 3466 quando
1780 3430 1827 3454 est
1849 3423 2089 3463 absens.·Ergo,
2107 3421 2218 3452 eadem
2234 3422 2365 3455 ratione,
2385 3425 2491 3460 potest

1434 3479 1628 3511 cognoscere
1652 3469 1862 3510 praesentiam
1884 3467 2076 3498 substantiae
2100 3465 2241 3505 corporis
2257 3464 2389 3495 Christi:
2415 3463 2490 3504 quia

2508 521 2529 556 :²
2533 519 2632 568 bileti-23⁵¹
2637 552 2659 574 9.

2517 1675 2528 1685 ·
2541 1674 2566 1696 In
2581 1679 2686 1702 corpore.

2517 2546 2527 2556 ²
2543 2546 2651 2568 Conclus.
2667 2552 2686 2567 2.

2518 2574 2540 2584 ··
2558 2573 2594 2595 Cf.
2609 2578 2672 2594 num.
2686 2578 2726 2593 vu.
