2918 4088
289 250 413 288 fictio:
443 251 493 288 ad
521 263 641 299 quam
669 263 749 288 non
777 251 966 300 pertinent
992 260 1146 301 peccata
1173 253 1347 299 venialia,

289 303 391 353 quia,
411 302 508 340 sicut
535 305 620 353 Sap.
641 303 685 340 ι*
712 303 859 350 dicitur,
880 306 1034 354 Spiritus
1062 306 1216 341 Sanctus
1244 306 1348 342 disci-

281 356 412 406 plinae
447 354 601 405 effugiet
625 357 781 404 fictum,
819 357 887 405 qui
923 365 1053 394 tamen
1089 368 1160 406 per
1194 365 1350 406 peccata

287 407 451 446 venialia
469 419 550 445 non
567 408 729 456 fugatur.
758 409 860 457 Ergo
879 421 1006 458 neque
1033 409 1215 446 effectum
1234 409 1350 446 huius

289 460 514 498 sacramenti
542 460 759 510 impediunt
784 469 940 511 peccata
967 460 1140 498 venialia.

343 513 378 550 3.
407 514 638 561 PRAETEREA,
658 513 753 551 nihil
771 514 879 563 quod
898 521 1120 551 removetur
1142 525 1212 563 per
1238 513 1350 551 actio-

287 577 380 603 nem
407 565 567 603 alicuius
595 578 753 614 causae,
781 575 907 616 potest
933 566 1120 616 impedire
1153 566 1234 603 eius
1263 566 1350 604 effe-

288 626 405 656 ctum.
436 619 514 656 Sed
540 627 696 668 peccata
722 619 886 657 venialia
913 620 1097 656 tolluntur
1115 631 1185 668 per
1198 620 1274 656 hoc
1293 632 1350 656 sa-

287 679 541 709 cramentum.
569 672 672 720 Ergo
699 684 780 710 non
808 671 1023 722 impediunt
1050 671 1133 708 eius
1156 671 1348 709 effectum.

341 725 417 762 San
444 736 589 762 CONTRA
607 736 674 762 EST
692 725 802 774 quod
820 726 1086 762 Damascenus
1113 723 1212 771 dicit,
1233 724 1273 761 in
1302 726 1352 762 IV

288 776 384 814 libro
403 776 440 814 *ε
470 779 578 827 Ignis
605 778 682 814 eius
700 778 800 827 quod
824 780 862 815 in
891 779 996 815 nobis
1014 783 1065 814 est
1091 777 1272 824 desiderii,
1294 790 1351 815 as-

286 842 435 867 sumens
465 842 550 867 eam
583 842 678 879 quae
704 842 754 867 ex
779 832 961 877 carbone,
989 829 1086 867 idest
1121 830 1197 867 hoc
1229 842 1351 867 sacra-

287 889 436 929 mento,
465 883 700 932 ignitionem,
728 885 919 921 comburet
955 888 1082 920 nostra
1111 888 1289 931 peccata,
1318 889 1352 920 et

145 942 162 967 Υ
287 935 541 972 illuminabit*
569 941 696 972 nostra
722 935 850 983 corda,
871 942 910 973 ut
927 937 1214 986 participatione
1238 936 1355 974 divini

287 989 387 1037 ignis
413 988 607 1038 igniamur
624 994 658 1025 et
675 989 900 1037 deificemur.
930 988 1035 1027 Sed'
1026 988 1122 1037 1gnis
1149 988 1268 1026 nostri
1287 989 1352 1027 de-

287 1039 414 1078 siderii
432 1041 494 1078 vel
521 1041 664 1078 amoris
683 1041 892 1092 impeditur
909 1054 979 1092 per
996 1049 1153 1091 peccata
1174 1041 1350 1090 venialia,

287 1105 388 1143 quae
415 1092 631 1144 impediunt
648 1094 841 1133 fervorem
860 1095 1033 1139 caritatis,
1053 1102 1096 1132 ut
1114 1095 1154 1132 in
1174 1096 1352 1133 Secunda

43 1144 62 1191 ,ἶ
79 1147 211 1203 Ρρξζὼ
219 1153 261 1203 ἓξ
287 1147 399 1184 Parte
417 1146 438 1168 *
464 1146 641 1184 habitum
668 1155 734 1185 est.
772 1149 874 1197 Ergo
906 1155 1062 1207 peccata
1087 1147 1253 1185 venialia
1281 1148 1351 1185 irn-

86 1204 152 1230 ‘¹‘-
165 1206 188 1230 ³-
287 1198 449 1250 pediunt
476 1200 659 1237 effectum
686 1201 801 1239 huius
829 1200 1066 1239 sacramenti.

341 1253 567 1291 Rssponnzo
585 1265 768 1292 montinum
787 1255 895 1304 quod
913 1261 1069 1304 peccata
1090 1253 1255 1291 venialia
1282 1255 1352 1292 du-

287 1304 434 1355 pliciter
470 1305 591 1356 accipi
623 1314 802 1356 possunt:
841 1319 922 1345 uno
955 1307 1095 1354 modo,
1123 1315 1240 1356 prout
1266 1315 1354 1345 sunt

287 1358 508 1408 praeterita3
537 1359 612 1396 alio
639 1360 773 1407 modo,
801 1368 917 1409 prout
944 1368 1033 1398 sunt
1059 1368 1147 1397 actu
1179 1360 1352 1398 exercita.

289 1411 422 1449 Primo
441 1412 602 1462 quidem
628 1412 763 1459 modo,
786 1420 942 1462 peccata
963 1412 1127 1450 venialia
1145 1414 1251 1450 nullo
1270 1425 1354 1451 mo-

47 305 58 317 '
72 303 139 326 νει-ι.
154 309 174 331 5.

48 779 105 802 'De
112 779 172 801 Fide
182 778 262 806 Orth„

47 794 262 833 flb.1v‚mp.xm.

290 1517 395 1556 enim
413 1517 632 1566 contingere
660 1519 767 1567 quod
787 1518 924 1568 aliquis
950 1526 1038 1568 post
1060 1520 1182 1556 multa
1199 1526 1355 1568 peccata

147 1567 163 1594 ⁸
290 1570 499 1609 commissa
525 1570 690 1608 venialia
707 1569 738 1619 δ,
768 1571 907 1608 devote
935 1571 1090 1608 accedat
1117 1571 1167 1608 ad
1194 1572 1271 1608 hoc
1298 1583 1356 1608 sa-

342 1710 360 1762 g
389 1702 552 1728 comburet...
569 1701 741 1727 illuminabit.
757 1716 777 1721 —
794 1703 961 1728 comburat...
979 1702 1111 1727 illuminet
1128 1702 1157 1728 P.

259 1796 261 1798 .
287 1773 462 1807 ωιιεςιιίικν
478 1773 530 1804 CF,
547 1771 728 1806 consequatur
745 1773 769 1798 G
788 1778 815 1798 et
832 1773 969 1799 editiones.

927 174 1190 221 QUAESTIO
1218 176 1396 222 LXXIX,
1426 176 1718 215 ARTICULUS
1747 179 1827 215 VIII

290 1465 342 1502 do
370 1463 587 1515 impediunt
614 1465 796 1503 effectum
822 1466 940 1503 huius
958 1465 1195 1503 sacramenti.
1225 1466 1355 1503 Potest
1389 1497 1391 1500 .

2387 195 2461 231 227

1404 262 1667 298 eramentum,
1697 263 1733 292 et
1761 255 1932 305 plenarie
1967 258 2083 295 huius
2117 261 2340 298 sacramenti
2376 274 2465 299 con-

1404 314 1585 354 sequetur
1612 307 1804 344 effectum.

1458 359 1639 396 Secundo
1665 367 1794 396 autem
1815 361 1951 407 modo,
1971 371 2125 410 peccata
2142 364 2303 402 venialia
2322 378 2401 403 non
2419 379 2466 403 ex

1404 417 1484 447 toto
1504 410 1719 460 impediunt
1747 412 1947 487 effectum*
1951 414 2067 450 huius
2086 417 2321 463 sacramenti,
2341 419 2407 456 sed
2427 418 2465 455 in

1405 470 1522 512 parte.
1551 463 1707 500 Dictum
1727 472 1782 501 est
1802 465 1909 502 enim
1928 465 2082 515 *quod
2102 468 2258 505 effectus
2277 470 2391 507 huius
2410 483 2466 508 sa-

1405 515 1589 552 cramenti
1608 528 1687 553 non
1707 518 1835 554 solum
1859 526 1914 555 est
1933 518 2084 567 adeptio
2103 520 2304 557 habitualis
2329 522 2466 570 gratiae

1405 569 1467 604 vel
1494 568 1666 616 caritatis,
1687 569 1754 606 sed
1774 569 1891 607 etiam
1921 571 2114 619 quaedam
2134 573 2289 609 actualis
2316 574 2466 611 refectio

1406 620 1607 679 spiritualis
1649 621 1873 659 dulcedinis.
1918 623 2029 669 Quae
2064 623 2222 672 quidem
2263 625 2469 675 impeditur

1406 672 1437 709 si
1469 673 1604 722 aliquis
1641 674 1796 711 accedat
1835 675 1884 712 ad
1922 676 1998 712 hoc
2032 684 2313 714 sacramentum
2340 686 2467 716 mente

1405 725 1611 763 distracta
1639 738 1708 775 per
1734 734 1893 776 peccata
1919 727 2092 765 venialia.
2122 730 2215 766 Non
2243 738 2372 767 autem
2398 733 2468 768 tol-

1406 777 1494 815 litur
1521 787 1774 827 augmentum
1809 779 1948 828 gratiae
1977 781 2179 818 habitualis
2205 784 2267 819 vel
2294 783 2467 820 caritatis.

1459 832 1516 868 AD
1545 844 1680 869 PmMUM
1709 844 1807 869 ERGO
1837 845 2019 870 mOENDUM
2047 834 2154 882 quod
2187 833 2248 871 ille
2280 835 2347 884 qui
2379 847 2470 872 eum

1406 891 1493 921 actu
1511 883 1670 921 venialis
1697 884 1843 934 peccati
1871 886 1920 922 ad
1948 886 2024 923 hoc
2051 895 2333 924 sacramentum
2365 900 2470 925 acce-

1406 936 1475 984 dit,
1508 937 1749 974 habitualiter
1783 937 1942 987 quidem
1977 939 2185 976 manducat
2213 939 2469 989 spiritualiter,

1406 966 1475 1027 sed
1493 1002 1574 1027 non
1602 990 1809 1028 actualiter.
1840 991 1888 1028 Et
1915 991 2002 1028 ideo
2031 992 2266 1030 habitualem
2289 993 2469 1030 effectum

1407 1042 1523 1080 huius
1551 1043 1779 1080 sacramenti
1806 1043 1977 1093 percipit,
2004 1056 2085 1082 non
2113 1053 2242 1082 autem
2270 1047 2469 1083 actualem.

1459 1097 1516 1134 An
1536 1108 1727 1134 SECUNDUM
1750 1108 1934 1134 mOENDUM
1958 1097 2066 1146 quod
2084 1098 2298 1147 baptismus
2320 1111 2401 1136 non
2419 1098 2470 1136 ita

1407 1149 1606 1186 ordinatur
1633 1149 1682 1186 ad
1709 1151 1897 1187 actualem
1928 1150 2119 1198 effectum,
2148 1150 2244 1188 idest
2270 1151 2320 1188 ad
2346 1151 2470 1189 fervo-

1408 1214 1491 1239 rem
1519 1202 1692 1248 caritatis,
1722 1202 1819 1239 sicut
1845 1203 1922 1240 hoc
1950 1211 2244 1241 sacramentum.
2274 1205 2378 1242 Nam
2404 1204 2470 1241 ba-

1407 1255 1571 1305 ptismus
1598 1262 1654 1292 est
1681 1254 1884 1305 spiritualis
1906 1256 2151 1304 regeneratio,
2171 1268 2241 1306 per
2267 1269 2387 1306 quam
2410 1268 2470 1294 ac-

1408 1307 1571 1358 quiritur
1604 1307 1730 1357 prima
1765 1308 1964 1357 perfectio,
1999 1321 2098 1358 quae
2136 1317 2191 1346 est
2226 1309 2378 1346 habitus
2408 1311 2471 1346 vel

1407 1361 1548 1398 forma:
1588 1361 1663 1398 hoc
1697 1368 1827 1398 autem
1860 1369 2144 1399 sacramentum
2181 1370 2235 1399 est
2269 1361 2470 1412 spiritualis

1407 1413 1667 1461 manducatio,
1688 1426 1788 1463 quae
1809 1414 1926 1451 habet
1953 1415 2141 1452 actualem
2168 1414 2469 1452 delectationem.

1461 1468 1519 1503 AD
1549 1478 1708 1504 TERTIUM
1735 1479 1918 1504 DICENDUM
1950 1467 2058 1516 quod
2090 1467 2151 1504 illa
2178 1467 2272 1504 ratio
2300 1467 2472 1516 procedit

1409 1519 1457 1556 de
1490 1518 1705 1556 venialibus
1741 1519 1971 1568 praeteritis,
2000 1531 2100 1569 quae
2134 1532 2204 1570 per
2237 1520 2312 1557 hoc
2348 1532 2470 1557 sacra·

1408 1579 1586 1608 mentum
1612 1572 1808 1609 tolluntur.

1464 1701 1487 1736 ε)
1507 1705 1594 1728 mente
1620 1702 1760 1728 distracta.
1786 1717 1806 1722 —
1831 1702 1930 1736 (mente
1955 1702 2002 1737 Pe)
2027 1703 2175 1729 distractus
2197 1708 2259 1736 post
2284 1704 2400 1729 venialia
2422 1705 2476 1729 edi-

387 1737 531 1764 commt’ssa
553 1737 679 1765 venialia.
695 1751 716 1756 -
733 1738 849 1763 venialia
872 1738 1013 1763 commissa
1030 1738 1082 1763 PF.
1101 1737 1152 1762 Pro
1174 1741 1359 1770 consequetur,
1410 1738 1506 1763 tiones.

2493 478 2502 487 ·
2517 477 2568 498 Art.
2585 484 2603 499 t.
