<?xml version="1.0" encoding="UTF-8"?>
<!DOCTYPE html PUBLIC "-//W3C//DTD XHTML 1.0 Transitional//EN"
    "http://www.w3.org/TR/xhtml1/DTD/xhtml1-transitional.dtd">
<html xmlns="http://www.w3.org/1999/xhtml" xml:lang="en" lang="en">
 <head>
  <title>
</title>
<meta http-equiv="Content-Type" content="text/html;charset=utf-8" />
  <meta name='ocr-system' content='tesseract 3.04.00' />
  <meta name='ocr-capabilities' content='ocr_page ocr_carea ocr_par ocr_line ocrx_word'/>
</head>
<body>
  <div class='ocr_page' id='page_1' title='image "./operaomniaiussui12thom/operaomniaiussui12thom_0346.png"; bbox 0 0 2918 4088; ppageno 0'>
   <div class='ocr_carea' id='block_1_1' title="bbox 170 753 382 887">
    <p class='ocr_par' dir='ltr' id='par_1_1' title="bbox 170 753 382 887">
     <span class='ocr_line' id='line_1_1' title="bbox 171 753 382 780; baseline -0.005 -4"><span class='ocrx_word' id='word_1_1' title='bbox 171 757 181 766; x_wconf 83' lang='lat'>&#39;</span> <span class='ocrx_word' id='word_1_2' title='bbox 191 755 227 776; x_wconf 86' lang='lat' dir='ltr'>Hu</span> <span class='ocrx_word' id='word_1_3' title='bbox 246 770 251 776; x_wconf 96' lang='lat'>.</span> <span class='ocrx_word' id='word_1_4' title='bbox 261 761 273 775; x_wconf 82' lang='lat' dir='ltr'>a</span> <span class='ocrx_word' id='word_1_5' title='bbox 282 753 382 780; x_wconf 84' lang='lat' dir='ltr'>S.Vict.,</span> 
     </span>
     <span class='ocr_line' id='line_1_2' title="bbox 171 781 380 806; baseline -0.01 -3"><span class='ocrx_word' id='word_1_6' title='bbox 171 781 200 803; x_wconf 86' lang='lat' dir='ltr'>de</span> <span class='ocrx_word' id='word_1_7' title='bbox 241 782 380 806; x_wconf 67' lang='lat' dir='ltr'>aerament„</span> 
     </span>
     <span class='ocr_line' id='line_1_3' title="bbox 171 808 382 837; baseline -0.005 -8"><span class='ocrx_word' id='word_1_8' title='bbox 171 808 244 832; x_wconf 84' lang='lat' dir='ltr'>lib.ll‚</span> <span class='ocrx_word' id='word_1_9' title='bbox 251 813 274 834; x_wconf 86' lang='lat' dir='ltr'>p.</span> <span class='ocrx_word' id='word_1_10' title='bbox 281 812 325 837; x_wconf 41' lang='lat' dir='ltr'>xiv..</span> <span class='ocrx_word' id='word_1_11' title='bbox 333 813 382 834; x_wconf 81' lang='lat' dir='ltr'>cap.</span> 
     </span>
     <span class='ocr_line' id='line_1_4' title="bbox 170 833 382 887; baseline -0.009 -5"><span class='ocrx_word' id='word_1_12' title='bbox 170 834 280 886; x_wconf 42' lang='lat' dir='ltr'>istie-51¹2:</span> <span class='ocrx_word' id='word_1_13' title='bbox 288 833 382 887; x_wconf 48' lang='lat'>0¹:525:</span> 
     </span>
    </p>
   </div>
   <div class='ocr_carea' id='block_1_2' title="bbox 170 919 295 1096">
    <p class='ocr_par' dir='ltr' id='par_1_2' title="bbox 170 919 295 1096">
     <span class='ocr_line' id='line_1_5' title="bbox 268 919 280 934; baseline 0 0"><span class='ocrx_word' id='word_1_14' title='bbox 268 919 280 934; x_wconf 88' lang='lat' dir='ltr'>v</span> 
     </span>
     <span class='ocr_line' id='line_1_6' title="bbox 170 1068 295 1096; baseline 0.008 -7"><span class='ocrx_word' id='word_1_15' title='bbox 170 1069 180 1079; x_wconf 82' lang='lat'><strong>‘</strong></span> <span class='ocrx_word' id='word_1_16' title='bbox 196 1068 260 1089; x_wconf 83' lang='lat' dir='ltr'>Vers.</span> <span class='ocrx_word' id='word_1_17' title='bbox 275 1074 295 1096; x_wconf 88' lang='lat'>3.</span> 
     </span>
    </p>
   </div>
   <div class='ocr_carea' id='block_1_3' title="bbox 170 1173 382 1227">
    <p class='ocr_par' dir='ltr' id='par_1_3' title="bbox 170 1173 382 1227">
     <span class='ocr_line' id='line_1_7' title="bbox 170 1173 382 1195; baseline -0.005 0"><span class='ocrx_word' id='word_1_18' title='bbox 170 1175 180 1185; x_wconf 87' lang='grc'><em>·</em></span> <span class='ocrx_word' id='word_1_19' title='bbox 188 1174 222 1195; x_wconf 83' lang='lat' dir='ltr'>Cf.</span> <span class='ocrx_word' id='word_1_20' title='bbox 234 1174 335 1195; x_wconf 74' lang='lat' dir='ltr'>Gratian.</span> <span class='ocrx_word' id='word_1_21' title='bbox 353 1173 382 1194; x_wconf 84' lang='lat' dir='ltr'>de</span> 
     </span>
     <span class='ocr_line' id='line_1_8' title="bbox 170 1190 380 1227; baseline -0.005 -6"><span class='ocrx_word' id='word_1_22' title='bbox 170 1200 267 1227; x_wconf 67' lang='lat' dir='ltr'>Poena„</span> <span class='ocrx_word' id='word_1_23' title='bbox 279 1200 331 1222; x_wconf 77' lang='lat' dir='ltr'>dist.</span> <span class='ocrx_word' id='word_1_24' title='bbox 339 1190 380 1227; x_wconf 78' lang='lat' dir='ltr'>iv,</span> 
     </span>
    </p>
   </div>
   <div class='ocr_carea' id='block_1_4' title="bbox 170 1233 290 1254">
    <p class='ocr_par' dir='ltr' id='par_1_4' title="bbox 170 1233 290 1254">
     <span class='ocr_line' id='line_1_9' title="bbox 170 1233 290 1254; baseline 0 -6"><span class='ocrx_word' id='word_1_25' title='bbox 170 1233 192 1254; x_wconf 84' lang='lat' dir='ltr'>p.</span> <span class='ocrx_word' id='word_1_26' title='bbox 209 1233 225 1248; x_wconf 87' lang='grc' dir='ltr'>ιι</span> <span class='ocrx_word' id='word_1_27' title='bbox 240 1233 290 1254; x_wconf 83' lang='lat' dir='ltr'>sqq.</span> 
     </span>
    </p>
   </div>
   <div class='ocr_carea' id='block_1_5' title="bbox 168 2281 296 2308">
    <p class='ocr_par' dir='ltr' id='par_1_5' title="bbox 168 2281 296 2308">
     <span class='ocr_line' id='line_1_10' title="bbox 168 2281 296 2308; baseline 0 -6"><span class='ocrx_word' id='word_1_28' title='bbox 168 2283 180 2293; x_wconf 85' lang='lat'><strong>·</strong></span> <span class='ocrx_word' id='word_1_29' title='bbox 195 2281 262 2302; x_wconf 83' lang='lat' dir='ltr'>Vers.</span> <span class='ocrx_word' id='word_1_30' title='bbox 276 2286 296 2308; x_wconf 80' lang='grc'>5.</span> 
     </span>
    </p>
   </div>
   <div class='ocr_carea' id='block_1_6' title="bbox 172 2446 382 2473">
    <p class='ocr_par' dir='ltr' id='par_1_6' title="bbox 172 2446 382 2473">
     <span class='ocr_line' id='line_1_11' title="bbox 172 2446 382 2473; baseline 0.005 -6"><span class='ocrx_word' id='word_1_31' title='bbox 172 2447 182 2457; x_wconf 89' lang='grc'><em>·</em></span> <span class='ocrx_word' id='word_1_32' title='bbox 199 2446 267 2473; x_wconf 66' lang='lat' dir='ltr'>lbid„</span> <span class='ocrx_word' id='word_1_33' title='bbox 286 2451 345 2468; x_wconf 82' lang='lat' dir='ltr'>vers.</span> <span class='ocrx_word' id='word_1_34' title='bbox 359 2453 382 2473; x_wconf 81' lang='lat'>4.</span> 
     </span>
    </p>
   </div>
   <div class='ocr_carea' id='block_1_7' title="bbox 178 3359 389 3407">
    <p class='ocr_par' dir='ltr' id='par_1_7' title="bbox 178 3359 389 3407">
     <span class='ocr_line' id='line_1_12' title="bbox 179 3359 389 3386; baseline -0.005 -6"><span class='ocrx_word' id='word_1_35' title='bbox 179 3360 189 3370; x_wconf 84' lang='lat'>·</span> <span class='ocrx_word' id='word_1_36' title='bbox 196 3359 267 3386; x_wconf 83' lang='lat' dir='ltr'>Apoc.</span> <span class='ocrx_word' id='word_1_37' title='bbox 276 3364 389 3386; x_wconf 82' lang='lat' dir='ltr'>cap.xxn,</span> 
     </span>
     <span class='ocr_line' id='line_1_13' title="bbox 178 3391 286 3407; baseline 0.009 -1"><span class='ocrx_word' id='word_1_38' title='bbox 178 3391 238 3407; x_wconf 81' lang='lat' dir='ltr'>vers.</span> <span class='ocrx_word' id='word_1_39' title='bbox 255 3392 286 3407; x_wconf 83' lang='grc' dir='ltr'>ιι.</span> 
     </span>
    </p>
   </div>
   <div class='ocr_carea' id='block_1_8' title="bbox 416 141 490 177">
    <p class='ocr_par' dir='ltr' id='par_1_8' title="bbox 416 141 490 177">
     <span class='ocr_line' id='line_1_14' title="bbox 416 141 490 177; baseline 0.014 -1"><span class='ocrx_word' id='word_1_40' title='bbox 416 141 490 177; x_wconf 85' lang='lat'>322</span> 
     </span>
    </p>
   </div>
   <div class='ocr_carea' id='block_1_9' title="bbox 407 221 1480 2541">
    <p class='ocr_par' dir='ltr' id='par_1_9' title="bbox 411 221 1475 746">
     <span class='ocr_line' id='line_1_15' title="bbox 413 221 1473 271; baseline 0 -14"><span class='ocrx_word' id='word_1_41' title='bbox 413 228 597 267; x_wconf 80' lang='lat' dir='ltr'>aeternae,</span> <span class='ocrx_word' id='word_1_42' title='bbox 615 221 709 258; x_wconf 91' lang='lat' dir='ltr'>sicut</span> <span class='ocrx_word' id='word_1_43' title='bbox 729 230 764 258; x_wconf 93' lang='lat' dir='ltr'>et</span> <span class='ocrx_word' id='word_1_44' title='bbox 783 221 888 271; x_wconf 93' lang='lat' dir='ltr'>prius</span> <span class='ocrx_word' id='word_1_45' title='bbox 909 229 997 258; x_wconf 91' lang='lat' dir='ltr'>erat.</span> <span class='ocrx_word' id='word_1_46' title='bbox 1016 244 1039 248; x_wconf 77' lang='lat'>-</span> <span class='ocrx_word' id='word_1_47' title='bbox 1054 223 1200 258; x_wconf 91' lang='lat' dir='ltr'>Verum</span> <span class='ocrx_word' id='word_1_48' title='bbox 1217 228 1236 268; x_wconf 75' lang='lat'>¹,</span> <span class='ocrx_word' id='word_1_49' title='bbox 1257 221 1347 270; x_wconf 91' lang='lat' dir='ltr'>quia</span> <span class='ocrx_word' id='word_1_50' title='bbox 1367 233 1473 258; x_wconf 82' lang='lat' dir='ltr'>aver-</span> 
     </span>
     <span class='ocr_line' id='line_1_16' title="bbox 412 273 1473 323; baseline 0.002 -14"><span class='ocrx_word' id='word_1_51' title='bbox 412 273 468 310; x_wconf 86' lang='lat' dir='ltr'>sio</span> <span class='ocrx_word' id='word_1_52' title='bbox 498 274 536 310; x_wconf 91' lang='lat' dir='ltr'>in</span> <span class='ocrx_word' id='word_1_53' title='bbox 564 283 721 322; x_wconf 89' lang='lat' dir='ltr'>peccato</span> <span class='ocrx_word' id='word_1_54' title='bbox 750 275 900 311; x_wconf 88' lang='lat' dir='ltr'>mortali</span> <span class='ocrx_word' id='word_1_55' title='bbox 929 287 974 311; x_wconf 88' lang='lat' dir='ltr'>ex</span> <span class='ocrx_word' id='word_1_56' title='bbox 1004 275 1255 311; x_wconf 84' lang='lat' dir='ltr'>conversione</span> <span class='ocrx_word' id='word_1_57' title='bbox 1286 274 1473 323; x_wconf 90' lang='lat' dir='ltr'>quodam-</span> 
     </span>
     <span class='ocr_line' id='line_1_17' title="bbox 412 326 1474 377; baseline 0 -15"><span class='ocrx_word' id='word_1_58' title='bbox 412 327 531 363; x_wconf 92' lang='lat' dir='ltr'>modo</span> <span class='ocrx_word' id='word_1_59' title='bbox 552 327 807 364; x_wconf 87' lang='lat' dir='ltr'>diversitatem</span> <span class='ocrx_word' id='word_1_60' title='bbox 827 327 949 364; x_wconf 91' lang='lat' dir='ltr'>induit</span> <span class='ocrx_word' id='word_1_61' title='bbox 964 334 979 349; x_wconf 67' lang='lat'>²</span> <span class='ocrx_word' id='word_1_62' title='bbox 994 340 1063 377; x_wconf 92' lang='lat' dir='ltr'>per</span> <span class='ocrx_word' id='word_1_63' title='bbox 1082 327 1410 377; x_wconf 87' lang='lat' dir='ltr'>comparationem</span> <span class='ocrx_word' id='word_1_64' title='bbox 1426 326 1474 363; x_wconf 91' lang='lat' dir='ltr'>ad</span> 
     </span>
     <span class='ocr_line' id='line_1_18' title="bbox 412 380 1473 425; baseline 0 -10"><span class='ocrx_word' id='word_1_65' title='bbox 412 380 580 416; x_wconf 90' lang='lat' dir='ltr'>diversas</span> <span class='ocrx_word' id='word_1_66' title='bbox 613 380 885 417; x_wconf 87' lang='lat' dir='ltr'>conversiones</span> <span class='ocrx_word' id='word_1_67' title='bbox 921 380 1016 417; x_wconf 87' lang='lat' dir='ltr'>sicut</span> <span class='ocrx_word' id='word_1_68' title='bbox 1053 381 1100 417; x_wconf 93' lang='lat' dir='ltr'>ad</span> <span class='ocrx_word' id='word_1_69' title='bbox 1131 380 1299 417; x_wconf 91' lang='lat' dir='ltr'>diversas</span> <span class='ocrx_word' id='word_1_70' title='bbox 1328 391 1473 425; x_wconf 89' lang='lat' dir='ltr'>causas,</span> 
     </span>
     <span class='ocr_line' id='line_1_19' title="bbox 412 431 1475 481; baseline -0.001 -13"><span class='ocrx_word' id='word_1_71' title='bbox 412 431 462 468; x_wconf 92' lang='lat' dir='ltr'>ita</span> <span class='ocrx_word' id='word_1_72' title='bbox 491 433 597 481; x_wconf 91' lang='lat' dir='ltr'>quod</span> <span class='ocrx_word' id='word_1_73' title='bbox 627 433 671 470; x_wconf 92' lang='lat' dir='ltr'>sit</span> <span class='ocrx_word' id='word_1_74' title='bbox 699 433 771 470; x_wconf 90' lang='lat' dir='ltr'>alia</span> <span class='ocrx_word' id='word_1_75' title='bbox 795 433 944 470; x_wconf 89' lang='lat' dir='ltr'>aversio</span> <span class='ocrx_word' id='word_1_76' title='bbox 965 441 1000 469; x_wconf 91' lang='lat' dir='ltr'>et</span> <span class='ocrx_word' id='word_1_77' title='bbox 1020 433 1091 470; x_wconf 90' lang='lat' dir='ltr'>alia</span> <span class='ocrx_word' id='word_1_78' title='bbox 1111 431 1124 454; x_wconf 68' lang='grc' dir='ltr'>λ</span> <span class='ocrx_word' id='word_1_79' title='bbox 1153 434 1304 470; x_wconf 89' lang='lat' dir='ltr'>macula</span> <span class='ocrx_word' id='word_1_80' title='bbox 1324 440 1359 468; x_wconf 90' lang='lat' dir='ltr'>et</span> <span class='ocrx_word' id='word_1_81' title='bbox 1379 432 1475 468; x_wconf 91' lang='lat' dir='ltr'>alius</span> 
     </span>
     <span class='ocr_line' id='line_1_20' title="bbox 412 484 1474 534; baseline 0 -13"><span class='ocrx_word' id='word_1_82' title='bbox 412 493 537 522; x_wconf 91' lang='lat' dir='ltr'>reatus</span> <span class='ocrx_word' id='word_1_83' title='bbox 556 494 671 534; x_wconf 92' lang='lat' dir='ltr'>prout</span> <span class='ocrx_word' id='word_1_84' title='bbox 691 486 883 534; x_wconf 86' lang='lat' dir='ltr'>consurgit</span> <span class='ocrx_word' id='word_1_85' title='bbox 902 499 947 522; x_wconf 88' lang='lat' dir='ltr'>ex</span> <span class='ocrx_word' id='word_1_86' title='bbox 970 486 1043 522; x_wconf 90' lang='lat' dir='ltr'>alio</span> <span class='ocrx_word' id='word_1_87' title='bbox 1064 493 1149 522; x_wconf 92' lang='lat' dir='ltr'>actu</span> <span class='ocrx_word' id='word_1_88' title='bbox 1169 484 1313 534; x_wconf 89' lang='lat' dir='ltr'>peccati</span> <span class='ocrx_word' id='word_1_89' title='bbox 1334 492 1474 521; x_wconf 90' lang='lat' dir='ltr'>morta-</span> 
     </span>
     <span class='ocr_line' id='line_1_21' title="bbox 412 537 1474 588; baseline -0.001 -14"><span class='ocrx_word' id='word_1_90' title='bbox 412 537 470 574; x_wconf 91' lang='lat' dir='ltr'>lis:</span> <span class='ocrx_word' id='word_1_91' title='bbox 489 539 562 575; x_wconf 91' lang='lat' dir='ltr'>hoc</span> <span class='ocrx_word' id='word_1_92' title='bbox 582 551 671 587; x_wconf 86' lang='lat' dir='ltr'>ergo</span> <span class='ocrx_word' id='word_1_93' title='bbox 687 546 703 567; x_wconf 70' lang='grc' dir='ltr'>μ</span> <span class='ocrx_word' id='word_1_94' title='bbox 723 539 762 576; x_wconf 92' lang='lat' dir='ltr'>in</span> <span class='ocrx_word' id='word_1_95' title='bbox 777 539 1044 588; x_wconf 90' lang='lat' dir='ltr'>quaestionem</span> <span class='ocrx_word' id='word_1_96' title='bbox 1064 538 1233 583; x_wconf 90' lang='lat' dir='ltr'>vertitur,</span> <span class='ocrx_word' id='word_1_97' title='bbox 1250 546 1381 574; x_wconf 90' lang='lat' dir='ltr'>utrum</span> <span class='ocrx_word' id='word_1_98' title='bbox 1397 550 1474 574; x_wconf 89' lang='lat' dir='ltr'>ma-</span> 
     </span>
     <span class='ocr_line' id='line_1_22' title="bbox 411 590 1474 641; baseline -0.001 -14"><span class='ocrx_word' id='word_1_99' title='bbox 411 592 496 627; x_wconf 91' lang='lat' dir='ltr'>cula</span> <span class='ocrx_word' id='word_1_100' title='bbox 518 599 554 628; x_wconf 91' lang='lat' dir='ltr'>et</span> <span class='ocrx_word' id='word_1_101' title='bbox 582 599 707 628; x_wconf 91' lang='lat' dir='ltr'>reatus</span> <span class='ocrx_word' id='word_1_102' title='bbox 735 604 885 641; x_wconf 89' lang='lat' dir='ltr'>poenae</span> <span class='ocrx_word' id='word_1_103' title='bbox 914 599 1101 638; x_wconf 83' lang='lat' dir='ltr'>aeternae,</span> <span class='ocrx_word' id='word_1_104' title='bbox 1131 591 1347 627; x_wconf 91' lang='lat' dir='ltr'>secundum</span> <span class='ocrx_word' id='word_1_105' title='bbox 1368 590 1474 639; x_wconf 93' lang='lat' dir='ltr'>quod</span> 
     </span>
     <span class='ocr_line' id='line_1_23' title="bbox 411 643 1474 693; baseline -0.001 -13"><span class='ocrx_word' id='word_1_106' title='bbox 411 644 668 681; x_wconf 87' lang='lat' dir='ltr'>causabantur</span> <span class='ocrx_word' id='word_1_107' title='bbox 695 657 741 681; x_wconf 87' lang='lat' dir='ltr'>ex</span> <span class='ocrx_word' id='word_1_108' title='bbox 770 644 915 681; x_wconf 90' lang='lat' dir='ltr'>actibus</span> <span class='ocrx_word' id='word_1_109' title='bbox 943 652 1191 693; x_wconf 91' lang='lat' dir='ltr'>peccatorum</span> <span class='ocrx_word' id='word_1_110' title='bbox 1219 643 1326 692; x_wconf 90' lang='lat' dir='ltr'>prius</span> <span class='ocrx_word' id='word_1_111' title='bbox 1346 643 1474 679; x_wconf 92' lang='lat' dir='ltr'>dimis-</span> 
     </span>
     <span class='ocr_line' id='line_1_24' title="bbox 411 698 1473 746; baseline 0 -14"><span class='ocrx_word' id='word_1_112' title='bbox 411 708 565 743; x_wconf 90' lang='lat' dir='ltr'>sorum,</span> <span class='ocrx_word' id='word_1_113' title='bbox 595 698 752 734; x_wconf 84' lang='lat' dir='ltr'>redeant</span> <span class='ocrx_word' id='word_1_114' title='bbox 779 709 849 746; x_wconf 93' lang='lat' dir='ltr'>per</span> <span class='ocrx_word' id='word_1_115' title='bbox 876 705 1078 746; x_wconf 87' lang='lat' dir='ltr'>peccatum</span> <span class='ocrx_word' id='word_1_116' title='bbox 1106 698 1266 733; x_wconf 90' lang='lat' dir='ltr'>mortale</span> <span class='ocrx_word' id='word_1_117' title='bbox 1296 708 1473 744; x_wconf 89' lang='lat' dir='ltr'>sequens.</span> 
     </span>
    </p>

    <p class='ocr_par' dir='ltr' id='par_1_10' title="bbox 409 748 1476 1154">
     <span class='ocr_line' id='line_1_25' title="bbox 464 748 1476 798; baseline -0.001 -12"><span class='ocrx_word' id='word_1_118' title='bbox 464 749 710 796; x_wconf 89' lang='lat' dir='ltr'>Quibusdam</span> <span class='ocrx_word' id='word_1_119' title='bbox 729 750 748 771; x_wconf 74' lang='lat'>&#39;¹‘</span> <span class='ocrx_word' id='word_1_120' title='bbox 776 750 888 798; x_wconf 89' lang='lat' dir='ltr'>igitur</span> <span class='ocrx_word' id='word_1_121' title='bbox 906 750 1034 786; x_wconf 89' lang='lat' dir='ltr'>visum</span> <span class='ocrx_word' id='word_1_122' title='bbox 1054 758 1109 786; x_wconf 91' lang='lat' dir='ltr'>est</span> <span class='ocrx_word' id='word_1_123' title='bbox 1129 750 1235 798; x_wconf 91' lang='lat' dir='ltr'>quod</span> <span class='ocrx_word' id='word_1_124' title='bbox 1255 748 1476 798; x_wconf 89' lang='lat' dir='ltr'>simpliciter</span> 
     </span>
     <span class='ocr_line' id='line_1_26' title="bbox 411 803 1473 850; baseline -0.001 -11"><span class='ocrx_word' id='word_1_125' title='bbox 411 803 487 838; x_wconf 87' lang='lat' dir='ltr'>hoc</span> <span class='ocrx_word' id='word_1_126' title='bbox 514 803 634 839; x_wconf 89' lang='lat' dir='ltr'>modo</span> <span class='ocrx_word' id='word_1_127' title='bbox 664 803 831 839; x_wconf 90' lang='lat' dir='ltr'>redeant.</span> <span class='ocrx_word' id='word_1_128' title='bbox 848 809 886 829; x_wconf 60' lang='lat'>‘—</span> <span class='ocrx_word' id='word_1_129' title='bbox 917 803 992 839; x_wconf 89' lang='lat' dir='ltr'>Sed</span> <span class='ocrx_word' id='word_1_130' title='bbox 1021 803 1097 839; x_wconf 87' lang='lat' dir='ltr'>hoc</span> <span class='ocrx_word' id='word_1_131' title='bbox 1124 814 1203 838; x_wconf 91' lang='lat' dir='ltr'>non</span> <span class='ocrx_word' id='word_1_132' title='bbox 1227 809 1352 850; x_wconf 90' lang='lat' dir='ltr'>potest</span> <span class='ocrx_word' id='word_1_133' title='bbox 1380 813 1473 838; x_wconf 90' lang='lat' dir='ltr'>esse.</span> 
     </span>
     <span class='ocr_line' id='line_1_27' title="bbox 411 854 1475 904; baseline -0.001 -13"><span class='ocrx_word' id='word_1_134' title='bbox 411 854 514 901; x_wconf 90' lang='lat' dir='ltr'>Quia</span> <span class='ocrx_word' id='word_1_135' title='bbox 543 867 641 903; x_wconf 90' lang='lat' dir='ltr'>opus</span> <span class='ocrx_word' id='word_1_136' title='bbox 671 855 741 891; x_wconf 91' lang='lat' dir='ltr'>Dei</span> <span class='ocrx_word' id='word_1_137' title='bbox 778 867 848 904; x_wconf 92' lang='lat' dir='ltr'>per</span> <span class='ocrx_word' id='word_1_138' title='bbox 880 867 980 904; x_wconf 93' lang='lat' dir='ltr'>opus</span> <span class='ocrx_word' id='word_1_139' title='bbox 1018 855 1186 891; x_wconf 92' lang='lat' dir='ltr'>hominis</span> <span class='ocrx_word' id='word_1_140' title='bbox 1223 854 1357 891; x_wconf 89' lang='lat' dir='ltr'>irritari</span> <span class='ocrx_word' id='word_1_141' title='bbox 1394 866 1475 891; x_wconf 92' lang='lat' dir='ltr'>non</span> 
     </span>
     <span class='ocr_line' id='line_1_28' title="bbox 410 907 1475 956; baseline -0.001 -12"><span class='ocrx_word' id='word_1_142' title='bbox 410 915 544 956; x_wconf 92' lang='lat' dir='ltr'>potest.</span> <span class='ocrx_word' id='word_1_143' title='bbox 571 907 762 944; x_wconf 90' lang='lat' dir='ltr'>Remissio</span> <span class='ocrx_word' id='word_1_144' title='bbox 782 916 911 944; x_wconf 90' lang='lat' dir='ltr'>autem</span> <span class='ocrx_word' id='word_1_145' title='bbox 931 907 1106 956; x_wconf 90' lang='lat' dir='ltr'>priorum</span> <span class='ocrx_word' id='word_1_146' title='bbox 1125 915 1373 956; x_wconf 92' lang='lat' dir='ltr'>peccatorum</span> <span class='ocrx_word' id='word_1_147' title='bbox 1393 915 1448 943; x_wconf 89' lang='lat' dir='ltr'>est</span> <span class='ocrx_word' id='word_1_148' title='bbox 1463 913 1475 927; x_wconf 56' lang='grc' dir='ltr'><strong>ν</strong></span> 
     </span>
     <span class='ocr_line' id='line_1_29' title="bbox 411 959 1474 1008; baseline -0.001 -12"><span class='ocrx_word' id='word_1_149' title='bbox 411 972 510 1008; x_wconf 90' lang='lat' dir='ltr'>opus</span> <span class='ocrx_word' id='word_1_150' title='bbox 538 959 691 996; x_wconf 89' lang='lat' dir='ltr'>divinae</span> <span class='ocrx_word' id='word_1_151' title='bbox 719 960 1014 996; x_wconf 87' lang='lat' dir='ltr'>misericordiae.</span> <span class='ocrx_word' id='word_1_152' title='bbox 1045 960 1156 997; x_wconf 92' lang='lat' dir='ltr'>Unde</span> <span class='ocrx_word' id='word_1_153' title='bbox 1181 971 1261 996; x_wconf 91' lang='lat' dir='ltr'>non</span> <span class='ocrx_word' id='word_1_154' title='bbox 1279 967 1405 1008; x_wconf 91' lang='lat' dir='ltr'>potest</span> <span class='ocrx_word' id='word_1_155' title='bbox 1427 959 1474 995; x_wconf 93' lang='lat' dir='ltr'>ir-</span> 
     </span>
     <span class='ocr_line' id='line_1_30' title="bbox 410 1011 1474 1061; baseline 0 -13"><span class='ocrx_word' id='word_1_156' title='bbox 410 1012 510 1049; x_wconf 89' lang='lat' dir='ltr'>ritari</span> <span class='ocrx_word' id='word_1_157' title='bbox 538 1024 608 1060; x_wconf 89' lang='lat' dir='ltr'>per</span> <span class='ocrx_word' id='word_1_158' title='bbox 635 1024 800 1060; x_wconf 90' lang='lat' dir='ltr'>sequens</span> <span class='ocrx_word' id='word_1_159' title='bbox 818 1020 1020 1061; x_wconf 91' lang='lat' dir='ltr'>peccatum</span> <span class='ocrx_word' id='word_1_160' title='bbox 1040 1011 1227 1048; x_wconf 87' lang='lat' dir='ltr'>hominis:</span> <span class='ocrx_word' id='word_1_161' title='bbox 1258 1012 1474 1048; x_wconf 91' lang='lat' dir='ltr'>secundum</span> 
     </span>
     <span class='ocr_line' id='line_1_31' title="bbox 409 1064 1474 1113; baseline -0.001 -12"><span class='ocrx_word' id='word_1_162' title='bbox 409 1064 502 1100; x_wconf 90' lang='lat' dir='ltr'>illud</span> <span class='ocrx_word' id='word_1_163' title='bbox 530 1066 640 1101; x_wconf 87' lang='lat' dir='ltr'>Rom.</span> <span class='ocrx_word' id='word_1_164' title='bbox 663 1077 695 1101; x_wconf 87' lang='lat'>111</span> <span class='ocrx_word' id='word_1_165' title='bbox 714 1065 752 1100; x_wconf 74' lang='lat' dir='ltr'>*z</span> <span class='ocrx_word' id='word_1_166' title='bbox 783 1065 966 1113; x_wconf 86' lang='lat' dir='ltr'>Nunquia&#39;</span> <span class='ocrx_word' id='word_1_167' title='bbox 992 1065 1229 1101; x_wconf 79' lang='lat' dir='ltr'>incredulitas</span> <span class='ocrx_word' id='word_1_168' title='bbox 1256 1065 1406 1100; x_wconf 86' lang='lat' dir='ltr'>illorum</span> <span class='ocrx_word' id='word_1_169' title='bbox 1423 1066 1474 1112; x_wconf 88' lang='lat' dir='ltr'>fi-</span> 
     </span>
     <span class='ocr_line' id='line_1_32' title="bbox 409 1117 841 1154; baseline 0.002 -1"><span class='ocrx_word' id='word_1_170' title='bbox 409 1117 491 1153; x_wconf 88' lang='lat' dir='ltr'>dem</span> <span class='ocrx_word' id='word_1_171' title='bbox 521 1118 593 1153; x_wconf 89' lang='lat' dir='ltr'>Dei</span> <span class='ocrx_word' id='word_1_172' title='bbox 618 1117 841 1154; x_wconf 76' lang='lat' dir='ltr'>evacuavit?</span> 
     </span>
    </p>

    <p class='ocr_par' dir='ltr' id='par_1_11' title="bbox 407 1168 1475 1906">
     <span class='ocr_line' id='line_1_33' title="bbox 462 1168 1475 1218; baseline -0.001 -13"><span class='ocrx_word' id='word_1_173' title='bbox 462 1171 510 1206; x_wconf 90' lang='lat' dir='ltr'>Et</span> <span class='ocrx_word' id='word_1_174' title='bbox 529 1169 616 1206; x_wconf 93' lang='lat' dir='ltr'>ideo</span> <span class='ocrx_word' id='word_1_175' title='bbox 637 1169 698 1206; x_wconf 92' lang='lat' dir='ltr'>alii</span> <span class='ocrx_word' id='word_1_176' title='bbox 712 1169 742 1216; x_wconf 83' lang='lat'>*,</span> <span class='ocrx_word' id='word_1_177' title='bbox 758 1177 946 1218; x_wconf 88' lang='lat' dir='ltr'>ponentes</span> <span class='ocrx_word' id='word_1_178' title='bbox 965 1176 1121 1218; x_wconf 90' lang='lat' dir='ltr'>peccata</span> <span class='ocrx_word' id='word_1_179' title='bbox 1141 1169 1276 1213; x_wconf 91' lang='lat' dir='ltr'>redire,</span> <span class='ocrx_word' id='word_1_180' title='bbox 1298 1168 1475 1205; x_wconf 86' lang='lat' dir='ltr'>dixerunt</span> 
     </span>
     <span class='ocr_line' id='line_1_34' title="bbox 408 1221 1473 1272; baseline -0.002 -13"><span class='ocrx_word' id='word_1_181' title='bbox 408 1223 515 1272; x_wconf 92' lang='lat' dir='ltr'>quod</span> <span class='ocrx_word' id='word_1_182' title='bbox 534 1223 640 1259; x_wconf 92' lang='lat' dir='ltr'>Deus</span> <span class='ocrx_word' id='word_1_183' title='bbox 668 1234 748 1259; x_wconf 90' lang='lat' dir='ltr'>non</span> <span class='ocrx_word' id='word_1_184' title='bbox 773 1222 925 1259; x_wconf 90' lang='lat' dir='ltr'>remittit</span> <span class='ocrx_word' id='word_1_185' title='bbox 952 1229 1108 1271; x_wconf 91' lang='lat' dir='ltr'>peccata</span> <span class='ocrx_word' id='word_1_186' title='bbox 1135 1221 1347 1270; x_wconf 91' lang='lat' dir='ltr'>poenitenti</span> <span class='ocrx_word' id='word_1_187' title='bbox 1370 1229 1473 1270; x_wconf 89' lang='lat' dir='ltr'>post-</span> 
     </span>
     <span class='ocr_line' id='line_1_35' title="bbox 408 1274 1473 1324; baseline -0.002 -12"><span class='ocrx_word' id='word_1_188' title='bbox 408 1276 572 1312; x_wconf 91' lang='lat' dir='ltr'>modum</span> <span class='ocrx_word' id='word_1_189' title='bbox 591 1283 795 1324; x_wconf 90' lang='lat' dir='ltr'>peccaturo</span> <span class='ocrx_word' id='word_1_190' title='bbox 816 1274 826 1299; x_wconf 65' lang='grc' dir='ltr'>ξ</span> <span class='ocrx_word' id='word_1_191' title='bbox 847 1275 1062 1311; x_wconf 90' lang='lat' dir='ltr'>secundum</span> <span class='ocrx_word' id='word_1_192' title='bbox 1081 1274 1384 1323; x_wconf 88' lang='lat' dir='ltr'>praescientiam,</span> <span class='ocrx_word' id='word_1_193' title='bbox 1405 1274 1473 1310; x_wconf 92' lang='lat' dir='ltr'>sed</span> 
     </span>
     <span class='ocr_line' id='line_1_36' title="bbox 408 1326 1474 1377; baseline -0.002 -12"><span class='ocrx_word' id='word_1_194' title='bbox 408 1330 534 1365; x_wconf 90' lang='lat' dir='ltr'>solum</span> <span class='ocrx_word' id='word_1_195' title='bbox 563 1329 779 1365; x_wconf 90' lang='lat' dir='ltr'>secundum</span> <span class='ocrx_word' id='word_1_196' title='bbox 812 1335 1054 1377; x_wconf 88' lang='lat' dir='ltr'>praesentem</span> <span class='ocrx_word' id='word_1_197' title='bbox 1082 1326 1274 1364; x_wconf 92' lang='lat' dir='ltr'>iustitiam.</span> <span class='ocrx_word' id='word_1_198' title='bbox 1309 1326 1474 1363; x_wconf 90' lang='lat' dir='ltr'>Praescit</span> 
     </span>
     <span class='ocr_line' id='line_1_37' title="bbox 408 1379 1473 1430; baseline -0.002 -12"><span class='ocrx_word' id='word_1_199' title='bbox 408 1382 511 1418; x_wconf 92' lang='lat' dir='ltr'>enim</span> <span class='ocrx_word' id='word_1_200' title='bbox 541 1394 632 1418; x_wconf 91' lang='lat' dir='ltr'>eum</span> <span class='ocrx_word' id='word_1_201' title='bbox 660 1393 731 1430; x_wconf 92' lang='lat' dir='ltr'>pro</span> <span class='ocrx_word' id='word_1_202' title='bbox 761 1381 819 1417; x_wconf 93' lang='lat' dir='ltr'>his</span> <span class='ocrx_word' id='word_1_203' title='bbox 847 1380 1009 1430; x_wconf 91' lang='lat' dir='ltr'>peccatis</span> <span class='ocrx_word' id='word_1_204' title='bbox 1042 1380 1279 1417; x_wconf 89' lang='lat' dir='ltr'>aeternaliter</span> <span class='ocrx_word' id='word_1_205' title='bbox 1310 1379 1473 1429; x_wconf 93' lang='lat' dir='ltr'>punien-</span> 
     </span>
     <span class='ocr_line' id='line_1_38' title="bbox 408 1433 1473 1483; baseline -0.001 -13"><span class='ocrx_word' id='word_1_206' title='bbox 408 1435 503 1471; x_wconf 92' lang='lat' dir='ltr'>dum</span> <span class='ocrx_word' id='word_1_207' title='bbox 522 1440 546 1480; x_wconf 85' lang='lat'>⁰,</span> <span class='ocrx_word' id='word_1_208' title='bbox 577 1442 612 1470; x_wconf 92' lang='lat' dir='ltr'>et</span> <span class='ocrx_word' id='word_1_209' title='bbox 638 1442 769 1471; x_wconf 89' lang='lat' dir='ltr'>tamen</span> <span class='ocrx_word' id='word_1_210' title='bbox 796 1446 866 1483; x_wconf 92' lang='lat' dir='ltr'>per</span> <span class='ocrx_word' id='word_1_211' title='bbox 892 1434 1052 1481; x_wconf 87' lang='lat' dir='ltr'>gratiam</span> <span class='ocrx_word' id='word_1_212' title='bbox 1078 1433 1164 1470; x_wconf 86' lang='lat' dir='ltr'>facit</span> <span class='ocrx_word' id='word_1_213' title='bbox 1184 1445 1275 1470; x_wconf 93' lang='lat' dir='ltr'>eum</span> <span class='ocrx_word' id='word_1_214' title='bbox 1294 1445 1473 1482; x_wconf 91' lang='lat' dir='ltr'>praesen-</span> 
     </span>
     <span class='ocr_line' id='line_1_39' title="bbox 407 1485 1472 1535; baseline -0.001 -12"><span class='ocrx_word' id='word_1_215' title='bbox 407 1486 540 1524; x_wconf 91' lang='lat' dir='ltr'>tialiter</span> <span class='ocrx_word' id='word_1_216' title='bbox 558 1487 713 1524; x_wconf 91' lang='lat' dir='ltr'>iustum.</span> <span class='ocrx_word' id='word_1_217' title='bbox 743 1509 768 1514; x_wconf 89' lang='grc'>-</span> <span class='ocrx_word' id='word_1_218' title='bbox 798 1487 874 1524; x_wconf 91' lang='lat' dir='ltr'>Sed</span> <span class='ocrx_word' id='word_1_219' title='bbox 894 1499 966 1523; x_wconf 92' lang='lat' dir='ltr'>nec</span> <span class='ocrx_word' id='word_1_220' title='bbox 984 1487 1060 1523; x_wconf 91' lang='lat' dir='ltr'>hoc</span> <span class='ocrx_word' id='word_1_221' title='bbox 1079 1493 1176 1523; x_wconf 90' lang='lat' dir='ltr'>stare</span> <span class='ocrx_word' id='word_1_222' title='bbox 1195 1493 1331 1535; x_wconf 89' lang='lat' dir='ltr'>potest.</span> <span class='ocrx_word' id='word_1_223' title='bbox 1358 1485 1472 1532; x_wconf 85' lang='lat' dir='ltr'>Quia,</span> 
     </span>
     <span class='ocr_line' id='line_1_40' title="bbox 408 1538 1473 1589; baseline -0.001 -13"><span class='ocrx_word' id='word_1_224' title='bbox 408 1540 438 1576; x_wconf 90' lang='lat' dir='ltr'>si</span> <span class='ocrx_word' id='word_1_225' title='bbox 457 1552 574 1577; x_wconf 90' lang='lat' dir='ltr'>causa</span> <span class='ocrx_word' id='word_1_226' title='bbox 593 1540 765 1577; x_wconf 92' lang='lat' dir='ltr'>absolute</span> <span class='ocrx_word' id='word_1_227' title='bbox 787 1547 964 1589; x_wconf 90' lang='lat' dir='ltr'>ponatur,</span> <span class='ocrx_word' id='word_1_228' title='bbox 986 1547 1022 1576; x_wconf 92' lang='lat' dir='ltr'>et</span> <span class='ocrx_word' id='word_1_229' title='bbox 1048 1540 1206 1576; x_wconf 85' lang='lat' dir='ltr'>effectus</span> <span class='ocrx_word' id='word_1_230' title='bbox 1232 1538 1389 1588; x_wconf 90' lang='lat' dir='ltr'>ponitur</span> <span class='ocrx_word' id='word_1_231' title='bbox 1408 1539 1473 1575; x_wconf 93' lang='lat' dir='ltr'>ab-</span> 
     </span>
     <span class='ocr_line' id='line_1_41' title="bbox 408 1592 1474 1642; baseline -0.002 -12"><span class='ocrx_word' id='word_1_232' title='bbox 408 1594 541 1631; x_wconf 91' lang='lat' dir='ltr'>solute.</span> <span class='ocrx_word' id='word_1_233' title='bbox 573 1593 613 1630; x_wconf 92' lang='lat' dir='ltr'>Si</span> <span class='ocrx_word' id='word_1_234' title='bbox 633 1605 722 1641; x_wconf 86' lang='lat' dir='ltr'>ergo</span> <span class='ocrx_word' id='word_1_235' title='bbox 752 1593 925 1630; x_wconf 90' lang='lat' dir='ltr'>absolute</span> <span class='ocrx_word' id='word_1_236' title='bbox 945 1604 1025 1629; x_wconf 93' lang='lat' dir='ltr'>non</span> <span class='ocrx_word' id='word_1_237' title='bbox 1044 1598 1062 1613; x_wconf 63' lang='lat'>⁷²</span> <span class='ocrx_word' id='word_1_238' title='bbox 1089 1592 1198 1629; x_wconf 91' lang='lat' dir='ltr'>fieret</span> <span class='ocrx_word' id='word_1_239' title='bbox 1225 1599 1474 1642; x_wconf 89' lang='lat' dir='ltr'>peccatorum</span> 
     </span>
     <span class='ocr_line' id='line_1_42' title="bbox 408 1645 1474 1694; baseline 0 -12"><span class='ocrx_word' id='word_1_240' title='bbox 408 1645 593 1692; x_wconf 88' lang='lat' dir='ltr'>remissio,</span> <span class='ocrx_word' id='word_1_241' title='bbox 615 1646 682 1682; x_wconf 93' lang='lat' dir='ltr'>sed</span> <span class='ocrx_word' id='word_1_242' title='bbox 702 1658 792 1682; x_wconf 89' lang='lat' dir='ltr'>curn</span> <span class='ocrx_word' id='word_1_243' title='bbox 812 1646 982 1694; x_wconf 88' lang='lat' dir='ltr'>quadarn</span> <span class='ocrx_word' id='word_1_244' title='bbox 1002 1645 1223 1682; x_wconf 89' lang='lat' dir='ltr'>conditione</span> <span class='ocrx_word' id='word_1_245' title='bbox 1243 1645 1283 1682; x_wconf 92' lang='lat' dir='ltr'>in</span> <span class='ocrx_word' id='word_1_246' title='bbox 1301 1645 1474 1682; x_wconf 78' lang='lat' dir='ltr'>futurum</span> 
     </span>
     <span class='ocr_line' id='line_1_43' title="bbox 408 1698 1474 1748; baseline -0.001 -13"><span class='ocrx_word' id='word_1_247' title='bbox 408 1699 668 1748; x_wconf 85' lang='lat' dir='ltr'>dependente,</span> <span class='ocrx_word' id='word_1_248' title='bbox 698 1711 767 1747; x_wconf 92' lang='lat' dir='ltr'>per</span> <span class='ocrx_word' id='word_1_249' title='bbox 794 1699 953 1746; x_wconf 84' lang='lat' dir='ltr'>gratiam</span> <span class='ocrx_word' id='word_1_250' title='bbox 981 1705 1018 1734; x_wconf 92' lang='lat' dir='ltr'>et</span> <span class='ocrx_word' id='word_1_251' title='bbox 1040 1698 1181 1746; x_wconf 88' lang='lat' dir='ltr'>gratiae</span> <span class='ocrx_word' id='word_1_252' title='bbox 1216 1705 1474 1744; x_wconf 89' lang='lat' dir='ltr'>sacramenta,</span> 
     </span>
     <span class='ocr_line' id='line_1_44' title="bbox 409 1751 1474 1800; baseline -0.001 -12"><span class='ocrx_word' id='word_1_253' title='bbox 409 1759 633 1800; x_wconf 89' lang='lat' dir='ltr'>sequeretur</span> <span class='ocrx_word' id='word_1_254' title='bbox 651 1752 758 1800; x_wconf 92' lang='lat' dir='ltr'>quod</span> <span class='ocrx_word' id='word_1_255' title='bbox 778 1751 894 1799; x_wconf 88' lang='lat' dir='ltr'>gratia</span> <span class='ocrx_word' id='word_1_256' title='bbox 914 1759 950 1788; x_wconf 90' lang='lat' dir='ltr'>et</span> <span class='ocrx_word' id='word_1_257' title='bbox 968 1751 1107 1799; x_wconf 88' lang='lat' dir='ltr'>gratiae</span> <span class='ocrx_word' id='word_1_258' title='bbox 1127 1758 1365 1788; x_wconf 87' lang='lat' dir='ltr'>sacramenta</span> <span class='ocrx_word' id='word_1_259' title='bbox 1393 1762 1474 1787; x_wconf 91' lang='lat' dir='ltr'>non</span> 
     </span>
     <span class='ocr_line' id='line_1_45' title="bbox 409 1804 1473 1854; baseline -0.001 -13"><span class='ocrx_word' id='word_1_260' title='bbox 409 1812 535 1841; x_wconf 90' lang='lat' dir='ltr'>essent</span> <span class='ocrx_word' id='word_1_261' title='bbox 567 1804 760 1841; x_wconf 86' lang='lat' dir='ltr'>sufficiens</span> <span class='ocrx_word' id='word_1_262' title='bbox 789 1817 904 1841; x_wconf 90' lang='lat' dir='ltr'>causa</span> <span class='ocrx_word' id='word_1_263' title='bbox 941 1804 1177 1840; x_wconf 91' lang='lat' dir='ltr'>remissionis</span> <span class='ocrx_word' id='word_1_264' title='bbox 1211 1811 1473 1854; x_wconf 87' lang='lat' dir='ltr'>peccatorum.</span> 
     </span>
     <span class='ocr_line' id='line_1_46' title="bbox 409 1856 1473 1906; baseline -0.002 -12"><span class='ocrx_word' id='word_1_265' title='bbox 409 1858 529 1904; x_wconf 93' lang='lat' dir='ltr'>Quod</span> <span class='ocrx_word' id='word_1_266' title='bbox 549 1865 604 1894; x_wconf 88' lang='lat' dir='ltr'>est</span> <span class='ocrx_word' id='word_1_267' title='bbox 623 1869 842 1903; x_wconf 90' lang='lat' dir='ltr'>erroneum,</span> <span class='ocrx_word' id='word_1_268' title='bbox 870 1865 1002 1906; x_wconf 89' lang='lat' dir='ltr'>utpote</span> <span class='ocrx_word' id='word_1_269' title='bbox 1022 1857 1211 1904; x_wconf 89' lang='lat' dir='ltr'>derogans</span> <span class='ocrx_word' id='word_1_270' title='bbox 1230 1857 1371 1905; x_wconf 89' lang='lat' dir='ltr'>gratiae</span> <span class='ocrx_word' id='word_1_271' title='bbox 1390 1856 1473 1893; x_wconf 90' lang='lat' dir='ltr'>Dei.</span> 
     </span>
    </p>

    <p class='ocr_par' dir='ltr' id='par_1_12' title="bbox 409 1910 1475 2064">
     <span class='ocr_line' id='line_1_47' title="bbox 462 1910 1475 1959; baseline -0.001 -12"><span class='ocrx_word' id='word_1_272' title='bbox 462 1911 510 1947; x_wconf 92' lang='lat' dir='ltr'>Et</span> <span class='ocrx_word' id='word_1_273' title='bbox 524 1910 611 1947; x_wconf 89' lang='lat' dir='ltr'>ideo</span> <span class='ocrx_word' id='word_1_274' title='bbox 632 1912 738 1947; x_wconf 90' lang='lat' dir='ltr'>nullo</span> <span class='ocrx_word' id='word_1_275' title='bbox 758 1911 878 1947; x_wconf 88' lang='lat' dir='ltr'>modo</span> <span class='ocrx_word' id='word_1_276' title='bbox 898 1917 1023 1959; x_wconf 90' lang='lat' dir='ltr'>potest</span> <span class='ocrx_word' id='word_1_277' title='bbox 1043 1922 1125 1946; x_wconf 91' lang='lat' dir='ltr'>esse</span> <span class='ocrx_word' id='word_1_278' title='bbox 1145 1910 1252 1959; x_wconf 90' lang='lat' dir='ltr'>quod</span> <span class='ocrx_word' id='word_1_279' title='bbox 1272 1911 1425 1947; x_wconf 89' lang='lat' dir='ltr'>macula</span> <span class='ocrx_word' id='word_1_280' title='bbox 1440 1916 1475 1945; x_wconf 88' lang='lat' dir='ltr'>et</span> 
     </span>
     <span class='ocr_line' id='line_1_48' title="bbox 409 1963 1474 2012; baseline -0.001 -13"><span class='ocrx_word' id='word_1_281' title='bbox 409 1971 535 2000; x_wconf 90' lang='lat' dir='ltr'>reatus</span> <span class='ocrx_word' id='word_1_282' title='bbox 553 1963 867 2012; x_wconf 90' lang='lat' dir='ltr'>praecedentium</span> <span class='ocrx_word' id='word_1_283' title='bbox 887 1970 1135 2012; x_wconf 89' lang='lat' dir='ltr'>peccatorum</span> <span class='ocrx_word' id='word_1_284' title='bbox 1164 1963 1321 1999; x_wconf 90' lang='lat' dir='ltr'>redeant</span> <span class='ocrx_word' id='word_1_285' title='bbox 1340 1974 1474 1999; x_wconf 90' lang='lat' dir='ltr'>secun-</span> 
     </span>
     <span class='ocr_line' id='line_1_49' title="bbox 409 2015 1353 2064; baseline 0 -12"><span class='ocrx_word' id='word_1_286' title='bbox 409 2016 505 2052; x_wconf 90' lang='lat' dir='ltr'>dum</span> <span class='ocrx_word' id='word_1_287' title='bbox 533 2016 640 2064; x_wconf 94' lang='lat' dir='ltr'>quod</span> <span class='ocrx_word' id='word_1_288' title='bbox 669 2028 715 2053; x_wconf 89' lang='lat' dir='ltr'>ex</span> <span class='ocrx_word' id='word_1_289' title='bbox 742 2016 880 2052; x_wconf 92' lang='lat' dir='ltr'>talibus</span> <span class='ocrx_word' id='word_1_290' title='bbox 909 2015 1056 2052; x_wconf 90' lang='lat' dir='ltr'>actibus</span> <span class='ocrx_word' id='word_1_291' title='bbox 1085 2015 1353 2052; x_wconf 88' lang='lat' dir='ltr'>causabantur.</span> 
     </span>
    </p>

    <p class='ocr_par' dir='ltr' id='par_1_13' title="bbox 407 2067 1480 2541">
     <span class='ocr_line' id='line_1_50' title="bbox 463 2067 1475 2117; baseline -0.001 -12"><span class='ocrx_word' id='word_1_292' title='bbox 463 2068 657 2116; x_wconf 87' lang='lat' dir='ltr'>Contingit</span> <span class='ocrx_word' id='word_1_293' title='bbox 671 2076 801 2106; x_wconf 91' lang='lat' dir='ltr'>autem</span> <span class='ocrx_word' id='word_1_294' title='bbox 816 2069 924 2117; x_wconf 89' lang='lat' dir='ltr'>quod</span> <span class='ocrx_word' id='word_1_295' title='bbox 939 2080 1104 2117; x_wconf 90' lang='lat' dir='ltr'>sequens</span> <span class='ocrx_word' id='word_1_296' title='bbox 1123 2076 1229 2105; x_wconf 93' lang='lat' dir='ltr'>actus</span> <span class='ocrx_word' id='word_1_297' title='bbox 1243 2068 1389 2117; x_wconf 90' lang='lat' dir='ltr'>peccati</span> <span class='ocrx_word' id='word_1_298' title='bbox 1403 2067 1475 2104; x_wconf 90' lang='lat' dir='ltr'>vir-</span> 
     </span>
     <span class='ocr_line' id='line_1_51' title="bbox 407 2121 1476 2170; baseline -0.001 -12"><span class='ocrx_word' id='word_1_299' title='bbox 407 2121 557 2158; x_wconf 90' lang='lat' dir='ltr'>tualiter</span> <span class='ocrx_word' id='word_1_300' title='bbox 584 2121 751 2158; x_wconf 92' lang='lat' dir='ltr'>continet</span> <span class='ocrx_word' id='word_1_301' title='bbox 779 2129 928 2158; x_wconf 89' lang='lat' dir='ltr'>reatum</span> <span class='ocrx_word' id='word_1_302' title='bbox 956 2121 1092 2170; x_wconf 91' lang='lat' dir='ltr'>prioris</span> <span class='ocrx_word' id='word_1_303' title='bbox 1121 2121 1283 2170; x_wconf 88' lang='lat' dir='ltr'>peccati:</span> <span class='ocrx_word' id='word_1_304' title='bbox 1315 2121 1476 2170; x_wconf 92' lang='lat' dir='ltr'>inquan-</span> 
     </span>
     <span class='ocr_line' id='line_1_52' title="bbox 407 2173 1475 2223; baseline -0.001 -12"><span class='ocrx_word' id='word_1_305' title='bbox 407 2182 492 2211; x_wconf 91' lang='lat' dir='ltr'>tum</span> <span class='ocrx_word' id='word_1_306' title='bbox 520 2174 658 2211; x_wconf 89' lang='lat' dir='ltr'>scilicet</span> <span class='ocrx_word' id='word_1_307' title='bbox 686 2174 821 2223; x_wconf 90' lang='lat' dir='ltr'>aliquis</span> <span class='ocrx_word' id='word_1_308' title='bbox 849 2174 1020 2211; x_wconf 90' lang='lat' dir='ltr'>secundo</span> <span class='ocrx_word' id='word_1_309' title='bbox 1044 2186 1208 2223; x_wconf 90' lang='lat' dir='ltr'>peccans</span> <span class='ocrx_word' id='word_1_310' title='bbox 1228 2186 1274 2211; x_wconf 90' lang='lat' dir='ltr'>ex</span> <span class='ocrx_word' id='word_1_311' title='bbox 1294 2174 1370 2211; x_wconf 92' lang='lat' dir='ltr'>hoc</span> <span class='ocrx_word' id='word_1_312' title='bbox 1391 2173 1475 2222; x_wconf 90' lang='lat' dir='ltr'>ipso</span> 
     </span>
     <span class='ocr_line' id='line_1_53' title="bbox 407 2227 1475 2277; baseline -0.001 -13"><span class='ocrx_word' id='word_1_313' title='bbox 407 2227 560 2264; x_wconf 88' lang='lat' dir='ltr'>videtur</span> <span class='ocrx_word' id='word_1_314' title='bbox 587 2227 739 2276; x_wconf 87' lang='lat' dir='ltr'>gravius</span> <span class='ocrx_word' id='word_1_315' title='bbox 766 2239 926 2276; x_wconf 90' lang='lat' dir='ltr'>peccare</span> <span class='ocrx_word' id='word_1_316' title='bbox 955 2239 1074 2276; x_wconf 90' lang='lat' dir='ltr'>quam</span> <span class='ocrx_word' id='word_1_317' title='bbox 1100 2227 1206 2277; x_wconf 89' lang='lat' dir='ltr'>prius</span> <span class='ocrx_word' id='word_1_318' title='bbox 1231 2234 1475 2276; x_wconf 80' lang='lat' dir='ltr'>peccaverat3</span> 
     </span>
     <span class='ocr_line' id='line_1_54' title="bbox 409 2279 1475 2326; baseline -0.001 -9"><span class='ocrx_word' id='word_1_319' title='bbox 409 2281 625 2317; x_wconf 89' lang='lat' dir='ltr'>secundum</span> <span class='ocrx_word' id='word_1_320' title='bbox 644 2280 738 2317; x_wconf 91' lang='lat' dir='ltr'>illud</span> <span class='ocrx_word' id='word_1_321' title='bbox 751 2282 862 2317; x_wconf 88' lang='lat' dir='ltr'>Rom.</span> <span class='ocrx_word' id='word_1_322' title='bbox 875 2292 896 2317; x_wconf 91' lang='lat'>11</span> <span class='ocrx_word' id='word_1_323' title='bbox 906 2279 938 2326; x_wconf 71' lang='lat'>²¹⁸,</span> <span class='ocrx_word' id='word_1_324' title='bbox 951 2280 1160 2317; x_wconf 87' lang='lat' dir='ltr'>Secundum</span> <span class='ocrx_word' id='word_1_325' title='bbox 1180 2280 1354 2317; x_wconf 87' lang='lat' dir='ltr'>duritiam</span> <span class='ocrx_word' id='word_1_326' title='bbox 1373 2286 1475 2316; x_wconf 89' lang='lat' dir='ltr'>tuam</span> 
     </span>
     <span class='ocr_line' id='line_1_55' title="bbox 410 2333 1478 2383; baseline 0 -13"><span class='ocrx_word' id='word_1_327' title='bbox 410 2339 443 2369; x_wconf 89' lang='lat' dir='ltr'>et</span> <span class='ocrx_word' id='word_1_328' title='bbox 474 2346 541 2370; x_wconf 91' lang='lat' dir='ltr'>cor</span> <span class='ocrx_word' id='word_1_329' title='bbox 574 2336 817 2383; x_wconf 84' lang='lat' dir='ltr'>impoenitens</span> <span class='ocrx_word' id='word_1_330' title='bbox 853 2335 1076 2381; x_wconf 67' lang='lat' dir='ltr'>thesaurizas</span> <span class='ocrx_word' id='word_1_331' title='bbox 1112 2335 1178 2370; x_wconf 86' lang='lat' dir='ltr'>tihi</span> <span class='ocrx_word' id='word_1_332' title='bbox 1212 2335 1310 2370; x_wconf 91' lang='lat' dir='ltr'>iram</span> <span class='ocrx_word' id='word_1_333' title='bbox 1346 2335 1383 2370; x_wconf 89' lang='lat' dir='ltr'>in</span> <span class='ocrx_word' id='word_1_334' title='bbox 1419 2333 1478 2369; x_wconf 86' lang='lat' dir='ltr'>die</span> 
     </span>
     <span class='ocr_line' id='line_1_56' title="bbox 409 2386 1480 2435; baseline -0.001 -12"><span class='ocrx_word' id='word_1_335' title='bbox 409 2388 504 2432; x_wconf 83' lang='lat' dir='ltr'>irae,</span> <span class='ocrx_word' id='word_1_336' title='bbox 534 2399 581 2423; x_wconf 87' lang='lat' dir='ltr'>ex</span> <span class='ocrx_word' id='word_1_337' title='bbox 609 2387 685 2423; x_wconf 89' lang='lat' dir='ltr'>hoc</span> <span class='ocrx_word' id='word_1_338' title='bbox 712 2387 795 2423; x_wconf 91' lang='lat' dir='ltr'>solo</span> <span class='ocrx_word' id='word_1_339' title='bbox 824 2386 964 2423; x_wconf 88' lang='lat' dir='ltr'>scilicet</span> <span class='ocrx_word' id='word_1_340' title='bbox 995 2386 1103 2435; x_wconf 92' lang='lat' dir='ltr'>quod</span> <span class='ocrx_word' id='word_1_341' title='bbox 1131 2388 1379 2423; x_wconf 88' lang='lat' dir='ltr'>contemnitur</span> <span class='ocrx_word' id='word_1_342' title='bbox 1405 2387 1480 2422; x_wconf 86' lang='lat' dir='ltr'>Dei</span> 
     </span>
     <span class='ocr_line' id='line_1_57' title="bbox 410 2436 1475 2489; baseline -0.001 -13"><span class='ocrx_word' id='word_1_343' title='bbox 410 2441 563 2486; x_wconf 86' lang='lat' dir='ltr'>bonitas,</span> <span class='ocrx_word' id='word_1_344' title='bbox 593 2451 692 2488; x_wconf 91' lang='lat' dir='ltr'>quae</span> <span class='ocrx_word' id='word_1_345' title='bbox 721 2440 772 2476; x_wconf 86' lang='lat' dir='ltr'>ad</span> <span class='ocrx_word' id='word_1_346' title='bbox 796 2441 1062 2489; x_wconf 81' lang='lat' dir='ltr'>poenitentiam</span> <span class='ocrx_word' id='word_1_347' title='bbox 1096 2436 1263 2489; x_wconf 75' lang='lat' dir='ltr'>expectat</span> <span class='ocrx_word' id='word_1_348' title='bbox 1280 2438 1318 2484; x_wconf 74' lang='grc' dir='ltr'>*ς</span> <span class='ocrx_word' id='word_1_349' title='bbox 1352 2440 1475 2475; x_wconf 91' lang='lat' dir='ltr'>multo</span> 
     </span>
     <span class='ocr_line' id='line_1_58' title="bbox 411 2491 1477 2541; baseline -0.001 -13"><span class='ocrx_word' id='word_1_350' title='bbox 411 2499 541 2529; x_wconf 89' lang='lat' dir='ltr'>autem</span> <span class='ocrx_word' id='word_1_351' title='bbox 579 2492 700 2540; x_wconf 90' lang='lat' dir='ltr'>magis</span> <span class='ocrx_word' id='word_1_352' title='bbox 738 2492 998 2529; x_wconf 90' lang='lat' dir='ltr'>contemnitur</span> <span class='ocrx_word' id='word_1_353' title='bbox 1033 2491 1105 2528; x_wconf 91' lang='lat' dir='ltr'>Dei</span> <span class='ocrx_word' id='word_1_354' title='bbox 1133 2491 1284 2529; x_wconf 88' lang='lat' dir='ltr'>bonitas</span> <span class='ocrx_word' id='word_1_355' title='bbox 1313 2491 1360 2539; x_wconf 90' lang='lat' dir='ltr'>si,</span> <span class='ocrx_word' id='word_1_356' title='bbox 1390 2498 1477 2541; x_wconf 92' lang='lat' dir='ltr'>post</span> 
     </span>
    </p>
   </div>
   <div class='ocr_carea' id='block_1_10' title="bbox 411 2625 1478 2910">
    <p class='ocr_par' dir='ltr' id='par_1_14' title="bbox 465 2625 1329 2660">
     <span class='ocr_line' id='line_1_59' title="bbox 465 2625 1329 2660; baseline -0.002 -8"><span class='ocrx_word' id='word_1_357' title='bbox 465 2627 484 2660; x_wconf 89' lang='grc' dir='ltr'>ι)</span> <span class='ocrx_word' id='word_1_358' title='bbox 507 2627 611 2652; x_wconf 83' lang='lat' dir='ltr'>Verum.</span> <span class='ocrx_word' id='word_1_359' title='bbox 630 2641 648 2645; x_wconf 94' lang='lat'>-</span> <span class='ocrx_word' id='word_1_360' title='bbox 665 2627 767 2655; x_wconf 87' lang='lat' dir='ltr'>Tertia;</span> <span class='ocrx_word' id='word_1_361' title='bbox 792 2626 967 2651; x_wconf 81' lang='lat' dir='ltr'>Veruntamen</span> <span class='ocrx_word' id='word_1_362' title='bbox 988 2626 1032 2655; x_wconf 88' lang='lat' dir='ltr'>sE,</span> <span class='ocrx_word' id='word_1_363' title='bbox 1051 2633 1104 2650; x_wconf 90' lang='lat' dir='ltr'>om.</span> <span class='ocrx_word' id='word_1_364' title='bbox 1123 2632 1149 2655; x_wconf 88' lang='lat' dir='ltr'>a,</span> <span class='ocrx_word' id='word_1_365' title='bbox 1169 2625 1223 2650; x_wconf 83' lang='lat' dir='ltr'>vita</span> <span class='ocrx_word' id='word_1_366' title='bbox 1244 2625 1329 2650; x_wconf 88' lang='lat' dir='ltr'>ceteri.</span> 
     </span>
    </p>

    <p class='ocr_par' dir='ltr' id='par_1_15' title="bbox 411 2660 1478 2767">
     <span class='ocr_line' id='line_1_60' title="bbox 465 2660 1478 2697; baseline -0.004 -9"><span class='ocrx_word' id='word_1_367' title='bbox 465 2663 491 2697; x_wconf 85' lang='grc' dir='ltr'>κ)</span> <span class='ocrx_word' id='word_1_368' title='bbox 511 2662 692 2688; x_wconf 83' lang='lat' dir='ltr'>diversitatem</span> <span class='ocrx_word' id='word_1_369' title='bbox 717 2662 812 2686; x_wconf 80' lang='lat' dir='ltr'>induit.</span> <span class='ocrx_word' id='word_1_370' title='bbox 835 2676 855 2680; x_wconf 98' lang='lat'>-</span> <span class='ocrx_word' id='word_1_371' title='bbox 872 2664 1000 2686; x_wconf 82' lang='lat' dir='ltr'>causatur</span> <span class='ocrx_word' id='word_1_372' title='bbox 1024 2662 1143 2692; x_wconf 89' lang='lat' dir='ltr'>(causam</span> <span class='ocrx_word' id='word_1_373' title='bbox 1164 2661 1191 2693; x_wconf 80' lang='lat' dir='ltr'>b)</span> <span class='ocrx_word' id='word_1_374' title='bbox 1210 2660 1343 2692; x_wconf 81' lang='lat' dir='ltr'>recipiunt</span> <span class='ocrx_word' id='word_1_375' title='bbox 1361 2667 1392 2684; x_wconf 89' lang='lat' dir='ltr'>ea</span> <span class='ocrx_word' id='word_1_376' title='bbox 1411 2666 1478 2692; x_wconf 84' lang='lat' dir='ltr'>quae</span> 
     </span>
     <span class='ocr_line' id='line_1_61' title="bbox 411 2695 1477 2730; baseline -0.005 -6"><span class='ocrx_word' id='word_1_377' title='bbox 411 2702 474 2724; x_wconf 82' lang='lat' dir='ltr'>sunt</span> <span class='ocrx_word' id='word_1_378' title='bbox 492 2706 530 2724; x_wconf 85' lang='lat' dir='ltr'>ex</span> <span class='ocrx_word' id='word_1_379' title='bbox 544 2701 625 2730; x_wconf 83' lang='lat' dir='ltr'>parte</span> <span class='ocrx_word' id='word_1_380' title='bbox 648 2697 796 2722; x_wconf 80' lang='lat' dir='ltr'>aversionis</span> <span class='ocrx_word' id='word_1_381' title='bbox 821 2697 1018 2729; x_wconf 86' lang='lat' dir='ltr'>quodammodo</span> <span class='ocrx_word' id='word_1_382' title='bbox 1043 2697 1226 2721; x_wconf 81' lang='lat' dir='ltr'>diversitatem</span> <span class='ocrx_word' id='word_1_383' title='bbox 1245 2695 1361 2729; x_wconf 83' lang='lat' dir='ltr'>(inducit</span> <span class='ocrx_word' id='word_1_384' title='bbox 1380 2695 1477 2720; x_wconf 84' lang='lat' dir='ltr'>addunt</span> 
     </span>
     <span class='ocr_line' id='line_1_62' title="bbox 411 2733 1072 2767; baseline -0.006 -7"><span class='ocrx_word' id='word_1_385' title='bbox 411 2735 453 2767; x_wconf 89' lang='lat' dir='ltr'>pG</span> <span class='ocrx_word' id='word_1_386' title='bbox 473 2740 497 2760; x_wconf 89' lang='lat' dir='ltr'>et</span> <span class='ocrx_word' id='word_1_387' title='bbox 517 2733 542 2766; x_wconf 87' lang='lat' dir='ltr'>b)</span> <span class='ocrx_word' id='word_1_388' title='bbox 561 2733 642 2762; x_wconf 75' lang='lat' dir='ltr'>tertia,</span> <span class='ocrx_word' id='word_1_389' title='bbox 661 2733 843 2757; x_wconf 81' lang='lat' dir='ltr'>diversitatem</span> <span class='ocrx_word' id='word_1_390' title='bbox 864 2733 967 2757; x_wconf 82' lang='lat' dir='ltr'>inducit</span> <span class='ocrx_word' id='word_1_391' title='bbox 986 2733 1072 2757; x_wconf 81' lang='lat' dir='ltr'>ceteri.</span> 
     </span>
    </p>

    <p class='ocr_par' dir='ltr' id='par_1_16' title="bbox 413 2766 1477 2833">
     <span class='ocr_line' id='line_1_63' title="bbox 463 2766 1477 2802; baseline -0.003 -9"><span class='ocrx_word' id='word_1_392' title='bbox 463 2769 492 2802; x_wconf 87' lang='grc' dir='ltr'>λ)</span> <span class='ocrx_word' id='word_1_393' title='bbox 510 2769 615 2794; x_wconf 84' lang='lat' dir='ltr'>aversio</span> <span class='ocrx_word' id='word_1_394' title='bbox 628 2771 654 2793; x_wconf 89' lang='lat' dir='ltr'>et</span> <span class='ocrx_word' id='word_1_395' title='bbox 666 2768 730 2793; x_wconf 86' lang='lat' dir='ltr'>alia.</span> <span class='ocrx_word' id='word_1_396' title='bbox 741 2782 761 2787; x_wconf 87' lang='lat'>—</span> <span class='ocrx_word' id='word_1_397' title='bbox 774 2768 862 2792; x_wconf 83' lang='lat' dir='ltr'>Tertia</span> <span class='ocrx_word' id='word_1_398' title='bbox 881 2767 1000 2801; x_wconf 87' lang='lat' dir='ltr'>(excepto</span> <span class='ocrx_word' id='word_1_399' title='bbox 1013 2767 1021 2791; x_wconf 86' lang='lat'>1</span> <span class='ocrx_word' id='word_1_400' title='bbox 1035 2768 1079 2800; x_wconf 90' lang='lat' dir='ltr'>qui</span> <span class='ocrx_word' id='word_1_401' title='bbox 1098 2766 1177 2801; x_wconf 87' lang='lat' dir='ltr'>om.);</span> <span class='ocrx_word' id='word_1_402' title='bbox 1191 2766 1328 2792; x_wconf 82' lang='lat' dir='ltr'>conversio</span> <span class='ocrx_word' id='word_1_403' title='bbox 1343 2769 1370 2790; x_wconf 83' lang='lat' dir='ltr'>et</span> <span class='ocrx_word' id='word_1_404' title='bbox 1382 2766 1446 2791; x_wconf 85' lang='lat' dir='ltr'>alia.</span> <span class='ocrx_word' id='word_1_405' title='bbox 1459 2780 1477 2784; x_wconf 92' lang='lat'><em>-</em></span> 
     </span>
     <span class='ocr_line' id='line_1_64' title="bbox 413 2803 944 2833; baseline -0.004 -3"><span class='ocrx_word' id='word_1_406' title='bbox 413 2805 462 2829; x_wconf 86' lang='lat' dir='ltr'>Pro</span> <span class='ocrx_word' id='word_1_407' title='bbox 481 2812 517 2830; x_wconf 86' lang='lat' dir='ltr'>ex</span> <span class='ocrx_word' id='word_1_408' title='bbox 535 2804 597 2833; x_wconf 83' lang='lat' dir='ltr'>alio,</span> <span class='ocrx_word' id='word_1_409' title='bbox 617 2811 655 2828; x_wconf 84' lang='lat' dir='ltr'>ex</span> <span class='ocrx_word' id='word_1_410' title='bbox 673 2804 726 2828; x_wconf 83' lang='lat' dir='ltr'>alio</span> <span class='ocrx_word' id='word_1_411' title='bbox 746 2807 772 2828; x_wconf 79' lang='lat' dir='ltr'>et</span> <span class='ocrx_word' id='word_1_412' title='bbox 790 2803 843 2828; x_wconf 86' lang='lat' dir='ltr'>alio</span> <span class='ocrx_word' id='word_1_413' title='bbox 862 2803 944 2828; x_wconf 84' lang='lat' dir='ltr'>tertia.</span> 
     </span>
    </p>

    <p class='ocr_par' dir='ltr' id='par_1_17' title="bbox 465 2838 1271 2874">
     <span class='ocr_line' id='line_1_65' title="bbox 465 2838 1271 2874; baseline -0.004 -9"><span class='ocrx_word' id='word_1_414' title='bbox 465 2839 493 2874; x_wconf 77' lang='grc' dir='ltr'>μ)</span> <span class='ocrx_word' id='word_1_415' title='bbox 514 2840 562 2865; x_wconf 83' lang='lat' dir='ltr'>hoc</span> <span class='ocrx_word' id='word_1_416' title='bbox 579 2846 652 2872; x_wconf 81' lang='lat' dir='ltr'>ergo.</span> <span class='ocrx_word' id='word_1_417' title='bbox 670 2853 690 2858; x_wconf 86' lang='lat'>--</span> <span class='ocrx_word' id='word_1_418' title='bbox 708 2839 756 2864; x_wconf 87' lang='lat' dir='ltr'>hoc</span> <span class='ocrx_word' id='word_1_419' title='bbox 775 2839 853 2863; x_wconf 86' lang='lat' dir='ltr'>modo</span> <span class='ocrx_word' id='word_1_420' title='bbox 873 2839 905 2868; x_wconf 88' lang='grc' dir='ltr'>Η,</span> <span class='ocrx_word' id='word_1_421' title='bbox 924 2841 950 2863; x_wconf 89' lang='lat' dir='ltr'>et</span> <span class='ocrx_word' id='word_1_422' title='bbox 968 2838 1017 2863; x_wconf 88' lang='lat' dir='ltr'>hoc</span> <span class='ocrx_word' id='word_1_423' title='bbox 1036 2838 1115 2863; x_wconf 89' lang='lat' dir='ltr'>modo</span> <span class='ocrx_word' id='word_1_424' title='bbox 1135 2838 1271 2862; x_wconf 79' lang='lat' dir='ltr'>editiones-</span> 
     </span>
    </p>

    <p class='ocr_par' dir='ltr' id='par_1_18' title="bbox 464 2875 720 2910">
     <span class='ocr_line' id='line_1_66' title="bbox 464 2875 720 2910; baseline -0.004 -10"><span class='ocrx_word' id='word_1_425' title='bbox 464 2876 488 2910; x_wconf 90' lang='grc' dir='ltr'>ν)</span> <span class='ocrx_word' id='word_1_426' title='bbox 508 2879 556 2900; x_wconf 87' lang='lat' dir='ltr'>est.</span> <span class='ocrx_word' id='word_1_427' title='bbox 574 2875 663 2908; x_wconf 80' lang='lat' dir='ltr'>—suit</span> <span class='ocrx_word' id='word_1_428' title='bbox 683 2875 720 2900; x_wconf 84' lang='grc' dir='ltr'>ΡΙ.</span> 
     </span>
    </p>
   </div>
   <div class='ocr_carea' id='block_1_11' title="bbox 1500 220 1503 2039">
    <p class='ocr_par' dir='ltr' id='par_1_19' title="bbox 1500 220 1503 2039">
     <span class='ocr_line' id='line_1_67' title="bbox 1500 220 1503 2039; baseline 0 0"><span class='ocrx_word' id='word_1_429' title='bbox 1500 220 1503 2039; x_wconf 95' lang='lat' dir='ltr'> </span> 
     </span>
    </p>
   </div>
   <div class='ocr_carea' id='block_1_12' title="bbox 1053 140 1951 189">
    <p class='ocr_par' dir='ltr' id='par_1_20' title="bbox 1053 140 1951 189">
     <span class='ocr_line' id='line_1_68' title="bbox 1053 140 1951 189; baseline -0.003 -9"><span class='ocrx_word' id='word_1_430' title='bbox 1053 143 1315 189; x_wconf 91' lang='lat' dir='ltr'>QUAESTIO</span> <span class='ocrx_word' id='word_1_431' title='bbox 1348 142 1587 187; x_wconf 83' lang='lat' dir='ltr'>LXXXVIII,</span> <span class='ocrx_word' id='word_1_432' title='bbox 1618 140 1909 178; x_wconf 91' lang='lat' dir='ltr'>ARTICULUS</span> <span class='ocrx_word' id='word_1_433' title='bbox 1937 141 1951 177; x_wconf 95' lang='lat' dir='ltr'>I</span> 
     </span>
    </p>
   </div>
   <div class='ocr_carea' id='block_1_13' title="bbox 1522 219 2597 2223">
    <p class='ocr_par' dir='ltr' id='par_1_21' title="bbox 1527 219 2595 797">
     <span class='ocr_line' id='line_1_69' title="bbox 1529 219 2594 271; baseline 0.003 -15"><span class='ocrx_word' id='word_1_434' title='bbox 1529 219 1795 256; x_wconf 90' lang='lat' dir='ltr'>remissionem</span> <span class='ocrx_word' id='word_1_435' title='bbox 1830 219 1966 268; x_wconf 88' lang='lat' dir='ltr'>prioris</span> <span class='ocrx_word' id='word_1_436' title='bbox 1994 220 2158 269; x_wconf 85' lang='lat' dir='ltr'>peccati,</span> <span class='ocrx_word' id='word_1_437' title='bbox 2189 221 2360 258; x_wconf 90' lang='lat' dir='ltr'>secundo</span> <span class='ocrx_word' id='word_1_438' title='bbox 2388 229 2594 271; x_wconf 91' lang='lat' dir='ltr'>peccatum</span> 
     </span>
     <span class='ocr_line' id='line_1_70' title="bbox 1528 272 2593 323; baseline 0.003 -14"><span class='ocrx_word' id='word_1_439' title='bbox 1528 273 1702 318; x_wconf 89' lang='lat' dir='ltr'>iteretur;</span> <span class='ocrx_word' id='word_1_440' title='bbox 1733 280 1878 321; x_wconf 91' lang='lat' dir='ltr'>quanto</span> <span class='ocrx_word' id='word_1_441' title='bbox 1907 272 2032 309; x_wconf 91' lang='lat' dir='ltr'>maius</span> <span class='ocrx_word' id='word_1_442' title='bbox 2052 280 2106 309; x_wconf 88' lang='lat' dir='ltr'>est</span> <span class='ocrx_word' id='word_1_443' title='bbox 2126 274 2361 311; x_wconf 91' lang='lat' dir='ltr'>beneficium</span> <span class='ocrx_word' id='word_1_444' title='bbox 2389 282 2593 323; x_wconf 90' lang='lat' dir='ltr'>peccatum</span> 
     </span>
     <span class='ocr_line' id='line_1_71' title="bbox 1528 325 2595 375; baseline 0.002 -13"><span class='ocrx_word' id='word_1_445' title='bbox 1528 325 1717 362; x_wconf 90' lang='lat' dir='ltr'>remittere</span> <span class='ocrx_word' id='word_1_446' title='bbox 1747 337 1867 374; x_wconf 89' lang='lat' dir='ltr'>quam</span> <span class='ocrx_word' id='word_1_447' title='bbox 1896 325 2080 362; x_wconf 89' lang='lat' dir='ltr'>sustinere</span> <span class='ocrx_word' id='word_1_448' title='bbox 2109 334 2363 374; x_wconf 90' lang='lat' dir='ltr'>peccatorem.</span> <span class='ocrx_word' id='word_1_449' title='bbox 2395 327 2457 364; x_wconf 88' lang='lat' dir='ltr'>Sic</span> <span class='ocrx_word' id='word_1_450' title='bbox 2482 327 2595 375; x_wconf 88' lang='lat' dir='ltr'>igitur</span> 
     </span>
     <span class='ocr_line' id='line_1_72' title="bbox 1527 378 2593 428; baseline 0.003 -14"><span class='ocrx_word' id='word_1_451' title='bbox 1527 391 1597 428; x_wconf 93' lang='lat' dir='ltr'>per</span> <span class='ocrx_word' id='word_1_452' title='bbox 1624 385 1825 427; x_wconf 91' lang='lat' dir='ltr'>peccatum</span> <span class='ocrx_word' id='word_1_453' title='bbox 1859 390 2024 427; x_wconf 92' lang='lat' dir='ltr'>sequens</span> <span class='ocrx_word' id='word_1_454' title='bbox 2061 378 2337 426; x_wconf 89' lang='lat' dir='ltr'>poenitentiam</span> <span class='ocrx_word' id='word_1_455' title='bbox 2373 379 2468 416; x_wconf 91' lang='lat' dir='ltr'>redit</span> <span class='ocrx_word' id='word_1_456' title='bbox 2497 392 2593 428; x_wconf 94' lang='lat' dir='ltr'>quo-</span> 
     </span>
     <span class='ocr_line' id='line_1_73' title="bbox 1528 431 2592 479; baseline 0.001 -11"><span class='ocrx_word' id='word_1_457' title='bbox 1528 431 1741 468; x_wconf 91' lang='lat' dir='ltr'>dammodo</span> <span class='ocrx_word' id='word_1_458' title='bbox 1762 438 1887 468; x_wconf 88' lang='lat' dir='ltr'>reatus</span> <span class='ocrx_word' id='word_1_459' title='bbox 1911 437 2159 479; x_wconf 89' lang='lat' dir='ltr'>peccatorum</span> <span class='ocrx_word' id='word_1_460' title='bbox 2187 431 2293 479; x_wconf 90' lang='lat' dir='ltr'>prius</span> <span class='ocrx_word' id='word_1_461' title='bbox 2325 431 2592 479; x_wconf 88' lang='lat' dir='ltr'>dimissorum,</span> 
     </span>
     <span class='ocr_line' id='line_1_74' title="bbox 1528 483 2594 534; baseline 0.002 -14"><span class='ocrx_word' id='word_1_462' title='bbox 1528 496 1608 521; x_wconf 92' lang='lat' dir='ltr'>non</span> <span class='ocrx_word' id='word_1_463' title='bbox 1637 484 1867 532; x_wconf 84' lang='lat' dir='ltr'>inquantum</span> <span class='ocrx_word' id='word_1_464' title='bbox 1897 483 2126 520; x_wconf 88' lang='lat' dir='ltr'>causabatur</span> <span class='ocrx_word' id='word_1_465' title='bbox 2145 495 2190 519; x_wconf 90' lang='lat' dir='ltr'>ex</span> <span class='ocrx_word' id='word_1_466' title='bbox 2210 483 2279 520; x_wconf 93' lang='lat' dir='ltr'>illis</span> <span class='ocrx_word' id='word_1_467' title='bbox 2298 484 2463 532; x_wconf 90' lang='lat' dir='ltr'>peccatis</span> <span class='ocrx_word' id='word_1_468' title='bbox 2486 485 2594 534; x_wconf 92' lang='lat' dir='ltr'>prius</span> 
     </span>
     <span class='ocr_line' id='line_1_75' title="bbox 1529 536 2594 586; baseline 0.001 -13"><span class='ocrx_word' id='word_1_469' title='bbox 1529 536 1704 582; x_wconf 88' lang='lat' dir='ltr'>dimissis,</span> <span class='ocrx_word' id='word_1_470' title='bbox 1735 537 1801 573; x_wconf 92' lang='lat' dir='ltr'>sed</span> <span class='ocrx_word' id='word_1_471' title='bbox 1830 536 2061 585; x_wconf 88' lang='lat' dir='ltr'>inquantum</span> <span class='ocrx_word' id='word_1_472' title='bbox 2090 544 2268 573; x_wconf 88' lang='lat' dir='ltr'>causatur</span> <span class='ocrx_word' id='word_1_473' title='bbox 2296 548 2341 573; x_wconf 89' lang='lat' dir='ltr'>ex</span> <span class='ocrx_word' id='word_1_474' title='bbox 2361 544 2518 586; x_wconf 91' lang='lat' dir='ltr'>peccato</span> <span class='ocrx_word' id='word_1_475' title='bbox 2538 539 2594 574; x_wconf 92' lang='lat' dir='ltr'>ul—</span> 
     </span>
     <span class='ocr_line' id='line_1_76' title="bbox 1527 589 2594 639; baseline 0.001 -13"><span class='ocrx_word' id='word_1_476' title='bbox 1527 589 1622 626; x_wconf 89' lang='lat' dir='ltr'>timo</span> <span class='ocrx_word' id='word_1_477' title='bbox 1642 597 1869 639; x_wconf 87' lang='lat' dir='ltr'>perpetrato,</span> <span class='ocrx_word' id='word_1_478' title='bbox 1886 590 1993 638; x_wconf 92' lang='lat' dir='ltr'>quod</span> <span class='ocrx_word' id='word_1_479' title='bbox 2008 597 2234 637; x_wconf 87' lang='lat' dir='ltr'>aggravatur</span> <span class='ocrx_word' id='word_1_480' title='bbox 2248 602 2294 626; x_wconf 86' lang='lat' dir='ltr'>ex</span> <span class='ocrx_word' id='word_1_481' title='bbox 2308 589 2473 638; x_wconf 90' lang='lat' dir='ltr'>peccatis</span> <span class='ocrx_word' id='word_1_482' title='bbox 2491 590 2594 638; x_wconf 90' lang='lat' dir='ltr'>prio-</span> 
     </span>
     <span class='ocr_line' id='line_1_77' title="bbox 1529 641 2594 691; baseline -0.001 -12"><span class='ocrx_word' id='word_1_483' title='bbox 1529 643 1644 679; x_wconf 90' lang='lat' dir='ltr'>ribus.</span> <span class='ocrx_word' id='word_1_484' title='bbox 1689 643 1736 679; x_wconf 88' lang='lat' dir='ltr'>Et</span> <span class='ocrx_word' id='word_1_485' title='bbox 1769 643 1844 678; x_wconf 95' lang='lat' dir='ltr'>hoc</span> <span class='ocrx_word' id='word_1_486' title='bbox 1881 654 1961 679; x_wconf 91' lang='lat' dir='ltr'>non</span> <span class='ocrx_word' id='word_1_487' title='bbox 1997 650 2052 678; x_wconf 90' lang='lat' dir='ltr'>est</span> <span class='ocrx_word' id='word_1_488' title='bbox 2087 649 2243 691; x_wconf 90' lang='lat' dir='ltr'>peccata</span> <span class='ocrx_word' id='word_1_489' title='bbox 2281 641 2437 679; x_wconf 88' lang='lat' dir='ltr'>dimissa</span> <span class='ocrx_word' id='word_1_490' title='bbox 2472 642 2594 679; x_wconf 85' lang='lat' dir='ltr'>redire</span> 
     </span>
     <span class='ocr_line' id='line_1_78' title="bbox 1528 694 2594 744; baseline -0.001 -12"><span class='ocrx_word' id='word_1_491' title='bbox 1528 695 1758 744; x_wconf 90' lang='lat' dir='ltr'>simpliciter,</span> <span class='ocrx_word' id='word_1_492' title='bbox 1788 695 1855 732; x_wconf 89' lang='lat' dir='ltr'>sed</span> <span class='ocrx_word' id='word_1_493' title='bbox 1884 695 2100 732; x_wconf 90' lang='lat' dir='ltr'>secundum</span> <span class='ocrx_word' id='word_1_494' title='bbox 2125 694 2234 744; x_wconf 90' lang='lat' dir='ltr'>quid:</span> <span class='ocrx_word' id='word_1_495' title='bbox 2264 694 2496 744; x_wconf 89' lang='lat' dir='ltr'>inquantum</span> <span class='ocrx_word' id='word_1_496' title='bbox 2524 695 2594 732; x_wconf 91' lang='lat' dir='ltr'>sci-</span> 
     </span>
     <span class='ocr_line' id='line_1_79' title="bbox 1527 747 2593 797; baseline 0 -13"><span class='ocrx_word' id='word_1_497' title='bbox 1527 748 1612 785; x_wconf 92' lang='lat' dir='ltr'>licet</span> <span class='ocrx_word' id='word_1_498' title='bbox 1640 748 1849 785; x_wconf 88' lang='lat' dir='ltr'>virtualiter</span> <span class='ocrx_word' id='word_1_499' title='bbox 1880 747 1919 784; x_wconf 93' lang='lat' dir='ltr'>in</span> <span class='ocrx_word' id='word_1_500' title='bbox 1947 755 2105 797; x_wconf 93' lang='lat' dir='ltr'>peccato</span> <span class='ocrx_word' id='word_1_501' title='bbox 2135 747 2309 797; x_wconf 90' lang='lat' dir='ltr'>sequenti</span> <span class='ocrx_word' id='word_1_502' title='bbox 2337 747 2593 785; x_wconf 91' lang='lat' dir='ltr'>continentur.</span> 
     </span>
    </p>

    <p class='ocr_par' dir='ltr' id='par_1_22' title="bbox 1522 800 2597 1483">
     <span class='ocr_line' id='line_1_80' title="bbox 1581 800 2595 850; baseline -0.001 -12"><span class='ocrx_word' id='word_1_503' title='bbox 1581 803 1638 837; x_wconf 86' lang='lat' dir='ltr'>AD</span> <span class='ocrx_word' id='word_1_504' title='bbox 1668 813 1803 838; x_wconf 80' lang='lat' dir='ltr'>PR1MUM</span> <span class='ocrx_word' id='word_1_505' title='bbox 1831 813 1929 838; x_wconf 79' lang='lat' dir='ltr'>ERGO</span> <span class='ocrx_word' id='word_1_506' title='bbox 1958 813 2140 838; x_wconf 86' lang='lat' dir='ltr'>DlCENDUM</span> <span class='ocrx_word' id='word_1_507' title='bbox 2170 801 2278 850; x_wconf 89' lang='lat' dir='ltr'>quod</span> <span class='ocrx_word' id='word_1_508' title='bbox 2306 800 2399 837; x_wconf 92' lang='lat' dir='ltr'>illud</span> <span class='ocrx_word' id='word_1_509' title='bbox 2427 801 2595 838; x_wconf 89' lang='lat' dir='ltr'>verbum</span> 
     </span>
     <span class='ocr_line' id='line_1_81' title="bbox 1528 853 2595 902; baseline 0 -12"><span class='ocrx_word' id='word_1_510' title='bbox 1528 853 1731 902; x_wconf 88' lang='lat' dir='ltr'>Augustini</span> <span class='ocrx_word' id='word_1_511' title='bbox 1758 854 1911 890; x_wconf 89' lang='lat' dir='ltr'>videtur</span> <span class='ocrx_word' id='word_1_512' title='bbox 1946 866 2027 890; x_wconf 91' lang='lat' dir='ltr'>esse</span> <span class='ocrx_word' id='word_1_513' title='bbox 2063 853 2352 901; x_wconf 86' lang='lat' dir='ltr'>intelligendum</span> <span class='ocrx_word' id='word_1_514' title='bbox 2387 854 2434 890; x_wconf 94' lang='lat' dir='ltr'>de</span> <span class='ocrx_word' id='word_1_515' title='bbox 2470 853 2595 891; x_wconf 91' lang='lat' dir='ltr'>reditu</span> 
     </span>
     <span class='ocr_line' id='line_1_82' title="bbox 1527 907 2594 955; baseline 0 -12"><span class='ocrx_word' id='word_1_516' title='bbox 1527 914 1776 955; x_wconf 91' lang='lat' dir='ltr'>peccatorum</span> <span class='ocrx_word' id='word_1_517' title='bbox 1796 914 1986 955; x_wconf 89' lang='lat' dir='ltr'>quantum</span> <span class='ocrx_word' id='word_1_518' title='bbox 2005 907 2054 943; x_wconf 92' lang='lat' dir='ltr'>ad</span> <span class='ocrx_word' id='word_1_519' title='bbox 2073 914 2224 944; x_wconf 91' lang='lat' dir='ltr'>reatum</span> <span class='ocrx_word' id='word_1_520' title='bbox 2247 918 2398 955; x_wconf 91' lang='lat' dir='ltr'>poenae</span> <span class='ocrx_word' id='word_1_521' title='bbox 2417 914 2594 944; x_wconf 92' lang='lat' dir='ltr'>aeternae</span> 
     </span>
     <span class='ocr_line' id='line_1_83' title="bbox 1527 959 2594 1009; baseline 0 -13"><span class='ocrx_word' id='word_1_522' title='bbox 1527 959 1567 996; x_wconf 92' lang='lat' dir='ltr'>in</span> <span class='ocrx_word' id='word_1_523' title='bbox 1595 971 1635 996; x_wconf 89' lang='lat' dir='ltr'>se</span> <span class='ocrx_word' id='word_1_524' title='bbox 1664 959 1967 996; x_wconf 87' lang='lat' dir='ltr'>consideratum:</span> <span class='ocrx_word' id='word_1_525' title='bbox 1998 959 2089 1008; x_wconf 89' lang='lat' dir='ltr'>quia</span> <span class='ocrx_word' id='word_1_526' title='bbox 2117 959 2256 996; x_wconf 91' lang='lat' dir='ltr'>scilicet</span> <span class='ocrx_word' id='word_1_527' title='bbox 2283 968 2370 1008; x_wconf 91' lang='lat' dir='ltr'>post</span> <span class='ocrx_word' id='word_1_528' title='bbox 2397 960 2594 1009; x_wconf 89' lang='lat' dir='ltr'>poeniten-</span> 
     </span>
     <span class='ocr_line' id='line_1_84' title="bbox 1527 1011 2594 1061; baseline 0.001 -13"><span class='ocrx_word' id='word_1_529' title='bbox 1527 1011 1621 1048; x_wconf 88' lang='lat' dir='ltr'>tiam</span> <span class='ocrx_word' id='word_1_530' title='bbox 1658 1024 1822 1060; x_wconf 90' lang='lat' dir='ltr'>peccans</span> <span class='ocrx_word' id='word_1_531' title='bbox 1859 1012 2017 1048; x_wconf 88' lang='lat' dir='ltr'>incurrit</span> <span class='ocrx_word' id='word_1_532' title='bbox 2054 1020 2203 1049; x_wconf 92' lang='lat' dir='ltr'>reatum</span> <span class='ocrx_word' id='word_1_533' title='bbox 2238 1024 2388 1061; x_wconf 90' lang='lat' dir='ltr'>poenae</span> <span class='ocrx_word' id='word_1_534' title='bbox 2417 1020 2594 1050; x_wconf 86' lang='lat' dir='ltr'>aeternae</span> 
     </span>
     <span class='ocr_line' id='line_1_85' title="bbox 1528 1063 2593 1114; baseline 0.002 -14"><span class='ocrx_word' id='word_1_535' title='bbox 1528 1063 1625 1100; x_wconf 91' lang='lat' dir='ltr'>sicut</span> <span class='ocrx_word' id='word_1_536' title='bbox 1653 1071 1689 1100; x_wconf 93' lang='lat' dir='ltr'>et</span> <span class='ocrx_word' id='word_1_537' title='bbox 1716 1064 1842 1112; x_wconf 90' lang='lat' dir='ltr'>prius;</span> <span class='ocrx_word' id='word_1_538' title='bbox 1871 1077 1952 1101; x_wconf 92' lang='lat' dir='ltr'>non</span> <span class='ocrx_word' id='word_1_539' title='bbox 1980 1073 2109 1102; x_wconf 89' lang='lat' dir='ltr'>tamen</span> <span class='ocrx_word' id='word_1_540' title='bbox 2139 1065 2300 1101; x_wconf 90' lang='lat' dir='ltr'>omnino</span> <span class='ocrx_word' id='word_1_541' title='bbox 2328 1073 2486 1114; x_wconf 89' lang='lat' dir='ltr'>propter</span> <span class='ocrx_word' id='word_1_542' title='bbox 2504 1077 2593 1102; x_wconf 90' lang='lat' dir='ltr'>ean-</span> 
     </span>
     <span class='ocr_line' id='line_1_86' title="bbox 1527 1116 2593 1165; baseline 0.003 -13"><span class='ocrx_word' id='word_1_543' title='bbox 1527 1117 1618 1152; x_wconf 91' lang='lat' dir='ltr'>dem</span> <span class='ocrx_word' id='word_1_544' title='bbox 1647 1116 1847 1153; x_wconf 89' lang='lat' dir='ltr'>rationem.</span> <span class='ocrx_word' id='word_1_545' title='bbox 1877 1117 1989 1154; x_wconf 91' lang='lat' dir='ltr'>Unde</span> <span class='ocrx_word' id='word_1_546' title='bbox 2009 1117 2258 1165; x_wconf 86' lang='lat' dir='ltr'>Augustinus,</span> <span class='ocrx_word' id='word_1_547' title='bbox 2281 1117 2320 1154; x_wconf 91' lang='lat' dir='ltr'>in</span> <span class='ocrx_word' id='word_1_548' title='bbox 2341 1118 2437 1154; x_wconf 92' lang='lat' dir='ltr'>libro</span> <span class='ocrx_word' id='word_1_549' title='bbox 2457 1119 2502 1155; x_wconf 86' lang='lat' dir='ltr'>de</span> <span class='ocrx_word' id='word_1_550' title='bbox 2519 1119 2593 1155; x_wconf 89' lang='lat' dir='ltr'>Re-</span> 
     </span>
     <span class='ocr_line' id='line_1_87' title="bbox 1525 1169 2593 1219; baseline 0.003 -14"><span class='ocrx_word' id='word_1_551' title='bbox 1525 1171 1782 1217; x_wconf 86' lang='lat' dir='ltr'>sponsionibus</span> <span class='ocrx_word' id='word_1_552' title='bbox 1809 1171 1988 1218; x_wconf 80' lang='lat' dir='ltr'>Prosperi</span> <span class='ocrx_word' id='word_1_553' title='bbox 2008 1169 2045 1215; x_wconf 71' lang='lat'>³¹²,</span> <span class='ocrx_word' id='word_1_554' title='bbox 2075 1181 2166 1206; x_wconf 91' lang='lat' dir='ltr'>cum</span> <span class='ocrx_word' id='word_1_555' title='bbox 2195 1169 2348 1206; x_wconf 87' lang='lat' dir='ltr'>dixisset</span> <span class='ocrx_word' id='word_1_556' title='bbox 2382 1171 2489 1219; x_wconf 92' lang='lat' dir='ltr'>quod</span> <span class='ocrx_word' id='word_1_557' title='bbox 2517 1183 2593 1208; x_wconf 88' lang='lat' dir='ltr'>non</span> 
     </span>
     <span class='ocr_line' id='line_1_88' title="bbox 1526 1221 2597 1273; baseline 0.004 -16"><span class='ocrx_word' id='word_1_558' title='bbox 1526 1223 1563 1257; x_wconf 89' lang='lat' dir='ltr'>in</span> <span class='ocrx_word' id='word_1_559' title='bbox 1593 1221 1633 1257; x_wconf 86' lang='lat' dir='ltr'>id</span> <span class='ocrx_word' id='word_1_560' title='bbox 1658 1222 1758 1270; x_wconf 87' lang='lat' dir='ltr'>quod</span> <span class='ocrx_word' id='word_1_561' title='bbox 1779 1224 1972 1258; x_wconf 88' lang='lat' dir='ltr'>remissum</span> <span class='ocrx_word' id='word_1_562' title='bbox 1992 1228 2042 1258; x_wconf 88' lang='lat' dir='ltr'>est</span> <span class='ocrx_word' id='word_1_563' title='bbox 2070 1222 2209 1268; x_wconf 84' lang='lat' dir='ltr'>recidit,</span> <span class='ocrx_word' id='word_1_564' title='bbox 2240 1235 2307 1259; x_wconf 90' lang='lat' dir='ltr'>nec</span> <span class='ocrx_word' id='word_1_565' title='bbox 2321 1235 2395 1272; x_wconf 85' lang='lat' dir='ltr'>pro</span> <span class='ocrx_word' id='word_1_566' title='bbox 2414 1224 2597 1273; x_wconf 81' lang='lat' dir='ltr'>originali</span> 
     </span>
     <span class='ocr_line' id='line_1_89' title="bbox 1522 1274 2596 1322; baseline 0.003 -12"><span class='ocrx_word' id='word_1_567' title='bbox 1522 1280 1675 1322; x_wconf 87' lang='lat' dir='ltr'>peccato</span> <span class='ocrx_word' id='word_1_568' title='bbox 1696 1274 1946 1320; x_wconf 82' lang='lat' dir='ltr'>damnabitur,</span> <span class='ocrx_word' id='word_1_569' title='bbox 1967 1274 2096 1311; x_wconf 89' lang='lat' dir='ltr'>subdit</span> <span class='ocrx_word' id='word_1_570' title='bbox 2115 1280 2146 1311; x_wconf 73' lang='lat'>⁹:</span> <span class='ocrx_word' id='word_1_571' title='bbox 2176 1276 2251 1317; x_wconf 84' lang='lat' dir='ltr'>Qui</span> <span class='ocrx_word' id='word_1_572' title='bbox 2267 1281 2391 1312; x_wconf 89' lang='lat' dir='ltr'>tamen</span> <span class='ocrx_word' id='word_1_573' title='bbox 2411 1288 2456 1312; x_wconf 89' lang='lat' dir='ltr'>ea</span> <span class='ocrx_word' id='word_1_574' title='bbox 2475 1282 2596 1314; x_wconf 90' lang='lat' dir='ltr'>morte</span> 
     </span>
     <span class='ocr_line' id='line_1_90' title="bbox 1526 1328 2594 1377; baseline 0.004 -14"><span class='ocrx_word' id='word_1_575' title='bbox 1526 1328 1691 1375; x_wconf 87' lang='lat' dir='ltr'>afficitur</span> <span class='ocrx_word' id='word_1_576' title='bbox 1723 1339 1818 1376; x_wconf 87' lang='lat' dir='ltr'>quae</span> <span class='ocrx_word' id='word_1_577' title='bbox 1845 1328 1881 1363; x_wconf 92' lang='lat' dir='ltr'>ei</span> <span class='ocrx_word' id='word_1_578' title='bbox 1900 1333 2057 1377; x_wconf 83' lang='lat' dir='ltr'>propter</span> <span class='ocrx_word' id='word_1_579' title='bbox 2078 1333 2235 1376; x_wconf 83' lang='lat' dir='ltr'>peccata</span> <span class='ocrx_word' id='word_1_580' title='bbox 2263 1328 2412 1365; x_wconf 83' lang='lat' dir='ltr'>dimissa</span> <span class='ocrx_word' id='word_1_581' title='bbox 2439 1328 2594 1367; x_wconf 85' lang='lat' dir='ltr'>debeba-</span> 
     </span>
     <span class='ocr_line' id='line_1_91' title="bbox 1526 1379 2593 1430; baseline 0.003 -14"><span class='ocrx_word' id='word_1_582' title='bbox 1526 1386 1608 1416; x_wconf 86' lang='lat' dir='ltr'>tur:</span> <span class='ocrx_word' id='word_1_583' title='bbox 1644 1379 1736 1428; x_wconf 91' lang='lat' dir='ltr'>quia</span> <span class='ocrx_word' id='word_1_584' title='bbox 1770 1379 1910 1417; x_wconf 90' lang='lat' dir='ltr'>scilicet</span> <span class='ocrx_word' id='word_1_585' title='bbox 1945 1379 2103 1417; x_wconf 91' lang='lat' dir='ltr'>incurrit</span> <span class='ocrx_word' id='word_1_586' title='bbox 2121 1386 2137 1402; x_wconf 77' lang='lat'>⁶</span> <span class='ocrx_word' id='word_1_587' title='bbox 2174 1388 2342 1417; x_wconf 90' lang='lat' dir='ltr'>mortem</span> <span class='ocrx_word' id='word_1_588' title='bbox 2379 1389 2593 1430; x_wconf 86' lang='lat' dir='ltr'>aeternam,</span> 
     </span>
     <span class='ocr_line' id='line_1_92' title="bbox 1527 1433 2388 1483; baseline 0.001 -14"><span class='ocrx_word' id='word_1_589' title='bbox 1527 1445 1647 1482; x_wconf 91' lang='lat' dir='ltr'>quam</span> <span class='ocrx_word' id='word_1_590' title='bbox 1675 1441 1868 1470; x_wconf 90' lang='lat' dir='ltr'>meruerat</span> <span class='ocrx_word' id='word_1_591' title='bbox 1894 1445 1966 1482; x_wconf 93' lang='lat' dir='ltr'>per</span> <span class='ocrx_word' id='word_1_592' title='bbox 1992 1440 2149 1483; x_wconf 88' lang='lat' dir='ltr'>peccata</span> <span class='ocrx_word' id='word_1_593' title='bbox 2176 1433 2388 1482; x_wconf 89' lang='lat' dir='ltr'>praeterita.</span> 
     </span>
    </p>

    <p class='ocr_par' dir='ltr' id='par_1_23' title="bbox 1527 1486 2596 1694">
     <span class='ocr_line' id='line_1_93' title="bbox 1580 1486 2595 1535; baseline 0.002 -12"><span class='ocrx_word' id='word_1_594' title='bbox 1580 1487 1637 1523; x_wconf 84' lang='lat' dir='ltr'>An</span> <span class='ocrx_word' id='word_1_595' title='bbox 1657 1498 1847 1523; x_wconf 76' lang='lat' dir='ltr'>SECUNDUM</span> <span class='ocrx_word' id='word_1_596' title='bbox 1866 1498 2047 1524; x_wconf 73' lang='lat' dir='ltr'>manDUM</span> <span class='ocrx_word' id='word_1_597' title='bbox 2076 1486 2183 1535; x_wconf 93' lang='lat' dir='ltr'>quod</span> <span class='ocrx_word' id='word_1_598' title='bbox 2211 1486 2251 1523; x_wconf 91' lang='lat' dir='ltr'>in</span> <span class='ocrx_word' id='word_1_599' title='bbox 2270 1486 2340 1524; x_wconf 89' lang='lat' dir='ltr'>illis</span> <span class='ocrx_word' id='word_1_600' title='bbox 2359 1486 2486 1524; x_wconf 88' lang='lat' dir='ltr'>verbis</span> <span class='ocrx_word' id='word_1_601' title='bbox 2513 1499 2595 1525; x_wconf 91' lang='lat' dir='ltr'>non</span> 
     </span>
     <span class='ocr_line' id='line_1_94' title="bbox 1527 1538 2596 1589; baseline 0.003 -14"><span class='ocrx_word' id='word_1_602' title='bbox 1527 1538 1689 1575; x_wconf 87' lang='lat' dir='ltr'>intendit</span> <span class='ocrx_word' id='word_1_603' title='bbox 1723 1539 1830 1576; x_wconf 91' lang='lat' dir='ltr'>Beda</span> <span class='ocrx_word' id='word_1_604' title='bbox 1862 1539 1988 1576; x_wconf 88' lang='lat' dir='ltr'>dicere</span> <span class='ocrx_word' id='word_1_605' title='bbox 2026 1539 2133 1588; x_wconf 91' lang='lat' dir='ltr'>quod</span> <span class='ocrx_word' id='word_1_606' title='bbox 2162 1540 2277 1588; x_wconf 89' lang='lat' dir='ltr'>culpa</span> <span class='ocrx_word' id='word_1_607' title='bbox 2303 1539 2410 1589; x_wconf 90' lang='lat' dir='ltr'>prius</span> <span class='ocrx_word' id='word_1_608' title='bbox 2438 1540 2596 1579; x_wconf 91' lang='lat' dir='ltr'>dimissa</span> 
     </span>
     <span class='ocr_line' id='line_1_95' title="bbox 1528 1591 2592 1642; baseline 0.003 -14"><span class='ocrx_word' id='word_1_609' title='bbox 1528 1591 1730 1629; x_wconf 91' lang='lat' dir='ltr'>hominem</span> <span class='ocrx_word' id='word_1_610' title='bbox 1750 1591 1943 1641; x_wconf 90' lang='lat' dir='ltr'>opprimat</span> <span class='ocrx_word' id='word_1_611' title='bbox 1962 1604 2032 1641; x_wconf 92' lang='lat' dir='ltr'>per</span> <span class='ocrx_word' id='word_1_612' title='bbox 2050 1592 2214 1629; x_wconf 83' lang='lat' dir='ltr'>reditum</span> <span class='ocrx_word' id='word_1_613' title='bbox 2235 1592 2427 1642; x_wconf 89' lang='lat' dir='ltr'>praeteriti</span> <span class='ocrx_word' id='word_1_614' title='bbox 2446 1601 2592 1631; x_wconf 90' lang='lat' dir='ltr'>reatus:</span> 
     </span>
     <span class='ocr_line' id='line_1_96' title="bbox 1529 1644 2302 1694; baseline 0.001 -13"><span class='ocrx_word' id='word_1_615' title='bbox 1529 1646 1596 1682; x_wconf 93' lang='lat' dir='ltr'>sed</span> <span class='ocrx_word' id='word_1_616' title='bbox 1624 1657 1694 1694; x_wconf 92' lang='lat' dir='ltr'>per</span> <span class='ocrx_word' id='word_1_617' title='bbox 1721 1644 1962 1682; x_wconf 88' lang='lat' dir='ltr'>iterationem</span> <span class='ocrx_word' id='word_1_618' title='bbox 1991 1653 2108 1682; x_wconf 89' lang='lat' dir='ltr'>actus.</span> <span class='ocrx_word' id='word_1_619' title='bbox 2299 1659 2302 1663; x_wconf 91' lang='lat'>·</span> 
     </span>
    </p>

    <p class='ocr_par' dir='ltr' id='par_1_24' title="bbox 1528 1698 2596 2223">
     <span class='ocr_line' id='line_1_97' title="bbox 1581 1698 2594 1749; baseline 0.002 -15"><span class='ocrx_word' id='word_1_620' title='bbox 1581 1699 1638 1734; x_wconf 79' lang='lat' dir='ltr'>An</span> <span class='ocrx_word' id='word_1_621' title='bbox 1665 1710 1824 1735; x_wconf 75' lang='lat' dir='ltr'>TER-num</span> <span class='ocrx_word' id='word_1_622' title='bbox 1852 1710 2033 1735; x_wconf 75' lang='lat' dir='ltr'>manDuM</span> <span class='ocrx_word' id='word_1_623' title='bbox 2066 1698 2173 1747; x_wconf 93' lang='lat' dir='ltr'>quod</span> <span class='ocrx_word' id='word_1_624' title='bbox 2210 1710 2280 1747; x_wconf 89' lang='lat' dir='ltr'>per</span> <span class='ocrx_word' id='word_1_625' title='bbox 2307 1710 2474 1748; x_wconf 90' lang='lat' dir='ltr'>sequens</span> <span class='ocrx_word' id='word_1_626' title='bbox 2506 1711 2594 1749; x_wconf 89' lang='lat' dir='ltr'>pec-</span> 
     </span>
     <span class='ocr_line' id='line_1_98' title="bbox 1529 1750 2594 1799; baseline 0.002 -12"><span class='ocrx_word' id='word_1_627' title='bbox 1529 1758 1659 1788; x_wconf 88' lang='lat' dir='ltr'>catum</span> <span class='ocrx_word' id='word_1_628' title='bbox 1697 1750 1858 1787; x_wconf 90' lang='lat' dir='ltr'>iustitiae</span> <span class='ocrx_word' id='word_1_629' title='bbox 1894 1750 2042 1799; x_wconf 91' lang='lat' dir='ltr'>priores</span> <span class='ocrx_word' id='word_1_630' title='bbox 2077 1750 2262 1788; x_wconf 86' lang='lat' dir='ltr'>oblivioni</span> <span class='ocrx_word' id='word_1_631' title='bbox 2298 1752 2502 1789; x_wconf 88' lang='lat' dir='ltr'>traduntur</span> <span class='ocrx_word' id='word_1_632' title='bbox 2538 1752 2594 1789; x_wconf 91' lang='lat' dir='ltr'>in-</span> 
     </span>
     <span class='ocr_line' id='line_1_99' title="bbox 1529 1803 2594 1853; baseline 0.002 -13"><span class='ocrx_word' id='word_1_633' title='bbox 1529 1811 1720 1853; x_wconf 90' lang='lat' dir='ltr'>quantum</span> <span class='ocrx_word' id='word_1_634' title='bbox 1739 1811 1846 1840; x_wconf 91' lang='lat' dir='ltr'>erant</span> <span class='ocrx_word' id='word_1_635' title='bbox 1865 1803 2081 1841; x_wconf 90' lang='lat' dir='ltr'>meritoriae</span> <span class='ocrx_word' id='word_1_636' title='bbox 2100 1804 2200 1841; x_wconf 89' lang='lat' dir='ltr'>vitae</span> <span class='ocrx_word' id='word_1_637' title='bbox 2220 1812 2416 1842; x_wconf 90' lang='lat' dir='ltr'>aeternae:</span> <span class='ocrx_word' id='word_1_638' title='bbox 2442 1817 2522 1842; x_wconf 94' lang='lat' dir='ltr'>non</span> <span class='ocrx_word' id='word_1_639' title='bbox 2541 1813 2594 1843; x_wconf 91' lang='lat' dir='ltr'>ta-</span> 
     </span>
     <span class='ocr_line' id='line_1_100' title="bbox 1529 1856 2593 1907; baseline 0.002 -14"><span class='ocrx_word' id='word_1_640' title='bbox 1529 1869 1620 1894; x_wconf 90' lang='lat' dir='ltr'>men</span> <span class='ocrx_word' id='word_1_641' title='bbox 1640 1856 1873 1905; x_wconf 90' lang='lat' dir='ltr'>inquantum</span> <span class='ocrx_word' id='word_1_642' title='bbox 1892 1864 1999 1893; x_wconf 91' lang='lat' dir='ltr'>erant</span> <span class='ocrx_word' id='word_1_643' title='bbox 2018 1856 2264 1906; x_wconf 85' lang='lat' dir='ltr'>impeditivae</span> <span class='ocrx_word' id='word_1_644' title='bbox 2283 1857 2440 1907; x_wconf 92' lang='lat' dir='ltr'>peccati.</span> <span class='ocrx_word' id='word_1_645' title='bbox 2469 1858 2593 1905; x_wconf 88' lang='lat' dir='ltr'>Unde,</span> 
     </span>
     <span class='ocr_line' id='line_1_101' title="bbox 1529 1909 2595 1959; baseline 0.002 -13"><span class='ocrx_word' id='word_1_646' title='bbox 1529 1910 1560 1946; x_wconf 92' lang='lat' dir='ltr'>si</span> <span class='ocrx_word' id='word_1_647' title='bbox 1588 1909 1724 1958; x_wconf 88' lang='lat' dir='ltr'>aliquis</span> <span class='ocrx_word' id='word_1_648' title='bbox 1751 1917 1883 1959; x_wconf 91' lang='lat' dir='ltr'>peccet</span> <span class='ocrx_word' id='word_1_649' title='bbox 1901 1909 2111 1946; x_wconf 90' lang='lat' dir='ltr'>mortaliter</span> <span class='ocrx_word' id='word_1_650' title='bbox 2127 1918 2335 1959; x_wconf 86' lang='lat' dir='ltr'>postquam</span> <span class='ocrx_word' id='word_1_651' title='bbox 2355 1910 2514 1948; x_wconf 89' lang='lat' dir='ltr'>restituit</span> <span class='ocrx_word' id='word_1_652' title='bbox 2532 1911 2595 1948; x_wconf 91' lang='lat' dir='ltr'>de-</span> 
     </span>
     <span class='ocr_line' id='line_1_102' title="bbox 1528 1962 2595 2012; baseline 0.003 -14"><span class='ocrx_word' id='word_1_653' title='bbox 1528 1962 1664 2007; x_wconf 89' lang='lat' dir='ltr'>biturn,</span> <span class='ocrx_word' id='word_1_654' title='bbox 1685 1974 1766 1999; x_wconf 93' lang='lat' dir='ltr'>non</span> <span class='ocrx_word' id='word_1_655' title='bbox 1786 1962 1947 1999; x_wconf 89' lang='lat' dir='ltr'>efficitur</span> <span class='ocrx_word' id='word_1_656' title='bbox 1966 1974 2054 1999; x_wconf 92' lang='lat' dir='ltr'>reus</span> <span class='ocrx_word' id='word_1_657' title='bbox 2079 1963 2188 2012; x_wconf 92' lang='lat' dir='ltr'>quasi</span> <span class='ocrx_word' id='word_1_658' title='bbox 2212 1963 2386 2000; x_wconf 91' lang='lat' dir='ltr'>debitum</span> <span class='ocrx_word' id='word_1_659' title='bbox 2410 1975 2491 2001; x_wconf 90' lang='lat' dir='ltr'>non</span> <span class='ocrx_word' id='word_1_660' title='bbox 2510 1964 2595 2001; x_wconf 92' lang='lat' dir='ltr'>red-</span> 
     </span>
     <span class='ocr_line' id='line_1_103' title="bbox 1529 2014 2595 2066; baseline 0.003 -15"><span class='ocrx_word' id='word_1_661' title='bbox 1529 2014 1695 2052; x_wconf 90' lang='lat' dir='ltr'>didisset.</span> <span class='ocrx_word' id='word_1_662' title='bbox 1726 2016 1774 2051; x_wconf 93' lang='lat' dir='ltr'>Et</span> <span class='ocrx_word' id='word_1_663' title='bbox 1801 2016 1924 2052; x_wconf 90' lang='lat' dir='ltr'>multo</span> <span class='ocrx_word' id='word_1_664' title='bbox 1953 2015 2082 2052; x_wconf 89' lang='lat' dir='ltr'>minus</span> <span class='ocrx_word' id='word_1_665' title='bbox 2109 2015 2270 2053; x_wconf 86' lang='lat' dir='ltr'>traditur</span> <span class='ocrx_word' id='word_1_666' title='bbox 2289 2015 2473 2054; x_wconf 90' lang='lat' dir='ltr'>oblivioni</span> <span class='ocrx_word' id='word_1_667' title='bbox 2502 2029 2595 2066; x_wconf 92' lang='lat' dir='ltr'>poe-</span> 
     </span>
     <span class='ocr_line' id='line_1_104' title="bbox 1529 2067 2595 2117; baseline 0.003 -13"><span class='ocrx_word' id='word_1_668' title='bbox 1529 2067 1685 2104; x_wconf 89' lang='lat' dir='ltr'>nitentia</span> <span class='ocrx_word' id='word_1_669' title='bbox 1713 2067 1820 2116; x_wconf 93' lang='lat' dir='ltr'>prius</span> <span class='ocrx_word' id='word_1_670' title='bbox 1841 2075 1924 2105; x_wconf 89' lang='lat' dir='ltr'>acta</span> <span class='ocrx_word' id='word_1_671' title='bbox 1951 2076 2142 2117; x_wconf 91' lang='lat' dir='ltr'>quantum</span> <span class='ocrx_word' id='word_1_672' title='bbox 2161 2069 2209 2106; x_wconf 92' lang='lat' dir='ltr'>ad</span> <span class='ocrx_word' id='word_1_673' title='bbox 2229 2068 2497 2107; x_wconf 87' lang='lat' dir='ltr'>remissionem</span> <span class='ocrx_word' id='word_1_674' title='bbox 2516 2071 2595 2107; x_wconf 88' lang='lat' dir='ltr'>cul-</span> 
     </span>
     <span class='ocr_line' id='line_1_105' title="bbox 1529 2120 2596 2172; baseline 0.003 -15"><span class='ocrx_word' id='word_1_675' title='bbox 1529 2133 1620 2170; x_wconf 90' lang='lat' dir='ltr'>pae:</span> <span class='ocrx_word' id='word_1_676' title='bbox 1659 2132 1751 2157; x_wconf 93' lang='lat' dir='ltr'>cum</span> <span class='ocrx_word' id='word_1_677' title='bbox 1787 2120 1961 2158; x_wconf 89' lang='lat' dir='ltr'>remissio</span> <span class='ocrx_word' id='word_1_678' title='bbox 1997 2123 2132 2170; x_wconf 91' lang='lat' dir='ltr'>culpae</span> <span class='ocrx_word' id='word_1_679' title='bbox 2165 2121 2287 2171; x_wconf 88' lang='lat' dir='ltr'>magis</span> <span class='ocrx_word' id='word_1_680' title='bbox 2322 2121 2368 2158; x_wconf 85' lang='lat' dir='ltr'>sit</span> <span class='ocrx_word' id='word_1_681' title='bbox 2395 2134 2495 2172; x_wconf 93' lang='lat' dir='ltr'>opus</span> <span class='ocrx_word' id='word_1_682' title='bbox 2522 2123 2596 2160; x_wconf 90' lang='lat' dir='ltr'>Dei</span> 
     </span>
     <span class='ocr_line' id='line_1_106' title="bbox 1530 2173 1860 2223; baseline 0 -13"><span class='ocrx_word' id='word_1_683' title='bbox 1530 2186 1650 2223; x_wconf 92' lang='lat' dir='ltr'>quam</span> <span class='ocrx_word' id='word_1_684' title='bbox 1678 2173 1860 2210; x_wconf 87' lang='lat' dir='ltr'>hominis.</span> 
     </span>
    </p>
   </div>
   <div class='ocr_carea' id='block_1_14' title="bbox 2620 1178 2835 1206">
    <p class='ocr_par' dir='ltr' id='par_1_25' title="bbox 2620 1178 2835 1206">
     <span class='ocr_line' id='line_1_107' title="bbox 2620 1178 2835 1206; baseline 0 -6"><span class='ocrx_word' id='word_1_685' title='bbox 2620 1178 2631 1189; x_wconf 84' lang='grc'><em>·</em></span> <span class='ocrx_word' id='word_1_686' title='bbox 2641 1178 2698 1200; x_wconf 84' lang='lat' dir='ltr'>Loc.</span> <span class='ocrx_word' id='word_1_687' title='bbox 2708 1178 2747 1200; x_wconf 86' lang='lat' dir='ltr'>eit.</span> <span class='ocrx_word' id='word_1_688' title='bbox 2755 1183 2835 1206; x_wconf 62' lang='lat' dir='ltr'>supra.</span> 
     </span>
    </p>
   </div>
   <div class='ocr_carea' id='block_1_15' title="bbox 1583 2227 2659 2278">
    <p class='ocr_par' dir='ltr' id='par_1_26' title="bbox 1583 2227 2659 2278">
     <span class='ocr_line' id='line_1_108' title="bbox 1583 2227 2659 2278; baseline 0.004 -15"><span class='ocrx_word' id='word_1_689' title='bbox 1583 2227 1640 2263; x_wconf 79' lang='lat' dir='ltr'>An</span> <span class='ocrx_word' id='word_1_690' title='bbox 1669 2238 1841 2269; x_wconf 85' lang='lat' dir='ltr'><strong>QUARTUM</strong></span> <span class='ocrx_word' id='word_1_691' title='bbox 1869 2239 2051 2264; x_wconf 68' lang='lat' dir='ltr'>niet-:nuum</span> <span class='ocrx_word' id='word_1_692' title='bbox 2084 2227 2191 2276; x_wconf 91' lang='lat' dir='ltr'>quod</span> <span class='ocrx_word' id='word_1_693' title='bbox 2225 2227 2343 2276; x_wconf 89' lang='lat' dir='ltr'>gratia</span> <span class='ocrx_word' id='word_1_694' title='bbox 2376 2227 2597 2278; x_wconf 86' lang='lat' dir='ltr'>simpliciter</span> <span class='ocrx_word' id='word_1_695' title='bbox 2654 2258 2659 2268; x_wconf 66' lang='lat'>.</span> 
     </span>
    </p>
   </div>
   <div class='ocr_carea' id='block_1_16' title="bbox 1529 2279 2598 2541">
    <p class='ocr_par' dir='ltr' id='par_1_27' title="bbox 1529 2279 2598 2541">
     <span class='ocr_line' id='line_1_109' title="bbox 1529 2279 2597 2330; baseline 0.002 -14"><span class='ocrx_word' id='word_1_696' title='bbox 1529 2279 1624 2316; x_wconf 88' lang='lat' dir='ltr'>tollit</span> <span class='ocrx_word' id='word_1_697' title='bbox 1651 2279 1846 2316; x_wconf 90' lang='lat' dir='ltr'>maculam</span> <span class='ocrx_word' id='word_1_698' title='bbox 1874 2287 1911 2316; x_wconf 89' lang='lat' dir='ltr'>et</span> <span class='ocrx_word' id='word_1_699' title='bbox 1939 2287 2088 2317; x_wconf 92' lang='lat' dir='ltr'>reatum</span> <span class='ocrx_word' id='word_1_700' title='bbox 2115 2292 2266 2329; x_wconf 91' lang='lat' dir='ltr'>poenae</span> <span class='ocrx_word' id='word_1_701' title='bbox 2286 2289 2478 2318; x_wconf 90' lang='lat' dir='ltr'>aeternae:</span> <span class='ocrx_word' id='word_1_702' title='bbox 2508 2281 2597 2330; x_wconf 88' lang='lat' dir='ltr'>tegit</span> 
     </span>
     <span class='ocr_line' id='line_1_110' title="bbox 1530 2333 2596 2384; baseline 0.003 -15"><span class='ocrx_word' id='word_1_703' title='bbox 1530 2340 1660 2370; x_wconf 90' lang='lat' dir='ltr'>autem</span> <span class='ocrx_word' id='word_1_704' title='bbox 1688 2340 1795 2369; x_wconf 91' lang='lat' dir='ltr'>actus</span> <span class='ocrx_word' id='word_1_705' title='bbox 1822 2333 1967 2382; x_wconf 91' lang='lat' dir='ltr'>peccati</span> <span class='ocrx_word' id='word_1_706' title='bbox 1995 2333 2234 2382; x_wconf 91' lang='lat' dir='ltr'>praeteritos,</span> <span class='ocrx_word' id='word_1_707' title='bbox 2264 2345 2312 2371; x_wconf 90' lang='lat' dir='ltr'>ne</span> <span class='ocrx_word' id='word_1_708' title='bbox 2341 2334 2481 2371; x_wconf 88' lang='lat' dir='ltr'>scilicet</span> <span class='ocrx_word' id='word_1_709' title='bbox 2507 2346 2596 2384; x_wconf 92' lang='lat' dir='ltr'>pro-</span> 
     </span>
     <span class='ocr_line' id='line_1_111' title="bbox 1529 2385 2598 2436; baseline 0.003 -14"><span class='ocrx_word' id='word_1_710' title='bbox 1529 2393 1614 2434; x_wconf 90' lang='lat' dir='ltr'>pter</span> <span class='ocrx_word' id='word_1_711' title='bbox 1648 2397 1715 2422; x_wconf 91' lang='lat' dir='ltr'>eos</span> <span class='ocrx_word' id='word_1_712' title='bbox 1743 2386 1850 2422; x_wconf 92' lang='lat' dir='ltr'>Deus</span> <span class='ocrx_word' id='word_1_713' title='bbox 1887 2385 2089 2423; x_wconf 90' lang='lat' dir='ltr'>hominem</span> <span class='ocrx_word' id='word_1_714' title='bbox 2117 2386 2235 2434; x_wconf 87' lang='lat' dir='ltr'>gratia</span> <span class='ocrx_word' id='word_1_715' title='bbox 2262 2386 2387 2436; x_wconf 90' lang='lat' dir='ltr'>privet</span> <span class='ocrx_word' id='word_1_716' title='bbox 2421 2394 2458 2424; x_wconf 90' lang='lat' dir='ltr'>et</span> <span class='ocrx_word' id='word_1_717' title='bbox 2484 2399 2598 2425; x_wconf 90' lang='lat' dir='ltr'>reum</span> 
     </span>
     <span class='ocr_line' id='line_1_112' title="bbox 1529 2438 2598 2489; baseline 0.003 -14"><span class='ocrx_word' id='word_1_718' title='bbox 1529 2438 1669 2475; x_wconf 90' lang='lat' dir='ltr'>habeat</span> <span class='ocrx_word' id='word_1_719' title='bbox 1703 2450 1852 2487; x_wconf 89' lang='lat' dir='ltr'>poenae</span> <span class='ocrx_word' id='word_1_720' title='bbox 1881 2446 2068 2476; x_wconf 88' lang='lat' dir='ltr'>aeternae.</span> <span class='ocrx_word' id='word_1_721' title='bbox 2113 2440 2161 2476; x_wconf 91' lang='lat' dir='ltr'>Et</span> <span class='ocrx_word' id='word_1_722' title='bbox 2188 2440 2296 2489; x_wconf 91' lang='lat' dir='ltr'>quod</span> <span class='ocrx_word' id='word_1_723' title='bbox 2332 2440 2449 2489; x_wconf 89' lang='lat' dir='ltr'>gratia</span> <span class='ocrx_word' id='word_1_724' title='bbox 2477 2441 2598 2478; x_wconf 89' lang='lat' dir='ltr'>semel</span> 
     </span>
     <span class='ocr_line' id='line_1_113' title="bbox 1529 2491 2048 2541; baseline 0.002 -13"><span class='ocrx_word' id='word_1_725' title='bbox 1529 2491 1614 2528; x_wconf 91' lang='lat' dir='ltr'>sacit</span> <span class='ocrx_word' id='word_1_726' title='bbox 1634 2497 1659 2538; x_wconf 63' lang='grc' dir='ltr'>τ,</span> <span class='ocrx_word' id='word_1_727' title='bbox 1688 2499 1877 2541; x_wconf 88' lang='lat' dir='ltr'>perpetuo</span> <span class='ocrx_word' id='word_1_728' title='bbox 1907 2500 2048 2529; x_wconf 89' lang='lat' dir='ltr'>manet.</span> 
     </span>
    </p>
   </div>
   <div class='ocr_carea' id='block_1_17' title="bbox 1525 2622 2597 2942">
    <p class='ocr_par' dir='ltr' id='par_1_28' title="bbox 1585 2622 2597 2662">
     <span class='ocr_line' id='line_1_114' title="bbox 1585 2622 2597 2662; baseline 0.005 -13"><span class='ocrx_word' id='word_1_729' title='bbox 1585 2622 1608 2657; x_wconf 81' lang='grc' dir='ltr'>ξ)</span> <span class='ocrx_word' id='word_1_730' title='bbox 1623 2628 1777 2656; x_wconf 83' lang='lat' dir='ltr'>peccaturo.</span> <span class='ocrx_word' id='word_1_731' title='bbox 1798 2639 1818 2643; x_wconf 87' lang='lat'><em>-</em></span> <span class='ocrx_word' id='word_1_732' title='bbox 1840 2625 1926 2654; x_wconf 87' lang='lat' dir='ltr'>PF1a‚·</span> <span class='ocrx_word' id='word_1_733' title='bbox 1941 2627 2026 2657; x_wconf 57' lang='grc' dir='ltr'>μῦον</span> <span class='ocrx_word' id='word_1_734' title='bbox 2047 2626 2130 2658; x_wconf 83' lang='lat' dir='ltr'>ABC,</span> <span class='ocrx_word' id='word_1_735' title='bbox 2145 2627 2277 2659; x_wconf 81' lang='lat' dir='ltr'>peccandi</span> <span class='ocrx_word' id='word_1_736' title='bbox 2295 2627 2332 2657; x_wconf 88' lang='lat' dir='ltr'>D.</span> <span class='ocrx_word' id='word_1_737' title='bbox 2348 2628 2478 2660; x_wconf 68' lang='lat' dir='ltr'>pes-corum</span> <span class='ocrx_word' id='word_1_738' title='bbox 2497 2628 2597 2662; x_wconf 77' lang='lat' dir='ltr'>EGpH.</span> 
     </span>
    </p>

    <p class='ocr_par' dir='ltr' id='par_1_29' title="bbox 1525 2661 2596 2736">
     <span class='ocr_line' id='line_1_115' title="bbox 1525 2661 1999 2692; baseline 0 -7"><span class='ocrx_word' id='word_1_739' title='bbox 1525 2661 1665 2692; x_wconf 76' lang='lat' dir='ltr'>peccatori</span> <span class='ocrx_word' id='word_1_740' title='bbox 1683 2661 1721 2685; x_wconf 76' lang='grc' dir='ltr'>εΗ</span> <span class='ocrx_word' id='word_1_741' title='bbox 1741 2665 1766 2685; x_wconf 90' lang='lat' dir='ltr'>et</span> <span class='ocrx_word' id='word_1_742' title='bbox 1784 2668 1807 2691; x_wconf 86' lang='lat' dir='ltr'>c,</span> <span class='ocrx_word' id='word_1_743' title='bbox 1822 2661 1958 2692; x_wconf 80' lang='lat' dir='ltr'>poenituit</span> <span class='ocrx_word' id='word_1_744' title='bbox 1975 2662 1999 2686; x_wconf 79' lang='lat' dir='ltr'>b.</span> 
     </span>
     <span class='ocr_line' id='line_1_116' title="bbox 1553 2694 2596 2736; baseline 0.004 -16"><span class='ocrx_word' id='word_1_745' title='bbox 1553 2731 1559 2736; x_wconf 68' lang='lat'>.</span> <span class='ocrx_word' id='word_1_746' title='bbox 1583 2694 1609 2729; x_wconf 86' lang='grc' dir='ltr'>ο)</span> <span class='ocrx_word' id='word_1_747' title='bbox 1628 2696 1907 2736; x_wconf 42' lang='lat' dir='ltr'>eum...·puniendum.</span> <span class='ocrx_word' id='word_1_748' title='bbox 1930 2703 1999 2721; x_wconf 89' lang='lat' dir='ltr'>-.se</span> <span class='ocrx_word' id='word_1_749' title='bbox 2015 2704 2068 2729; x_wconf 81' lang='lat' dir='ltr'>pro</span> <span class='ocrx_word' id='word_1_750' title='bbox 2086 2697 2127 2723; x_wconf 86' lang='lat' dir='ltr'>his</span> <span class='ocrx_word' id='word_1_751' title='bbox 2141 2698 2260 2729; x_wconf 80' lang='lat' dir='ltr'>peccatis</span> <span class='ocrx_word' id='word_1_752' title='bbox 2278 2705 2337 2723; x_wconf 83' lang='lat' dir='ltr'>eum</span> <span class='ocrx_word' id='word_1_753' title='bbox 2356 2699 2531 2724; x_wconf 77' lang='lat' dir='ltr'>aeternaliter</span> <span class='ocrx_word' id='word_1_754' title='bbox 2541 2706 2596 2732; x_wconf 71' lang='lat' dir='ltr'>pu-</span> 
     </span>
    </p>

    <p class='ocr_par' dir='ltr' id='par_1_30' title="bbox 1529 2735 1752 2756">
     <span class='ocr_line' id='line_1_117' title="bbox 1529 2735 1752 2756; baseline -0.004 0"><span class='ocrx_word' id='word_1_755' title='bbox 1529 2735 1651 2756; x_wconf 83' lang='lat' dir='ltr'>mturum</span> <span class='ocrx_word' id='word_1_756' title='bbox 1670 2737 1752 2755; x_wconf 78' lang='lat' dir='ltr'>tertia.</span> 
     </span>
    </p>

    <p class='ocr_par' dir='ltr' id='par_1_31' title="bbox 1528 2766 2597 2835">
     <span class='ocr_line' id='line_1_118' title="bbox 1581 2766 2597 2803; baseline 0.003 -12"><span class='ocrx_word' id='word_1_757' title='bbox 1581 2766 1610 2798; x_wconf 81' lang='grc' dir='ltr'>π)</span> <span class='ocrx_word' id='word_1_758' title='bbox 1629 2767 1749 2791; x_wconf 85' lang='lat' dir='ltr'>absolute</span> <span class='ocrx_word' id='word_1_759' title='bbox 1767 2774 1828 2792; x_wconf 85' lang='lat' dir='ltr'>non.</span> <span class='ocrx_word' id='word_1_760' title='bbox 1847 2781 1866 2786; x_wconf 86' lang='lat'>—</span> <span class='ocrx_word' id='word_1_761' title='bbox 1885 2774 1937 2791; x_wconf 86' lang='lat' dir='ltr'>non</span> <span class='ocrx_word' id='word_1_762' title='bbox 1956 2767 2077 2792; x_wconf 79' lang='lat' dir='ltr'>absolute</span> <span class='ocrx_word' id='word_1_763' title='bbox 2098 2768 2179 2793; x_wconf 81' lang='lat' dir='ltr'>tertia.</span> <span class='ocrx_word' id='word_1_764' title='bbox 2197 2782 2216 2787; x_wconf 88' lang='lat'>——</span> <span class='ocrx_word' id='word_1_765' title='bbox 2229 2775 2283 2800; x_wconf 82' lang='lat' dir='ltr'>per</span> <span class='ocrx_word' id='word_1_766' title='bbox 2306 2769 2426 2802; x_wconf 75' lang='lat' dir='ltr'>gratiam</span> <span class='ocrx_word' id='word_1_767' title='bbox 2444 2771 2471 2794; x_wconf 87' lang='lat' dir='ltr'>et</span> <span class='ocrx_word' id='word_1_768' title='bbox 2487 2769 2597 2803; x_wconf 72' lang='lat' dir='ltr'>gratiae</span> 
     </span>
     <span class='ocr_line' id='line_1_119' title="bbox 1528 2802 2006 2835; baseline 0.004 -9"><span class='ocrx_word' id='word_1_769' title='bbox 1528 2805 1698 2827; x_wconf 81' lang='lat' dir='ltr'>sacramenta</span> <span class='ocrx_word' id='word_1_770' title='bbox 1717 2807 1777 2835; x_wconf 88' lang='lat' dir='ltr'>post</span> <span class='ocrx_word' id='word_1_771' title='bbox 1788 2802 1870 2834; x_wconf 83' lang='lat' dir='ltr'>fleret</span> <span class='ocrx_word' id='word_1_772' title='bbox 1888 2803 1960 2835; x_wconf 88' lang='lat' dir='ltr'>ponit</span> <span class='ocrx_word' id='word_1_773' title='bbox 1979 2803 2006 2828; x_wconf 77' lang='lat' dir='ltr'>P.</span> 
     </span>
    </p>

    <p class='ocr_par' dir='ltr' id='par_1_32' title="bbox 1582 2837 2263 2872">
     <span class='ocr_line' id='line_1_120' title="bbox 1582 2837 2263 2872; baseline 0.003 -10"><span class='ocrx_word' id='word_1_774' title='bbox 1582 2837 1607 2871; x_wconf 87' lang='grc' dir='ltr'>ρ)</span> <span class='ocrx_word' id='word_1_775' title='bbox 1626 2837 1723 2863; x_wconf 83' lang='lat' dir='ltr'>subdit.</span> <span class='ocrx_word' id='word_1_776' title='bbox 1741 2852 1760 2856; x_wconf 80' lang='lat'>-</span> <span class='ocrx_word' id='word_1_777' title='bbox 1778 2837 1880 2868; x_wconf 56' lang='lat' dir='ltr'>Tertiam</span> <span class='ocrx_word' id='word_1_778' title='bbox 1898 2838 2036 2872; x_wconf 78' lang='lat' dir='ltr'>subiungit</span> <span class='ocrx_word' id='word_1_779' title='bbox 2054 2839 2083 2869; x_wconf 82' lang='lat' dir='ltr'>F,</span> <span class='ocrx_word' id='word_1_780' title='bbox 2102 2846 2156 2863; x_wconf 86' lang='lat' dir='ltr'>om.</span> <span class='ocrx_word' id='word_1_781' title='bbox 2175 2839 2263 2864; x_wconf 84' lang='lat' dir='ltr'>ceteri.</span> 
     </span>
    </p>

    <p class='ocr_par' dir='ltr' id='par_1_33' title="bbox 1581 2873 2519 2904">
     <span class='ocr_line' id='line_1_121' title="bbox 1581 2873 2519 2904; baseline 0.002 -7"><span class='ocrx_word' id='word_1_782' title='bbox 1581 2873 1607 2904; x_wconf 78' lang='lat' dir='ltr'>o)</span> <span class='ocrx_word' id='word_1_783' title='bbox 1628 2873 1750 2898; x_wconf 83' lang='lat' dir='ltr'>incurrit.</span> <span class='ocrx_word' id='word_1_784' title='bbox 1769 2887 1787 2892; x_wconf 90' lang='lat'>-</span> <span class='ocrx_word' id='word_1_785' title='bbox 1806 2873 1938 2898; x_wconf 81' lang='lat' dir='ltr'>Editiones</span> <span class='ocrx_word' id='word_1_786' title='bbox 1957 2879 1982 2899; x_wconf 92' lang='lat' dir='ltr'>et</span> <span class='ocrx_word' id='word_1_787' title='bbox 2000 2881 2017 2899; x_wconf 88' lang='lat' dir='ltr'>a</span> <span class='ocrx_word' id='word_1_788' title='bbox 2023 2881 2031 2904; x_wconf 68' lang='grc' dir='ltr'>ς</span> <span class='ocrx_word' id='word_1_789' title='bbox 2049 2874 2170 2899; x_wconf 84' lang='lat' dir='ltr'>incurret</span> <span class='ocrx_word' id='word_1_790' title='bbox 2187 2874 2245 2903; x_wconf 84' lang='lat' dir='ltr'>GH.</span> <span class='ocrx_word' id='word_1_791' title='bbox 2264 2873 2414 2899; x_wconf 81' lang='lat' dir='ltr'>incurreret</span> <span class='ocrx_word' id='word_1_792' title='bbox 2432 2874 2519 2899; x_wconf 79' lang='lat' dir='ltr'>ceteri.</span> 
     </span>
    </p>

    <p class='ocr_par' dir='ltr' id='par_1_34' title="bbox 1583 2907 1902 2942">
     <span class='ocr_line' id='line_1_122' title="bbox 1583 2907 1902 2942; baseline 0.006 -10"><span class='ocrx_word' id='word_1_793' title='bbox 1583 2909 1608 2942; x_wconf 86' lang='grc' dir='ltr'>τ)</span> <span class='ocrx_word' id='word_1_794' title='bbox 1621 2908 1702 2941; x_wconf 80' lang='lat' dir='ltr'>facit.</span> <span class='ocrx_word' id='word_1_795' title='bbox 1719 2923 1739 2926; x_wconf 98' lang='lat'><strong>—</strong></span> <span class='ocrx_word' id='word_1_796' title='bbox 1752 2907 1820 2940; x_wconf 75' lang='lat' dir='ltr'>fecit</span> <span class='ocrx_word' id='word_1_797' title='bbox 1838 2909 1902 2934; x_wconf 81' lang='lat' dir='ltr'>PGI.</span> 
     </span>
    </p>
   </div>
   <div class='ocr_carea' id='block_1_18' title="bbox 1087 3005 1924 3039">
    <p class='ocr_par' dir='ltr' id='par_1_35' title="bbox 1087 3005 1924 3039">
     <span class='ocr_line' id='line_1_123' title="bbox 1087 3005 1924 3039; baseline -0.001 0"><span class='ocrx_word' id='word_1_798' title='bbox 1087 3006 1423 3039; x_wconf 77' lang='lat' dir='ltr'>Commentaria</span> <span class='ocrx_word' id='word_1_799' title='bbox 1447 3005 1699 3038; x_wconf 80' lang='lat' dir='ltr'>Cardinalis</span> <span class='ocrx_word' id='word_1_800' title='bbox 1720 3006 1924 3038; x_wconf 78' lang='lat' dir='ltr'>Caietani</span> 
     </span>
    </p>
   </div>
   <div class='ocr_carea' id='block_1_19' title="bbox 415 3095 1478 3484">
    <p class='ocr_par' dir='ltr' id='par_1_36' title="bbox 415 3095 1478 3484">
     <span class='ocr_line' id='line_1_124' title="bbox 444 3095 1477 3135; baseline -0.001 -10"><span class='ocrx_word' id='word_1_801' title='bbox 444 3105 463 3124; x_wconf 79' lang='lat' dir='ltr'>N</span> <span class='ocrx_word' id='word_1_802' title='bbox 491 3095 623 3125; x_wconf 89' lang='lat' dir='ltr'>articulo</span> <span class='ocrx_word' id='word_1_803' title='bbox 647 3095 752 3135; x_wconf 85' lang='lat' dir='ltr'>primo</span> <span class='ocrx_word' id='word_1_804' title='bbox 777 3095 971 3134; x_wconf 85' lang='lat' dir='ltr'>quaestionis</span> <span class='ocrx_word' id='word_1_805' title='bbox 1000 3095 1366 3134; x_wconf 87' lang='lat' dir='ltr'>octogesimaeoctavae,</span> <span class='ocrx_word' id='word_1_806' title='bbox 1394 3095 1477 3124; x_wconf 88' lang='lat' dir='ltr'>circa</span> 
     </span>
     <span class='ocr_line' id='line_1_125' title="bbox 417 3107 1477 3179; baseline 0.001 -12"><span class='ocrx_word' id='word_1_807' title='bbox 417 3107 532 3174; x_wconf 81' lang='lat' dir='ltr'>Iiuud‚</span> <span class='ocrx_word' id='word_1_808' title='bbox 555 3138 665 3168; x_wconf 91' lang='lat' dir='ltr'>Homo</span> <span class='ocrx_word' id='word_1_809' title='bbox 689 3139 828 3169; x_wconf 85' lang='lat' dir='ltr'>secundo</span> <span class='ocrx_word' id='word_1_810' title='bbox 852 3147 992 3179; x_wconf 85' lang='lat' dir='ltr'>peccans</span> <span class='ocrx_word' id='word_1_811' title='bbox 1016 3148 1057 3168; x_wconf 87' lang='lat' dir='ltr'>ex</span> <span class='ocrx_word' id='word_1_812' title='bbox 1077 3139 1139 3168; x_wconf 82' lang='lat' dir='ltr'>hoc</span> <span class='ocrx_word' id='word_1_813' title='bbox 1158 3139 1225 3178; x_wconf 85' lang='lat' dir='ltr'>ipso</span> <span class='ocrx_word' id='word_1_814' title='bbox 1250 3138 1376 3168; x_wconf 89' lang='lat' dir='ltr'>videtur</span> <span class='ocrx_word' id='word_1_815' title='bbox 1397 3147 1477 3179; x_wconf 82' lang='lat' dir='ltr'>gra-</span> 
     </span>
     <span class='ocr_line' id='line_1_126' title="bbox 415 3182 1477 3223; baseline 0 -11"><span class='ocrx_word' id='word_1_816' title='bbox 415 3183 484 3213; x_wconf 89' lang='lat' dir='ltr'>vius</span> <span class='ocrx_word' id='word_1_817' title='bbox 495 3192 631 3222; x_wconf 82' lang='lat' dir='ltr'>peccare</span> <span class='ocrx_word' id='word_1_818' title='bbox 647 3192 742 3223; x_wconf 86' lang='lat' dir='ltr'>quam</span> <span class='ocrx_word' id='word_1_819' title='bbox 753 3183 848 3223; x_wconf 84' lang='lat' dir='ltr'>prius</span> <span class='ocrx_word' id='word_1_820' title='bbox 859 3187 1060 3222; x_wconf 83' lang='lat' dir='ltr'>peccaverat,</span> <span class='ocrx_word' id='word_1_821' title='bbox 1075 3182 1209 3212; x_wconf 89' lang='lat' dir='ltr'>dubium</span> <span class='ocrx_word' id='word_1_822' title='bbox 1229 3183 1375 3212; x_wconf 91' lang='lat' dir='ltr'>occurrit.</span> <span class='ocrx_word' id='word_1_823' title='bbox 1393 3182 1477 3212; x_wconf 89' lang='lat' dir='ltr'>Nam</span> 
     </span>
     <span class='ocr_line' id='line_1_127' title="bbox 415 3225 1475 3266; baseline 0 -10"><span class='ocrx_word' id='word_1_824' title='bbox 415 3225 530 3256; x_wconf 87' lang='lat' dir='ltr'>falsum</span> <span class='ocrx_word' id='word_1_825' title='bbox 553 3226 677 3256; x_wconf 89' lang='lat' dir='ltr'>videtur</span> <span class='ocrx_word' id='word_1_826' title='bbox 709 3226 887 3256; x_wconf 88' lang='lat' dir='ltr'>secundum</span> <span class='ocrx_word' id='word_1_827' title='bbox 911 3231 1079 3266; x_wconf 88' lang='lat' dir='ltr'>peccatum</span> <span class='ocrx_word' id='word_1_828' title='bbox 1109 3235 1176 3256; x_wconf 89' lang='lat' dir='ltr'>esse</span> <span class='ocrx_word' id='word_1_829' title='bbox 1202 3227 1327 3266; x_wconf 86' lang='lat' dir='ltr'>gravius</span> <span class='ocrx_word' id='word_1_830' title='bbox 1350 3227 1475 3266; x_wconf 85' lang='lat' dir='ltr'>primo:</span> 
     </span>
     <span class='ocr_line' id='line_1_128' title="bbox 415 3270 1478 3310; baseline 0.001 -11"><span class='ocrx_word' id='word_1_831' title='bbox 415 3270 516 3300; x_wconf 88' lang='lat' dir='ltr'>immo</span> <span class='ocrx_word' id='word_1_832' title='bbox 540 3276 645 3300; x_wconf 86' lang='lat' dir='ltr'>totum</span> <span class='ocrx_word' id='word_1_833' title='bbox 669 3270 865 3309; x_wconf 89' lang='lat' dir='ltr'>oppositum.</span> <span class='ocrx_word' id='word_1_834' title='bbox 890 3270 1055 3307; x_wconf 90' lang='lat' dir='ltr'>Quoniam</span> <span class='ocrx_word' id='word_1_835' title='bbox 1078 3271 1218 3309; x_wconf 89' lang='lat' dir='ltr'>primum</span> <span class='ocrx_word' id='word_1_836' title='bbox 1237 3275 1407 3310; x_wconf 89' lang='lat' dir='ltr'>peccatum</span> <span class='ocrx_word' id='word_1_837' title='bbox 1431 3275 1478 3300; x_wconf 92' lang='lat' dir='ltr'>est</span> 
     </span>
     <span class='ocr_line' id='line_1_129' title="bbox 417 3313 1476 3349; baseline 0 -6"><span class='ocrx_word' id='word_1_838' title='bbox 417 3323 507 3343; x_wconf 87' lang='lat' dir='ltr'>casus</span> <span class='ocrx_word' id='word_1_839' title='bbox 531 3314 568 3343; x_wconf 91' lang='lat' dir='ltr'>ab</span> <span class='ocrx_word' id='word_1_840' title='bbox 592 3314 789 3343; x_wconf 86' lang='lat' dir='ltr'>innocentia:</span> <span class='ocrx_word' id='word_1_841' title='bbox 815 3313 993 3343; x_wconf 88' lang='lat' dir='ltr'>secundum</span> <span class='ocrx_word' id='word_1_842' title='bbox 1009 3319 1117 3343; x_wconf 89' lang='lat' dir='ltr'>autem</span> <span class='ocrx_word' id='word_1_843' title='bbox 1136 3313 1222 3344; x_wconf 90' lang='lat' dir='ltr'>addit</span> <span class='ocrx_word' id='word_1_844' title='bbox 1238 3313 1365 3343; x_wconf 87' lang='lat' dir='ltr'>sordem</span> <span class='ocrx_word' id='word_1_845' title='bbox 1381 3313 1476 3349; x_wconf 92' lang='lat' dir='ltr'>sordi,</span> 
     </span>
     <span class='ocr_line' id='line_1_130' title="bbox 416 3356 1477 3393; baseline -0.001 -6"><span class='ocrx_word' id='word_1_846' title='bbox 416 3357 502 3387; x_wconf 89' lang='lat' dir='ltr'>iuxta</span> <span class='ocrx_word' id='word_1_847' title='bbox 524 3357 603 3387; x_wconf 91' lang='lat' dir='ltr'>illud</span> <span class='ocrx_word' id='word_1_848' title='bbox 618 3358 650 3393; x_wconf 68' lang='lat'>*‚</span> <span class='ocrx_word' id='word_1_849' title='bbox 678 3357 742 3393; x_wconf 86' lang='lat' dir='ltr'>Qui</span> <span class='ocrx_word' id='word_1_850' title='bbox 764 3357 914 3387; x_wconf 83' lang='lat' dir='ltr'>sordidus</span> <span class='ocrx_word' id='word_1_851' title='bbox 938 3362 992 3393; x_wconf 85' lang='lat' dir='ltr'>est,</span> <span class='ocrx_word' id='word_1_852' title='bbox 1016 3357 1182 3387; x_wconf 83' lang='lat' dir='ltr'>sordescat</span> <span class='ocrx_word' id='word_1_853' title='bbox 1204 3357 1317 3388; x_wconf 82' lang='lat' dir='ltr'>adhuc.</span> <span class='ocrx_word' id='word_1_854' title='bbox 1343 3356 1477 3387; x_wconf 87' lang='lat' dir='ltr'>Constat</span> 
     </span>
     <span class='ocr_line' id='line_1_131' title="bbox 418 3400 1476 3440; baseline 0 -9"><span class='ocrx_word' id='word_1_855' title='bbox 418 3405 524 3431; x_wconf 91' lang='lat' dir='ltr'>autem</span> <span class='ocrx_word' id='word_1_856' title='bbox 540 3402 667 3431; x_wconf 88' lang='lat' dir='ltr'>maioris</span> <span class='ocrx_word' id='word_1_857' title='bbox 683 3400 914 3440; x_wconf 87' lang='lat' dir='ltr'>ingratitudinis</span> <span class='ocrx_word' id='word_1_858' title='bbox 931 3410 997 3431; x_wconf 86' lang='lat' dir='ltr'>esse</span> <span class='ocrx_word' id='word_1_859' title='bbox 1014 3410 1147 3440; x_wconf 89' lang='lat' dir='ltr'>peccare</span> <span class='ocrx_word' id='word_1_860' title='bbox 1161 3407 1271 3431; x_wconf 89' lang='lat' dir='ltr'>contra</span> <span class='ocrx_word' id='word_1_861' title='bbox 1283 3400 1476 3431; x_wconf 86' lang='lat' dir='ltr'>beneficium</span> 
     </span>
     <span class='ocr_line' id='line_1_132' title="bbox 417 3445 1476 3484; baseline -0.001 -9"><span class='ocrx_word' id='word_1_862' title='bbox 417 3445 629 3481; x_wconf 87' lang='lat' dir='ltr'>innocentiae,</span> <span class='ocrx_word' id='word_1_863' title='bbox 654 3454 691 3475; x_wconf 90' lang='lat' dir='ltr'>ex</span> <span class='ocrx_word' id='word_1_864' title='bbox 715 3454 781 3484; x_wconf 92' lang='lat' dir='ltr'>quo</span> <span class='ocrx_word' id='word_1_865' title='bbox 806 3450 989 3484; x_wconf 83' lang='lat' dir='ltr'>aggravatur</span> <span class='ocrx_word' id='word_1_866' title='bbox 1012 3445 1152 3484; x_wconf 89' lang='lat' dir='ltr'>primum</span> <span class='ocrx_word' id='word_1_867' title='bbox 1175 3450 1354 3484; x_wconf 88' lang='lat' dir='ltr'>peccatum,</span> <span class='ocrx_word' id='word_1_868' title='bbox 1379 3453 1476 3484; x_wconf 89' lang='lat' dir='ltr'>quam</span> 
     </span>
    </p>
   </div>
   <div class='ocr_carea' id='block_1_20' title="bbox 1530 3093 2596 3488">
    <p class='ocr_par' dir='ltr' id='par_1_37' title="bbox 1531 3093 2595 3178">
     <span class='ocr_line' id='line_1_133' title="bbox 1531 3093 2595 3136; baseline 0.002 -12"><span class='ocrx_word' id='word_1_869' title='bbox 1531 3099 1642 3124; x_wconf 87' lang='lat' dir='ltr'>contra</span> <span class='ocrx_word' id='word_1_870' title='bbox 1665 3094 1859 3125; x_wconf 90' lang='lat' dir='ltr'>beneficium</span> <span class='ocrx_word' id='word_1_871' title='bbox 1883 3095 2110 3134; x_wconf 87' lang='lat' dir='ltr'>expectationis</span> <span class='ocrx_word' id='word_1_872' title='bbox 2133 3093 2173 3124; x_wconf 89' lang='lat' dir='ltr'>ad</span> <span class='ocrx_word' id='word_1_873' title='bbox 2195 3094 2440 3134; x_wconf 85' lang='lat' dir='ltr'>poenitentiam,</span> <span class='ocrx_word' id='word_1_874' title='bbox 2466 3104 2503 3125; x_wconf 86' lang='lat' dir='ltr'>ex</span> <span class='ocrx_word' id='word_1_875' title='bbox 2527 3104 2595 3136; x_wconf 90' lang='lat' dir='ltr'>quo</span> 
     </span>
     <span class='ocr_line' id='line_1_134' title="bbox 1531 3138 2119 3178; baseline 0 -10"><span class='ocrx_word' id='word_1_876' title='bbox 1531 3143 1716 3178; x_wconf 86' lang='lat' dir='ltr'>aggravatur</span> <span class='ocrx_word' id='word_1_877' title='bbox 1738 3138 1917 3168; x_wconf 89' lang='lat' dir='ltr'>secundum</span> <span class='ocrx_word' id='word_1_878' title='bbox 1939 3143 2119 3178; x_wconf 89' lang='lat' dir='ltr'>peccatum.</span> 
     </span>
    </p>

    <p class='ocr_par' dir='ltr' id='par_1_38' title="bbox 1530 3181 2596 3488">
     <span class='ocr_line' id='line_1_135' title="bbox 1587 3181 2595 3223; baseline 0.001 -11"><span class='ocrx_word' id='word_1_879' title='bbox 1587 3182 1623 3212; x_wconf 92' lang='lat'>11.</span> <span class='ocrx_word' id='word_1_880' title='bbox 1648 3181 1699 3212; x_wconf 86' lang='lat' dir='ltr'>Ad</span> <span class='ocrx_word' id='word_1_881' title='bbox 1722 3183 1785 3212; x_wconf 91' lang='lat' dir='ltr'>hoc</span> <span class='ocrx_word' id='word_1_882' title='bbox 1809 3182 1923 3212; x_wconf 88' lang='lat' dir='ltr'>dicitur</span> <span class='ocrx_word' id='word_1_883' title='bbox 1952 3181 2041 3221; x_wconf 91' lang='lat' dir='ltr'>quod</span> <span class='ocrx_word' id='word_1_884' title='bbox 2063 3191 2131 3212; x_wconf 91' lang='lat' dir='ltr'>non</span> <span class='ocrx_word' id='word_1_885' title='bbox 2156 3187 2202 3212; x_wconf 89' lang='lat' dir='ltr'>est</span> <span class='ocrx_word' id='word_1_886' title='bbox 2224 3182 2276 3212; x_wconf 90' lang='lat' dir='ltr'>hic</span> <span class='ocrx_word' id='word_1_887' title='bbox 2300 3191 2404 3212; x_wconf 89' lang='lat' dir='ltr'>sermo</span> <span class='ocrx_word' id='word_1_888' title='bbox 2430 3192 2595 3223; x_wconf 90' lang='lat' dir='ltr'>compara-</span> 
     </span>
     <span class='ocr_line' id='line_1_136' title="bbox 1530 3225 2596 3267; baseline 0.003 -12"><span class='ocrx_word' id='word_1_889' title='bbox 1530 3227 1614 3256; x_wconf 86' lang='lat' dir='ltr'>tivus</span> <span class='ocrx_word' id='word_1_890' title='bbox 1637 3231 1845 3266; x_wconf 87' lang='lat' dir='ltr'>peccatorum</span> <span class='ocrx_word' id='word_1_891' title='bbox 1859 3235 1958 3266; x_wconf 90' lang='lat' dir='ltr'>penes</span> <span class='ocrx_word' id='word_1_892' title='bbox 1974 3226 2175 3265; x_wconf 88' lang='lat' dir='ltr'>gravitatem:</span> <span class='ocrx_word' id='word_1_893' title='bbox 2201 3225 2256 3256; x_wconf 87' lang='lat' dir='ltr'>sed</span> <span class='ocrx_word' id='word_1_894' title='bbox 2272 3227 2488 3257; x_wconf 89' lang='lat' dir='ltr'>continentiae</span> <span class='ocrx_word' id='word_1_895' title='bbox 2504 3228 2596 3267; x_wconf 83' lang='lat' dir='ltr'>quasi</span> 
     </span>
     <span class='ocr_line' id='line_1_137' title="bbox 1531 3270 2596 3310; baseline 0.003 -11"><span class='ocrx_word' id='word_1_896' title='bbox 1531 3270 1671 3300; x_wconf 85' lang='lat' dir='ltr'>virtualis</span> <span class='ocrx_word' id='word_1_897' title='bbox 1694 3270 1808 3309; x_wconf 90' lang='lat' dir='ltr'>prioris</span> <span class='ocrx_word' id='word_1_898' title='bbox 1831 3270 1953 3309; x_wconf 88' lang='lat' dir='ltr'>peccati</span> <span class='ocrx_word' id='word_1_899' title='bbox 1974 3270 2008 3299; x_wconf 92' lang='lat' dir='ltr'>in</span> <span class='ocrx_word' id='word_1_900' title='bbox 2031 3270 2209 3309; x_wconf 84' lang='lat' dir='ltr'>posteriori,</span> <span class='ocrx_word' id='word_1_901' title='bbox 2234 3279 2302 3300; x_wconf 92' lang='lat' dir='ltr'>non</span> <span class='ocrx_word' id='word_1_902' title='bbox 2321 3271 2515 3310; x_wconf 87' lang='lat' dir='ltr'>simpliciter,</span> <span class='ocrx_word' id='word_1_903' title='bbox 2539 3271 2596 3302; x_wconf 88' lang='lat' dir='ltr'>sed</span> 
     </span>
     <span class='ocr_line' id='line_1_138' title="bbox 1531 3312 2595 3356; baseline 0.003 -13"><span class='ocrx_word' id='word_1_904' title='bbox 1531 3313 1710 3343; x_wconf 89' lang='lat' dir='ltr'>secundum</span> <span class='ocrx_word' id='word_1_905' title='bbox 1734 3312 1828 3353; x_wconf 80' lang='lat' dir='ltr'>quid3</span> <span class='ocrx_word' id='word_1_906' title='bbox 1852 3313 1916 3343; x_wconf 91' lang='lat' dir='ltr'>hoc</span> <span class='ocrx_word' id='word_1_907' title='bbox 1940 3318 1996 3349; x_wconf 90' lang='lat' dir='ltr'>est,</span> <span class='ocrx_word' id='word_1_908' title='bbox 2021 3313 2199 3344; x_wconf 89' lang='lat' dir='ltr'>secundum</span> <span class='ocrx_word' id='word_1_909' title='bbox 2223 3314 2362 3354; x_wconf 85' lang='lat' dir='ltr'>aliquam</span> <span class='ocrx_word' id='word_1_910' title='bbox 2382 3320 2500 3345; x_wconf 86' lang='lat' dir='ltr'>certam</span> <span class='ocrx_word' id='word_1_911' title='bbox 2523 3325 2595 3356; x_wconf 84' lang='lat' dir='ltr'>spe-</span> 
     </span>
     <span class='ocr_line' id='line_1_139' title="bbox 1532 3357 2596 3398; baseline 0.003 -11"><span class='ocrx_word' id='word_1_912' title='bbox 1532 3357 1645 3387; x_wconf 88' lang='lat' dir='ltr'>cialem</span> <span class='ocrx_word' id='word_1_913' title='bbox 1667 3357 1834 3392; x_wconf 86' lang='lat' dir='ltr'>rationem,</span> <span class='ocrx_word' id='word_1_914' title='bbox 1858 3362 1935 3396; x_wconf 91' lang='lat' dir='ltr'>puta</span> <span class='ocrx_word' id='word_1_915' title='bbox 1959 3357 2034 3396; x_wconf 83' lang='lat' dir='ltr'>quia</span> <span class='ocrx_word' id='word_1_916' title='bbox 2052 3358 2210 3397; x_wconf 89' lang='lat' dir='ltr'>posterius</span> <span class='ocrx_word' id='word_1_917' title='bbox 2229 3363 2398 3398; x_wconf 86' lang='lat' dir='ltr'>peccatum</span> <span class='ocrx_word' id='word_1_918' title='bbox 2415 3364 2462 3389; x_wconf 90' lang='lat' dir='ltr'>est</span> <span class='ocrx_word' id='word_1_919' title='bbox 2485 3365 2596 3390; x_wconf 85' lang='lat' dir='ltr'>contra</span> 
     </span>
     <span class='ocr_line' id='line_1_140' title="bbox 1531 3400 2595 3440; baseline 0.004 -10"><span class='ocrx_word' id='word_1_920' title='bbox 1531 3401 1740 3431; x_wconf 87' lang='lat' dir='ltr'>sustinentem</span> <span class='ocrx_word' id='word_1_921' title='bbox 1763 3400 1930 3440; x_wconf 88' lang='lat' dir='ltr'>indignum</span> <span class='ocrx_word' id='word_1_922' title='bbox 1953 3401 2110 3431; x_wconf 87' lang='lat' dir='ltr'>sustineri.</span> <span class='ocrx_word' id='word_1_923' title='bbox 2135 3401 2176 3432; x_wconf 92' lang='lat' dir='ltr'>Et</span> <span class='ocrx_word' id='word_1_924' title='bbox 2194 3401 2267 3432; x_wconf 92' lang='lat' dir='ltr'>ideo</span> <span class='ocrx_word' id='word_1_925' title='bbox 2284 3412 2359 3433; x_wconf 91' lang='lat' dir='ltr'>cum</span> <span class='ocrx_word' id='word_1_926' title='bbox 2375 3403 2435 3433; x_wconf 90' lang='lat' dir='ltr'>hac</span> <span class='ocrx_word' id='word_1_927' title='bbox 2451 3402 2595 3434; x_wconf 83' lang='lat' dir='ltr'>doctrina</span> 
     </span>
     <span class='ocr_line' id='line_1_141' title="bbox 1531 3444 2595 3488; baseline 0.004 -14"><span class='ocrx_word' id='word_1_928' title='bbox 1531 3450 1591 3474; x_wconf 89' lang='lat' dir='ltr'>stat</span> <span class='ocrx_word' id='word_1_929' title='bbox 1614 3444 1703 3484; x_wconf 91' lang='lat' dir='ltr'>quod</span> <span class='ocrx_word' id='word_1_930' title='bbox 1725 3445 1866 3484; x_wconf 87' lang='lat' dir='ltr'>primurn</span> <span class='ocrx_word' id='word_1_931' title='bbox 1889 3450 2057 3484; x_wconf 88' lang='lat' dir='ltr'>peccatum</span> <span class='ocrx_word' id='word_1_932' title='bbox 2081 3445 2175 3476; x_wconf 87' lang='lat' dir='ltr'>fuerit</span> <span class='ocrx_word' id='word_1_933' title='bbox 2198 3455 2237 3476; x_wconf 85' lang='lat' dir='ltr'>ex</span> <span class='ocrx_word' id='word_1_934' title='bbox 2259 3447 2388 3487; x_wconf 86' lang='lat' dir='ltr'>propria</span> <span class='ocrx_word' id='word_1_935' title='bbox 2403 3447 2509 3487; x_wconf 87' lang='lat' dir='ltr'>specie</span> <span class='ocrx_word' id='word_1_936' title='bbox 2525 3457 2595 3488; x_wconf 83' lang='lat' dir='ltr'>gra-</span> 
     </span>
    </p>
   </div>
  </div>
 </body>
</html>
