2918 4088
245 349 256 358 ⁸
269 347 302 368 lv
315 347 387 374 Sem„
401 346 454 368 dist.

244 379 278 401 xi,
292 380 331 401 qu.
346 379 361 395 1.

241 655 328 709 'ngfio
336 662 398 678 num.
423 662 453 681 11,

240 918 250 929 '
263 917 310 945 Qu.
320 923 396 944 mxxvi,
407 920 449 939 art.

236 1226 247 1236 ·
261 1224 286 1246 In
301 1230 408 1252 corpore.

236 1488 247 1499 ·
259 1487 330 1510 Num.
344 1494 370 1513 ιι,
382 1487 447 1516 Qua-

235 1514 380 1543 ‹iv-upliciter.

491 178 561 213 162

1158 178 1419 225 QUAESTIO
1448 176 1609 220 LXXV,
1638 174 1930 212 ARTICULUS
1958 176 1988 212 II

482 255 530 284 nis
554 255 690 295 utrique.
716 254 778 285 Sed
801 255 891 295 panis
916 261 980 286 erat
1003 256 1054 286 hic
1078 257 1294 296 quantitative.
1319 256 1404 294 Ergo
1424 263 1541 293 corpus
1594 257 1704 282 tenent
1727 252 1891 292 sequelae:
1921 253 1996 292 quia
2019 252 2058 283 de
2081 255 2203 285 ratione
2227 257 2415 286 sacramenti
2438 262 2484 287 est
2507 258 2654 288 sensibile

483 298 600 328 Christi
623 300 681 329 erit
703 299 754 329 hic
778 300 995 339 quantitative.
1020 300 1119 338 Quod
1143 306 1189 330 est
1211 300 1451 330 inconveniens.

540 342 676 379 Quarto,
701 344 802 382 arguit
825 343 994 374 Durandus
1014 345 1039 374 *.
1075 344 1163 374 Sicut
1189 353 1222 373 se
1249 344 1342 373 habet
1368 341 1540 371 substantia

482 386 522 417 ad
544 387 760 423 substantiam,
785 387 828 417 sic
848 397 881 417 se
897 388 991 417 habet
1007 388 1164 427 quantitas
1181 387 1219 417 ad
1236 387 1453 426 quantitatem.
1478 383 1541 414 Sed

481 431 507 461 si
531 432 688 471 quantitas
710 432 801 471 panis
833 437 1069 461 converteretur
1101 432 1134 461 in
1163 431 1370 470 quantitatem
1398 428 1540 468 corporis

482 474 608 511 Christi,
632 485 700 505 non
722 481 852 515 propter
874 475 937 505 hoc
961 475 1117 514 quantitas
1141 474 1283 513 corporis
1308 472 1424 503 Christi
1450 471 1540 502 fieret

480 519 535 549 ubi
559 519 618 549 fuit
641 519 798 559 quantitas
817 520 917 558 panis.
943 519 1027 558 Ergo
1050 528 1117 548 non
1141 523 1270 557 propter
1294 516 1539 546 conversionem

481 572 598 603 corpus
622 562 739 593 Christi
762 562 798 593 fit
820 563 875 592 ubi
899 568 964 592 erat
986 562 1087 602 panis.

535 607 588 637 VI.
612 607 747 647 Reliqua
770 612 963 646 argumenta,
989 615 1070 645 quae
1095 610 1203 635 contra
1222 605 1303 634 hanc
1321 603 1455 634 eandem
1470 603 1538 633 Au-

481 651 575 682 ctoris
598 652 755 681 rationem
778 660 815 680 ex
838 650 901 679 alio
926 650 1027 689 capite
1050 649 1186 678 militant
1201 649 1227 683 ἢ
1252 648 1315 677 hoc
1339 653 1385 677 est
1408 657 1446 677 ex
1462 656 1538 686 sup-

479 696 639 735 positione
671 693 759 734 quod
783 703 884 724 unum
909 702 1024 732 corpus
1051 698 1157 732 potest
1181 701 1248 722 esse
1271 691 1367 721 simul
1395 691 1538 721 localiter

479 740 512 769 in
536 739 663 769 diversis
682 739 769 773 locis,
795 747 868 767 curn
884 737 1058 766 rationibus
1073 736 1282 776 probantibus
1298 736 1400 775 ipsam
1416 744 1537 775 suppo-

479 783 637 818 sitionem,
653 781 726 812 ideo
750 791 808 821 pro
825 790 911 810 nunc
931 781 1056 815 omitto,
1081 780 1155 820 quia
1172 784 1296 809 constat
1311 788 1428 819 corpus
1445 779 1536 810 Chri—

478 828 517 857 sti
539 836 607 856 non
623 835 690 856 esse
711 827 744 855 in
760 830 956 855 sacramento
972 825 1123 854 localiter.
1148 824 1233 854 Hinc
1249 824 1336 853 enim
1351 823 1538 854 huiusmodi

478 871 621 911 quaestio
645 880 663 899 a
685 869 851 909 proposito
875 873 997 898 remota
1020 873 1159 908 apparet.
1187 868 1257 898 Fiet
1280 873 1387 898 autem
1411 867 1451 898 de
1474 868 1546 907 hoc

478 915 622 955 quaestio
646 913 789 953 specialis
806 914 831 942 θ’.

531 958 620 988 Haec
643 958 737 997 igitur
759 962 833 987 sunt
855 966 937 996 quae
961 961 1071 986 contra
1084 956 1222 996 primam
1241 956 1363 986 litterae
1378 957 1536 986 rationem

477 1003 679 1032 obiiciuntur.

531 1046 596 1075 VII.
621 1045 672 1075 Ad
696 1044 886 1074 evidentiam
908 1044 1042 1080 horum,
1073 1043 1343 1084 praemittendum
1370 1049 1416 1074 est
1447 1044 1536 1084 quod

475 1099 542 1120 non
563 1094 609 1119 est
625 1089 676 1118 hic
692 1089 836 1128 quaestio
853 1088 892 1119 de
909 1088 1015 1119 divina
1029 1089 1183 1128 potentia,
1207 1098 1275 1119 non
1292 1089 1378 1118 enim
1394 1088 1434 1118 ad
1449 1089 1535 1119 hunc

474 1139 641 1163 tractatum
664 1133 742 1162 haec
765 1138 886 1172 spectat
909 1133 1071 1172 quaestio:
1100 1132 1155 1163 sed
1180 1133 1362 1172 quaerimus
1386 1132 1464 1172 quid
1487 1133 1536 1163 in-

474 1178 601 1207 stitutus
625 1176 705 1206 ordo
730 1186 896 1207 causarum
920 1178 1043 1207 habeat.
1068 1176 1172 1213 Unde,
1197 1186 1273 1207 cum
1296 1176 1412 1207 dicitur
1433 1177 1467 1207 in
1486 1177 1535 1207 lit-

473 1227 539 1252 tera
554 1222 585 1256 ⁴⁶,
610 1220 808 1261 Impossibile
832 1226 878 1251 est
896 1227 973 1257 etc.‚
997 1230 1065 1252 non
1089 1226 1136 1251 est
1159 1231 1264 1251 sermo
1288 1220 1328 1251 de
1346 1221 1536 1261 impossibili

474 1265 652 1295 secundum
684 1264 823 1295 divinam
857 1266 1036 1305 potentiam
1069 1265 1233 1296 absolute:
1268 1265 1325 1296 sed
1356 1265 1536 1296 secundum

473 1310 650 1350 potentiam
667 1308 853 1346 ordinatam,
871 1309 1049 1340 secundum
1073 1319 1171 1349 quam
1195 1309 1366 1340 attenditur
1383 1310 1536 1350 possibile

473 1354 524 1384 vel
547 1353 743 1394 impossibile
766 1354 799 1384 in
823 1354 1041 1384 ecclesiasticis
1063 1354 1230 1394 mysteriis.
1255 1354 1295 1384 Et
1318 1354 1393 1384 hinc
1415 1353 1536 1384 multo-

473 1408 545 1429 rum
569 1402 831 1438 argumentorum
854 1408 936 1438 quae
960 1398 1149 1429 adduximus
1173 1398 1291 1428 solutio
1314 1397 1443 1438 pendet.

529 1442 622 1473 Unde
646 1442 686 1472 ad
709 1442 834 1472 obiecta
857 1448 967 1473 contra
989 1443 1140 1473 Auctoris
1163 1443 1420 1483 propositionem
1435 1442 1536 1472 maio-

472 1497 541 1517 rem
571 1487 716 1517 absolute
744 1491 775 1517 et
801 1487 1019 1517 universaliter
1042 1486 1237 1517 intellectam
1256 1488 1272 1503 ⁴*
1298 1486 1535 1526 respondendo,

473 1531 588 1562 dicitur
611 1530 700 1571 quod
723 1530 789 1561 duo
812 1532 915 1571 prima
938 1536 1134 1571 argumenta,
1162 1532 1238 1571 quia
1260 1532 1473 1571 aequivocant
1496 1530 1536 1561 de

472 1575 626 1616 possibili,
651 1575 729 1605 dum
752 1574 791 1605 de
815 1575 920 1606 divina
935 1576 1080 1616 potentia
1103 1576 1247 1605 absolute
1263 1575 1451 1615 loquuntur,
1467 1584 1535 1605 non

473 1620 609 1650 militant
639 1624 750 1649 contra
776 1619 962 1651 Auctorem.
986 1638 1009 1642 -
1034 1620 1139 1650 Prima
1170 1625 1278 1650 tamen
1306 1619 1464 1654 obiectio,
1495 1618 1536 1649 de

473 1664 586 1694 ultima
608 1664 749 1704 sphaera,
774 1669 897 1704 praeter
911 1665 976 1695 hoc
999 1663 1168 1704 dupliciter
1184 1663 1300 1694 deficit.
1324 1664 1442 1699 Primo,
1460 1664 1536 1703 quia

472 1709 575 1740 maior
597 1708 718 1738 litterae
740 1707 907 1738 manifeste
923 1708 1066 1748 loquitur
1085 1707 1124 1738 de
1139 1708 1219 1738 Iocis
1234 1708 1535 1748 praeexistentibus:

474 1753 613 1783 obiectio
637 1757 745 1782 autem
768 1757 853 1782 creat
879 1752 918 1783 de
945 1762 1032 1783 novo
1062 1753 1174 1783 locum
1204 1752 1427 1792 praeexistenti
1449 1752 1536 1782 lo'ca-

474 1797 538 1827 bili.
572 1796 721 1827 Secundo
745 1795 852 1827 deficit
875 1798 966 1837 quia,
990 1798 1016 1827 si
1040 1802 1199 1827 crearetur
1222 1796 1281 1826 alia
1304 1797 1453 1836 sphaera,
1477 1796 1536 1826 ista

474 1850 557 1881 quae
580 1850 668 1871 nunc
691 1846 738 1870 est
760 1850 918 1880 suprema,
934 1842 1063 1881 proprie
1079 1840 1255 1881 loquendo,
1273 1846 1355 1871 esset
1369 1840 1403 1870 in
1419 1839 1535 1870 eodem

473 1885 548 1916 loco
572 1886 605 1915 in
629 1894 695 1925 quo
718 1894 806 1915 nunc
830 1891 891 1915 est:
916 1886 1048 1916 varietas
1072 1890 1179 1915 autem
1203 1890 1285 1915 esset
1308 1884 1438 1915 deloco
1456 1885 1535 1914 ima-

473 1930 595 1970 ginario
619 1930 652 1959 in
675 1929 784 1959 locum
807 1930 935 1966 realem,
964 1935 996 1960 et
1019 1929 1058 1960 de
1081 1929 1155 1960 loco
1179 1929 1346 1969 potentiali
1368 1929 1402 1958 in
1424 1928 1535 1958 locum

473 1973 640 2004 actualem.
664 1973 768 2008 Unde,
791 1975 920 2013 proprie
938 1973 1113 2014 loquendo,
1137 1983 1204 2004 non
1220 1973 1397 2013 acquireret
1412 1982 1535 2003 novum

472 2018 593 2053 locum,
618 2017 673 2048 sed
695 2027 818 2047 novum
841 2018 1019 2048 continens.
1044 2018 1156 2048 Sermo
1173 2022 1281 2048 autem
1296 2017 1418 2047 litterae
1433 2022 1480 2047 est
1495 2016 1535 2046 de

473 2062 547 2092 loco
571 2071 658 2091 novo
682 2062 829 2097 totaliter,
855 2067 886 2092 et
908 2071 975 2092 non
999 2062 1178 2092 secundum
1202 2061 1289 2101 quid.

526 2105 578 2136 Ad
601 2106 729 2136 tertium
752 2115 828 2136 vero
857 2105 972 2136 dicitur
1002 2106 1092 2146 quod
1115 2106 1282 2146 responsio
1309 2105 1438 2135 recitata
1466 2114 1534 2135 non

473 2155 519 2181 est
541 2150 634 2180 mala.
667 2150 781 2187 Melius
804 2155 911 2180 tamen
935 2149 1105 2180 diceretur:
1131 2150 1223 2180 Nihil
1245 2149 1410 2179 immotum
1427 2153 1537 2189 potest

472 2203 539 2224 esse
563 2194 615 2224 ubi
632 2194 728 2234 prius
752 2203 816 2224 non
831 2195 913 2235 fuit,
939 2195 1002 2224 nisi
1018 2204 1082 2234 per
1104 2194 1347 2229 conversionem
1371 2193 1403 2223 in
1421 2193 1533 2233 ipsum,

472 2243 530 2269 aut
544 2238 667 2278 aliquid
681 2238 742 2269 sibi
758 2239 891 2269 realiter
909 2239 1126 2269 coniunctum.
1150 2239 1191 2269 Et
1206 2248 1263 2279 per
1278 2238 1342 2268 hoc
1358 2237 1536 2268 excluditur

472 2283 574 2323 prima
603 2283 751 2313 instantia
773 2283 871 2319 Scoti,
896 2283 1032 2313 dicendo
1057 2282 1146 2323 quod
1162 2283 1328 2313 conversio
1345 2287 1391 2312 est
1407 2282 1536 2322 propria

472 2327 608 2357 mutatio
625 2326 757 2357 afferens
772 2328 983 2366 praesentiam
998 2328 1120 2368 proprii
1135 2327 1262 2357 termini
1277 2327 1393 2366 primo,
1411 2331 1442 2356 et
1457 2336 1535 2357 con-

471 2371 657 2401 iunctorum
680 2371 725 2401 illi
748 2372 1009 2402 concomitanter.
1034 2372 1086 2402 Sic
1110 2371 1197 2402 enim
1219 2371 1307 2401 nulla
1329 2370 1365 2400 fit
1388 2371 1534 2411 exceptio

473 2415 511 2446 ab
535 2415 588 2445 illa
610 2415 740 2451 maiore,
765 2415 821 2445 sed
844 2415 1020 2446 declaratur
1042 2416 1108 2446 vim
1124 2415 1341 2446 conversionis
1365 2414 1534 2445 extendere

472 2469 507 2489 se
530 2458 570 2489 ad
592 2460 802 2498 praesentiam
824 2469 892 2489 non
908 2459 1015 2490 solum
1037 2460 1159 2500 proprii
1174 2459 1311 2495 termini,
1336 2458 1391 2489 sed
1414 2468 1534 2489 conco—

472 2504 654 2534 mitantium
677 2503 778 2534 illurn.
802 2521 825 2525 —
847 2503 899 2534 Ad
926 2503 1099 2534 secundam
1129 2509 1236 2534 autem
1259 2503 1454 2539 instantiam,
1478 2513 1534 2534 ne-

471 2553 564 2588 gatur
586 2547 680 2578 aliam
704 2557 772 2578 esse
794 2548 1005 2587 praesentiam
1024 2549 1160 2583 animae,
1185 2553 1216 2578 et
1232 2547 1325 2578 aliam
1342 2548 1485 2587 corporis
1501 2548 1534 2577 in

472 2592 536 2622 hoc
560 2597 767 2622 sacramento.
792 2591 914 2622 Eadem
931 2592 1017 2622 enim
1032 2601 1168 2622 numero
1185 2592 1361 2631 praesentia
1385 2601 1449 2631 qua
1465 2601 1534 2622 cor-

472 2645 534 2676 pus
558 2635 675 2666 Christi
697 2645 845 2676 praesens
870 2642 916 2666 est
939 2642 1156 2672 sacramento,
1181 2636 1287 2666 anima
1311 2636 1392 2671 eius,
1417 2645 1535 2675 corpus

473 2680 704 2715 concomitans,
729 2679 966 2710 denominative
990 2680 1105 2710 dicitur
1120 2689 1278 2720 praesens.
1303 2679 1396 2710 Unde
1420 2679 1535 2710 falsum

473 2730 520 2754 est
543 2734 611 2754 esse
634 2723 720 2754 aliud
744 2730 775 2754 et
798 2723 884 2755 aliud
907 2723 1153 2755 fundamentum
1168 2725 1363 2764 praesentiae
1378 2724 1413 2754 in
1429 2725 1535 2755 anima

473 2773 505 2798 et
528 2778 673 2808 corpore.
700 2768 789 2799 Sicut
812 2769 907 2799 etiam
930 2769 1035 2799 anima
1053 2778 1126 2799 mea
1149 2774 1195 2799 est
1218 2769 1252 2798 in
1274 2769 1338 2798 hoc
1360 2768 1435 2798 loco
1460 2769 1536 2808 quia

474 2822 591 2853 corpus
617 2822 728 2843 meum
756 2818 803 2843 est
829 2813 898 2849 hic,
931 2818 962 2843 et
988 2823 1006 2843 a
1030 2813 1172 2853 corpon's
1198 2813 1375 2852 praesentia
1403 2813 1437 2843 in
1460 2813 1534 2843 loco

473 2856 699 2887 denominatur
731 2857 836 2887 anima
866 2866 938 2887 mea
967 2866 1136 2897 praesens;
1166 2866 1227 2887 nec
1258 2861 1386 2896 oportet
1414 2866 1535 2897 ponere

473 2901 566 2931 aliam
589 2901 751 2941 propriam
767 2902 800 2931 in
816 2901 921 2931 anima
936 2911 1008 2931 mea
1030 2902 1241 2941 praesentiam
1257 2901 1297 2932 ad
1312 2901 1422 2932 locum
1437 2902 1534 2932 hunc.

528 2945 579 2975 Ad
603 2950 751 2985 quartum
776 2945 890 2975 dicitur
920 2945 1009 2985 quod
1031 2946 1134 2976 maior
1165 2951 1211 2976 est
1234 2945 1406 2976 diminuta:
1442 2945 1536 2976 debet

473 2989 559 3019 enim
575 2989 658 3026 addi,
676 2999 733 3020 nec
749 2990 930 3020 necessario
947 2999 1140 3020 connexum.
1153 3007 1173 3012 -
1187 2990 1227 3020 Et
1242 2989 1324 3020 ultra
1339 2990 1413 3026 hoc,
1429 2991 1536 3021 minor

473 3038 521 3063 est
544 3034 638 3063 etiam
661 3033 827 3069 diminuta,
852 3039 1009 3073 quantum
1033 3033 1072 3064 ad
1091 3034 1345 3064 conversionem.
1370 3034 1535 3072 Quoniam

474 3078 632 3107 connexio
657 3078 851 3117 praesentiae
875 3078 914 3108 ad
933 3079 1178 3108 conversionem
1200 3088 1261 3109 nec
1278 3084 1324 3108 est
1339 3083 1375 3109 ut
1390 3078 1431 3109 ad
1445 3088 1535 3118 prae-

474 3126 607 3157 sentem,
619 3131 680 3151 nec
695 3127 732 3151 ut
743 3121 783 3152 ad
794 3123 1005 3161 praeteritam,
1018 3122 1073 3153 sed
1089 3128 1125 3153 ut
1141 3122 1180 3153 ad
1192 3123 1276 3152 viam
1292 3123 1326 3153 in
1340 3123 1460 3162 ipsam:
1480 3123 1536 3153 ha-

474 3164 528 3194 bet
543 3166 629 3195 enim
649 3175 682 3195 se
699 3171 734 3195 ut
750 3165 870 3196 factum
886 3176 954 3196 esse
969 3167 1003 3196 in
1018 3167 1155 3197 termino
1172 3166 1212 3197 ad
1227 3166 1306 3197 fieri.
1318 3184 1341 3189 -
1356 3166 1438 3197 Illud
1453 3176 1535 3206 quo-

476 3217 539 3248 que
555 3208 644 3248 quod
660 3208 783 3239 additur
799 3209 838 3239 de
854 3210 1029 3249 speciebus,
1047 3210 1241 3241 diminutum
1257 3216 1313 3241 est.
1333 3211 1434 3241 Datur
1449 3211 1536 3241 enim

475 3252 614 3288 tertium,
638 3253 758 3283 scilicet
780 3253 870 3292 quod
892 3254 950 3283 sub
970 3254 1030 3284 illis
1055 3264 1170 3294 corpus
1188 3254 1306 3284 Christi
1328 3255 1423 3284 habet
1445 3264 1535 3294 prae-

475 3297 609 3333 sentiam
638 3305 734 3336 quarn
757 3297 825 3327 sine
848 3297 909 3327 illis
931 3298 1039 3328 haberi
1061 3307 1129 3328 non
1153 3303 1200 3328 est
1222 3298 1436 3337 intelligibile,
1460 3299 1535 3338 quia

475 3340 617 3380 implicat
640 3340 934 3371 contradictionem.
958 3341 1041 3371 Nam
1065 3342 1090 3371 si
1114 3351 1231 3382 corpus
1247 3342 1365 3372 Christi
1388 3347 1469 3372 esset
1487 3352 1535 3372 sa-

476 3384 706 3414 cramentaliter
728 3384 796 3414 sine
820 3385 928 3424 aliquo
953 3385 1092 3415 sensibili
1111 3385 1213 3425 signo,
1237 3386 1406 3425 integraret
1422 3391 1453 3416 et
1467 3395 1535 3416 non

475 3428 644 3468 integraret
659 3434 906 3465 sacramentum;
931 3434 962 3459 et
978 3429 1120 3459 similiter
1136 3430 1352 3460 contineretur
1368 3430 1427 3459 sub
1444 3430 1534 3469 signo

475 3472 615 3502 sensibili
628 3475 673 3502 ‘et
694 3482 762 3502 non
785 3473 1018 3509 contineretur;
1054 3478 1085 3503 et
1111 3473 1254 3503 similiter
1281 3478 1362 3503 esset
1387 3483 1535 3514 praesens

475 3516 614 3547 sensibili
638 3517 738 3556 signo,
764 3521 795 3547 et
817 3516 897 3547 nulli
920 3517 1059 3548 sensibili
1083 3517 1173 3557 signo
1199 3522 1280 3547 esset
1302 3526 1459 3557 praesens.
1495 3517 1536 3548 Et

1594 297 1736 335 signum;
1761 305 1797 326 ae
1812 306 1870 336 per
1885 297 1958 332 hoc,
1983 299 2208 328 sacramentale
2224 308 2291 330 esse
2307 300 2440 340 intelligi
2455 302 2569 341 nequit
2584 303 2654 332 abs-

1594 349 1658 379 que
1682 339 1822 369 sensibili
1846 340 1947 379 signo.

1647 383 1729 413 VIII.
1757 383 1809 414 Ad
1839 385 1964 414 obiecta
1994 390 2102 415 autem
2133 391 2243 416 contra
2273 387 2520 427 applicationem
2551 389 2654 420 dictae

1592 427 1721 457 maioris
1745 427 1784 457 ad
1806 428 1889 458 hanc
1912 429 2077 458 materiam
2092 430 2109 446 ’θ
2127 430 2365 469 respondendo,
2389 431 2504 463 dicitur
2527 433 2567 463 ad
2589 434 2654 473 pri-

1591 480 1683 501 mum
1707 471 1797 511 quod
1818 471 1981 511 tripliciter
2004 472 2119 503 deficit.
2155 473 2280 510 Primo,
2305 476 2380 515 quia
2401 476 2435 506 in
2457 476 2560 507 littera
2585 486 2654 507 non

1591 515 1788 546 subsumitur
1818 515 1907 555 quod
1931 525 1999 547 esse
2022 517 2056 546 in
2079 523 2276 548 sacramento
2305 519 2344 549 sit
2367 529 2435 550 esse
2461 520 2593 557 alicubi,
2617 526 2654 551 ut

1591 564 1678 598 patet
1693 560 1840 590 intuenti.
1852 578 1875 581 —
1887 559 2047 596 Secundo,
2061 561 2136 600 quia
2151 561 2250 598 licuit,
2267 562 2536 603 philosophorum
2550 574 2652 601 more,

1590 603 1724 633 latentes
1746 613 1795 634 res
1819 613 1876 643 per
1898 604 2084 635 comitantia
2115 605 2291 636 accidentia
2323 606 2490 638 declarare.
2519 607 2654 639 Constat

1591 652 1699 677 autem
1732 647 1821 687 quod
1854 657 1921 678 esse
1953 649 1987 678 in
2019 655 2216 679 sacramento
2246 655 2292 680 est
2323 660 2390 681 esse
2419 650 2511 681 valde
2541 652 2652 688 latens,

1590 690 1755 721 verificans
1779 691 1890 722 locum
1912 691 2051 722 eundem
2075 692 2115 723 de
2138 699 2335 724 sacramento
2364 700 2395 725 et
2417 696 2571 726 existente
2593 696 2652 726 sub

1590 741 1798 766 sacramento.
1822 736 1930 766 Licuit
1944 737 2039 776 igitur
2059 737 2106 767 uti
2121 738 2343 777 propositione
2359 738 2399 769 de
2415 739 2471 769 ubi
2490 744 2522 769 et
2537 739 2654 770 alicubi

1589 788 1648 818 pro
1672 780 1807 815 maiore3
1833 785 1864 810 et
1886 780 2073 811 subsumere
2089 780 2129 811 de
2145 790 2213 812 esse
2228 782 2262 812 in
2277 788 2476 813 sacramento
2499 788 2654 824 tanquam

1589 822 1771 854 verificante
1794 824 1850 854 ubi
1872 829 1904 854 et
1927 824 2044 855 alicubi
2074 824 2113 855 de
2137 835 2272 866 corpore
2297 826 2414 857 Christi
2437 827 2589 858 existente
2618 828 2654 858 in

1589 873 1798 898 sacramento.
1821 885 1846 890 —
1867 868 1909 898 Et
1931 868 2007 899 hinc
2029 874 2116 909 patet
2138 870 2284 901 tertium:
2313 870 2403 910 quod
2425 871 2547 901 scilicet
2567 881 2652 907 vere,

1589 912 1735 951 quamvis
1765 921 1822 952 per
1853 912 2014 949 accidens,
2045 923 2103 953 per
2129 923 2197 944 esse
2227 915 2261 944 in
2291 920 2489 946 sacramento
2518 916 2654 956 acquirit

1588 965 1712 986 novum
1735 956 1809 993 ubi,
1840 962 1919 997 puta
1941 957 2056 994 altare,
2088 958 2177 998 quod
2200 964 2247 989 est
2269 959 2361 990 locus
2387 960 2578 999 specierum.
2612 960 2654 991 Et

1587 1005 1694 1040 potest
1717 1001 1814 1031 unico
1830 1001 1928 1031 verbo
1949 1001 2011 1032 dici
2034 1002 2124 1042 quod
2139 1012 2207 1033 esse
2222 1003 2256 1033 in
2272 1009 2480 1040 sacramento,
2497 1003 2571 1035 licet
2584 1013 2653 1035 non

1588 1044 1627 1074 sit
1650 1054 1718 1075 esse
1737 1045 1770 1075 in
1786 1045 1861 1075 loco
1877 1044 2060 1082 formaliter,
2078 1052 2124 1076 est
2139 1052 2246 1077 tamen
2262 1047 2437 1084 causaliter,
2453 1057 2513 1088 pro
2530 1054 2652 1089 quanto

1588 1097 1645 1128 per
1667 1088 1746 1119 illud
1770 1098 1837 1119 esse
1862 1088 2006 1120 Christus
2030 1096 2076 1120 est
2099 1091 2155 1121 ubi
2178 1096 2224 1121 est
2247 1097 2491 1122 sacramentum.

1643 1132 1695 1163 Ad
1718 1133 1897 1164 secundum
1919 1143 1996 1164 vero
2021 1133 2135 1165 dicitur
2158 1135 2258 1175 quod,
2282 1135 2456 1166 formaliter
2473 1136 2651 1176 loquendo,

1587 1177 1728 1213 materia,
1745 1178 1937 1217 inquantum
1951 1187 2120 1209 remanens
2135 1179 2254 1210 ibidem
2273 1180 2332 1210 sub
2348 1185 2488 1220 utroque
2502 1181 2651 1217 termino,

1588 1220 1663 1251 facit
1687 1221 1776 1261 quod
1798 1222 1943 1261 genitum
1966 1222 2006 1252 sit
2027 1223 2062 1252 in
2083 1223 2158 1253 loco
2182 1224 2333 1263 corrupti.
2358 1224 2399 1254 Et
2421 1234 2460 1254 ex
2474 1225 2538 1254 hoc
2556 1225 2653 1255 habe-

1587 1270 1640 1295 tur
1671 1264 1761 1305 quod
1791 1265 2024 1305 quodcumque
2059 1272 2215 1306 quantum
2246 1276 2415 1298 remanens
2445 1268 2563 1298 alicubi
2591 1269 2652 1299 sub

1588 1314 1727 1349 utroque
1750 1309 2038 1345 termino,'sufficit
2060 1310 2100 1341 ad
2122 1311 2186 1341 hoc
2210 1311 2299 1351 quod
2314 1312 2459 1351 genitum
2475 1313 2514 1342 sit
2528 1313 2562 1342 in
2577 1312 2652 1343 loco

1589 1354 1741 1393 corrupti.
1774 1354 1815 1384 Et
1837 1354 1913 1394 quia
1935 1354 1980 1384 sic
2004 1355 2160 1395 contingit
2182 1355 2216 1385 in
2239 1356 2418 1396 proposito,
2441 1365 2517 1387 nam
2540 1356 2654 1388 eadem

1588 1407 1725 1428 numero
1749 1398 1870 1438 species
1893 1398 1984 1438 panis
2009 1404 2128 1438 quanta
2145 1399 2265 1430 ibidem
2280 1405 2424 1430 remanet
2438 1401 2497 1431 sub
2512 1406 2653 1441 utroque

1588 1442 1744 1478 termin03
1768 1442 1842 1472 ideo
1866 1441 2059 1473 sufficienter
2077 1444 2211 1474 habetur
2233 1443 2319 1474 unde
2341 1453 2458 1484 corpus
2474 1444 2591 1479 Christi
2614 1446 2654 1476 sit

1588 1487 1623 1516 in
1645 1486 1720 1516 loco
1744 1487 1836 1526 pam's
1860 1487 2004 1517 conversi
2027 1488 2061 1517 in
2083 1487 2208 1527 ipsum,
2244 1489 2389 1528 quamvis
2411 1490 2543 1519 materia
2564 1489 2654 1520 nulla

1589 1531 1772 1561 communis
1794 1531 1995 1562 remanserit:
2021 1533 2142 1571 species
2158 1532 2245 1562 enim
2269 1538 2388 1573 quanta
2410 1542 2578 1564 remanens
2601 1542 2653 1564 ae-

1589 1574 1730 1615 quivalet
1753 1575 1902 1606 materiae
1925 1575 2035 1615 quoad
2057 1576 2130 1606 hoc.

1644 1618 1696 1649 Ad
1718 1620 1848 1650 tertium
1867 1625 1975 1650 autem
1998 1619 2114 1650 dicitur
2128 1620 2218 1660 quod
2233 1621 2266 1651 in
2282 1621 2342 1652 hac
2357 1621 2492 1652 mirabili
2507 1622 2653 1653 transub—

1589 1664 1791 1694 stantiatione
1824 1669 2020 1694 concurrunt
2043 1663 2124 1695 duae
2147 1664 2303 1702 rationes,
2327 1665 2448 1696 scilicet
2469 1666 2550 1697 ratio
2574 1675 2652 1697 con-

1588 1708 1752 1743 versionis,
1777 1713 1809 1738 et
1831 1709 1911 1738 ratio
1934 1709 2181 1748 praeexistentis.
2205 1709 2247 1740 Et
2268 1719 2328 1749 pro
2348 1715 2470 1750 quanto
2492 1710 2653 1742 invenitur

1588 1751 1623 1781 in
1646 1752 1709 1782 hoc
1733 1758 1930 1783 sacramento
1960 1753 2040 1782 ratio
2069 1754 2307 1790 conversionis,
2332 1763 2396 1794 qua
2417 1754 2451 1784 id
2474 1754 2564 1795 quod
2587 1761 2654 1786 erat

1588 1796 1680 1836 panis
1703 1796 1877 1827 substantia
1899 1801 1947 1827 est
1969 1797 2143 1828 substantia
2166 1798 2309 1838 corporis
2333 1797 2461 1835 Christi,
2485 1799 2652 1836 habemus,

1589 1841 1676 1870 iuxta
1698 1841 1879 1880 generalem
1901 1841 2045 1880 regulam
2069 1851 2298 1872 conversorum
2321 1843 2354 1872 in
2377 1848 2524 1873 naturam
2547 1843 2651 1880 aliam,

1589 1894 1707 1924 corpus
1730 1884 1848 1915 Christi
1872 1894 1939 1915 esse
1963 1885 2019 1915 ubi
2043 1891 2108 1916 erat
2122 1886 2223 1926 panis.
2247 1886 2289 1916 Et
2303 1886 2367 1917 hoc
2383 1892 2430 1917 est
2446 1886 2536 1927 quod
2550 1887 2654 1918 littera

1589 1934 1691 1964 sonat,
1716 1929 1806 1968 quod
1828 1929 1909 1969 ignis
1932 1929 2045 1969 incipit
2068 1939 2136 1960 esse
2159 1930 2277 1960 alicubi
2300 1931 2376 1970 quia
2390 1930 2424 1960 id
2442 1930 2534 1971 quod
2547 1936 2595 1962 est
2608 1931 2654 1962 ibi

1590 1973 1784 2003 convertitur
1806 1973 1840 2003 in
1863 1974 1980 2013 ignem.
2013 1973 2054 2004 Et
2076 1974 2139 2004 hoc
2169 1980 2216 2004 est
2239 1974 2376 2011 clarum,
2408 1980 2440 2005 et
2463 1975 2591 2015 expedit
2612 1974 2654 2007 ad

1588 2016 1873 2047 manuducendum
1896 2017 2104 2048 intellectum.
2128 2017 2195 2056 Qui
2210 2018 2236 2048 si
2251 2018 2358 2049 solum
2373 2019 2548 2050 attenderet
2563 2019 2654 2060 quod

1589 2070 1628 2091 ex
1650 2070 1733 2101 pane
1757 2061 1809 2091 hic
1829 2062 1981 2092 existente
2004 2061 2040 2091 fit
2056 2071 2173 2102 corpus
2190 2061 2317 2099 Christi,
2340 2063 2384 2093 ita
2407 2063 2497 2103 quod
2519 2069 2653 2095 conten-

1587 2110 1658 2135 tum
1681 2106 1740 2135 sub
1764 2105 1980 2136 accidentibus
2003 2106 2094 2145 panis
2117 2106 2284 2146 acquisivit
2306 2107 2551 2138 substantialiter
2571 2108 2653 2139 inte-

1587 2158 1677 2189 gram
1691 2154 1838 2180 naturam
1854 2148 1970 2180 Christi
1988 2150 2131 2190 corporis
2154 2157 2211 2190 per
2226 2151 2471 2182 conversionem
2485 2152 2520 2183 in
2534 2153 2651 2193 ipsum,

1588 2192 1680 2224 facile
1704 2193 1893 2234 intelligeret
1915 2203 2033 2234 corpus
2057 2194 2174 2225 Christi
2197 2204 2266 2226 esse
2293 2196 2349 2226 ubi
2372 2201 2438 2226 erat
2459 2197 2551 2236 panis
2574 2205 2652 2228 con-

1588 2247 1697 2268 versus
1719 2238 1753 2268 in
1777 2237 1895 2268 Christi
1918 2247 2053 2278 corpur»,
2084 2239 2166 2269 sicut
2188 2239 2270 2279 ignis
2293 2245 2340 2270 est
2361 2240 2418 2270 ubi
2441 2245 2507 2271 erat
2527 2240 2653 2281 lignum

1589 2291 1782 2312 conversum
1805 2283 1838 2312 in
1853 2283 1971 2322 ignem.
1997 2282 2060 2313 Sed
2083 2283 2159 2323 quia
2173 2283 2289 2314 rationi
2305 2284 2524 2315 conversionis
2539 2284 2652 2316 adiun-

1587 2327 1672 2366 gitur
1693 2326 1774 2356 ratio
1798 2327 2034 2366 praeexistentis
2050 2326 2168 2357 Christi
2187 2328 2340 2367 corporis,
2365 2327 2513 2368 impediri
2527 2328 2654 2360 videtur

1589 2370 1679 2411 quod
1699 2370 1822 2401 dictum
1844 2376 1891 2401 est
1913 2371 2021 2401 haberi
2037 2380 2075 2401 ex
2090 2371 2212 2401 ratione
2235 2373 2471 2403 conversionis:
2497 2374 2653 2413 quoniam

1588 2415 1696 2455 ipsum
1718 2415 1931 2454 praeexistens
1953 2415 2077 2445 trahere
2099 2414 2224 2446 videtur
2239 2415 2279 2446 ad
2294 2425 2328 2446 se
2351 2416 2442 2456 quod
2457 2418 2653 2449 convertitur

1587 2459 1622 2489 in
1644 2459 1761 2499 ipsum.
1795 2459 2014 2489 Veruntamen
2038 2465 2166 2499 oportet
2188 2460 2221 2490 in
2245 2460 2432 2491 huiusmodi
2454 2462 2653 2493 mirabilibus

1587 2503 1755 2533 hominem
1778 2512 1846 2533 esse
1868 2503 2126 2543 persuasibilem,
2155 2509 2187 2534 et
2210 2510 2386 2544 conceptus
2408 2510 2536 2536 nostros
2558 2506 2653 2537 sacris

1588 2547 1766 2587 adaequare
1781 2548 1948 2588 mysteriis,
1966 2553 1997 2578 et
2012 2557 2080 2578 non
2097 2557 2114 2578 e
2130 2553 2251 2590 contra.
2276 2548 2317 2578 Et
2331 2554 2501 2589 propterea
2516 2549 2653 2582 dicimus

1589 2591 1678 2631 quod
1702 2601 1740 2622 ex
1762 2592 1884 2622 ratione
1904 2592 2122 2626 conversionis
2145 2592 2300 2623 habemus
2317 2602 2434 2633 corpus
2450 2593 2568 2625 Christi
2583 2603 2652 2626 esse

1588 2636 1645 2666 ubi
1667 2635 1728 2666 fuit
1750 2636 1857 2676 panis:
1881 2636 1946 2666 hoc
1969 2636 2066 2672 enim,
2090 2641 2126 2666 ut
2149 2646 2187 2666 ex
2210 2637 2334 2677 supra*
2352 2637 2443 2668 dictis
2466 2643 2562 2678 patet,
2585 2643 2653 2670 mm
2678 2639 2893 2690 fingit-„3¹:35¹-

1588 2680 1751 2711 Ecclesiae
1770 2689 1868 2720 quam
1891 2690 2054 2710 sacrorum
2071 2680 2242 2711 doctorum
2257 2680 2385 2712 tradidit
2399 2682 2579 2713 auctoritas
2603 2682 2653 2714 Ex

1587 2725 1710 2755 ratione
1733 2734 1810 2755 vero
1842 2725 2079 2764 praeexistentis
2103 2724 2221 2755 Christi
2244 2726 2388 2766 corporis
2419 2726 2541 2766 absque
2563 2725 2652 2758 addi-

1588 2769 1678 2799 tione
1701 2769 1946 2809 mutationeque
1973 2769 2079 2809 aliqua
2099 2769 2133 2800 in
2157 2769 2257 2809 ipsius
2280 2770 2462 2806 substantia,
2485 2770 2650 2807 habemus,

1588 2823 1656 2843 non
1680 2812 1770 2853 quod
1791 2813 1892 2853 panis,
1909 2812 1965 2843 sed
1981 2812 2014 2843 id
2029 2813 2116 2854 quod
2128 2813 2203 2855 fuit
2218 2813 2317 2853 panis
2340 2819 2387 2844 est
2401 2814 2458 2844 ubi
2473 2819 2520 2844 est
2535 2822 2651 2855 corpus

1589 2857 1723 2888 Christi:
1758 2857 1834 2897 quia
1857 2862 1904 2887 est
1926 2857 2034 2897 ipsum
2057 2866 2174 2898 corpus
2198 2857 2316 2888 Christi
2338 2867 2467 2894 verum,
2491 2857 2582 2898 quod
2604 2863 2652 2889 est

1588 2902 1621 2932 in
1645 2902 1745 2932 caelo.
1769 2901 1810 2932 Et
1834 2911 1872 2932 ex
1894 2901 1954 2931 hac
1969 2907 2058 2942 parte
2081 2901 2327 2932 concedendum
2342 2907 2389 2932 est
2412 2901 2502 2942 quod
2517 2911 2651 2933 conver-

1588 2955 1661 2976 sum
1683 2946 1818 2986 acquirit
1833 2945 2035 2976 conditiones
2050 2946 2118 2976 eius
2141 2946 2175 2976 in
2190 2944 2280 2985 quod
2295 2950 2342 2976 est
2357 2954 2558 2976 conversum.
2581 2946 2651 2977 Nec

1587 2995 1694 3030 potest
1716 2991 1791 3021 hinc
1817 2990 2048 3020 inconveniens
2071 2989 2204 3030 aliquod
2225 2988 2352 3020 inferri:
2388 2988 2444 3020 sed
2466 2989 2532 3020 duo
2555 2990 2650 3021 mira-

1589 3034 1663 3065 bilia
1686 3035 1929 3075 conspiciuntur
1957 3043 1995 3064 ex
2017 3034 2077 3064 hac
2106 3033 2242 3064 mirabili
2265 3034 2492 3070 conversione,
2520 3034 2649 3071 scilicet,

1589 3088 1707 3119 corpus
1731 3078 1848 3109 Christi
1871 3087 1939 3108 esse
1962 3078 2018 3108 ubi
2040 3077 2101 3108 fuit
2122 3077 2229 3118 panis,
2254 3082 2286 3107 et
2307 3076 2341 3107 id
2364 3077 2454 3118 quod
2477 3077 2538 3108 fuit
2559 3079 2650 3119 panis

1590 3132 1658 3154 esse
1681 3123 1737 3153 ubi
1760 3128 1807 3153 est
1830 3131 1948 3162 corpus
1972 3121 2099 3152 Christi.

1644 3167 1696 3197 IX.
1721 3166 1773 3197 Ad
1803 3166 1928 3197 obiecta
1961 3170 2072 3196 contra
2105 3165 2327 3196 necessitatem
2362 3166 2580 3197 conversionis
2610 3166 2651 3198 ad

1590 3220 1706 3251 corpus
1730 3209 1848 3241 Christi
1871 3219 1938 3240 esse
1960 3209 1995 3240 in
2017 3214 2214 3240 sacramento
2230 3210 2247 3226 “
2269 3209 2511 3249 respondendo,
2535 3209 2650 3242 dicitur

1589 3254 1628 3285 ad
1650 3255 1791 3294 primum
1815 3253 1914 3294 quod,
1938 3259 1974 3284 ut
1996 3262 2092 3293 supra
2106 3254 2123 3270 ⁸*
2146 3252 2292 3289 diximus,
2317 3253 2485 3294 dupliciter
2508 3254 2547 3285 de
2571 3263 2650 3286 con-

1588 3299 1735 3328 versione
1757 3299 1848 3338 panis
1870 3298 1905 3328 in
1928 3306 2045 3337 corpus
2065 3296 2182 3327 Christi
2204 3297 2296 3337 loqui
2314 3307 2496 3338 possumus,
2512 3299 2576 3329 hoc
2591 3304 2649 3336 est,

1588 3342 1639 3373 vel
1661 3342 1816 3378 absolute,
1839 3341 1891 3372 vel
1913 3341 2140 3372 sacramentali.
2164 3341 2206 3371 Et
2227 3342 2254 3371 si
2276 3343 2315 3372 sit
2330 3351 2436 3372 sermo
2460 3342 2500 3373 de
2516 3352 2650 3374 conver-

1589 3387 1680 3416 sione
1702 3386 1858 3422 absolute‚
1882 3385 1983 3416 fateor
2005 3394 2058 3415 me
2081 3394 2149 3415 non
2163 3384 2270 3416 videre
2285 3387 2516 3417 necessitatem.
2541 3387 2582 3418 Et
2602 3386 2649 3418 sic

1589 3435 1755 3470 arguentes
1778 3429 1843 3460 fere
1867 3438 1980 3459 omnes
2003 3429 2043 3459 de
2066 3430 2276 3460 conversione
2299 3430 2486 3470 loquuntur.
2511 3431 2552 3462 Et
2573 3439 2649 3471 pro-

1589 3479 1696 3514 pterea
1718 3483 1787 3503 non
1803 3478 1849 3503 est
1864 3474 1982 3503 mirum
2005 3473 2031 3503 si
2055 3478 2164 3503 contra
2179 3474 2356 3504 Auctorem
2375 3483 2649 3515 communemque

1590 3518 1767 3548 doctrinam
1782 3527 1850 3548 non
1865 3517 2017 3548 militant:
2039 3517 2114 3558 quia
2127 3527 2195 3548 non
2212 3517 2251 3549 de
2268 3519 2478 3550 conversione
2493 3519 2647 3556 absolute,

2681 435 2691 446 ·
2706 433 2741 456 ef.
2757 438 2821 455 num.
2837 439 2870 456 ιιι.

2677 3216 2688 3227 ·
2701 3214 2773 3238 Num.
2788 3220 2819 3238 tv.

2676 3258 2891 3311 ὲέῗιῖηνιι.

2814 3252 2890 3282 Con-⁴
