2878 4088
196 762 249 784 ·ca
268 768 311 788 .11,
322 767 345 783 n.
356 768 411 784 ¹0.-

197 789 221 811 S.
230 788 251 810 T
268 805 274 811 .
287 789 337 810 lect.
347 794 377 810 iv.

197 900 207 910 ·
214 899 262 927 Qu.
270 905 334 927 xxxi,
341 902 383 921 art.
389 905 409 928 3.

199 1521 209 1531 '¹
214 1520 251 1542 Ps.
258 1525 344 1546 cxxxn,
350 1525 409 1541 vers.

197 1552 218 1568 2.

199 2010 208 2021 ·
231 2009 294 2031 Eccl.
319 2009 386 2031 Hier.

199 2042 250 2064 cap.
266 2043 291 2062 v,
306 2037 315 2063 S
325 2042 344 2064 5.

198 2322 209 2332 ·
218 2319 265 2348 Qu.
279 2325 316 2347 xe,
329 2323 370 2341 art.
385 2326 408 2346 4.

197 3470 207 3480 ·
222 3468 257 3491 Cf.
273 3472 315 3491 m.
333 3474 382 3497 seq.

436 194 481 230 56

465 295 565 326 ART.
588 296 643 326 VI.
667 305 772 326 UTRUM
796 305 960 326 OPORTEAT
983 305 1142 325 MATERIAM
1165 305 1256 325 mnus
1279 304 1471 325 SACRAMENTI

672 350 742 370 ESSE
766 349 989 370 CONSECRATAM
1012 349 1069 370 PER
1092 349 1262 370 EPISCOPUM

499 416 520 436 D
545 415 664 436 5111111111
692 416 737 436 s1c
760 415 965 437 PRocnme.
989 405 1124 436 Videtur
1152 405 1242 445 quod
1263 415 1331 435 non
1356 408 1502 444 oporteat

437 419 666 481 Amateriam
688 451 784 481 huius
807 451 996 480 sacramenti
1020 459 1087 480 esse
1118 455 1335 480 consecratam
1355 457 1412 488 per
1435 447 1501 486 epi-

435 504 583 535 scopum.
616 495 702 533 Quia
725 494 851 535 dignior
874 500 921 525 est
944 495 1141 525 consecratio
1172 494 1321 524 materiae
1343 493 1377 522 in
1400 499 1501 520 sacra-

435 544 546 570 mento
570 539 787 570 Eucharistiae
810 549 909 580 quam
931 540 965 569 in
987 539 1051 569 hoc
1075 542 1282 568 sacramento.
1307 535 1370 566 Sed
1385 536 1419 565 in
1435 534 1500 583 Eu-

436 584 582 614 charistia
603 584 769 614 materiam
792 583 939 614 sacerdos
962 588 1068 623 potest
1092 590 1286 612 consecrare.
1310 580 1395 618 Ergo
1420 583 1502 608 etin

435 629 500 658 1105
523 634 732 659 sacramento.

493 681 523 703 2.
546 672 743 709 PRAETEREA,
760 673 794 702 in
810 672 961 712 operibus
981 670 1198 710 corporalibus
1214 678 1262 698 ars
1279 667 1404 707 dignior
1419 675 1503 696 nun-

437 725 535 756 quam
557 722 725 757 praeparat
746 717 912 747 materiam
934 714 1094 746 inferiori:
1121 713 1196 753 quia
1215 712 1341 751 dignior
1357 716 1404 741 est
1419 720 1503 751 quae

436 762 536 792 utitur
552 771 651 802 quam
667 771 750 802 quae
765 761 930 791 materiam
946 763 1119 799 praeparat,
1132 762 1168 787 ut
1184 756 1298 786 dicitur
1311 755 1503 796 11Physic.*

437 804 500 836 Sed
523 808 695 846 episcopus
719 811 766 836 est
789 814 883 845 supra
907 803 1113 834 sacerdotem.
1138 801 1223 840 Ergo
1246 809 1315 830 non
1338 805 1503 840 praeparat

435 850 602 880 materiam
625 851 659 880 in
681 850 738 880 illo
761 854 958 879 sacramento
983 856 1048 887 quo
1072 844 1220 875 sacerdos
1242 845 1351 874 utitur.
1377 843 1440 875 Sed
1455 854 1503 875 sa-

437 894 549 925 cerdos
565 894 725 934 dispensat
743 894 807 924 hoc
823 897 1064 926 sacramentum,
1081 894 1117 919 ut
1133 888 1298 919 dicetur.*.
1322 889 1407 929 Ergo
1424 898 1503 919 con-

437 939 570 969 secratio
594 939 744 969 materiae
767 937 806 967 ad
830 937 1019 976 episcopum
1041 943 1109 964 non
1133 933 1279 973 pertinet.

493 982 555 1014 8111)
580 993 703 1013 CONTRA
727 992 790 1017 1151,
808 982 882 1021 quia
897 981 930 1010 in
946 979 1014 1009 aliis
1030 978 1237 1008 unctionibus
1261 978 1357 1007 etiam
1371 978 1504 1008 materia

437 1036 494 1068 per
517 1027 707 1068 episcopum
732 1030 943 1056 consecratur.
967 1023 1052 1062 Ergo
1075 1023 1120 1052 ita
1142 1021 1237 1052 debet
1256 1031 1324 1052 esse
1339 1022 1373 1052 in
1388 1022 1456 1052 ista.

492 1072 681 1102 Responnno
703 1079 861 1100 men-NDUM
877 1067 966 1108 quod
981 1067 1125 1097 minister
1140 1067 1328 1097 sacrmenti
1343 1075 1412 1096 non
1426 1075 1501 1107 pro-

437 1117 505 1156 pria
516 1116 632 1146 virtute
648 1115 796 1146 effectum
812 1112 999 1143 sacramenti
1014 1110 1138 1141 inducit
1152 1116 1189 1141 ut
1203 1110 1379 1151 principale
1395 1120 1501 1151 agens,

437 1160 493 1190 sed
508 1169 565 1200 per
581 1159 753 1190 efficaciam
769 1157 954 1188 sacramenti
971 1155 1061 1196 quod
1077 1155 1247 1196 dispensat.
1261 1155 1354 1193 Quae
1370 1155 1502 1196 quidem

437 1204 577 1234 efficacia
600 1205 704 1244 primo
729 1208 775 1233 est
790 1212 807 1232 a
824 1201 962 1236 Christo,
980 1205 1011 1230 et
1030 1200 1068 1230 ab
1084 1200 1156 1240 ipso
1179 1200 1213 1230 in
1237 1199 1316 1230 alios
1339 1199 1503 1231 descendit

438 1248 600 1279 ordinate:
632 1248 750 1278 scilicet
773 1247 806 1276 in
828 1245 989 1286 populum
1017 1244 1231 1275 mediantibus
1254 1244 1421 1282 ministris,
1446 1245 1503 1285 qui

437 1298 632 1323 sacramenta
655 1292 855 1331 dispensant;
880 1295 911 1320 et
930 1290 964 1319 in
986 1289 1148 1319 ministros
1170 1288 1336 1319 inferiores
1358 1288 1502 1320 median—

437 1338 520 1368 tibus
544 1337 775 1377 superioribus‚
800 1335 854 1374 qui
879 1334 1045 1364 materiam
1068 1332 1275 1364 sanctificant.
1306 1333 1348 1364 Et
1369 1333 1444 1364 ideo
1467 1335 1501 1365 in

437 1382 587 1412 omnibus
617 1379 817 1410 sacramentis
841 1387 924 1418 quae
953 1377 1097 1418 indigent
1129 1378 1261 1408 materia
1291 1377 1500 1416 sanctificatas,

436 1427 538 1466 prima
567 1424 772 1455 sanctificatio
802 1423 954 1453 materiae
983 1421 1019 1453 fit
1049 1432 1106 1462 per
1137 1422 1346 1462 episcopum,
1371 1428 1402 1454 et
1424 1433 1501 1454 usus

437 1469 632 1510 quandoque
654 1478 711 1508 per
733 1467 942 1504 sacerdotem,
959 1472 996 1497 ut
1015 1466 1200 1497 ostendatur
1223 1466 1426 1498 sacerdotalis
1441 1477 1501 1508 po-

436 1520 529 1545 testas
556 1515 594 1544 ab
621 1512 795 1553 episcopali
826 1511 983 1542 derivata:
1015 1511 1195 1542 secundum
1224 1511 1304 1542 illud
1333 1511 1451 1543 Psalmi
1465 1513 1500 1542 *:

435 1559 525 1589 Sicut
540 1562 739 1599 unguentum
751 1557 784 1587 in
797 1556 910 1597 capite,
922 1556 1010 1597 quod
1024 1556 1112 1596 prius
1132 1555 1295 1587 descendit
1309 1556 1342 1587 in
1358 1557 1501 1593 barbam,

436 1602 549 1634 deinde
573 1611 676 1642 usque
699 1601 739 1632 ad
763 1611 855 1631 oram
879 1601 1066 1632 vestimenti.

489 1647 539 1677 Ar>
563 1656 679 1676 prunum
703 1655 785 1676 1111110
809 1655 970 1676 menn-mm
1000 1644 1091 1686 quod
1117 1650 1352 1676 sacramentum
1375 1645 1502 1676 Eucha-

435 1692 538 1722 ristiae
554 1691 697 1721 consistit
719 1691 752 1720 in
775 1691 844 1730 ipsa
859 1690 1009 1720 materiae
1032 1689 1294 1726 sanctificatione,
1309 1699 1378 1720 non
1394 1696 1502 1721 autem

435 1737 468 1766 in
484 1745 554 1767 usu.
579 1735 619 1765 Et
639 1735 724 1771 ideo,
740 1735 870 1775 proprie
893 1733 1069 1774 loquendo,
1086 1734 1166 1765 illud
1190 1734 1280 1774 quod
1302 1740 1350 1765 est
1371 1736 1502 1765 materia

435 1781 630 1816 sacramenti,
647 1789 715 1810 non
731 1785 778 1809 est
794 1779 872 1819 quid
895 1784 1128 1809 consecratum.
1153 1778 1247 1810 Unde
1270 1789 1337 1809 non
1361 1780 1502 1819 praeexi-

435 1826 518 1865 gitur
544 1825 649 1864 aliqua
678 1823 885 1854 sanctificatio
917 1824 1000 1854 circa
1029 1824 1195 1854 materiam
1224 1833 1282 1864 per
1312 1824 1502 1864 episcopum

435 1869 526 1899 facta.
557 1868 619 1900 Sed
651 1868 785 1908 exigitur
815 1867 1023 1899 sanctificatio
1055 1868 1158 1898 altaris
1188 1873 1219 1898 et
1241 1868 1445 1905 huiusmodi,
1470 1874 1502 1899 et

437 1914 531 1944 etiam
553 1914 652 1954 ipsius
675 1912 858 1948 sacerdotis,
876 1922 959 1952 quae
982 1922 1050 1942 non
1069 1913 1129 1943 nisi
1144 1922 1202 1953 per
1227 1913 1418 1953 episcopum
1433 1913 1501 1943 fieri

435 1963 550 1999 potest.
574 1957 667 1988 Unde
690 1958 724 1987 in
748 1957 803 1987 illo
828 1957 923 1987 etiam
946 1962 1145 1988 sacramento
1169 1957 1347 1988 ostenditur
1361 1963 1501 1998 potestas

435 2002 636 2033 sacerdotalis
667 2002 706 2032 ab
734 2002 889 2042 episcopo
921 2001 1077 2032 derivata:
1110 2007 1146 2032 ut
1176 1996 1352 2043 Dionysius
1383 2002 1458 2033 dicit
1473 2003 1500 2033 ⁴⁹.

435 2046 510 2077 Ideo
534 2052 641 2077 autem
664 2046 752 2077 illam
780 2046 1056 2076 consecrationem
1085 2046 1235 2077 materiae
1264 2051 1371 2087 potest
1398 2046 1501 2077 facere

435 2091 580 2122 sacerdos
604 2100 687 2131 quae
710 2096 757 2121 est
779 2091 813 2121 in
837 2100 870 2121 se
894 2096 1138 2127 sacramentum,
1164 2096 1195 2121 et
1216 2100 1285 2121 non
1307 2091 1394 2121 illam
1418 2101 1501 2132 quae

435 2141 470 2166 ut
484 2135 709 2166 sacramentale
733 2134 897 2175 quoddam
916 2134 1080 2166 ordinatur
1096 2135 1136 2166 ad
1151 2141 1394 2172 sacramentum,
1412 2135 1500 2176 quod

436 2181 578 2211 consistit
600 2180 633 2210 in
656 2189 718 2210 usu
741 2179 896 2216 fidelium,
921 2181 997 2220 quia
1021 2185 1182 2220 quantum·
1195 2179 1235 2211 ad
1251 2189 1368 2220 corpus
1385 2180 1501 2211 Christi

435 2234 545 2255 verum
567 2225 676 2255 nullus
704 2224 784 2254 ordo
809 2229 856 2254 est
878 2233 974 2264 supra
1004 2224 1236 2261 sacerdotium,
1260 2225 1316 2255 sed
1344 2230 1501 2265 quantum

436 2269 475 2300 ad
498 2279 614 2310 corpus
645 2268 763 2299 Christi
793 2270 966 2310 mysticum
997 2269 1188 2310 episcopalis
1218 2269 1298 2300 ordo
1331 2275 1376 2300 est
1406 2279 1502 2310 supra

435 2313 672 2349 sacerdotalem,
696 2318 732 2343 ut
754 2313 836 2343 infra
852 2314 869 2330 ⁴*
893 2313 1025 2344 dicetur.

490 2359 540 2388 An
565 2368 725 2388 SECUNDUM
755 2367 915 2388 DICENDUM
946 2357 1034 2398 quod
1063 2358 1194 2388 materia
1224 2359 1411 2389 sacramenti
1434 2369 1502 2390 11011

436 2408 482 2433 551
504 2402 573 2432 talis
595 2403 726 2433 materia
749 2408 785 2433 ut
807 2403 842 2432 in
865 2412 929 2443 qua
955 2401 1010 2433 fiat
1040 2402 1161 2443 aliquid
1191 2412 1249 2443 per
1279 2412 1355 2433 eum
1386 2404 1442 2443 qui
1465 2413 1502 2434 ea

436 2447 542 2482 utitur,
567 2448 648 2477 sicut
671 2452 718 2477 est
739 2447 774 2477 111
797 2447 915 2477 artibus
942 2447 1156 2478 mechanicis:
1188 2447 1244 2478 sed
1266 2453 1302 2478 ut
1326 2448 1417 2478 cuius
1439 2449 1502 2478 vir-

436 2496 503 2522 tute
526 2491 645 2531 aliquid
668 2491 731 2527 fiat,
749 2492 840 2522 etsie
855 2492 1010 2532 percipiat
1033 2491 1155 2532 aliquid
1178 2491 1218 2522 de
1241 2493 1363 2522 ratione
1387 2502 1502 2523 causae

437 2536 570 2575 agentis,
601 2536 793 2576 inquantum
822 2541 871 2567 est
900 2537 1150 2567 instrumentum
1181 2536 1345 2577 quoddam
1376 2536 1502 2568 divinae

437 2581 639 2619 operationis.
663 2581 704 2611 Et
724 2580 799 2611 ideo
823 2586 952 2620 oportet
975 2580 1065 2621 quod
1081 2591 1099 2611 a
1114 2581 1271 2621 superiori
1295 2587 1360 2611 arte
1375 2581 1426 2612 vel
1441 2591 1501 2621 po-

437 2629 546 2654 testate
561 2625 629 2655 talis
644 2625 742 2655 virtus
757 2626 907 2655 materiae
926 2626 1118 2666 acquiratur.
1138 2625 1224 2664 Quia
1238 2626 1271 2656 in
1288 2626 1390 2656 causis
1406 2635 1502 2666 agen-

436 2668 530 2704 tibus,
555 2674 674 2708 quanto
698 2669 830 2710 aliquod
853 2679 950 2710 agens
967 2675 1014 2700 est
1028 2671 1126 2710 prius,
1143 2675 1232 2701 tanto
1250 2675 1296 2700 est
1311 2669 1500 2710 perfectius:

437 2713 470 2742 in
487 2714 588 2743 causis
603 2719 710 2744 autem
725 2723 805 2754 pure
820 2714 1044 2751 materialibus,
1057 2719 1179 2755 quanto
1195 2715 1326 2745 materia
1342 2720 1389 2745 est
1403 2715 1501 2755 prior,

437 2762 526 2787 tanto
550 2757 773 2797 imperfectior.

569 2823 667 2854 ART.
683 2824 750 2855 VII.
775 2835 879 2855 ornum
903 2835 967 2856 1105
991 2835 1217 2856 SACRAMENTUM
1245 2835 1368 2856 HABEAT

822 2880 962 2900 amanam
985 2879 1116 2900 nonnam

439 2942 523 3005 An
547 2942 696 2963 snp‘rnwn
720 2943 765 2964 515
793 2945 998 2966 pnocnmwn.
1031 2935 1166 2966 Videtur
1196 2935 1286 2976 quod
1308 2936 1372 2966 hoc
1400 2946 1501 2967 sacra-

502 2982 648 3007 mentum
663 2987 730 3007 non
746 2979 857 3010 habeat
880 2980 1021 3020 aliquam
1037 2980 1184 3011 formam.
1211 2980 1298 3011 Cum
1322 2981 1408 3011 enirn
1434 2980 1501 3011 effi-

438 3022 524 3052 cacia
547 3027 816 3054 sacramentorum
839 3024 878 3054 sit
901 3025 939 3054 ab
962 3025 1162 3055 institutione
1190 3030 1221 3055 et
1243 3025 1321 3055 item
1343 3035 1362 3055 a
1384 3024 1498 3062 forma,

438 3070 566 3106 oportet
582 3065 671 3106 quod
687 3065 789 3097 forma
811 3067 949 3099 tradatur
964 3069 1003 3099 ab
1027 3069 1098 3109 ipso
1123 3069 1179 3109 qui
1202 3074 1436 3100 sacramentum
1451 3071 1500 3100 in·-

437 3110 547 3140 stituit.
572 3109 635 3140 Sed
658 3109 761 3140 forma
783 3111 877 3142 huius
900 3114 1087 3144 sacramenti
1110 3123 1178 3144 non
1205 3114 1366 3144 invenitur
1388 3113 1501 3145 tradita

437 3163 544 3194 neque
568 3164 586 3184 a
609 3154 736 3184 Christo
752 3164 859 3195 neque
881 3157 919 3186 ab
936 3158 1111 3197 Apostolis.
1136 3158 1222 3198 Ergo
1242 3158 1305 3189 hoc
1322 3167 1500 3189 sacramen-

437 3203 507 3229 tum
529 3207 598 3228 non
620 3199 715 3228 habet
737 3199 876 3239 aliquam
899 3200 1045 3232 formam.

494 3252 523 3272 2.
547 3242 743 3278 Pallanum,
760 3252 797 3273 ea
820 3253 902 3283 quae
925 3251 999 3275 sunt
1022 3246 1061 3277 de
1083 3247 1271 3278 necessitate
1293 3248 1498 3284 sacramenti,

438 3287 646 3317 observantur
669 3287 785 3317 eodem
807 3288 907 3318 modo
936 3289 1021 3329 apud
1045 3301 1168 3322 omnes.
1202 3290 1265 3322 Sed
1291 3291 1371 3322 nihil
1399 3292 1501 3332 magis

1525 457 1534 477 5

1518 677 1543 692 to

1518 898 1541 919 ¹5

1517 1120 1543 1135 ²0

1515 1345 1539 1366 ²5

1517 1567 1542 1587 30

1517 1788 1539 1808 ³5

1515 2010 1542 2030 4⁰

1515 2232 1539 2252 45

1517 2457 1542 2478 ςο

1517 2678 1540 2700 55

1515 2899 1542 2919 6ο

1514 3120 1539 3146 ⁶5

1008 194 1271 241 QUAESTIO
1301 194 1437 240 XXIX,
1462 192 1756 230 ARTICULUS
1784 193 1845 238 VI,
1871 193 1947 238 VII,
1968 192 2049 227 VIII

1557 270 1842 301 sanctificationem
1865 269 2026 305 materiae,
2044 277 2127 309 quae
2158 275 2204 300 est
2228 278 2313 310 aqua
2343 269 2439 301 verbo
2469 270 2554 301 vitae
2576 270 2624 301 di-

1557 314 1682 345 luendis
1711 313 1898 344 criminibus
1926 313 2128 354 sanctg'ficata
2144 314 2170 344 ’ἢ
2206 313 2269 345 Sed
2297 314 2361 345 hoc
2390 319 2625 346 sacramentum

1556 359 1652 388 habet
1673 358 1839 387 materiam
1862 358 1950 397 prius
1973 357 2211 389 sanctificatam.
2235 358 2312 389 Non
2335 368 2410 399 ergo
2433 359 2554 399 indiget
2569 359 2624 390 ali-

1557 411 1621 442 qua
1644 401 1748 431 forma
1769 402 1952 432 verborum.

1613 445 1674 475 SED
1699 455 1823 475 CONTRA
1846 455 1900 476 1151·
1924 445 2014 486 quod
2036 446 2186 487 Magister
2209 446 2285 477 dicit
2297 448 2324 483 *‚
2342 446 2432 487 quod
2454 457 2553 478 omne
2576 457 2625 478 sa-

1558 494 1757 519 cramentum
1789 499 1893 520 novae
1925 490 2003 531 legis
2036 500 2075 521 co
2101 491 2181 521 sistit
2212 492 2246 521 in
2275 491 2370 522 rebus
2393 497 2425 522 et
2446 492 2481 522 in
2509 492 2624 523 verbis.

1556 533 1662 563 Verba
1685 539 1792 564 autem
1815 539 1890 564 sunt
1919 534 2023 565 forma
2041 501 2247 566 φρει-1111151111.
2284 534 2370 566 Cum
2401 544 2476 576 ergo
2499 536 2564 567 hoc
2586 537 2626 567 sit

1557 584 1791 608 sacramentum
1814 588 1919 609 novae
1950 579 2048 619 legis,
2071 579 2196 610 videtur
2220 578 2310 619 quod
2331 579 2446 610 habeat
2476 579 2623 612 formam.

1614 631 1643 652 2.
1667 622 1864 659 Pmnrnmza,
1888 622 1928 653 ad
1957 624 2022 654 hoc
2045 629 2092 654 est
2122 624 2201 654 ritus
2224 624 2410 654 universalis
2442 624 2624 662 Ecclesiae,

1558 675 1641 706 quae
1664 667 1856 707 quibusdam
1878 667 1982 698 verbis
2011 668 2111 698 utitur
2134 668 2168 698 in
2198 668 2370 699 collatione
2400 669 2496 699 huius
2523 678 2625 700 sacra-

1556 711 1667 741 menti.

1611 756 1802 786 Rnsrommo
1825 766 1986 787 1111111Νο1111
2002 755 2092 797 quod
2115 756 2247 797 quidam
2263 756 2410 787 dixerunt
2433 756 2523 797 quod
2537 757 2626 788 nulla

1557 799 1660 830 forma
1684 806 1731 831 est
1754 800 1793 831 de
1816 802 2003 832 necessitate
2026 801 2122 832 huius
2145 802 2343 832 sacramenti.
2359 819 2383 824 —
2406 800 2469 832 Sed
2491 802 2555 832 hoc
2577 802 2624 832 vi-

1557 843 1650 875 detur
1672 844 1824 886 derogare
1849 844 1976 876 effectui
1999 846 2095 876 huius
2118 846 2315 876 sacramenti.
2346 845 2432 884 Quia
2455 855 2553 877 omne
2576 856 2625 876 sa-

1550 895 1757 926 cramentum
1781 889 1877 920 efficit
1891 889 2112 930 significando.
2137 889 2334 931 Significatio
2351 895 2459 921 autem
2474 891 2625 921 materiae

1556 943 1625 964 non
1641 933 1869 965 determinatur
1884 934 1924 965 ad
1940 934 2090 965 effectum
2107 934 2363 971 determinatum,
2377 944 2453 965 cum
2468 934 2508 965 ad
2523 935 2625 966 multa

1557 987 1591 1008 se
1613 979 1715 1019 possit
1737 979 1863 1015 habere,
1879 979 1941 1010 nisi
1963 987 2020 1019 per
2043 979 2181 1010 formam
2212 980 2394 1010 verborum.
2429 979 2471 1010 Et
2493 979 2567 1010 ideo
2590 980 2624 1010 in

1557 1023 1708 1053 omnibus
1731 1024 1934 1054 sacramentis
1956 1033 2060 1054 novae
2083 1024 2171 1064 legis,
2197 1033 2280 1064 quae
2310 1023 2457 1065 efficiunt
2478 1024 2565 1065 quod
2576 1025 2624 1066 fi-

1556 1073 1682 1109 garant
1696 1068 1723 1103 ἦ
1740 1072 1869 1107 oportet
1892 1077 1960 1098 esse
1983 1076 2015 1098 et
2037 1078 2087 1099 res
2110 1074 2141 1099 et
2163 1068 2269 1099 verba.
2293 1068 2335 1099 Et
2349 1073 2512 1108 praeterea
2535 1069 2624 1100 Iaco-

1557 1113 1616 1142 bus
1632 1113 1649 1129 *
1672 1117 1774 1142 totam
1795 1112 1862 1142 vim
1885 1113 2073 1142 sacramenti
2099 1113 2195 1143 huius
2217 1112 2343 1143 videtur
2373 1113 2567 1144 constituere
2589 1114 2624 1144 in

1557 1156 1716 1191 oratione,
1733 1165 1817 1196 quae
1840 1161 1888 1186 est
1910 1155 2014 1186 forma
2035 1157 2132 1187 huius
2162 1157 2365 1193 sacramenti,
2390 1162 2428 1188 ut
2458 1156 2581 1188 dicetur
2595 1159 2622 1189 ⁹.

1556 1201 1598 1232 Et
1619 1200 1694 1231 ideo
1717 1199 1878 1240 praedicta
1902 1200 2014 1240 opinio
2037 1206 2305 1241 praesumptuosa
2326 1200 2461 1238 videtur,
2482 1207 2514 1232 et
2537 1211 2623 1233 erro-

1555 1255 1625 1276 nea.
1650 1245 1692 1275 Et
1713 1250 1845 1284 propter
1867 1245 1931 1275 hoc
1955 1244 2138 1281 dicendum,
2155 1245 2238 1275 sicut
2261 1245 2476 1276 communiter
2499 1245 2623 1283 dicitur,

1556 1289 1647 1330 quod
1661 1289 1757 1319 habet
1772 1288 1910 1319 formam
1926 1288 2178 1325 determinatam,
2195 1289 2278 1319 sicut
2293 1295 2324 1320 et
2340 1289 2400 1320 alia
2418 1295 2624 1321 sacramenta.

1610 1334 1661 1364 An
1684 1343 1802 1364 ramum
1825 1343 1908 1364 1111110
1932 1343 2092 1364 1115511051(
2115 1333 2206 1374 quod
2229 1343 2316 1364 sacra
2334 1333 2497 1374 Scriptura
2519 1335 2625 1365 omni-

1555 1379 1615 1409 bus
1639 1378 1855 1408 communiter
1876 1378 2079 1418 proponitur.
2103 1378 2145 1408 Et
2167 1377 2242 1409 ideo
2266 1377 2370 1409 forma
2392 1378 2551 1418 baptismi,
2567 1379 2626 1420 qui

1556 1423 1595 1453 ab
1619 1423 1771 1453 omnibus
1794 1421 1860 1452 dari
1883 1427 2000 1463 potest,
2017 1422 2112 1453 debet
2134 1423 2168 1453 in
2184 1432 2271 1453 sacra
2294 1422 2456 1463 Scriptura
2479 1424 2623 1464 exprimi.

1556 1468 1597 1498 Et
1620 1467 1762 1497 similiter
1785 1466 1890 1497 forma
1912 1467 2139 1503 Eucharistiae,
2159 1476 2243 1507 quae
2266 1467 2414 1507 exprimit
2436 1468 2625 1499 sacramenti

1556 1512 1640 1542 illius
1663 1510 1772 1548 fidem,
1789 1521 1872 1552 quae
1896 1516 1943 1542 est
1971 1511 2011 1542 de
2039 1512 2227 1542 necessitate
2257 1511 2375 1542 salutis.
2406 1511 2470 1543 Sed
2502 1512 2624 1544 formae

1557 1557 1694 1587 aliorum
1717 1561 1989 1586 sacramentorum
2007 1566 2077 1587 non
2098 1556 2306 1587 inveniuntur
2320 1556 2355 1586 in
2378 1555 2541 1597 Scriptura
2562 1562 2625 1588 tra-

1556 1601 1650 1637 ditae,
1667 1600 1724 1631 sed
1746 1600 1890 1631 Ecclesia
1913 1610 1951 1631 ex
1973 1600 2143 1631 traditione
2174 1600 2411 1641 Apostolorum
2438 1601 2544 1638 habet,
2567 1602 2625 1642 qui

1556 1656 1574 1676 a
1589 1646 1733 1676 Domino
1749 1650 1959 1686 acceperunt:
1975 1650 2013 1676 ut
2028 1644 2104 1676 dicit
2119 1645 2307 1686 Apostolus,
2324 1645 2337 1676 1
2356 1645 2433 1676 Cor.
2449 1655 2481 1676 11
2496 1647 2531 1677 ἐ
2547 1646 2624 1688 Ego

1556 1690 1665 1730 accepi
1687 1699 1708 1720 a
1730 1690 1873 1720 Domino
1897 1689 1984 1731 quod
2006 1695 2038 1721 et
2059 1689 2181 1720 tradidi
2203 1690 2302 1721 vobis.

1611 1735 1663 1765 AD
1687 1744 1850 1765 sncmmuu
1872 1744 2032 1765 mmmmm
2056 1733 2146 1775 quod
2174 1734 2228 1765 illa
2250 1735 2347 1765 verba
2374 1744 2457 1775 quae
2487 1739 2562 1766 sunt
2585 1734 2626 1767 de

1557 1779 1692 1810 essentia
1714 1778 1847 1815 formae,
1864 1779 1984 1809 scilicet
2000 1779 2102 1809 oratio
2127 1779 2337 1819 deprecativa,
2354 1780 2393 1810 ab
2409 1780 2562 1810 omnibus
2577 1779 2625 1811 di-

1557 1829 1690 1855 cuntur:
1714 1823 1771 1854 sed
1794 1823 1864 1859 alia,
1881 1833 1964 1864 quae
1987 1829 2062 1854 sunt
2085 1823 2125 1854 de
2148 1824 2230 1854 bene
2254 1833 2332 1860 esse,
2355 1833 2424 1854 non
2454 1824 2625 1855 observan-

1556 1875 1608 1900 tur
1630 1869 1669 1899 ab
1693 1869 1854 1899 omnibus.

1611 1913 1662 1943 An
1697 1922 1832 1943 ’1511111111
1865 1918 2027 1943 mensuum
2060 1911 2151 1953 quod
2183 1913 2316 1944 materia
2349 1913 2498 1953 baptismi
2529 1913 2625 1944 habet

1557 1957 1720 1998 quandam
1742 1956 2030 1988 sanctificauonem
2051 1966 2110 1997 per
2125 1966 2158 1987 se
2182 1966 2221 1988 ex
2235 1958 2307 1998 ipso
2330 1962 2418 1988 tactu
2439 1958 2541 1988 carnis
2556 1957 2624 1989 Sal-

1555 2002 1690 2032 vatoris:
1715 2001 1771 2032 sed
1794 2011 1832 2032 ex
1854 2001 1959 2032 forma
1989 2002 2163 2032 verborum
2193 2002 2310 2042 accipit
2339 2001 2624 2033 sanctificationem

1556 2052 1630 2077 actu
1652 2045 1914 2077 sanctificantem.
1938 2046 1979 2076 Et
1995 2045 2147 2082 similiter,
2163 2051 2238 2086 post
2253 2045 2539 2077 sanctificationem
2557 2055 2624 2077 ma-

1555 2092 1652 2122 teriae
1675 2091 1771 2121 huius
1795 2091 1983 2121 sacramenti
2006 2089 2186 2121 secundum
2201 2099 2245 2127 se,
2261 2091 2433 2131 requiritur
2447 2089 2624 2121 sanctifica-

1555 2136 1601 2166 tio
1624 2136 1658 2166 in
1681 2145 1752 2172 usu,
1769 2144 1827 2175 per
1850 2144 1948 2175 quam
1972 2140 2046 2165 actu
2068 2133 2253 2166 sanctificet.

1622 2207 1722 2238 ART.
1739 2206 1821 2237 VIII.
1845 2217 1957 2238 tri-Ruit.
1979 2216 2086 2237 FORMA
2107 2216 2199 2237 11111115
2223 2215 2416 2236 samnitum
2438 2216 2559 2238 nanum·

1555 2261 1708 2282 PROFERRI
1731 2262 1789 2282 PER
1811 2261 1993 2282 0111111οΝ511
2015 2261 2229 2287 INDICATIVAM,
2250 2261 2288 2281 ur
2309 2260 2373 2281 NON
2389 2261 2625 2283 annnca‘rrwm

1912 2306 1948 2328 De
1962 2306 2048 2328 Forma
2062 2305 2175 2333 Amatur„
2191 2311 2242 2334 cap.
2258 2311 2272 2328 1.

1621 2368 1641 2388 D
1666 2368 1813 2389 ocravun
1836 2367 1882 2388 src
1904 2367 2109 2387 Pnocnmrun.
2135 2356 2270 2388 Videtur
2292 2356 2383 2397 quod
2402 2356 2507 2388 forma
2528 2357 2625 2388 huius

1558 2371 1810 2433 Asacramenti
1833 2401 1946 2432 debeat
1968 2400 2103 2442 proferri
2126 2411 2183 2442 per
2207 2402 2387 2432 orationem
2409 2401 2624 2439 indicativam,

1557 2452 1589 2478 et
1610 2457 1679 2478 non
1702 2447 1946 2487 deprecativam.
1970 2446 2056 2484 Quia
2071 2451 2267 2477 sacramenta
2290 2455 2394 2477 novae
2413 2446 2491 2486 legis
2506 2446 2625 2478 habent

1558 2497 1682 2522 certum
1705 2490 1865 2521 effectum.
1890 2490 1952 2521 Sed
1969 2490 2126 2521 certitudo
2151 2490 2282 2521 effectus
2296 2500 2366 2521 non
2389 2491 2576 2530 exprimitur
2589 2491 2624 2522 in

1557 2535 1669 2566 formis
1684 2540 1956 2566 sacramentorum
1972 2535 2034 2566 nisi
2049 2544 2107 2575 per
2122 2535 2302 2565 orationem
2317 2535 2532 2571 indicativam,
2548 2544 2625 2567 cum

1557 2580 1681 2617 dicitur,
1697 2580 1774 2611 Hoc
1796 2585 1843 2611 est
1862 2589 1980 2620 corpus
2003 2589 2118 2615 meum,
2142 2580 2203 2616 vel,
2226 2579 2301 2621 Ego
2326 2584 2357 2610 te
2377 2579 2513 2620 baptizo.
2537 2579 2624 2620 Ergo

1556 2624 1651 2656 debet
1674 2634 1743 2656 esse
1765 2624 1869 2655 forma
1891 2624 1987 2655 huius
2010 2624 2199 2655 sacramenti
2223 2624 2325 2655 oratio
2355 2623 2534 2655 indicativa.

1613 2679 1643 2700 2.
1666 2669 1864 2705 Plurimum,
1881 2669 1914 2699 in
1937 2668 2049 2699 formis
2072 2674 2345 2699 sacramentorum
2368 2667 2463 2699 debet
2490 2667 2625 2709 exprimi

1555 2714 1692 2745 intentio
1707 2713 1853 2749 ministri,
1870 2723 1953 2753 quae
1968 2713 2139 2753 requiritur
2162 2712 2202 2744 ad
2222 2718 2466 2743 sacramentum.
2490 2712 2554 2744 Sed
2575 2713 2624 2743 in-

1555 2759 1658 2790 tentio
1688 2757 1874 2789 conferendi
1903 2763 2138 2788 sacramentum
2166 2767 2235 2788 non
2268 2757 2454 2798 exprimitur
2482 2757 2545 2788 nisi
2566 2765 2625 2798 per

1557 2803 1736 2834 orationem
1758 2802 1972 2833 indicativam.
1996 2802 2093 2842 Ergo,
2110 2807 2170 2832 etc.

1613 2848 1642 2878 3.
1666 2847 1869 2882 Ρ11Α51111111Α,
1894 2847 1928 2877 111
1960 2846 2153 2887 quibusdam
2177 2846 2317 2877 ecclesiis
2341 2845 2491 2877 dicuntur
2513 2845 2623 2876 huius-

1555 2891 1646 2923 modi
1660 2892 1757 2922 verba
1771 2892 1805 2922 in
1821 2891 1993 2922 collatione
2011 2891 2107 2922 huius
2123 2891 2327 2921 sacramenti:
2355 2891 2451 2932 Ungo
2471 2890 2530 2920 hos
2546 2898 2622 2920 ocu-

1556 2937 1606 2967 los
1630 2936 1702 2967 oleo
1724 2935 1925 2977 sanctificato
1950 2936 1983 2966 in
2008 2935 2138 2966 nomine
2160 2935 2279 2971 Patris,
2303 2940 2364 2966 etc.
2379 2935 2410 2965 ἐ
2436 2939 2467 2965 51
2489 2934 2553 2964 1105
2576 2938 2623 2964 551

1556 2980 1725 3012 conforme
1747 2980 1815 3010 aliis
1838 2979 1949 3010 formis
1972 2985 2255 3010 sacramentorum.
2280 2979 2365 3019 Ergo
2385 2978 2511 3010 videtur
2533 2977 2623 3018 quod

1555 3026 1589 3056 in
1612 3026 1676 3056 hoc
1699 3025 1851 3055 consistat
1874 3024 1977 3055 forma
1994 3025 2096 3055 'huius
2119 3024 2316 3054 sacramenti.

1612 3069 1674 3101 San
1699 3078 1832 3105 CONTRA,
1848 3068 1929 3099 illud
1945 3068 2035 3109 quod
2058 3073 2105 3100 est
2120 3067 2224 3099 forma
2239 3067 2436 3103 sacramenti,
2454 3067 2493 3097 ab
2517 3067 2622 3098 omni-

1555 3114 1615 3145 bus
1631 3118 1760 3154 oportet
1783 3112 1873 3153 quod
1897 3118 2046 3144 servetur.
2072 3111 2135 3144 Sed
2157 3112 2253 3143 verba
2275 3110 2436 3152 praedicta
2451 3112 2468 3128 “
2491 3120 2560 3141 11011
2575 3110 2623 3141 111-

1557 3163 1673 3189 cuntur
1688 3157 1867 3188 secundum
1883 3156 2151 3188 consuetudinem
2166 3156 2315 3187 omnium
2334 3155 2550 3191 ecclesiarum,
2566 3154 2623 3186 sed

1554 3208 1681 3234 tannim
1703 3203 1800 3233 verba
1822 3201 2032 3243 deprecativa,
2051 3201 2187 3232 scilicet:
2211 3200 2275 3231 Per
2293 3200 2386 3231 istam
2401 3204 2547 3230 sanctam
2563 3209 2623 3230 un-

1555 3247 1703 3283 ctionem,
1720 3251 1752 3277 et
1772 3256 1865 3278 suam
1883 3246 2064 3287 piissimam
2087 3244 2352 3281 misericordiam,
2375 3244 2546 3286 indulgeat
2568 3243 2623 3275 tibi

1554 3291 1716 3322 Dominus
1738 3290 1893 3332 quidquid
1915 3290 2077 3332 deliquisti
2092 3299 2157 3330 per
2178 3289 2298 3325 uisum,
2325 3294 2384 3320 etc.
2409 3289 2495 3329 Ergo
2519 3287 2623 3319 forma

438 3336 485 3362 est
507 3330 547 3362 de
569 3331 757 3361 necessitate
779 3334 964 3363 sacramenti
987 3334 1131 3365 habentis
1155 3335 1292 3366 formam
1316 3345 1414 3376 quam
1432 3336 1501 3376 ipsa
1515 3346 1542 3367 το
1555 3336 1651 3366 11111115
1675 3335 1864 3366 sacramenti
1887 3340 1934 3366 est
1957 3335 2060 3366 oratio
2084 3333 2292 3374 deprecativa.

437 3375 550 3406 forma.
575 3375 671 3415 Ergo,
688 3385 763 3405 curn
786 3385 854 3406 non
877 3377 915 3406 sit
939 3377 1043 3417 aliqua
1071 3379 1174 3410 forma
1204 3381 1419 3411 communiter
1442 3381 1500 3411 ob-

437 3424 558 3450 servata
580 3419 619 3449 ab
643 3420 794 3450 omnibus
809 3421 842 3450 in
860 3420 923 3450 hoc
939 3428 1145 3459 sacramento,
1163 3425 1239 3464 quia
1261 3424 1376 3455 diversi
1398 3424 1500 3455 diver-

437 3464 479 3494 sis
501 3464 604 3494 verbis
626 3469 761 3494 utuntur
775 3465 802 3500 '‚
826 3463 950 3494 videtur
974 3466 1062 3505 quod
1089 3467 1152 3497 hoc
1175 3474 1409 3499 sacramentum
1432 3477 1500 3499 non

436 3508 551 3538 habeat
574 3508 714 3548 aliquam
737 3507 884 3539 formam.

1613 3389 1642 3410 2.
1666 3380 1863 3416 Pluinnam,
1879 3380 1944 3410 hoc
1958 3378 2084 3410 videtur
2099 3388 2138 3409 ex
2151 3378 2256 3408 verbis
2271 3377 2388 3414 Iacobi,
2406 3377 2463 3418 qui
2482 3377 2623 3408 attribuit

1556 3423 1730 3455 efficaciam
1745 3425 1841 3454 huius
1857 3423 2045 3454 sacramenti
2061 3423 2215 3453 orationi:
2244 3421 2360 3453 Oratio
2365 3422 2460 3463 fidei,
2477 3421 2584 3462 inquit
2594 3421 2622 3457 ⁹,

1555 3469 1684 3499 sanabit
1706 3469 1879 3510 infir-mum.
1907 3468 2005 3508 Ergo,
2029 3476 2105 3498 cum
2136 3466 2276 3497 efficacia
2305 3466 2493 3497 sacramenti
2514 3466 2554 3496 sit
2584 3474 2622 3495 ex

1555 3513 1669 3549 forma,
1685 3513 1810 3544 videtur
1833 3511 1923 3553 quod
1946 3511 2049 3542 forma
2071 3511 2167 3542 huius
2191 3511 2379 3542 sacramenti
2401 3511 2441 3541 sit
2462 3508 2623 3551 praedicta

494 3553 523 3583 3.
548 3553 743 3588 Ρ11Α11-1111111Α,
760 3553 793 3583 111
809 3553 967 3593 baptismo
984 3562 1050 3583 non
1074 3555 1244 3594 requiritur
1259 3555 1362 3587 forma
1384 3557 1444 3587 nisi
1460 3557 1499 3588 ad
1514 3566 1538 3587 ⁷5
1555 3558 1656 3588 oratio
1673 3558 1699 3587 *ἦ

2653 323 2663 334 ·
2672 322 2733 371 Ηιὲῃ.
2741 328 2755 344 ι
2763 322 2787 345 8.
2794 322 2865 354 vict„

2654 349 2683 371 de
2715 355 2805 371 acram.
2825 350 2865 372 hb.

2652 376 2681 402 11,
2693 382 2715 403 p.
2726 382 2756 403 vi,
2767 382 2818 404 cap.
2826 382 2846 399 2.

2657 455 2701 477 *lv
2707 455 2781 483 Sem„
2787 455 2840 478 din.
2847 462 2863 481 1.

2653 488 2703 509 cap.
2713 482 2775 504 Sunt
2787 485 2864 504 autem

2653 509 2855 532 exercitationum.

2653 1077 2663 1088 ·
2679 1076 2741 1098 Part.
2761 1076 2802 1099 m.
2840 1082 2866 1100 11.

2650 1109 2707 1130 un,
2720 1107 2763 1126 nrt.
2774 1110 2794 1129 1,
2804 1109 2817 1125 ι
2844 1110 2864 1126 1.

2652 1129 2866 1159 ‘'Capaneu-15.

2651 1161 2663 1172 ·
2676 1161 2728 1184 Art.
2742 1160 2765 1190 8,
2780 1167 2802 1190 9.

2653 1652 2663 1663 ·
2677 1651 2744 1674 Ven.
2759 1656 2796 1679 ²3.

2650 2939 2661 2950 '
2677 2937 2757 2961 ests.
2772 2938 2865 2961 Albert.

2650 2964 2683 2987 lV
2703 2965 2784 2993 Sene„
2808 2965 2864 2988 ain.

2650 2997 2714 3019 xxm,
2728 2995 2770 3015 ιη.
2784 2998 2808 3020 4.

2650 3117 2661 3127 “
2673 3116 2731 3144 Arg.
2745 3121 2765 3146 3.

2650 3421 2820 3451 ‘Cep-vam.
2830 3427 2862 3450 ¹5·

2651 3551 2661 3560 ¹
2673 3547 2730 3576 Are.
2747 3546 2854 3576 praeced.
