2878 4088
172 475 182 483 “
190 472 248 493 Vide
257 472 335 493 innoc.
345 472 383 495 111.

172 499 383 525 lib.cit.cap.xi.v1n.

173 527 182 536 ·
196 525 266 549 1bid.,
278 531 328 552 cap.
343 530 382 546 ιιι.

173 553 194 562 ··
207 551 273 576 ibid„
286 557 335 578 cap.
347 558 382 573 ιν.

173 577 383 605 ‘Gen.cap.xxxvu,

173 610 231 626 vers.
246 611 278 632 23.

175 643 272 674 ‘’Innoc.
288 644 327 669 111,
343 643 382 665 lib.

172 674 218 695 cn„
233 676 284 696 cap.
298 677 343 692 nvi.

172 699 181 708 '
192 697 259 723 1bid.,
269 703 318 724 cap.
327 703 382 719 ινιι.

171 735 181 745 ·
194 734 262 761 1bid.,
278 740 328 762 cap.
344 741 380 756 Lx.

170 953 257 979 '1bid.,
267 959 316 980 cap.
325 960 379 975 an.

170 998 179 1007 ·
189 997 256 1022 ibid„
268 1002 317 1024 cap.
333 1003 378 1018 ιιι.

168 1178 248 1204 ·1bid.,
256 1184 305 1205 cap.
312 1183 376 1198 exin.

166 1393 175 1402 ·
197 1391 272 1412 Exod.
304 1397 353 1418 cap.

165 1423 375 1466 aratra?-

166 1471 212 1496 cit..
229 1477 279 1499 cap.
295 1461 342 1494 xin.

165 1575 175 1586 ·
190 1574 208 1595 Ε
228 1589 233 1595 .
251 1573 331 1599 LXIV,
347 1574 375 1595 al.

165 1601 205 1622 CX
229 1600 378 1627 V111,adFa-

165 1627 259 1653 biolam,
275 1633 298 1649 n.
315 1633 346 1655 13.

165 1656 175 1665 '¹
196 1653 271 1675 Exod.
296 1659 347 1681 cap.

166 1686 246 1705 xxvni,
255 1686 312 1701 vers.
320 1687 348 1706 4;

165 1707 236 1728 Levit.
247 1712 296 1734 cap.
307 1713 358 1732 vni,

166 1740 223 1755 vers.
239 1739 262 1761 9.

163 2106 172 2114 ·
183 2104 262 2126 innoc.
278 2104 317 2129 111,
333 2105 374 2126 lib.

162 2131 266 2178 fit-Eia
283 2137 328 2179 τις

163 2190 244 2220 §.nub
254 2173 311 2205 vers.
323 2164 346 2211 Ξ,

163 2238 172 2247 ·
181 2210 298 2264 δὲἓιιάἐιψ.
311 2244 373 2264 xvm,

165 2269 223 2284 vers.
239 2269 274 2288 24·

165 2289 373 2318 ··Exod.cap.xxv‚

163 2322 222 2338 vers.
238 2322 257 2343 7.

164 2628 173 2636 “
184 2625 262 2647 Innoc.
279 2625 318 2651 111,
334 2625 374 2646 lib.

163 2652 202 2674 cit.
219 2657 268 2679 cap.
290 2657 338 2673 uu
363 2663 372 2667 -

164 2678 198 2700 Cf.
209 2684 257 2705 cap.
269 2678 324 2699 Cum
334 2684 372 2699 ve-

164 2705 246 2753 νῧξὲιει,
261 2704 373 2726 deSacra

165 2951 173 2960 ‘
182 2949 328 2977 Cf.Part.111,
335 2951 374 2979 qu!

164 2982 224 3003 uvi,
239 2976 325 2999 inti-od.

164 3043 174 3053 ‘
191 3041 237 3069 Qu.
253 3048 300 3070 seq.

163 3083 174 3092 ¹
190 3082 237 3109 Qu.
251 3088 314 3104 mn.

412 208 461 255 78

413 286 573 322 ordinare,
598 287 732 326 virgines
756 286 960 323 benedicere,
985 287 1126 317 basilicas
1156 286 1316 321 dedicare,
1342 285 1472 314 clericos

412 330 583 370 deponere,
600 330 742 371 synodos
765 331 939 367 celebrare,
966 332 1101 361 chrisma
1125 330 1293 364 conficere,
1316 333 1418 358 vestes
1442 332 1473 356 et

411 384 483 404 vasa
508 384 702 405 consecrare.
719 393 740 397 —
763 375 823 406 Vel
855 385 912 415 per
935 376 1061 416 caligas
1093 374 1286 414 significatur
1315 370 1471 401 rectitudo

411 428 586 458 gressuum.
611 419 670 449 Per
680 419 840 455 sandalia,
855 429 936 460 quae
948 419 1045 459 pedes
1058 423 1178 458 tegunt,
1192 421 1395 455 contemptus
1411 420 1472 444 ter-

410 473 563 493 renorum
578 464 605 493 ’.
629 464 689 494 Per
704 464 962 499 succinctorium,
980 473 1046 503 quo
1070 463 1150 492 stola
1165 462 1278 500 ligatur
1301 469 1375 489 cum
1392 459 1471 494 alba,

411 517 501 537 amor
521 508 693 538 honestatis
709 509 735 538 ἦ
760 509 820 539 Per
843 509 992 542 tunicam,
1010 505 1240 547 perseverantia
1255 505 1305 533 ³⁶⁴⁶:
1331 503 1406 543 quia
1421 503 1472 532 Io-

411 551 489 591 seph
514 552 655 583 tunicam
675 553 810 583 talarem
835 553 948 583 dicitur
964 552 1110 581 habuisse
1126 551 1152 584 ἦ
1170 549 1259 588 quasi
1276 546 1471 577 descenden-

410 601 476 626 tem
491 606 594 637 usque
618 597 657 627 ad
680 597 770 633 talos,
787 606 844 637 per
863 606 945 636 quos
968 594 1161 634 significatur
1177 592 1355 622 extremitas
1378 592 1470 621 vitae.

410 640 469 670 Per
491 641 711 677 dalmaticam,
736 641 859 681 largitas
882 641 914 670 in
939 639 1088 678 operibus
1111 635 1346 667 misericordiae
1362 636 1388 665 ὕ.
1414 635 1473 666 Per

410 685 617 721 chirothecas,
636 686 757 716 cautela
773 686 805 714 in
822 694 918 724 opere
934 684 960 712 ἢ
980 683 1039 712 Per
1055 682 1192 716 mitram,
1210 680 1341 710 scientia
1357 680 1472 710 utrius-

411 738 473 769 que
490 730 702 760 Testamenti:
722 728 807 759 unde
825 734 855 758 et
871 727 935 758 duo
953 735 1071 757 cornua
1092 726 1187 755 habet
1202 726 1228 754 *.
1248 725 1308 754 Per
1323 724 1472 754 baculum

410 783 484 803 cura
507 774 680 813 pastoralis,
698 783 761 813 qua
785 772 878 803 debet
901 771 1055 812 colligere
1075 779 1186 810 vagos,
1204 768 1294 809 quod
1317 768 1473 809 significat

410 819 544 848 curvitas
567 819 599 848 in
624 818 726 857 capite
757 817 875 852 baculi;
906 819 1086 846 sustentare
1109 814 1264 855 infirmos,
1292 812 1381 853 quod
1403 813 1472 853 ipse

409 862 504 902 stipes
528 861 681 902 significat
705 861 827 896 baculi;
852 859 907 890 sed
924 868 1074 900 pungere
1098 858 1210 894 lentos,
1235 857 1325 898 quod
1352 857 1471 897 signifi-

409 911 458 935 cat
473 906 619 936 stimulus
635 906 667 935 in
683 904 765 945 pede
781 904 901 939 baculi3
923 903 1007 933 unde
1020 912 1144 933 versus:
1165 903 1302 944 Collige,
1315 907 1469 938 sustenta,

407 950 545 985 stimula,
569 959 665 990 vaga,
694 949 848 984 morbida,
870 949 956 978 lenta
972 949 998 977 ὓ.
1029 947 1088 977 Per
1111 948 1255 983 anulum,
1277 952 1472 977 sacramenta

407 993 490 1029 fidei,
511 1003 574 1033 qua
597 993 738 1023 Ecclesia
762 993 970 1032 desponsatur
994 991 1122 1022 Christo
1138 992 1171 1021 *2
1203 992 1264 1032 ipsi
1288 991 1373 1021 enim
1397 996 1471 1020 sunt

407 1038 566 1068 Ecclesiae
590 1038 699 1076 sponsi
722 1037 796 1067 loco
821 1036 947 1066 Christi.

461 1081 522 1112 Sed
545 1082 675 1111 ulterius
699 1081 928 1120 archiepiscopi
962 1080 1095 1120 pallium
1125 1080 1259 1115 habent,
1285 1080 1319 1109 in
1343 1080 1471 1119 signum

405 1126 617 1165 privilegiatae
647 1125 825 1165 potestatis:
862 1124 1017 1165 significat
1045 1125 1131 1155 enim
1160 1129 1305 1164 torquem
1336 1133 1470 1154 auream

405 1179 502 1210 quam
526 1170 670 1200 solebant
692 1170 832 1209 legitime
856 1175 1010 1200 cenantes
1034 1169 1177 1209 accipere
1193 1170 1220 1198 ’ἦ

458 1215 509 1244 An
533 1224 649 1244 prunum
672 1224 754 1244 ERGO
772 1224 931 1244 monimum
955 1213 1044 1254 quod
1063 1213 1280 1244 sacerdotibus
1295 1213 1409 1243 veteris
1425 1212 1469 1243 le-

403 1259 450 1298 gis
480 1259 678 1289 indicebatur
709 1259 904 1288 continentia
927 1258 982 1289 illo
1007 1264 1131 1288 tantum
1162 1263 1307 1298 tempore
1340 1267 1406 1297 quo
1430 1256 1470 1287 ad

404 1313 499 1333 suum
521 1303 733 1333 ministerium
753 1302 956 1333 accedebant.
988 1303 1029 1333 Et
1052 1303 1142 1339 ideo,
1167 1303 1200 1333 in
1224 1303 1351 1342 signum
1375 1302 1468 1332 casti-

403 1348 473 1378 tatis
489 1353 565 1378 tunc
582 1347 762 1386 servandae,
779 1348 812 1378 in
836 1347 1065 1378 sacrificiorum
1082 1348 1244 1378 oblatione
1267 1346 1470 1378 feminalibus

403 1393 573 1423 utebantur
588 1394 615 1423 ὓ.
640 1392 702 1423 Sed
725 1393 874 1422 ministris
897 1393 974 1422 novi
994 1393 1174 1422 testamenti
1190 1391 1341 1422 indicitur
1356 1401 1470 1432 perpe-

403 1443 458 1467 tua
481 1437 686 1467 continentia.
711 1437 752 1467 Et
775 1436 848 1467 ideo
872 1447 939 1467 non
964 1442 1010 1467 est
1033 1437 1135 1467 simile
1151 1438 1177 1467 ’ἢ

457 1481 508 1511 An
532 1491 693 1512 sncunnun
709 1491 868 1511 memnon
892 1481 981 1521 quod
999 1482 1092 1511 mitra
1107 1481 1160 1512 illa
1178 1491 1246 1511 non
1263 1486 1328 1511 erat
1343 1481 1468 1520 signum

403 1526 536 1556 alicuius
560 1526 735 1566 dignitatis:
761 1525 821 1556 fuit
845 1527 931 1557 enirn
955 1527 1037 1556 sicut
1067 1525 1231 1566 quoddam
1255 1525 1408 1565 galerum,
1434 1530 1470 1555 ut

403 1570 620 1611 Hieronymus
645 1570 719 1600 dicit
734 1571 761 1600 θ’.
786 1570 849 1601 Sed
872 1571 1001 1606 cidaris,
1020 1580 1102 1610 quae
1126 1576 1191 1601 erat
1218 1571 1345 1610 signum
1369 1569 1471 1610 digni-

403 1615 488 1651 tatis,
513 1615 619 1645 solum
641 1614 848 1655 pontificibus
879 1615 1011 1646 dabatur
1026 1616 1059 1645 *t
1093 1616 1175 1645 sicut
1199 1620 1230 1645 et
1252 1624 1339 1645 nunc
1366 1615 1469 1644 mitra.

457 1659 508 1689 Ar>
532 1669 666 1689 mnrium
690 1670 848 1690 mcnnmm
864 1659 953 1700 quod
975 1665 1116 1700 potestas
1136 1660 1356 1690 ministrorum
1376 1659 1471 1689 estin

404 1704 558 1744 episcopo
583 1705 664 1734 sicut
686 1704 720 1733 in
744 1705 884 1744 origine:
909 1714 978 1735 non
1001 1710 1108 1735 autem
1131 1705 1165 1734 in
1189 1703 1370 1740 sacerdote,
1395 1704 1471 1743 quia

403 1748 471 1787 ipse
494 1758 561 1778 non
586 1747 710 1779 confert
732 1749 803 1779 illos
827 1749 964 1780 ordines.
1000 1749 1041 1779 Et
1064 1748 1137 1779 ideo
1168 1749 1268 1788 magis
1299 1749 1470 1789 episcopus

405 1802 502 1833 quam
526 1792 671 1823 sacerdos
694 1794 833 1824 vestibus
856 1794 1075 1824 ministrorum
1098 1794 1207 1824 utitur.

459 1837 509 1867 An
535 1847 682 1867 GUARTUM
698 1848 856 1868 monimum
880 1838 969 1878 quod
988 1838 1063 1868 loco
1088 1837 1356 1878 superhumeralis
1371 1837 1471 1867 utitur

405 1881 499 1911 stola:
526 1891 608 1922 quae
632 1881 671 1912 ad
694 1881 779 1912 idem
807 1882 1051 1923 significandum
1080 1888 1126 1913 est
1150 1882 1189 1912 ad
1212 1882 1302 1922 quod
1330 1887 1395 1911 erat
1418 1891 1470 1911 su-

403 1926 633 1966 perhumerale.

458 1971 509 2000 An
534 1981 673 2001 anmi-uu
697 1981 854 2000 nianDUM
886 1970 975 2010 quod
999 1970 1131 2011 pallium
1159 1969 1301 2000 succedit
1324 1969 1397 2000 loco
1421 1980 1469 2000 ra-

403 2014 539 2045 tionalis.

457 2059 507 2089 An
531 2069 649 2089 snx‘rtm
673 2069 831 2089 DICENDUM
856 2058 945 2098 quod
968 2068 1027 2098 pro
1051 2059 1104 2089 illa
1127 2058 1245 2088 lamina
1268 2058 1363 2088 habet
1385 2068 1468 2098 pon-

402 2102 477 2133 tifex
500 2109 609 2133 noster
632 2112 770 2138 crucem,
797 2109 832 2133 ut
856 2103 1061 2133 Innocentius
1078 2104 1094 2120 ³*
1118 2102 1209 2133 dicit:
1235 2103 1316 2132 sicut
1339 2112 1398 2142 pro
1423 2102 1468 2133 fe-

401 2147 571 2178 minalibus
595 2148 689 2177 habet
713 2146 861 2183 sandalia,
878 2157 937 2187 pro
956 2147 1040 2177 linea
1056 2148 1072 2164 ³*
1097 2147 1211 2183 albam,
1227 2157 1287 2187 pro
1311 2147 1417 2177 balteo
1433 2148 1468 2164 *³*

402 2192 577 2232 cingulum,
593 2201 653 2232 pro
670 2191 790 2232 podere
802 2193 818 2209 ⁴*
834 2192 987 2227 tunicam,
1005 2197 1036 2222 et
1051 2201 1110 2232 pro
1128 2191 1236 2231 ephod
1252 2192 1286 2208 *⁴*
1302 2192 1466 2228 amictum,

401 2246 461 2277 pro
485 2237 630 2267 rationali
653 2236 796 2276 pallium,
813 2246 873 2276 pro
898 2235 994 2266 cidari
1017 2237 1154 2266 mitram.

456 2281 506 2311 An
531 2290 681 2311 snm-mun
705 2291 863 2310 mcnnnum
888 2280 987 2321 quod,
1005 2281 1151 2320 quamvis
1166 2290 1234 2311 non
1258 2281 1373 2311 habeat
1391 2280 1467 2311 alte-

401 2326 464 2355 rius
488 2326 610 2366 generis
633 2330 834 2365 potestatem.
851 2331 958 2356 tamen
983 2325 1117 2356 eandem
1141 2326 1236 2355 habet
1266 2326 1466 2366 ampliorem.

402 2370 442 2400 Et
464 2370 548 2406 ideo,
566 2369 605 2400 ad
627 2370 709 2400 hanc
733 2369 964 2410 perfectionem
989 2369 1226 2410 designandam,
1251 2370 1310 2400 sibi
1333 2370 1466 2410 pallium

402 2414 502 2450 datur,
521 2424 586 2455 quo
610 2414 753 2454 undique
778 2414 1002 2445 circumdatur.

456 2459 506 2489 An
531 2469 677 2489 octavum
696 2469 855 2488 mmmmm
871 2459 960 2499 quod
976 2460 1142 2489 Romanus
1158 2458 1306 2490 Pontifex
1321 2469 1388 2490 non
1404 2460 1467 2490 uti-

401 2508 452 2533 tur
466 2503 593 2539 baculo,
611 2504 686 2543 quia
708 2503 818 2533 Petrus
835 2504 919 2533 misit
938 2504 1043 2543 ipsum
1061 2503 1100 2534 ad
1121 2503 1339 2534 suscitandum
1365 2513 1467 2544 quen-

402 2547 474 2578 dam
498 2548 691 2588 discipulum
724 2558 836 2584 suum,
864 2549 919 2587 qui
942 2554 1054 2588 postea
1084 2548 1185 2579 factus
1217 2554 1264 2579 est
1295 2549 1467 2589 episcopus

402 2592 614 2622 Treverensis.
639 2592 679 2622 Et
695 2591 767 2622 ideo
784 2593 817 2622 in
841 2592 979 2623 dioecesi
1002 2593 1190 2623 Treverensi
1206 2593 1291 2633 Papa
1315 2593 1466 2624 baculum

401 2641 515 2676 portat,
533 2642 563 2666 et
586 2646 653 2666 non
675 2637 709 2666 in
732 2637 799 2667 aliis
815 2637 893 2667 locis
909 2638 935 2667 *.
952 2656 974 2659 -
996 2637 1056 2668 Vel
1073 2638 1167 2668 etiam
1183 2638 1216 2668 in
1233 2638 1360 2678 signum
1377 2637 1467 2678 quod

401 2690 468 2711 non
491 2681 586 2711 habet
618 2686 808 2711 coarctatam
831 2686 1041 2721 potestatem,
1068 2682 1157 2722 quod
1185 2682 1328 2713 curvatio
1360 2682 1466 2713 baculi

401 2724 565 2765 significat.

513 2811 764 2856 QUAESTIO
789 2812 1344 2856 QUADRAGESIMAPRIMA

426 2875 469 2899 DE
489 2874 712 2900 MATRIMONJO
731 2875 937 2905 INQUANTUM
957 2876 1021 2900 EST
1041 2876 1072 2900 IN
1093 2876 1255 2902 orrtcmM
1275 2877 1440 2903 NATURAE

406 2955 512 3018 posr
530 2946 609 2976 haec
630 2945 896 2977 considerandum
917 2952 963 2977 est
979 2947 1019 2977 de
1034 2948 1240 2979 matrimonio
1252 2949 1278 2978 ’ἦ
1296 2948 1336 2979 Et
1358 2950 1463 2989 primo

456 2989 615 3030 agendum
631 2996 677 3020 est
693 2989 733 3021 de
753 3000 792 3021 eo
816 2991 1008 3031 inquantum
1030 2997 1076 3022 est
1099 2993 1132 3022 in
1149 2992 1292 3023 officium
1315 2999 1462 3031 naturae;

401 3034 553 3070 secundo,
570 3034 762 3074 inquantum
778 3040 823 3065 est
842 3041 1076 3066 sacramentum
1092 3037 1125 3072 *3
1150 3037 1254 3074 tertio,
1271 3038 1463 3078 inquantum

401 3079 544 3109 absolute
568 3084 598 3109 et
621 3078 799 3109 secundum
823 3089 856 3110 se
880 3080 1097 3111 consideratur
1113 3082 1139 3111 *.

401 3122 493 3153 Circa
514 3123 655 3162 primum
678 3129 873 3163 quaeruntur
897 3130 1043 3164 quatuor.

454 3166 578 3197 Primo:
604 3173 711 3197 utrum
734 3168 773 3198 sit
797 3168 835 3198 de
858 3168 927 3199 iure
950 3169 1094 3199 naturali.

456 3210 623 3241 Secundo:
648 3218 756 3242 utrum
779 3222 866 3243 nunc
890 3213 929 3243 sit
951 3214 984 3243 in
1007 3219 1189 3254 praecepto.

456 3254 581 3285 Tertio:
606 3261 715 3286 utrum
737 3257 805 3286 eius
829 3262 916 3287 actus
940 3258 979 3287 sit
1001 3258 1115 3288 licitus.

457 3298 596 3336 Quarto:
621 3305 729 3330 utrum
752 3301 852 3340 possit
876 3310 942 3331 esse
966 3303 1156 3333 meritorius.

555 3382 653 3412 ART.
671 3382 694 3412 Ι.
710 3392 814 3412 urium
837 3393 1054 3415 MATmmomum
1078 3396 1124 3415 εῖτ
1147 3396 1310 3417 NATURALR

580 3431 612 3452 {1⁸
627 3431 680 3457 11⁸⁸,
695 3437 733 3459 qu.
749 3437 808 3457 οιιν,
823 3437 865 3454 art.
881 3439 905 3458 25
920 3433 950 3454 111
967 3434 1032 3456 Cont.
1050 3434 1125 3461 Geni„
1142 3441 1191 3463 cap.
1208 3442 1280 3462 cxxn3

602 3457 612 3478 1
626 3457 659 3479 ad
674 3457 741 3485 corz,
757 3464 807 3486 cap.
823 3465 868 3485 vn,
883 3460 934 3481 lect.
950 3466 969 3485 ι;
985 3460 1038 3482 VIII
1053 3461 1136 3488 Etnic„
1152 3462 1203 3484 lect.
1218 3469 1260 3484 ιιι.

406 3525 487 3588 An
506 3526 622 3546 pamma
645 3526 690 3546 stc
713 3527 915 3548 rnocnnirtm.
940 3519 1073 3549 Videtur
1099 3521 1188 3560 quod
1219 3523 1459 3554 matrimonium

1488 690 1512 704 10

1487 912 1509 932 ¹5

1485 1133 1511 1147 20

1485 1354 1507 1374 ²5

1486 1578 1511 1596 30

1486 1798 1508 1818 35

1483 2020 1510 2039 ⁴⁰

1482 2245 1505 2264 45

1483 2468 1508 2488 ςο

1481 2690 1504 2711 55

1478 2910 1504 2930 60

1476 3130 1500 3156 65

1475 3356 1502 3377 70

1120 207 1383 255 QUAESTIO
1413 206 1518 252 XLI,
1547 205 1841 242 ARTICULUS
1869 205 1883 241 1

1528 283 1637 312 omnia
1661 283 1818 313 animalia
1834 283 1945 313 docuit
1959 285 1985 314 ’ἢ
2010 284 2073 314 Sed
2091 285 2125 314 in
2149 285 2216 315 aliis
2239 286 2429 316 animalibus
2445 292 2492 316 est
2515 295 2594 316 con-

1526 327 1650 356 iunctio
1674 336 1809 357 sexuum
1833 328 1954 367 absque
1983 329 2201 359 matrimonio.
2236 329 2322 369 Ergo
2351 331 2594 360 matrimonium

1526 380 1595 400 non
1619 376 1665 400 est
1689 370 1728 401 de
1751 372 1820 401 iure
1843 372 1987 402 naturali.

1584 423 1613 444 2.
1638 414 1833 451 PRAETRREA,
1860 415 1893 445 id
1917 415 2006 455 quod
2031 421 2077 446 est
2101 416 2140 446 de
2163 417 2232 446 iure
2254 418 2408 454 naturali,
2434 419 2594 448 invenitur

1527 459 1560 489 in
1576 459 1761 489 hominibus
1777 459 1956 490 secundum
1973 461 2150 500 quemlibet
2165 466 2283 495 statum
2299 471 2422 492 eorum.
2448 462 2511 493 Sed
2525 472 2593 492 ma·

1526 503 1715 533 trimonium
1738 513 1806 534 non
1830 503 1890 534 fuit
1913 505 1946 534 in
1970 504 2116 544 quolibet
2131 510 2214 535 statu
2236 505 2424 536 hominum:
2450 507 2535 546 quia,
2552 507 2593 536 si-

1527 553 1581 578 cut
1597 547 1672 577 dicit
1689 548 1825 584 Tullius,
1842 549 1875 578 in
1892 548 1904 578 1
1919 549 2082 579 Rhetoric.
2099 550 2125 585 ’ξ
2142 549 2287 580 homines
2306 559 2326 579 a
2341 550 2505 590 principio
2525 551 2593 590 syl-

1526 597 1645 623 vestres
1668 597 1770 628 erant,
1787 598 1819 623 et
1834 597 1910 623 tunc
1933 603 2025 623 nemo
2041 594 2135 624 scivit
2146 594 2302 634 proprios
2318 594 2436 624 liberos
2452 603 2510 625 nec
2525 604 2594 624 cer-

1527 641 1577 667 tas
1601 637 1738 676 nuptias,
1759 637 1792 667 in
1817 638 1934 677 quibus
1956 638 2199 669 matrimonium
2229 639 2382 668 consistit.
2416 638 2501 679 Ergo
2525 648 2593 669 non

1527 687 1574 711 est
1596 681 1748 711 naturale.
2183 720 2186 722 d

1583 725 1611 756 3.
1636 726 1833 762 Pam-remia,
1849 727 2003 757 naturalia
2025 732 2100 757 sunt
2121 727 2232 757 eadem
2248 726 2335 767 apud
2350 736 2464 757 omnes
2479 728 2506 757 *.
2530 726 2594 757 Sed

1525 779 1594 800 non
1611 769 1726 800 eodem
1741 770 1842 800 modo
1860 776 1906 801 est
1921 772 2163 802 matrimonium
2180 771 2266 812 apud
2285 781 2416 802 omnes:
2442 781 2517 802 cum
2533 781 2592 812 pro

1527 814 1655 845 diversis
1671 815 1794 854 legibus
1810 814 2023 846 diversimode
2038 817 2280 846 matrimonium
2297 815 2482 846 celebretur.
2506 816 2592 856 Ergo

1526 868 1593 889 non
1618 865 1664 889 est
1686 859 1840 889 naturale.

1581 912 1612 942 4.
1637 904 1833 939 PRAETEREA,
1850 904 1903 935 illa
1923 905 1990 935 sine
2007 905 2124 945 quibus
2139 910 2245 945 potest
2263 905 2375 935 salvari
2397 909 2529 935 naturae
2544 905 2593 934 in-

1526 948 1638 984 tentio,
1654 957 1721 978 non
1737 947 1885 979 videntur
1901 958 1969 979 esse
1980 949 2143 980 naturalia.
2165 949 2227 980 Sed
2239 955 2352 980 natura
2363 949 2500 979 intendit
2515 958 2593 979 con-

1526 993 1738 1022 servationem
1755 993 1872 1032 speciei
1888 1003 1945 1033 per
1960 995 2210 1034 generationem,
2224 1003 2307 1034 quae
2323 999 2509 1035 potestesse
2525 994 2593 1024 sine

1525 1037 1742 1072 matrimonio,
1762 1042 1798 1066 ut
1813 1043 1901 1076 patet
1915 1038 1949 1068 in
1964 1037 2151 1069 fornicariis.
2168 1039 2254 1079 Ergo
2267 1039 2509 1069 matrimonium
2524 1048 2592 1069 non

1526 1085 1572 1110 est
1594 1081 1746 1111 naturale.

1581 1124 1643 1155 Snn
1668 1135 1791 1156 CONTRA
1814 1136 1868 1156 nsr
1892 1125 1982 1165 quod
2005 1127 2038 1156 in
2062 1127 2220 1167 principio
2244 1127 2456 1168 Digestorum
2474 1129 2491 1144 ⁴*
2515 1127 2592 1158 dici-

1525 1174 1592 1199 tur:
1618 1169 1675 1199 Ius
1698 1170 1850 1200 naturale
1869 1174 1917 1200 est
1938 1171 2040 1201 maris
2056 1176 2095 1201 et
2106 1171 2257 1212 feminae
2279 1172 2475 1208 coniunctio,
2496 1181 2592 1212 quam

1526 1222 1585 1243 nos
1608 1214 1850 1244 matrimonium
1873 1215 2082 1254 appellamus.

1582 1267 1611 1287 2.
1635 1258 1832 1295 Pium-ruam,
1841 1259 2066 1299 Philosophus,
2075 1259 2148 1289 VIII
2159 1259 2263 1290 Ethic.
2273 1261 2300 1295 ἢ
2310 1259 2386 1290 dicit
2395 1259 2486 1300 quod
2495 1260 2592 1291 homo

1525 1307 1572 1332 est
1594 1303 1699 1343 magis
1723 1303 1920 1333 naturaliter
1946 1304 2121 1345 coniugale
2143 1304 2267 1334 animal
2289 1314 2385 1345 quam
2410 1304 2592 1345 politicum.

1525 1345 1588 1377 Sed
1609 1347 1705 1377 homo
1730 1352 1777 1378 est
1800 1348 1995 1378 naturaliter
2017 1349 2142 1379 animal
2159 1348 2329 1389 politicum
2348 1354 2380 1380 et
2393 1349 2540 1391 gregale,
2557 1354 2594 1380 ut

1524 1391 1593 1431 ipse
1616 1391 1692 1422 dicit
1707 1393 1733 1422 ἦ.
1758 1392 1844 1432 Ergo
1869 1398 1916 1423 est
1937 1393 2121 1423 naturaliter
2144 1393 2323 1434 coniugale.
2348 1394 2389 1424 Et
2411 1394 2455 1424 sic
2479 1394 2593 1424 coniu-

1524 1436 1624 1476 gium,
1649 1437 1714 1466 sive
1737 1437 1989 1474 matrimonium,
2007 1443 2054 1468 est
2076 1438 2229 1468 naturale.

1579 1481 1769 1511 Raspommo
1793 1491 1953 1512 monimum
1972 1482 2061 1522 quod
2085 1482 2205 1522 aliquid
2229 1481 2344 1513 dicitur
2359 1492 2428 1513 esse
2449 1483 2593 1514 naturale

1526 1525 1704 1565 dupliciter.
1728 1526 1804 1556 Uno
1827 1526 1939 1563 modo,
1965 1527 2047 1557 sicut
2071 1536 2109 1557 ex
2132 1527 2296 1567 principiis
2319 1533 2451 1558 naturae
2475 1537 2513 1558 ex
2535 1536 2593 1558 ne-

1525 1570 1669 1600 cessitate
1685 1576 1866 1601 causatum:
1888 1576 1924 1601 ut
1939 1572 2063 1602 moveri
2079 1581 2206 1601 sursum
2223 1576 2269 1602 est
2284 1572 2427 1602 naturale
2441 1572 2518 1612 igni,
2531 1577 2591 1603 etc.

1524 1614 1566 1644 Et
1588 1615 1632 1644 sic
1656 1615 1899 1645 matrimonium
1914 1625 1982 1646 non
2006 1621 2053 1646 est
2075 1616 2235 1646 naturale:
2260 1626 2321 1647 nec
2340 1615 2462 1657 aliquid
2477 1625 2592 1647 eorum

1525 1668 1608 1699 quae
1631 1658 1792 1689 mediante
1815 1659 1916 1690 libero
1940 1660 2068 1690 arbitrio
2092 1661 2306 1701 complentur.

1579 1703 1654 1733 Alio
1678 1703 1778 1734 modo
1795 1703 1910 1734 dicitur
1924 1705 2067 1735 naturale
2083 1704 2123 1735 ad
2139 1705 2229 1745 quod
2252 1710 2364 1735 natura
2379 1705 2520 1740 inclinat,
2536 1704 2592 1736 sed

1523 1747 1684 1778 mediante
1707 1748 1808 1778 libero
1833 1749 1961 1779 arbitrio
1986 1749 2181 1789 completur:
2213 1750 2295 1780 sicut
2319 1755 2407 1780 actus
2437 1750 2592 1780 virtutum

1525 1791 1674 1822 dicuntur
1697 1793 1864 1823 naturales,
1890 1793 1930 1823 Et
1953 1794 2016 1824 hoc
2039 1793 2140 1824 modo
2164 1794 2406 1824 matrimonium
2430 1799 2477 1824 est
2498 1799 2591 1824 natu—

1524 1836 1604 1867 rale:
1636 1837 1711 1876 quia
1745 1837 1825 1867 ratio
1860 1838 2011 1868 naturalis
2034 1837 2074 1868 ad
2108 1839 2216 1878 ipsum
2245 1838 2378 1869 inclinat
2411 1838 2589 1879 dupliciter.

1523 1881 1642 1917 Primo,
1660 1887 1817 1921 quantum
1834 1881 1873 1911 ad
1888 1882 2098 1922 principalem
2122 1883 2190 1913 eius
2205 1882 2314 1919 finem,
2332 1883 2388 1923 qui
2404 1888 2451 1913 est
2466 1883 2591 1914 bonum

1523 1926 1631 1966 prolis.
1656 1926 1731 1956 Non
1747 1927 1833 1956 enirn
1857 1922 1992 1957 intendit
2007 1932 2119 1957 natura
2135 1927 2241 1957 solum
2260 1927 2499 1967 generationem
2515 1937 2591 1967 pro-

1523 1970 1571 2006 lis,
1588 1969 1643 2000 sed
1662 1969 1895 2000 traductionem
1919 1976 1951 2000 et
1973 1971 2214 2011 promotionem
2230 1981 2333 2012 usque
2357 1971 2396 2002 ad
2411 1971 2591 2011 perfectum

1523 2020 1639 2044 statum
1664 2015 1804 2044 hominis
1820 2015 2013 2054 inquantum
2036 2015 2137 2045 homo
2155 2021 2211 2052 est,
2229 2017 2284 2056 qui
2304 2021 2351 2046 est
2374 2021 2474 2046 status
2492 2017 2591 2046 virtu-

1522 2059 1571 2089 tis.
1597 2058 1700 2094 Unde,
1717 2058 1896 2089 secundum
1919 2059 2155 2100 Philosophum
2170 2061 2197 2096 ⁴²,
2213 2061 2271 2090 tria
2295 2070 2313 2090 a
2328 2061 2513 2100 parentibus
2535 2061 2590 2091 ha-

1523 2103 1652 2132 bemus:
1687 2102 1807 2132 scilicet
1833 2112 1914 2138 esse,
1947 2104 2178 2134 nutrimentum
2201 2110 2232 2135 et
2254 2104 2467 2145 disciplinam.
2491 2104 2591 2135 Filius

1523 2152 1630 2177 autem
1648 2157 1665 2177 a
1680 2152 1812 2187 parente
1829 2147 1957 2178 educari
1973 2154 2004 2178 et
2019 2148 2132 2178 instrui
2156 2158 2224 2179 non
2240 2154 2349 2189 posset
2363 2150 2425 2179 nisi
2441 2148 2590 2180 determi-

1521 2197 1614 2221 natos
1630 2197 1661 2222 et
1677 2197 1781 2222 certos
1797 2197 1942 2231 parentes
1958 2192 2096 2223 haberet.
2122 2193 2221 2231 Quod
2237 2203 2304 2224 non
2329 2199 2411 2224 esset
2429 2194 2491 2224 nisi
2510 2199 2592 2225 esset

1522 2236 1628 2276 aliqua
1652 2236 1804 2276 obligatio
1820 2237 1878 2266 viri
1902 2236 1942 2267 ad
1957 2237 2125 2268 mulierem
2142 2237 2399 2275 determinatam,
2425 2248 2508 2279 quae
2523 2247 2591 2269 ma-

1521 2281 1710 2311 trimonium
1734 2280 1817 2310 facit.

1577 2325 1739 2361 Secundo,
1756 2330 1914 2365 quantum
1938 2325 1978 2356 ad
2001 2326 2226 2357 secundarium
2250 2326 2349 2358 finem
2377 2328 2590 2365 matrimonii,

1522 2370 1579 2410 qui
1604 2376 1650 2400 est
1681 2375 1835 2400 mutuum
1865 2370 2060 2410 obsequium
2084 2371 2143 2401 sibi
2166 2381 2184 2401 a
2207 2372 2399 2412 coniugibus
2429 2372 2463 2402 in
2495 2373 2591 2403 rebus

1522 2413 1706 2445 domesticis
1729 2414 1923 2454 impensum.
1948 2414 2037 2446 Sicut
2053 2416 2139 2446 enim
2155 2416 2305 2446 naturalis
2328 2416 2409 2446 ratio
2433 2416 2530 2447 dictat
2554 2422 2591 2448 ut

1521 2459 1671 2489 homines
1694 2459 1789 2489 simul
1813 2459 2011 2495 cohabitent,
2038 2460 2113 2500 quia
2136 2469 2221 2490 unus
2243 2470 2311 2490 non
2335 2460 2451 2491 sufficit
2473 2461 2534 2491 sibi
2555 2462 2590 2492 in

1522 2503 1674 2534 omnibus
1703 2512 1785 2543 quae
1809 2502 1848 2533 ad
1871 2503 1969 2534 vitam
1996 2505 2176 2544 pertinent,
2202 2505 2326 2535 ratione
2355 2506 2446 2535 cuius
2474 2504 2590 2536 dicitur

1521 2548 1622 2578 homo
1648 2548 1844 2578 naturaliter
1859 2548 2015 2588 politicus
2030 2549 2062 2584 ὓς
2087 2547 2131 2579 ita
2147 2549 2242 2579 etiam
2266 2558 2379 2580 eorum
2401 2549 2517 2590 quibus
2540 2551 2589 2581 in·

1521 2592 1646 2633 digetur
1670 2592 1710 2622 ad
1729 2593 1904 2622 humanam
1927 2593 2034 2629 vitam,
2052 2592 2210 2633 quaedam
2234 2602 2332 2634 opera
2360 2599 2434 2624 sunt
2457 2603 2589 2636 compe—

1520 2638 1619 2667 tentia
1641 2637 1725 2672 viris,
1743 2636 1901 2677 quaedam
1925 2637 2122 2668 mulieribus.
2156 2637 2250 2668 Unde
2282 2643 2394 2668 natura
2417 2644 2530 2669 monet
2551 2645 2589 2670 ut

1520 2682 1559 2712 sit
1583 2681 1740 2722 quaedam
1764 2682 1931 2712 associatio
1954 2682 2013 2712 viri
2036 2681 2076 2712 ad
2099 2682 2284 2719 mulierem,
2309 2683 2342 2713 in
2365 2692 2429 2723 qua
2451 2689 2499 2715 est
2520 2693 2589 2714 ma-

1519 2726 1718 2756 trimonium.
1734 2744 1757 2748 —
1790 2726 1830 2756 Et
1862 2726 1918 2756 has
1949 2725 2027 2756 duas
2051 2736 2160 2757 causas
2192 2728 2285 2767 ponit
2316 2727 2532 2769 Philosophus
2554 2729 2588 2759 in

1518 2771 1591 2801 VIII
1614 2770 1804 2801 Ethicorum
1819 2771 1846 2800 ἦ

1574 2815 1624 2845 An
1648 2825 1766 2845 panum
1788 2824 1871 2845 aneo
1888 2825 2048 2845 DICENDUM
2072 2814 2162 2855 quod
2184 2821 2296 2846 natura
2312 2816 2452 2846 hominis
2468 2815 2509 2847 ad
2531 2816 2587 2847 ali-

1519 2859 1598 2900 quid
1620 2859 1751 2890 inclinat
1775 2858 1952 2900 dupliciter.
1978 2859 2053 2890 Uno
2077 2859 2177 2890 modo
2190 2884 2197 2896 ,
2222 2860 2298 2900 quia
2321 2865 2368 2890 est
2391 2861 2586 2892 conveniens

1518 2909 1648 2935 naturae
1664 2904 1804 2944 generis:
1830 2909 1861 2934 et
1883 2904 1947 2934 hoc
1963 2908 2010 2934 est
2025 2913 2200 2934 commune
2219 2904 2370 2935 omnibus
2386 2904 2585 2935 animalibus.

1517 2949 1592 2979 Alio
1616 2948 1727 2984 modo,
1745 2947 1835 2988 quod
1858 2953 1905 2978 est
1927 2949 2124 2978 conveniens
2146 2954 2277 2979 naturae
2301 2947 2505 2985 differentiae,
2522 2958 2586 2989 qua

1518 2993 1640 3034 species
1663 2993 1804 3023 humana
1827 2992 1971 3023 abundat
1986 3002 2007 3023 a
2028 3002 2150 3034 genere
2165 2993 2192 3029 *,
2208 2993 2401 3033 inquantum
2421 2998 2467 3023 est
2490 2994 2585 3024 ratio—

1517 3038 1611 3068 nalis:
1637 3038 1718 3067 sicut
1734 3042 1780 3067 est
1795 3036 1983 3077 prudentiae
2006 3042 2095 3067 actus
2110 3037 2161 3067 vel
2177 3037 2414 3078 temperantiae.
2444 3037 2486 3068 Et
2503 3037 2586 3068 sicut

1517 3087 1629 3112 natura
1651 3081 1794 3122 generis,
1822 3081 1967 3121 quamvis
1996 3081 2035 3111 sit
2057 3090 2122 3111 una
2144 3082 2178 3111 in
2202 3082 2352 3112 omnibus
2376 3081 2583 3119 animalibus,

1516 3136 1584 3157 non
1606 3131 1714 3156 tamen
1739 3130 1786 3156 est
1809 3124 1925 3156 eodem
1956 3125 2056 3156 modo
2080 3126 2113 3156 in
2137 3126 2306 3162 omnibus,
2331 3126 2375 3156 ita
2398 3126 2493 3156 etiam
2516 3135 2585 3157 non

1515 3171 1648 3202 inclinat
1671 3169 1787 3200 eodem
1819 3169 1919 3200 modo
1942 3170 1975 3200 in
2000 3170 2170 3206 omnibus,
2194 3169 2250 3200 sed
2282 3169 2462 3200 secundum
2495 3169 2585 3210 quod

1515 3215 1692 3255 unicuique
1716 3214 1881 3253 competit.

1570 3258 1622 3289 Ad
1645 3258 1887 3288 matrimonium
1903 3267 1978 3298 ergo
1994 3257 2126 3288 inclinat
2147 3263 2259 3289 natura
2277 3258 2418 3289 hominis
2435 3268 2473 3289 ex
2495 3264 2584 3299 parte

1516 3303 1720 3338 differentiae,
1737 3307 1895 3342 quantum
1918 3301 1958 3332 ad
1978 3302 2135 3332 rationem
2157 3302 2332 3333 secundam
2351 3303 2540 3343 assignatam
2555 3304 2582 3334 θ.

1515 3346 1609 3379 Unde
1622 3347 1837 3387 Philosophus
1849 3347 1866 3363 ³
1877 3346 1959 3376 hanc
1974 3346 2132 3376 rationem
2144 3347 2280 3387 assignat
2291 3347 2476 3378 hominibus
2488 3357 2584 3388 supra

1516 3392 1576 3422 alia
1592 3391 1750 3422 animalia.
1766 3409 1789 3413 -
1808 3389 1871 3421 Sed
1890 3395 2047 3430 quantum
2063 3390 2102 3420 ad
2121 3391 2278 3422 rationem
2296 3392 2433 3432 primam
2447 3393 2476 3428 ⁴¹,
2491 3391 2583 3422 incli-

1515 3441 1570 3466 nat
1586 3445 1623 3466 ex
1639 3441 1727 3476 parte
1742 3435 1876 3475 generis.
1900 3433 1994 3465 Unde
2010 3433 2086 3464 dicit
2101 3435 2118 3451 ⁴*
2137 3435 2227 3475 quod
2231 3436 2386 3476 filiorum
2391 3436 2582 3476 procreatio

1515 3480 1694 3510 communis
1717 3484 1764 3510 est
1791 3478 1937 3509 omnibus
1966 3479 2169 3510 animalibus.
2203 3480 2328 3511 Tamen
2357 3480 2398 3511 ad
2420 3480 2483 3511 hoc
2514 3489 2582 3510 non

1515 3524 1645 3555 inclinat
1669 3523 1785 3554 eodem
1801 3522 1901 3553 modo
1924 3523 1957 3553 in
1974 3523 2134 3553 omnibus.
2159 3523 2244 3562 Quia
2261 3524 2418 3565 quaedam
2435 3523 2582 3554 animalia

467 3569 534 3589 non
558 3560 596 3589 sit
619 3561 770 3591 naturale.
802 3561 886 3599 Quia
910 3562 959 3592 ius
983 3565 1133 3595 naturale
1156 3570 1203 3595 est
1224 3566 1310 3606 quod
1341 3572 1460 3597 natura
1474 3581 1498 3602 75
1514 3574 1588 3599 sunt
1601 3577 1741 3608 quorum
1757 3566 1823 3603 filii,
1835 3567 1939 3597 statim
1951 3567 2026 3604 nati,
2039 3573 2175 3607 possunt
2186 3567 2379 3600 sufficienter
2390 3569 2449 3599 sibi
2460 3568 2581 3598 victum

2621 296 2714 344 {iitfgki
2716 297 2786 351 ’1¹12ss
2792 297 2832 346 1¹?

2621 558 2631 568 ·
2638 556 2674 578 De
2681 557 2768 579 Invent.
2775 557 2834 579 Rhe-

2621 585 2666 604 tor.
2676 583 2716 605 lib.
2723 583 2740 609 1.
2749 590 2800 611 cap.
2808 590 2833 606 ιι.

2621 733 2631 743 '¹
2639 732 2735 755 Αήειοτ.
2740 732 2833 761 Pity-tte.

2621 758 2724 786 1ib.V111‚
2733 765 2783 787 cap.
2792 766 2833 784 vu,

2621 790 2681 834 κο.
2686 795 2695 801 -
2701 785 2772 808 8.Τὶ1.
2781 787 2833 808 lect.

2620 1134 2630 1145 ·
2641 1134 2698 1156 Loc.
2705 1134 2744 1156 cit.
2755 1141 2834 1163 supra.

2621 1265 2674 1313 {Cn
2692 1279 2699 1286 ⁸
2709 1271 2783 1315 ⁸123.
2790 1272 2833 1314 Zit-

2621 1402 2631 1412 ·
2644 1400 2720 1424 mie.
2737 1401 2777 1424 nis.
2791 1401 2834 1427 lx,

2620 1433 2834 1477 {tantas

2619 1480 2689 1503 Pom.
2700 1481 2740 1503 ma.
2751 1481 2807 1509 150·
2825 1497 2833 1503 .

2620 1513 2732 1557 ἰὲᾲωιςς
2751 1514 2772 1530 ι.
2785 1508 2807 1530 Τ
2827 1524 2832 1529 .

2618 2064 2629 2075 ·
2635 2062 2712 2086 Εειιεε.
2722 2063 2762 2086 nb.
2769 2064 2834 2092 vm,

2619 2095 2832 2140 ἕῆἔᾪέἓῶ

2615 2779 2626 2791 ·
2633 2778 2690 2801 Loe.
2697 2778 2736 2802 cit.
2745 2778 2769 2801 in
2779 2784 2829 2807 arg.

2614 2805 2664 2827 Sed
2676 2807 2738 2828 cont.
2752 2811 2774 2828 2.

2613 3001 2624 3011 ·
2631 2999 2743 3047 Potiphyr.
2751 2999 2826 3022 Prae-

2612 3025 2827 3101 ffirmaffi

2611 3305 2622 3314 ·
2636 3303 2662 3326 ln
2676 3309 2783 3333 corpore.

2611 3353 2621 3364 '
2629 3352 2686 3376 Lot.
2698 3353 2737 3376 dt.
2744 3353 2768 3375 in
2778 3353 2825 3376 flu·

2610 3384 2692 3428 9033·
2705 3405 2728 3428 in
2742 3411 2808 3435 eorp-

2611 3437 2621 3448 ·
2631 3436 2687 3459 Loe.
2698 3442 2764 3465 prox.
2773 3436 2813 3460 dt.
