2878 4088
157 242 166 251 ·
182 238 239 261 Ord.
255 238 336 260 Bedae.

154 1433 166 1441 ·
175 1431 233 1458 Cap.
243 1435 293 1455 vm.
304 1435 326 1452 n.
344 1435 367 1456 ¹5

155 1464 208 1486 sqq.
217 1469 226 1474 -
234 1456 367 1479 s.·rh.1ect.

155 1491 206 1506 xnt.

156 1875 166 1884 ·
175 1872 263 1894 Homil.
272 1872 368 1894 xxxin

156 1899 260 1926 Evang„
276 1905 297 1921 n.
315 1906 333 1921 ι.

400 154 475 191 232

396 233 470 264 dam
486 233 600 264 Glossa
615 235 632 251 ⁴*
656 233 745 273 quod
768 234 800 264 in
814 234 889 274 fine
904 223 1048 264 'aureola
1069 233 1312 274 superponitur,
1333 242 1405 263 cum
1430 231 1462 261 in

396 277 566 318 Scriptura
602 277 731 308 dicatur
769 277 855 319 quod
887 278 932 309 eis
964 277 1134 309 sublimior
1164 278 1275 319 gloria
1308 277 1339 307 in
1377 285 1463 306 rece-

389 322 503 362 ptione
536 332 711 363 corporum
743 327 898 353 servetur.
934 321 985 353 Sic
1010 327 1116 353 autem
1147 331 1234 352 nunc
1262 321 1301 352 de
1334 320 1462 351 aureola

395 375 463 397 non
487 367 598 406 agitur.

1086 153 1349 201 QUAESTIO
1379 150 1514 199 xcv1,
1543 150 1838 189 ARTICULUS
1866 152 1895 188 11

1642 252 1741 283 ART.
1767 251 1804 283 11.
1828 263 1933 283 uranu
1955 263 2100 284 amona
2122 262 2274 284 omniur
2297 263 2318 283 A
2341 263 2460 284 ranei-u

1582 328 1603 349 n
1639 328 1801 350 secuuntur
1839 329 1885 350 src
1919 327 2123 349 pnocnnrrua.
2156 318 2290 350 Videtur
2328 318 2418 359 quod
2452 319 2581 349 aureola

1581 372 1650 394 non
1684 362 1807 394 differat
1836 373 1854 394 a
1883 362 1999 394 fructu.
2031 363 2146 395 Eidem
2176 364 2291 394 merito
2326 372 2394 393 non
2426 362 2582 394 debentur

450 410 525 440 Alio
549 409 661 447 modo,
686 418 724 441 ex
746 411 869 442 ratione
893 411 998 451 operis
1022 410 1185 441 meritorii.
1208 409 1308 447 Quod
1331 407 1462 449 quidem
1484 417 1493 436 ς
1517 406 1638 438 diversa
1659 408 1810 448 praemia.
1835 407 1898 439 Sed
1921 406 2026 438 eidem
2056 408 2171 438 merito
2194 407 2367 448 respondet
2399 407 2528 437 aureola
2551 412 2582 437 et

396 455 554 485 rationem
576 455 681 486 meriti
704 455 799 486 habet
823 465 860 486 ex
884 455 1022 491 duobus,
1047 464 1084 485 ex
1108 454 1225 495 quibus
1249 454 1344 484 etiam
1367 452 1462 482 habet
1507 452 1644 493 fructus
1659 452 1859 488 centesimus,
1877 452 1997 482 scilicet
2019 452 2214 492 virginitatis,
2231 457 2267 482 ut
2282 456 2370 492 patet
2384 451 2419 481 in
2435 450 2550 482 Glossa
2565 452 2582 468 θ

396 499 546 529 bonitatis
562 500 736 530 rationem:
762 499 882 530 scilicet
897 508 935 530 ex
958 498 1063 529 radice
1087 499 1231 534 caritatis,
1249 507 1313 537 qua
1328 496 1462 527 refertur

395 543 429 573 in
451 542 551 574 finem
573 543 734 580 ultimum,
759 549 791 575 et
813 545 858 574 sic
881 543 1015 574 debetur
1038 544 1067 574 ei
1091 542 1255 573 essentiale
1271 541 1460 582 praemium,

396 587 517 618 scilicet
545 589 712 628 perventio
736 588 776 619 ad
804 587 913 623 finem,
938 597 1021 628 quae
1051 593 1098 618 est
1120 597 1222 617 aurea
1230 593 1242 623 ,¹
1270 591 1301 616 et
1324 595 1362 616 ex
1389 585 1460 625 ipso

395 641 512 671 genere
536 637 634 669 actus,
659 632 749 673 quod
771 632 1019 663 laudabilitatem
1043 631 1204 672 quandam
1227 631 1322 661 habet
1346 639 1384 660 ex
1407 629 1462 660 de-

396 676 468 706 bitis
493 677 746 713 circumstantiis,
763 682 795 707 et
811 686 849 707 ex
865 677 974 707 habitu
992 676 1147 712 eliciente,
1163 681 1195 706 et
1217 675 1365 716 proximo
1382 673 1460 710 fine;

396 725 427 750 et
449 721 495 751 sic
518 720 652 752 debetur
674 722 701 752 ei
733 720 898 761 quoddam
929 720 1122 751 accidentale
1152 720 1341 760 praemium,
1373 718 1463 759 quod

396 765 533 795 aureola
557 764 680 796 dicitur.
705 765 746 795 Et
768 766 832 795 hoc
848 764 948 795 modo
973 764 1012 795 de
1035 764 1164 795 aureola
1188 764 1228 794 ad
1249 773 1398 805 praesens
1413 764 1462 793 in-

395 808 566 839 tendimus.
591 810 633 839 Et
656 810 701 839 sic
717 808 890 839 dicendum
915 814 961 840 est
977 809 1067 849 quod
1090 809 1220 839 aureola
1243 808 1319 839 dicit
1342 807 1463 849 aliquid

396 862 510 884 aureae
533 852 790 893 superadditum:
815 853 905 889 idest,
930 853 1094 893 quoddam
1117 852 1271 893 gaudium
1294 852 1334 883 de
1357 852 1462 892 operi-

395 898 455 927 bus
478 907 496 927 a
519 907 552 927 se
569 896 658 927 factis
682 906 764 936 quae
780 897 899 927 habent
921 897 1079 927 rationem
1097 897 1249 927 victoriae
1269 896 1462 932 excellentis,

396 940 486 981 quod
509 947 556 971 est
579 940 665 971 aliud
694 940 849 980 gaudium
872 941 910 970 ab
935 950 975 971 eo
1003 949 1071 980 quo
1098 940 1138 971 de
1165 941 1397 971 coniunctione
1424 939 1464 970 ad

394 985 502 1015 Deum
524 984 690 1025 gaudetur,
715 984 804 1024 quod
827 984 980 1024 gaudium
1004 993 1099 1015 aurea
1122 984 1246 1014 dicitur.

449 1029 500 1059 An
524 1036 641 1059 pansum
664 1038 747 1059 aneo
767 1038 927 1059 mammon
943 1027 1033 1069 quod
1049 1027 1214 1059 beatitudo
1230 1027 1365 1058 includit
1379 1028 1414 1058 in
1430 1037 1463 1058 se

395 1073 505 1103 omnia
527 1073 613 1104 bona
637 1082 719 1113 quae
747 1078 821 1104 sunt
849 1073 1026 1103 necessasia
1053 1072 1093 1103 ad
1120 1072 1295 1112 perfectam
1322 1072 1462 1102 hominis

394 1118 501 1153 vitam,
527 1127 609 1157 quae
633 1118 777 1148 consistit
795 1118 828 1147 in
852 1116 992 1157 perfecta
1010 1117 1150 1147 hominis
1177 1117 1375 1157 operatione.
1400 1116 1463 1147 Sed

395 1161 553 1202 quaedam
576 1166 712 1202 possunt
735 1160 914 1202 superaddi,
930 1170 999 1191 non
1023 1162 1113 1201 quasi
1136 1161 1313 1191 necessaria
1335 1160 1375 1191 ad
1390 1170 1462 1201 per—

394 1206 510 1236 fectam
541 1207 763 1246 operationem
791 1211 827 1236 ut
849 1206 918 1236 sine
942 1206 1058 1246 quibus
1083 1214 1150 1236 esse
1173 1215 1241 1236 non
1264 1205 1382 1245 possit:
1407 1205 1462 1235 sed

395 1251 480 1291 quia,
504 1251 553 1280 his
577 1250 698 1286 additis,
724 1255 771 1280 est
793 1249 957 1280 beatitudo
982 1250 1105 1280 clarior.
1130 1249 1224 1281 Unde
1247 1250 1407 1290 pertinent
1423 1249 1463 1280 ad

394 1295 477 1325 bene
501 1303 569 1325 esse
591 1294 805 1331 beatitudinis,
831 1299 862 1324 et
885 1293 925 1324 ad
955 1293 1134 1325 decentiam
1158 1293 1320 1335 quandam
1350 1294 1460 1334 ipsius.

394 1339 483 1370 Sicut
499 1344 530 1369 et
553 1338 685 1369 felicitas
700 1339 831 1379 politica
847 1344 978 1369 ornatur
993 1339 1158 1369 nobilitate
1183 1344 1214 1369 et
1230 1339 1374 1379 corporis
1389 1338 1461 1379 pul·-

394 1383 550 1414 critudine
574 1389 606 1414 et
628 1382 828 1419 huiusmodi,
853 1383 921 1414 sine
945 1383 1062 1423 quibus
1086 1392 1154 1413 esse
1177 1388 1293 1424 potest,
1321 1388 1358 1413 ut
1375 1388 1463 1423 patet

393 1429 427 1458 in
451 1428 463 1457 Ι
486 1427 589 1458 Ethic.
607 1429 623 1444 *
646 1428 688 1458 Et
710 1428 774 1458 hoc
797 1427 897 1458 modo
926 1436 959 1458 se
982 1428 1078 1458 habet
1108 1427 1237 1458 aureola
1266 1427 1304 1458 ad
1327 1428 1462 1458 beatitu-

395 1471 503 1503 dinem
526 1473 655 1512 patriae.

449 1517 500 1546 An
524 1526 687 1547 suerranum
710 1525 869 1547 mmmmm
886 1516 976 1556 quod
999 1516 1052 1547 ille
1075 1517 1132 1556 qui
1156 1522 1258 1547 servat
1281 1517 1414 1547 consilia
1433 1522 1464 1547 et
1479 1525 1504 1545 ³⁰

394 1566 574 1601 praecepta,
587 1570 713 1601 semper
728 1566 868 1591 meretur
883 1561 983 1600 magis
996 1570 1094 1600 quam
1110 1561 1163 1591 ille
1180 1562 1236 1602 qui
1256 1567 1358 1592 servat
1372 1570 1463 1602 prae-

395 1611 487 1646 cepta
509 1610 644 1641 tantum,
661 1604 840 1636 secundum
864 1604 958 1645 quod*
969 1606 1049 1635 ratio
1068 1606 1172 1636 meriti
1197 1605 1415 1636 consideratur
1429 1606 1463 1636 in

395 1650 546 1690 operibus
569 1659 607 1680 ex
629 1650 701 1690 ipso
725 1659 841 1690 genere
865 1659 1018 1690 operum:
1042 1659 1110 1680 non
1134 1655 1241 1681 autem
1265 1659 1392 1690 semper
1414 1659 1463 1680 se-

396 1694 540 1725 cundum
556 1695 646 1734 quod
661 1694 740 1724 ratio
756 1694 861 1724 meriti
879 1699 1030 1734 pensatur
1046 1703 1084 1724 ex
1099 1693 1204 1725 radice
1225 1695 1370 1731 caritatis,
1387 1704 1463 1725 cum

396 1738 594 1779 quandoque
618 1748 655 1768 ex
671 1739 786 1768 maiori
802 1739 930 1768 caritate
946 1738 1060 1778 aliquis
1084 1744 1187 1769 servet
1209 1745 1379 1779 praecepta
1394 1744 1463 1770 tan—

394 1789 465 1813 turn
490 1791 587 1823 quam
619 1782 732 1823 aliquis
755 1787 925 1823 praecepta
952 1788 984 1813 et
1014 1783 1155 1813 consilia.
1187 1782 1250 1814 Sed
1279 1789 1315 1814 ut
1344 1783 1463 1824 pluries

395 1827 510 1858 accidit
534 1837 551 1857 e
575 1836 748 1857 converso:
773 1827 849 1867 quia
866 1827 1019 1867 probatio
1044 1827 1225 1858 dilectionis
1248 1828 1400 1858 exhibitio
1418 1833 1465 1858 est

396 1871 512 1912 operis,
543 1877 580 1902 ut
602 1871 776 1911 Gregorius
804 1870 880 1901 dicit
896 1872 921 1901 st.
954 1871 1030 1901 Non
1054 1880 1129 1911 ergo
1153 1872 1260 1912 ipsum
1283 1872 1463 1913 praemium

395 1916 561 1946 essentiale
590 1916 691 1955 magis
722 1916 883 1945 intensum
915 1914 1029 1945 dicitur
1058 1916 1197 1952 aureola,
1227 1915 1282 1946 sed
1311 1915 1344 1946 id
1373 1916 1463 1956 quod

1516 496 1627 527 Matth.
1652 506 1707 526 xm
1722 497 1748 526 *.
1773 496 1860 536 Ergo
1884 496 2013 526 aureola
2036 502 2083 526 est
2104 495 2191 527 idem
2214 496 2304 536 quod
2326 495 2459 526 fructus.

1572 550 1602 571 2.
1619 541 1815 577 PRAETEREA‚
1832 540 2031 581 Augustinus
2048 540 2133 577 dicit,
2149 541 2183 571 in
2198 540 2280 571 libro
2296 539 2336 570 de
2352 539 2545 581 Virginitate
2554 539 2580 576 ⁵,

1516 585 1606 625 quod
1629 586 1822 616 centesimus
1845 585 1966 615 fructus
1989 584 2123 615 debetur
2145 585 2284 625 martyri.
2308 584 2350 615 Et
2376 584 2463 615 idem
2486 584 2581 615 debe-

1477 642 1503 657 ιο
1515 634 1567 660 tur
1589 630 1703 670 virgini
1719 630 1745 660 *.
1770 630 1856 670 Ergo
1879 629 2002 660 fructus
2025 634 2072 660 est
2095 628 2259 670 quoddam
2288 630 2468 669 praemium
2492 637 2581 659 com—

1515 683 1616 705 mune
1631 674 1805 714 virginibus
1829 679 1860 704 et
1882 674 2082 715 martyribus.
2107 673 2170 704 Sed
2187 673 2307 704 eisdem
2331 673 2427 704 etiam
2449 673 2581 704 debetur

1517 719 1647 749 aureola
1661 719 1688 749 ’ἦ
1712 718 1798 759 Ergo
1823 718 1951 749 aureola
1975 723 2022 749 est
2043 717 2130 748 idem
2154 717 2244 758 quod
2266 717 2398 748 fructus.

1573 763 1603 794 3.
1627 763 1823 799 Paaarxana,
1846 763 1881 793 in
1903 762 2098 793 beatitudine
2114 772 2182 793 non
2205 762 2366 793 invenitur
2387 762 2449 792 nisi
2465 761 2583 803 duplex

1516 808 1712 848 praemium:
1737 807 1858 838 scilicet
1881 807 2063 843 essentiale;
2088 812 2119 837 et
2142 806 2346 843 accidentale,
2364 806 2454 846 quod
2477 816 2583 837 essen—

1478 863 1501 884 ις
1516 851 1582 882 tiali
1606 851 1837 892 superadditur.
1867 851 1930 882 Sed
1952 851 2132 891 praemium
2162 851 2318 882 essentiali
2342 850 2583 892 superadditum

1517 895 1639 926 dictum
1673 901 1720 926 est
1738 897 1754 913 ⁴*
1778 905 1846 926 esse
1869 895 2051 926 aureolam:
2082 895 2172 936 quod
2202 901 2291 936 patet
2314 905 2352 926 ex
2384 896 2448 927 hoc
2481 895 2582 936 quod,

1516 939 1624 970 Exod.
1651 949 1712 971 xxv
1727 941 1754 976 ',
1783 940 1912 970 aureola
1941 948 2082 970 coronae
2110 949 2224 971 aureae
2254 941 2430 980 superponi
2458 939 2582 971 dicitur.

1516 983 1581 1014 Sed
1603 983 1726 1014 fructus
1748 993 1817 1014 non
1840 989 1888 1014 est
1908 985 2090 1024 praemium
2113 985 2295 1015 essentiale:
2321 985 2397 1025 quia
2419 985 2465 1015 sic
2488 983 2583 1016 debe—

1517 1032 1604 1057 retur
1627 1028 1778 1058 omnibus
1801 1028 1910 1058 beatis.
1934 1028 2020 1068 Ergo
2044 1033 2091 1059 est
2113 1028 2199 1059 idem
2223 1028 2313 1069 quod
2336 1029 2475 1059 aureola.

1573 1071 1635 1102 San
1660 1081 1794 1107 CONTRA,
1819 1080 2045 1112 quaecumque
2067 1081 2136 1103 non
2151 1078 2226 1103 sunt
2242 1072 2385 1103 eiusdem
2409 1073 2582 1110 divisionis,

1516 1124 1584 1145 non
1615 1120 1690 1146 sunt
1719 1115 1864 1146 eiusdem
1893 1115 2034 1146 rationis.
2059 1115 2123 1147 Sed
2152 1116 2274 1147 fmctus
2302 1122 2334 1147 et
2363 1117 2493 1148 aureola
2514 1126 2583 1148 non

1516 1159 1660 1190 similiter
1690 1159 1887 1190 dividuntur:
1919 1160 1995 1200 quia
2018 1160 2147 1190 aureola
2177 1160 2328 1191 dividitur
2356 1161 2389 1191 in
2420 1162 2584 1192 aureolam

1515 1204 1686 1244 virginum,
1702 1209 1879 1245 martyrum
1902 1209 1934 1234 et
1956 1203 2128 1235 doctorum
2144 1205 2177 1241 “;
2193 1204 2316 1235 fructus
2339 1210 2448 1236 autem
2469 1205 2504 1236 in
2518 1205 2584 1236 fru-
2612 1212 2623 1222 ·

1516 1254 1605 1279 ctum
1626 1249 1884 1289 coniugatorum,
1901 1248 2070 1279 viduarum
2086 1253 2118 1279 et
2132 1249 2293 1289 virginum
2308 1250 2334 1279 *.
2359 1249 2446 1290 Ergo
2462 1248 2585 1281 fructus
2611 1254 2623 1265 ·

1476 1303 1500 1324 ²5
1516 1298 1549 1323 et
1571 1293 1701 1323 aureola
1723 1302 1791 1323 non
1815 1295 1890 1324 sunt
1910 1291 2005 1323 idern.

1574 1347 1603 1368 2.
1628 1338 1825 1374 Pueritiam,
1849 1338 1875 1368 si
1897 1336 2020 1368 fructus
2043 1343 2075 1368 et
2105 1338 2234 1368 aureola
2264 1342 2369 1368 essent
2391 1337 2488 1374 idem,
2518 1339 2586 1369 cui·

1518 1390 1659 1422 cumque
1676 1381 1845 1412 deberetur
1859 1381 1991 1418 fructus,
2005 1381 2173 1412 deberetur
2189 1387 2221 1412 et
2235 1383 2374 1413 aureola.
2387 1383 2462 1414 Hoc
2477 1388 2584 1414 autem

1517 1431 1605 1467 patet
1632 1435 1700 1457 esse
1724 1426 1854 1457 falsum:
1887 1427 1963 1467 quia
1991 1426 2114 1457 fructus
2137 1426 2271 1457 debetur
2293 1426 2439 1458 viduitati
2458 1428 2494 1464 ²,
2516 1436 2585 1458 non
2613 1432 2623 1442 ·

1518 1476 1626 1502 autem
1650 1471 1789 1501 aureola.
1814 1471 1910 1511 Ergo,
1936 1476 1995 1501 etc.

1572 1516 1763 1546 Rnspommo
1786 1524 1948 1545 monimum
1963 1514 2053 1555 quod
2076 1524 2113 1545 ea
2130 1524 2213 1555 quae
2235 1516 2454 1556 metaphorice
2473 1515 2586 1547 dicun-

1517 1565 1578 1596 tur,
1603 1565 1740 1600 possunt
1762 1560 1848 1590 varie
1871 1560 1983 1600 accipi,
2008 1558 2187 1591 secundum
2210 1559 2448 1600 adaptationem
2476 1559 2517 1591 ad
2538 1559 2586 1591 di—

1517 1614 1621 1635 versas
1643 1604 1854 1644 proprietates
1877 1605 1946 1635 eius
1962 1603 2048 1635 unde
2071 1603 2108 1634 fit
2130 1605 2353 1645 transumptio.
2370 1604 2458 1635 Cum
2478 1610 2586 1635 autem

1508 1649 1646 1691 fructus
1669 1649 1799 1689 proprie
1828 1649 1862 1679 in
1894 1649 1989 1679 rebus
2019 1649 2240 1689 corporalibus
2270 1648 2393 1680 dicatur
2416 1649 2456 1680 de
2486 1654 2586 1680 ten-ae

1517 1693 1732 1729 nascentibus,
1757 1692 1936 1723 secundum
1959 1692 2097 1723 diversas
2127 1692 2329 1724 conditiones
2353 1703 2438 1734 quae
2462 1694 2497 1724 in
2519 1693 2585 1724 fru-

1479 1747 1501 1767 ³5
1518 1738 1621 1768 ctibus
1650 1737 1869 1778 corporalibus
1892 1737 2027 1768 inveniri
2052 1742 2204 1777 possunt,
2228 1737 2441 1768 diversimode
2463 1737 2586 1769 fructus

1517 1782 1721 1822 spiritualiter
1736 1782 1900 1821 accipitur.
1917 1781 2053 1812 Fructus
2070 1782 2157 1812 enim
2173 1782 2348 1822 corporalis
2371 1781 2510 1813 dulcedo
2527 1787 2584 1817 est,

1518 1835 1600 1866 quae
1623 1825 1726 1857 reficit
1748 1825 1927 1856 secundum
1951 1825 2041 1865 quod
2064 1826 2097 1856 in
2121 1835 2218 1856 usum
2240 1826 2381 1857 hominis
2409 1827 2513 1864 venit3
2538 1832 2586 1857 est

1517 1871 1613 1901 etiarn
1635 1870 1787 1901 ultimum
1819 1869 1859 1900 ad
1882 1869 1972 1910 quod
2004 1870 2148 1910 operatio
2180 1875 2312 1901 naturae
2343 1872 2504 1911 pervenit;
2538 1871 2586 1902 est

1518 1916 1613 1946 etiam
1636 1914 1669 1945 id
1686 1914 1775 1955 quod
1796 1923 1838 1944 ex
1853 1914 2044 1954 agricultura
2067 1919 2251 1955 expectatur
2265 1923 2324 1956 per
2337 1915 2585 1947 seminationem

393 1961 537 2000 praemio
554 1959 711 1990 essentiali
728 1958 965 1999 superadditur:
981 1958 1198 1990 indifferenter
1215 1960 1283 1990 sive
1305 1961 1345 1990 sit
1359 1961 1463 1991 maius
1476 1971 1503 1991 4ο
1517 1959 1567 1990 vel
1591 1967 1818 1999 quoscumque
1842 1958 1921 1989 alios
1945 1957 2072 1989 modos.
2552 1996 2554 2000 .
2677 1978 2687 1998 3

1570 2002 1780 2044 Quandoque
1802 2003 1898 2043 igitur
1921 2001 2044 2033 fructus
2067 2002 2270 2043 spiritualiter
2287 2004 2442 2044 accipitur
2464 2012 2524 2045 pro
2541 2012 2584 2035 eo
2640 2005 2643 2007 ’
2674 2005 2677 2007 ’

393 2005 574 2044 praemium
597 2003 762 2034 essentiale
785 2004 930 2034 habentis
954 2003 1134 2040 aureolam,
1159 2005 1225 2035 sive
1248 2004 1372 2041 minus,
1397 2004 1463 2035 sive

394 2049 534 2088 aequale.
550 2048 693 2088 praemio
719 2048 876 2078 essentiali
899 2057 966 2078 non
990 2048 1144 2078 habentis.

449 2093 499 2123 An
519 2102 654 2123 rem-mm
673 2101 833 2122 mmmmm
856 2091 946 2132 quod
970 2093 1081 2122 caritas
1105 2098 1152 2122 est
1175 2093 1370 2134 principium
1393 2103 1462 2124 me-

393 2137 498 2173 rendi,
524 2136 580 2167 sed
603 2142 691 2167 actus
715 2141 823 2167 noster
846 2142 893 2167 est
917 2137 1007 2177 quasi
1031 2138 1279 2168 instrumentum
1303 2147 1370 2178 quo
1394 2147 1460 2168 me-

1517 2047 1607 2088 quod
1629 2046 1732 2078 reficit
1755 2047 1846 2087 quasi
1868 2046 2002 2077 ultimus
2017 2046 2100 2077 finis.
2125 2046 2168 2077 Et
2189 2047 2368 2078 secundum
2382 2049 2466 2079 hanc
2488 2048 2585 2090 signi-

2610 457 2619 467 ·
2635 455 2692 478 Ord.

2610 500 2620 509 '¹
2636 498 2702 520 Vero.
2718 505 2751 527 23.

2610 539 2692 588 bssli:
2707 541 2822 589 *ὅὲὰῖἳὲ

2608 593 2689 615 Matth.
2705 599 2756 622 cap.
2771 600 2822 620 xm,

2608 625 2723 673 r‘taet.

2610 721 2621 733 ·
2635 721 2687 743 Αη.
2701 725 2722 750 5,
2737 721 2759 743 ⁶.

2611 903 2622 913 ·
2635 902 2686 924 Art.
2702 901 2809 930 praeced.

2611 947 2622 957 ·
2632 946 2699 968 Vm.
2716 951 2748 974 ²5·

1513 2091 1700 2123 ficationem
1724 2091 1861 2122 dicimur
1883 2091 1954 2121 Deo
1969 2091 2069 2133 frui:
2090 2090 2231 2131 perfecte
2254 2086 2387 2132 quidem
2409 2093 2443 2123 in
2467 2093 2584 2134 patria
2640 2112 2643 2113 ν

1514 2135 1702 2178 imperfecte
1718 2141 1826 2167 autem
1850 2136 1883 2166 in
1899 2136 1958 2166 via.
1983 2135 2025 2166 Et
2041 2144 2078 2166 ex
2100 2135 2160 2166 hac
2174 2135 2410 2175 significatione
2432 2137 2586 2178 accipitur

392 2190 509 2212 remur.
534 2181 586 2212 Ad
609 2180 759 2212 effectum
783 2186 891 2211 autem
907 2180 1175 2221 consequendum
1197 2191 1265 2212 non
1288 2182 1394 2213 solum
1411 2193 1460 2213 re—
1475 2193 1499 2212 ις
1507 2181 1632 2224 fruitio
1657 2190 1741 2221 quae
1764 2185 1811 2211 est
1834 2179 1892 2211 dos
1908 2181 1935 2210 *.
1951 2197 1974 2203 —
1989 2179 2041 2211 Sic
2058 2185 2165 2211 autem
2181 2188 2269 2211 nunc
2287 2180 2328 2211 de
2346 2180 2503 2213 fructibus
2514 2182 2586 2223 {ion
2613 2186 2676 2215 ἀπ.
2686 2190 2826 2216 xm,m.5.

393 2227 529 2266 quiritur
552 2225 656 2256 debita
687 2225 854 2266 dispositio
885 2226 918 2256 in
948 2226 1054 2266 primo
1085 2232 1247 2262 movente,
1279 2226 1335 2258 sed
1366 2228 1462 2258 etiarn

393 2276 478 2301 recta
501 2269 668 2311 dispositio
691 2270 725 2300 in
748 2270 972 2300 instrumento.
989 2270 1031 2300 Et
1053 2270 1128 2301 ideo
1151 2270 1185 2301 in
1202 2270 1317 2302 effectu
1341 2271 1462 2312 aliquid

394 2316 602 2355 consequitur
626 2324 664 2344 ex
679 2319 767 2355 parte
791 2315 885 2354 primi
908 2315 1067 2355 principii,
1085 2314 1175 2355 quod
1199 2321 1245 2346 est
1267 2316 1460 2357 principale;

393 2365 425 2390 et
448 2358 568 2400 aliquid
598 2369 636 2390 ex
666 2364 755 2399 parte
785 2359 997 2395 instrumenti,
1028 2359 1118 2399 quod
1148 2365 1195 2390 est
1225 2360 1460 2391 secundarium.

1515 2226 1780 2310 loqgffitdldoque
1804 2274 1912 2300 autem
1936 2269 2072 2299 sumitur
2095 2268 2217 2300 fructus
2240 2269 2443 2310 spiritualiter
2464 2278 2526 2311 pro
2544 2275 2585 2301 eo

1517 2314 1607 2355 quod
1633 2313 1735 2345 reficit
1761 2318 1903 2349 tantum,
1931 2313 2078 2354 quamvis
2105 2322 2173 2344 non
2201 2314 2243 2344 sit
2268 2314 2400 2345 ultimus
2429 2314 2512 2345 finis.
2542 2314 2586 2345 Et

1517 2360 1562 2390 sic
1584 2360 1716 2389 virtutes
1742 2357 1864 2389 fructus
1891 2357 2051 2394 dicuntur,
2074 2358 2268 2398 inquantum
2295 2363 2430 2389 mentem
2457 2359 2585 2390 sincera

392 2403 487 2435 Unde
512 2409 542 2434 et
564 2404 598 2434 in
621 2404 766 2444 praemio
790 2402 911 2443 aliquid
935 2408 982 2434 est
1005 2412 1043 2434 ex
1065 2409 1155 2444 parte
1179 2405 1324 2442 caritatis,
1342 2405 1462 2436 scilicet
1477 2414 1503 2434 50
1517 2403 1686 2435 dulcedine
1710 2403 1874 2444 reficiunt,
1898 2408 1935 2433 ut
1950 2402 2170 2433 Ambrosius·
2186 2402 2271 2433 dicit.
2295 2403 2338 2434 Et
2359 2404 2405 2434 sic
2429 2404 2584 2444 accipitur

393 2456 506 2485 aurea;
531 2453 562 2478 et
585 2447 706 2488 aliquid
733 2457 771 2478 ex
798 2457 914 2487 genere
944 2448 1149 2488 operationis,
1173 2448 1294 2480 scilicet
1322 2450 1460 2480 aureola.

448 2492 499 2522 An
528 2500 675 2522 onam-tm
705 2501 866 2522 DICENDUM
897 2491 986 2532 quod
1017 2492 1121 2532 angeli
1145 2502 1259 2524 omnes
1288 2494 1322 2524 in
1346 2493 1462 2525 eodem

392 2545 510 2577 genere
526 2542 615 2567 actus
638 2545 730 2566 suam
746 2535 977 2567 beatitudinem
993 2542 1188 2574 meruerunt,
1205 2538 1326 2569 scilicet
1348 2539 1381 2569 in
1398 2539 1461 2569 hoc

394 2580 484 2621 quod
497 2586 582 2621 ‚sunt
605 2581 751 2611 conversi
778 2579 818 2610 ad
840 2580 964 2611 Deum:
990 2586 1022 2611 et
1048 2580 1123 2612 ideo
1145 2582 1273 2613 nullum
1303 2583 1462 2623 singulare

1516 2448 1639 2479 fructus
1656 2447 1764 2478 Galat.
1780 2456 1802 2477 v
1817 2448 1851 2477 ἐ
1875 2447 2016 2478 Fructus
2030 2451 2138 2477 autem
2154 2446 2295 2488 Spiritus
2307 2447 2476 2489 gaudia-m,
2490 2452 2550 2479 etc.
2562 2465 2586 2470 —

1517 2493 1569 2524 Sic
1593 2498 1701 2523 autem
1725 2491 1764 2522 de
1787 2491 1944 2522 fructibus
1966 2501 2054 2522 nunc
2078 2492 2174 2522 etiarn
2196 2501 2264 2522 non
2288 2493 2453 2532 quaeritur
2466 2493 2494 2523 '.

1571 2537 1682 2567 Potest
1705 2542 1814 2567 autem
1837 2536 1900 2566 alio
1923 2535 2024 2566 modo
2041 2537 2126 2566 sumi
2149 2535 2271 2567 fructus
2290 2537 2460 2577 spiritualis
2483 2536 2522 2567 ad
2544 2537 2585 2568 si-

1515 2581 1731 2612 militudinem
1755 2578 1930 2621 corporalis
1953 2579 2075 2611 fmcms
2105 2580 2298 2621 inquantum
2321 2581 2496 2621 corporalis
2518 2580 2584 2612 fru-

392 2626 573 2666 praemium
596 2625 756 2656 invenitur
778 2625 812 2655 in
830 2634 898 2655 uno
923 2624 1012 2665 quod
1029 2625 1108 2656 alius
1130 2635 1198 2657 non
1222 2627 1336 2658 habeat
1351 2628 1460 2668 aliquo
1477 2636 1499 2657 55
1516 2632 1586 2657 ctus
1609 2632 1655 2656 est
1679 2625 1844 2666 quoddam
1860 2623 2072 2655 commodum
2088 2624 2179 2665 quod
2194 2635 2232 2655 ex
2251 2625 2360 2656 labore
2376 2625 2585 2666 agriculturae

392 2669 503 2700 modo.
521 2669 679 2700 Homines
703 2675 811 2700 autem
834 2669 964 2700 diversis
987 2670 1156 2710 generibus
1172 2676 1303 2702 actuum
1327 2673 1461 2703 beatitu-

393 2713 502 2745 dinem
525 2719 696 2744 merentur.
721 2713 763 2744 Et
784 2713 859 2744 ideo
882 2723 950 2744 non
974 2719 1021 2744 est
1043 2715 1155 2746 simile.

448 2759 574 2789 Tamen
597 2757 677 2788 illud
693 2757 782 2798 quod
806 2767 890 2788 unus
905 2757 1030 2789 videtur
1045 2759 1223 2799 specialiter
1244 2760 1361 2791 habere
1378 2761 1461 2791 inter

392 2803 551 2839 homines,
583 2802 827 2842 quodammodo
859 2812 972 2833 omnes
1004 2804 1220 2835 communiter
1249 2805 1380 2836 habent:
1411 2806 1460 2836 in-

1516 2675 1715 2711 expectatur:
1747 2675 1783 2700 ut
1806 2670 1850 2700 sic
1874 2669 1996 2700 fructus
2027 2668 2149 2700 dicatur
2175 2669 2256 2700 illud
2285 2671 2465 2710 praemium
2494 2669 2585 2711 quod

1515 2715 1616 2746 homo
1641 2714 1850 2755 consequitur
1874 2722 1911 2744 ex
1934 2713 2043 2744 labore
2067 2721 2134 2754 quo
2157 2714 2191 2744 in
2213 2714 2274 2745 hac
2297 2714 2360 2745 vita
2383 2714 2514 2745 laborat.
2539 2713 2584 2747 Et

1515 2760 1559 2790 sic
1584 2769 1682 2790 omne
1705 2759 1885 2799 praemium
1909 2757 1998 2798 quod
2021 2758 2054 2788 in
2078 2757 2188 2788 futuro
2211 2758 2381 2789 habebitur
2402 2768 2440 2790 ex
2467 2757 2584 2790 nostris

1514 2804 1687 2840 laboribus,
1701 2803 1822 2834 fructus
1839 2802 1963 2834 dicitur.
1979 2802 2022 2833 Et
2036 2802 2082 2833 sic
2098 2803 2252 2843 accipitur
2266 2801 2389 2834 fructus
2400 2803 2494 2834 Rom.
2506 2812 2539 2834 π
2549 2803 2581 2833 ‘t

393 2852 550 2887 quantum
585 2847 705 2878 scilicet
738 2856 795 2888 per
830 2848 991 2878 caritatem
1026 2847 1201 2888 perfectam
1234 2850 1459 2890 unusquisque
1473 2851 1501 2872 ⁶0
1514 2848 1650 2879 Habetis
1664 2848 1816 2890 fructum
1841 2851 1981 2878 vestr-um
2005 2847 2038 2877 in
2061 2847 2359 2889 sanctificationem,
2372 2847 2478 2889 finem
2504 2849 2581 2879 'vero

391 2892 516 2922 bonurn
540 2892 667 2922 alterius
696 2899 792 2922 suum
815 2897 950 2931 reputat.
982 2891 1058 2923 Non
1080 2898 1189 2923 tamen
1212 2894 1275 2924 hoc
1306 2893 1460 2934 gaudium

393 2945 460 2976 quo
484 2945 568 2966 unus
584 2936 673 2966 alteri
695 2935 887 2976 congaudet,
907 2941 1013 2976 potest
1037 2937 1166 2967 aureola
1188 2938 1364 2969 nominari:
1385 2939 1461 2979 quia

392 2989 460 3010 non
483 2979 576 3010 datur
598 2981 631 3010 in
654 2979 833 3021 praemium
856 2981 1008 3011 victoriae
1032 2981 1110 3018 eius,
1130 2980 1186 3012 sed
1208 2982 1309 3023 magis
1332 2983 1460 3023 respicit

392 3025 559 3055 victoriam
582 3025 734 3061 alienam;
759 3033 880 3055 corona
903 3025 990 3056 enirn
1012 3026 1088 3066 ipsis
1110 3026 1285 3058 victoribus
1308 3027 1458 3064 redditur,

392 3077 460 3099 non
483 3069 634 3099 victoriae
657 3068 942 3109 congaudentibus

448 3113 498 3143 An
525 3122 663 3143 anmi-tm
686 3122 846 3144 meatuum
876 3113 965 3154 quod
992 3114 1095 3144 maior
1118 3120 1164 3145 est
1188 3115 1373 3147 excellentia
1391 3126 1459 3148 me-

392 3157 443 3187 riti
466 3165 549 3198 quae
573 3158 736 3198 consurgit
751 3166 790 3188 ex
813 3158 939 3188 caritate
956 3167 1054 3199 quam
1070 3158 1123 3189 illa
1140 3168 1222 3199 quae
1242 3161 1406 3202 consurgit
1421 3171 1459 3192 ex

393 3209 508 3241 genere
539 3206 644 3232 actus:
677 3202 759 3232 sicut
778 3202 872 3243 finis,
904 3201 943 3233 ad
975 3212 1074 3243 quem
1107 3203 1231 3234 ordinat
1262 3204 1383 3242 caritas,
1414 3211 1462 3236 est

1473 3076 1498 3101 ες
1514 3071 1570 3101 ubi
1599 3069 1740 3100 fructum
1763 3069 1874 3100 dividit
1895 3069 1929 3100 in
1957 3068 2169 3105 tricubitum,
2192 3077 2274 3100 sexa

1515 2893 1613 2924 vitam
1647 2897 1823 2923 aeternam.
1839 2909 1862 2914 —
1877 2891 1930 2923 Sic
1963 2891 2059 2922 etiam
2089 2899 2151 2922 nos
2181 2900 2272 2923 nunc
2302 2891 2344 2922 de
2377 2891 2483 2923 fructu
2513 2900 2582 2922 non

1514 2946 1638 3012 381Ῐέἒέ
1641 2960 1648 2967 ι
1657 2982 1780 3021 agimus
1803 2990 1890 3011 nunc
1907 2980 1947 3011 de
1971 2979 2076 3015 fructu
2090 2979 2271 3011 seeundum
2294 2979 2384 3020 quod
2403 2987 2445 3010 ex
2460 2979 2582 3010 semine

1515 3026 1692 3066 consurgit:
1706 3025 1751 3056 sic
1767 3025 1854 3056 enim
1866 3024 1906 3056 de
1918 3024 2024 3056 fructu
2036 3024 2197 3055 Dominus
2211 3023 2354 3074 loquitur
2366 3023 2477 3054 Matth.
2486 3030 2544 3053 xm
2553 3024 2580 3060 ',

2272 3074 2430 3110 gesimam
2455 3071 2488 3098 et
2508 3077 2582 3098 cen-

1515 3115 1670 3145 tesimum.
1694 3114 1830 3145 chtus
1854 3118 1962 3144 autem
1983 3112 2163 3145 secundum
2185 3112 2250 3143 hoc
2270 3116 2378 3152 potest
2395 3111 2527 3152 ‘prodire
2543 3121 2582 3143 ex

1514 3160 1647 3195 semine,
1672 3158 1762 3199 quod
1783 3158 1831 3188 vis
1854 3158 2031 3189 sementina
2054 3161 2102 3188 est
2123 3155 2233 3187 efficax
2265 3155 2304 3186 ad
2327 3155 2582 3187 convertendum

1514 3204 1667 3234 humores
1689 3208 1790 3233 terrae
1812 3203 1846 3233 in
1869 3211 1960 3232 suam
1989 3206 2149 3232 naturam:
2171 3205 2206 3231 et
2235 3206 2357 3241 quanto
2381 3201 2460 3231 haec
2479 3201 2581 3232 virtus

156 3251 168 3260 ·
183 3250 281 3272 Ariston
301 3249 366 3272 Rnet.
388 3245 502 3285 potior
523 3245 572 3276 his
595 3254 677 3286 quae
699 3251 776 3276 sunt
796 3245 840 3276 ad
851 3246 957 3288 finem
973 3247 1000 3284 *,
1021 3247 1103 3278 circa
1131 3257 1214 3288 quae
1244 3254 1333 3279 actus
1359 3251 1460 3280 nostri
1515 3252 1562 3278 est
1585 3247 1754 3283 efficacior,
1779 3251 1810 3277 et
1832 3251 1914 3277 terra
1936 3245 1976 3276 ad
1999 3245 2063 3275 hoc
2092 3245 2240 3285 parau'or,
2264 3250 2354 3275 tanto
2380 3243 2507 3276 fructus·
2532 3255 2581 3276 se-

395 3290 582 3320 consistunt.
606 3289 700 3321 Unde
725 3295 756 3320 et
778 3291 957 3330 praemium
979 3291 1177 3332 respondens
1199 3293 1314 3324 merito
1337 3293 1460 3325 ratione
1475 3292 1624 3332 7o⁴quitur
1645 3291 1784 3322 uberior.
1800 3289 1970 3331 Spirituale
1993 3293 2101 3319 autem
2122 3295 2234 3319 semen
2254 3287 2343 3330 quod
2365 3289 2399 3319 in
2422 3289 2517 3323 nobis
2532 3299 2581 3320 se-

155 3276 197 3298 llb.
217 3276 243 3301 1.
258 3282 308 3304 cap.
322 3282 367 3303 vn,

157 3308 181 3324 n.
195 3309 227 3332 35.

394 3333 543 3370 caritatis,
576 3339 876 3375 quantumcumque
909 3343 1060 3375 parvum,
1097 3342 1143 3366 est
1176 3337 1280 3368 maius
1315 3337 1461 3378 quolibet

394 3378 538 3417 praemio
570 3378 784 3418 respondente
814 3379 899 3409 actui
927 3379 1051 3410 ratione
1074 3381 1123 3410 sui
1152 3381 1286 3420 generis.
1317 3380 1358 3412 Et
1385 3381 1459 3413 ideo

396 3421 526 3452 aureola
549 3421 746 3453 deminutlve
770 3422 884 3453 dicitur
906 3428 1054 3463 respectu
1078 3432 1202 3455 aureae.

1514 3336 1654 3366 minatur
1676 3339 1724 3366 est
1746 3334 1875 3366 verbum
1898 3332 1962 3364 Dei
1975 3332 2002 3363 0.
2027 3331 2121 3364 Unde
2145 3338 2267 3374 quanto
2286 3333 2400 3374 aliquis
2421 3340 2457 3364 m
2499 3333 2506 3341 ⁸
2546 3334 2581 3364 in

1514 3379 1767 3420 spiritualitatem
1790 3377 1995 3413 convern'tur,
2019 3386 2037 3407 a
2060 3385 2154 3408 carne
2175 3377 2338 3414 recedens,
2368 3383 2459 3409 tanto
2539 3386 2579 3409 eo

1514 3429 1561 3454 est
1582 3424 1685 3453 maior
1707 3421 1829 3452 fructus
1851 3421 1939 3452 verbi
1962 3421 2032 3452 Dei.
2050 3420 2236 3452 Secundum
2259 3422 2323 3453 hoc
2344 3422 2443 3462 igitur
2453 3421 2580 3453 fructus

1513 3466 1616 3498 differt
1632 3467 1670 3496 ab
1695 3475 1790 3496 aurea
1806 3470 1837 3496 et
1859 3466 1898 3495 ab
1922 3465 2061 3501 aureola,
2078 3466 2153 3505 quia
2169 3476 2271 3497 aurea
2288 3466 2431 3497 consistit
2453 3467 2487 3497 in
2502 3475 2580 3506 gau-

1472 3521 1496 3541 75
1513 3511 1566 3542 dio
1591 3510 1680 3551 quod
1702 3510 1836 3540 habetur
1859 3509 1899 3540 de
1922 3510 2008 3547 De03
2033 3510 2169 3541 aureola
2191 3520 2268 3541 vero
2292 3511 2325 3542 in
2348 3509 2466 3551 gaudio
2490 3509 2580 3551 quod

2613 2405 2824 2434 ·mg.1seu1.am.

2611 2432 2825 2482 ἑοὲὠεῗὲξκᾶῗ

2612 2488 2623 2524 ἶ
2637 2485 2808 2535 &muz-³2.

2611 2529 2824 2594 &rr-'esa

2611 2597 2730 2641 aium,
2742 2595 2786 2615 ιη.
2802 2597 2823 2619 ι,

2609 2798 2702 2823 'Va-u.
2721 2805 2755 2822 aa.

2608 3023 2808 3079 trs-tepet}

2609 3083 2668 3126 ἱῖἷὲ
2685 3083 2807 3132 ἑρῖἓὲἱξ

2609 3136 2669 3153 veru.
2684 3136 2696 3159 5
2710 3136 2762 3159 sqq.

2607 3379 2618 3390 ·
2632 3377 2691 3400 Lae.
2701 3383 2754 3407 cap.
2767 3382 2820 3406 vm,

2607 3409 2667 3427 m·-
2683 3410 2716 3427 n.
