2878 4088
100 387 111 398 ·
124 384 194 412 lbid„
207 384 236 406 nd
249 390 270 413 3.

96 1266 311 1292 ‘SJh-leetxrx.

96 2418 240 2442 ‘Ver-aa&

94 2647 283 2676 'Pmnmffi

96 2910 189 2934 ‘Vn
202 2917 242 2939 4²·

97 3047 310 3076 'Cf-mmnu,

66 3075 173 3097 -nrtm

98 3131 190 3154 'vem
204 3137 226 3159 7.

98 3357 110 3367 ·
119 3355 155 3378 Cf.
166 3358 239 3382 arua,
249 3354 278 3377 sd
286 3361 310 3382 4.

958 179 1223 227 QUAESTIO
1252 179 1463 227 LXXXIX,
1484 180 1777 219 ARTICULUS
1804 183 1849 229 V,
1870 184 1919 220 VI
2454 198 2528 235 209

342 256 516 287 daemones
539 257 730 296 puniantur;
754 267 796 289 ne
811 259 950 289 totaliter
966 258 1091 290 divinus
1115 258 1206 295 ordo,
1223 268 1290 299 quo
1315 268 1410 298 ange·
1467 260 1591 290 tionem
1621 260 1655 289 in
1682 260 1823 290 humana
1852 266 1980 298 natura,
2004 264 2182 295 secundum
2212 274 2309 305 quam
2340 267 2531 297 constitutus

341 301 391 332 los
413 300 539 331 medios
562 301 644 332 inter
658 307 806 333 naturam
829 303 1005 334 humanam
1021 309 1053 334 et
1069 303 1209 334 divinam
1234 303 1409 338 constituit,
1466 309 1514 334 est
1535 303 1635 334 iudex
1657 313 1677 334 a
1700 304 1772 334 Deo
1797 305 1944 335 vivorum
1967 311 1998 335 et
2018 313 2221 339 mortuorum
2237 311 2262 339 ’ἢ

341 345 533 376 annulletur.
569 346 610 376 Et
632 345 717 382 ideo,
734 348 816 377 sicut
838 347 1024 378 hominibus
1047 357 1105 388 per
1132 348 1262 388 angelos
1286 347 1411 377 divinae
1521 348 1572 378 An
1596 358 1714 378 numm
1736 358 1820 378 nmo
1840 358 1999 379 mmmmm
2016 352 2115 390 quod,
2132 354 2214 383 sicut
2230 353 2305 383 dicit
2320 354 2528 394 Augustinus,

340 389 592 423 illuminationes
615 389 802 422 deferuntur
816 392 843 428 θ’,
860 392 903 422 ita
926 393 1022 422 etiam
1045 391 1219 423 daemones
1242 397 1316 422 sunt
1339 400 1411 422 exe·
1466 392 1526 422 XX
1549 391 1588 423 de
1613 392 1681 422 Ciu.
1705 393 1768 423 Dei
1783 394 1819 422 *ε
1850 393 1944 429 Νοη,
1969 395 2044 433 quia
2075 396 2193 426 dictum
2223 403 2286 433 est,
2314 411 2327 424 «
2347 399 2531 429 Iudicantes

342 439 469 464 cutores
497 433 623 464 divinae
650 435 787 466 iustitiae
806 436 841 466 in
863 436 976 466 malos.
1011 436 1080 467 Nec
1103 437 1146 467 ob
1170 437 1233 466 hoc
1256 436 1412 466 minuitur
1433 447 1442 467 5
1466 436 1635 467 duodecim
1659 437 1759 467 tribus
1782 437 1888 468 Israel
1907 450 1934 473 ›,
1959 438 2060 469 tribus
2083 440 2176 476 Levi,
2201 451 2283 481 quae
2313 443 2532 473 tertiadecima

342 477 464 519 aliquid
486 477 526 509 de
550 478 747 510 daemonum
775 489 892 520 poena.
928 480 1014 518 Quia
1043 481 1077 511 in
1105 481 1169 511 hoc
1199 481 1294 510 etiam
1322 479 1412 520 quod
1467 486 1522 515 est,
1547 481 1723 511 iudicanda
1746 491 1812 512 non
1836 482 1918 512 erit:
1947 487 2006 511 aut
2030 484 2135 513 solum
2164 485 2254 515 illum
2272 487 2440 526 populum,
2466 497 2530 517 non

342 522 421 553 alios
451 528 621 563 torquent,
646 524 707 564 ipsi
736 525 992 564 torquebuntur:
1024 525 1068 555 ibi
1100 525 1187 555 enim
1216 525 1408 555 miserorum
1467 525 1563 555 etiam
1578 530 1691 566 gentes
1706 531 1830 556 ceteras
1851 525 2046 557 iudicabunt.
2072 527 2148 557 Ideo
2165 535 2271 559 autem
2287 539 2344 569 per
2359 530 2531 561 duodecim

341 567 477 597 societas
499 568 660 598 miseriam
683 578 752 599 non
775 569 910 605 minuet,
934 568 991 600 sed
1015 569 1154 609 augebit.
1466 569 1566 599 tribus
1590 579 1704 600 omnes
1720 570 1799 601 aliae
1822 576 1932 610 gentes
1949 570 2143 610 significatae
2167 579 2250 609 sunt,
2268 574 2343 613 quia
2365 584 2422 614 per
2438 575 2530 605 Chri-

397 611 448 641 An
478 621 596 642 rmum
627 622 711 642 mmo
743 623 904 643 menmium
937 612 1028 653 quod
1058 613 1212 653 praelatio
1245 612 1298 642 illa
1328 621 1411 651 quae
1466 618 1552 643 stum
1579 614 1613 644 in
1640 619 1759 645 sortem
1793 614 1966 645 duodecim
1998 616 2140 646 tribuum
2173 626 2286 647 omnes
2317 624 2427 657 gentes
2459 625 2531 649 sunt

342 654 457 686 dicitur
481 655 665 686 evacuanda
687 666 746 696 per
768 656 933 688 Christum
956 658 989 687 in
1013 657 1132 693 futuro,
1157 662 1204 687 est
1226 655 1412 696 accipienda
1426 667 1452 683 ιο
1466 663 1608 687 vocatae.

341 699 521 731 secundum
543 700 681 731 modum
703 701 907 741 praelationis
930 710 1012 741 quae
1029 706 1076 731 est
1091 699 1270 731 secundum
1294 705 1411 730 statum
1522 702 1573 731 An
1597 711 1760 732 secuntum
1790 712 1950 733 mensuum
1981 703 2070 743 quod
2094 704 2157 734 hoc
2181 705 2271 744 quod
2301 705 2430 741 dicitur,
2456 707 2530 736 Non

341 744 437 774 huius
460 744 584 780 mundi,
601 745 635 774 in
652 754 719 785 quo
744 751 776 776 et
798 746 947 775 homines
970 745 1156 775 hominibus
1179 745 1409 784 principantur,
1467 751 1641 786 resurgent
1663 746 1753 786 impii
1776 747 1808 776 in
1834 747 1972 783 iudicio,
1996 748 2021 777 si
2045 747 2198 778 referatur
2221 748 2260 779 ad
2284 759 2397 779 omnes
2420 760 2533 790 pecca—

342 793 374 819 et
397 788 502 828 angeli
523 789 721 825 horninibus,
746 794 777 820 et
800 789 904 829 angeli
927 789 1058 829 angelis,
1083 794 1115 819 et
1137 788 1312 819 daemones
1337 787 1410 818 dae·
1465 794 1565 825 tores,
1589 790 1634 820 sie
1661 790 1906 831 intelligendum
1937 797 1984 822 est
2015 793 2104 832 quod
2131 802 2199 823 non
2222 799 2386 834 resurgent
2408 794 2447 824 ad
2470 795 2532 825 hoc

340 833 503 868 monibus,
521 838 552 863 et
579 832 753 863 daemones
775 833 980 868 hominibus,
1005 838 1037 863 et
1058 833 1123 863 hoc
1146 838 1253 863 totum
1276 831 1316 862 ad
1339 841 1410 872 per·
1466 833 1556 873 quod
1578 834 1730 865 iudicent.
1762 835 1795 866 Si
1819 841 1927 866 autem
1956 837 2047 877 impii
2072 836 2217 868 dicantur
2241 838 2392 879 infideles,
2418 840 2462 869 sic
2485 840 2533 869 in-

342 875 527 908 ducendum
551 875 591 907 ad
609 875 709 907 finem
724 877 776 907 vel
791 876 1018 907 abducendum
1034 887 1052 907 a
1067 876 1142 907 fine.
1168 877 1264 907 Tunc
1288 881 1407 912 autem,
1426 889 1448 909 ις
1465 877 1675 918 telligendum
1705 884 1751 909 est
1781 879 1871 920 quod
1901 890 1969 911 non
2000 887 2164 922 resurgent
2187 881 2227 912 ad
2250 883 2314 913 hoc
2338 883 2428 923 quod
2451 883 2532 914 iudi-

342 930 417 951 cum
440 921 550 951 omnia
565 919 605 950 ad
620 920 719 951 finem
742 931 839 952 suum
862 921 1074 961 pervenerint,
1090 931 1159 952 non
1175 921 1234 952 erit
1255 921 1409 961 praelatio
1465 928 1587 959 centur,
1612 924 1687 963 quia
1711 923 1775 953 iam
1800 924 1934 955 iudicati
1956 931 2033 956 sunt
2047 926 2074 956 *.
2099 925 2161 956 Sed
2181 936 2294 957 omnes
2318 934 2482 967 resurgent
2498 934 2532 958 ut

340 964 502 995 abducens
525 974 543 994 a
566 963 630 995 fine
653 965 705 995 vel
735 964 898 996 adducens
925 964 965 996 ad
994 964 1110 1002 finem,
1135 965 1191 996 sed
1214 975 1406 996 conservans
1463 967 1497 996 in
1520 966 1640 998 iudicio
1665 974 1872 1008 compareant
1895 968 1935 999 ad
1957 969 2093 1010 gloriam
2116 970 2230 1001 iudicis
2253 972 2451 1002 intuendam.

339 1009 374 1039 in
396 1007 461 1039 fine
485 1009 564 1039 boni
586 1008 638 1039 vel
659 1009 746 1040 mali.
1520 1011 1571 1041 An
1595 1021 1730 1042 murum
1746 1022 1905 1043 monimum
1921 1014 2011 1053 quod
2035 1015 2129 1045 etiam
2152 1015 2244 1055 pueri
2267 1021 2339 1047 ante
2359 1017 2533 1057 perfectam

395 1052 447 1085 An
466 1062 630 1083 sncunnuu
653 1063 813 1084 memnon
831 1053 931 1094 quod,
949 1055 1095 1094 quamvis
1111 1055 1262 1085 meritum
1278 1054 1409 1085 daemo-
1465 1061 1600 1086 aetatem
1623 1056 1814 1087 decedentes
1841 1058 1874 1088 in
1897 1058 2017 1089 iudicio
2047 1060 2295 1099 comparebunt:
2327 1071 2395 1091 non
2425 1067 2532 1092 autem

339 1106 420 1127 num
442 1106 510 1127 non
532 1097 672 1137 requirat
694 1098 785 1138 quod
807 1099 994 1129 hominibus
1017 1098 1244 1140 praeferantur,
1269 1100 1346 1139 quia
1360 1099 1409 1129 in-
1424 1110 1450 1125 ιο
1463 1105 1500 1130 ut
1522 1100 1714 1137 iudicentur,
1730 1101 1786 1132 sed
1809 1107 1845 1132 ut
1867 1102 1995 1133 videant
2018 1103 2153 1143 gloriam
2177 1104 2301 1135 iudicis.

339 1141 423 1173 iuste
446 1141 506 1172 sibi
527 1141 676 1173 homines
699 1143 923 1179 subiecerunt;
953 1149 1061 1174 tamen
1086 1143 1149 1174 hoc
1172 1144 1305 1183 requirit
1328 1142 1409 1174 ordo

338 1190 470 1217 naturae
493 1186 639 1226 ipsorum
661 1186 702 1217 ad
723 1192 871 1218 naturam
893 1187 1079 1218 humanam,
1103 1188 1196 1218 Bona
1211 1188 1299 1218 enim
1316 1193 1410 1218 natu-
1559 1184 1659 1214 ART.
1683 1184 1737 1215 VI.
1761 1195 1866 1215 urium
1889 1195 1964 1216 nom
1987 1196 2019 1216 m
2042 1196 2160 1217 mmcro
2185 1197 2346 1218 mmmmm
2369 1199 2436 1219 smr

338 1229 416 1261 ralia
446 1230 480 1261 in
509 1231 554 1261 eis
578 1231 715 1272 integra
744 1237 891 1268 manent,
919 1238 956 1263 ut
987 1232 1163 1273 Dionysius
1193 1231 1285 1268 dicit,
1309 1242 1341 1262 ιν
1370 1232 1410 1263 de
1555 1234 1792 1284 cmp‘fidbffssssv
1801 1237 2194 1286 ffp‘vccfggt¹¹³„¹.'¹,4ff5‡¹4”gb¹³0?
2209 1239 2305 1288 {urgebis
2321 1246 2372 1288 f⁸⁹'
2387 1248 2444 1268 xxv;

337 1274 469 1306 Divinis
492 1274 686 1307 Nominibus
701 1277 728 1306 ³.
1771 1278 1786 1289 ·’
1828 1270 1851 1290 Ρ·
1882 1279 1887 1289 ‘
1951 1279 1957 1285 ·
1997 1281 2002 1290 ’
2124 1281 2137 1291 ”
2181 1272 2203 1293 ¹³·
2235 1282 2241 1292 ’
2303 1283 2308 1288 ·

393 1318 446 1350 An
462 1329 598 1350 'rnR'rruu
613 1330 774 1351 mmmmm
789 1321 880 1361 quod
898 1320 1002 1361 angeli
1025 1321 1104 1351 boni
1126 1330 1195 1351 non
1217 1326 1292 1351 sunt
1315 1329 1410 1351 causa
1423 1331 1447 1352 ²5
1464 1331 1549 1394 An
1573 1331 1693 1352 sexi-tm
1719 1332 1765 1353 src
1794 1332 1998 1354 euoenon-un.
2027 1324 2162 1355 Videtur
2182 1325 2272 1366 quod
2294 1328 2374 1358 nulli
2398 1328 2476 1358 boni
2498 1329 2531 1359 in

338 1363 522 1403 principalis
551 1365 685 1404 praemii
716 1365 843 1396 electis:
879 1366 955 1406 quia
986 1365 1050 1395 hoc
1081 1374 1194 1396 omnes
1224 1364 1410 1396 immediate
1528 1365 1647 1396 iudicio
1671 1366 1861 1397 iudicentur.
1886 1367 1972 1405 Quia
1992 1368 2078 1399 Ioan.
2097 1379 2130 1399 111
2146 1371 2162 1386 ⁴*
2185 1370 2315 1401 dicitur:
2343 1372 2408 1408 Qui
2430 1373 2533 1403 credit

339 1417 358 1438 a
380 1407 452 1438 Deo
479 1409 667 1448 percipient.
699 1409 763 1440 Sed
788 1415 897 1440 tamen
928 1409 1133 1450 quorundam
1164 1409 1409 1440 accidentalium
1464 1411 1496 1440 in
1521 1420 1611 1446 eum,
1638 1420 1702 1441 non
1728 1411 1900 1442 iudicatur.
1935 1411 1999 1443 Sed
2022 1422 2135 1444 omnes
2166 1415 2243 1445 boni
2274 1415 2476 1447 crediderunt
2498 1418 2531 1448 in

339 1452 558 1492 praemiorum
580 1453 685 1493 angeli
707 1454 893 1485 hominibus
915 1459 992 1485 sunt
1011 1463 1118 1484 causa:
1143 1454 1337 1494 inquantum
1351 1463 1410 1494 per
1463 1464 1549 1485 eum.
1574 1455 1660 1495 Ergo
1684 1465 1751 1486 non
1775 1455 2009 1487 iudicabuntur.

339 1497 520 1537 superiores
543 1497 675 1537 angelos
697 1497 864 1529 inferiores
887 1504 919 1529 et
941 1498 1047 1538 angeli
1068 1504 1100 1529 et
1118 1498 1266 1529 homines
1289 1498 1408 1529 illumi·
1520 1509 1550 1529 2.
1574 1499 1770 1535 Priamum,
1787 1500 1833 1530 illi
1855 1510 1922 1531 non
1939 1507 2013 1531 sunt
2037 1503 2120 1533 beati
2137 1503 2253 1543 quibus
2275 1510 2321 1534 est
2341 1506 2460 1536 incerta
2476 1515 2532 1536 sua

338 1546 456 1571 uantur
479 1540 519 1572 de
542 1541 702 1582 aliquibus
729 1543 858 1573 secretis
885 1543 1069 1573 divinorum
1093 1552 1176 1582 quae
1199 1542 1240 1573 ad
1262 1543 1408 1573 substan·
1424 1553 1449 1573 ιο
1463 1543 1645 1574 beatitudo:
1682 1553 1720 1574 ex
1744 1554 1811 1584 quo
1842 1545 2041 1585 Augustinus
2065 1548 2179 1587 probat
2194 1549 2210 1564 ⁴*
2234 1547 2408 1580 daemones
2437 1560 2531 1581 num-

338 1585 416 1618 tinm
439 1585 644 1616 beatitudinis
664 1596 735 1627 >non
754 1587 924 1627 pertinent.
948 1587 990 1618 Et
1005 1587 1148 1618 similiter
1171 1587 1267 1617 etiam
1290 1587 1408 1627 princi-
1464 1597 1562 1627 quam
1585 1587 1682 1618 fuisse
1706 1589 1826 1619 beatos.
1852 1589 1914 1620 Sed
1937 1591 2036 1620 sancti
2059 1591 2207 1622 homines
2230 1602 2317 1623 nunc
2341 1599 2415 1624 sunt
2438 1595 2530 1625 beati.

338 1629 446 1669 palem
468 1639 610 1670 poenam
633 1630 775 1662 damnati
797 1632 976 1671 percipient
998 1631 1182 1662 immediate
1205 1641 1223 1662 a
1246 1632 1328 1667 Deo,
1348 1632 1408 1662 sci-
1463 1632 1549 1672 Ergo
1574 1633 1650 1663 certi
1674 1639 1748 1663 sunt
1764 1633 1804 1663 de
1827 1643 1884 1664 sua
1907 1634 2112 1666 beatitudine.
2138 1635 2200 1666 Sed
2221 1637 2310 1676 quod
2334 1643 2457 1669 certum
2473 1645 2529 1675 est,

338 1673 413 1705 licet
435 1674 655 1705 exclusionem
684 1681 874 1715 perpetuam
897 1685 916 1706 a
938 1676 1062 1706 visione
1085 1676 1164 1706 Dei:
1197 1676 1272 1706 alias
1300 1681 1408 1706 autem
1462 1685 1531 1707 non
1552 1676 1719 1707 adducitur
1742 1677 1782 1707 ad
1804 1678 1970 1709 iudicium.
1994 1679 2081 1719 Ergo
2105 1680 2182 1710 boni
2205 1690 2272 1711 non
2296 1682 2530 1714 iudicabuntur.

337 1727 460 1758 poenas
493 1718 658 1749 sensibiles
688 1729 758 1750 non
790 1725 837 1750 est
869 1720 1101 1750 inconveniens
1132 1721 1319 1750 hominibus
1351 1729 1409 1760 per
1520 1721 1550 1751 3.
1570 1721 1767 1757 Puni-nana,
1779 1722 1877 1752 timor
1892 1723 2081 1753 beatitudini
2096 1731 2261 1764 repugnat.
2279 1725 2342 1756 Sed
2355 1732 2532 1757 extremum

338 1760 512 1794 daemones
533 1762 644 1802 infligi.
1424 1774 1446 1794 ³5
1462 1764 1638 1801 iudicium,
1664 1765 1754 1805 quod
1778 1767 1976 1797 tremendum
2003 1769 2142 1798 maxime
2166 1769 2298 1805 dicitur,
2324 1780 2392 1801 non
2415 1772 2533 1811 poterit

393 1806 430 1837 In
452 1806 517 1837 hoc
538 1812 648 1838 tamen
677 1812 725 1838 est
755 1807 950 1844 differentia,
985 1809 1061 1848 quia
1090 1809 1242 1839 meritum
1274 1809 1406 1845 exaltat,
1462 1808 1531 1839 fieri
1561 1810 1628 1840 sine
1655 1811 1771 1840 timore
1795 1819 1909 1841 eorum
1935 1812 1990 1851 qui
2014 1818 2089 1842 sunt
2111 1812 2283 1844 iudicandi.
2318 1814 2412 1846 Unde
2436 1817 2531 1846 etiam

337 1850 394 1881 sed
408 1856 579 1891 peceatum
594 1850 754 1892 deprimit.
766 1852 871 1889 Unde,
885 1862 960 1883 cum
974 1858 1087 1884 natura
1103 1852 1247 1893 angelica
1262 1853 1302 1883 sit
1316 1853 1409 1883 altior
1463 1853 1637 1894 Gregorius
1650 1853 1727 1885 dicit
1738 1856 1764 1891 *,
1778 1864 1874 1895 super
1885 1855 1966 1886 illud
1977 1856 2035 1886 Iob
2047 1866 2099 1887 xm
2111 1858 2155 1893 θ,
2171 1858 2252 1888 Cum
2269 1859 2414 1890 sublatus
2421 1861 2533 1901 suerit
2558 1866 2568 1876 ·

338 1904 437 1935 quam
452 1895 604 1932 humana,
620 1895 752 1936 quidam
775 1903 907 1938 propter
927 1897 1147 1928 excellentiam
1169 1898 1275 1928 meriti
1289 1897 1322 1927 in
1339 1902 1407 1928 tan-
1462 1898 1617 1929 timebunt
1638 1899 1772 1940 angeli:
1797 1899 2046 1931 Consideremus
2060 1902 2221 1941 quomodo
2246 1907 2322 1933 tunc
2345 1904 2529 1945 iniquorum

337 1944 408 1971 tum
432 1939 654 1971 exaltabuntur
674 1940 764 1981 quod
786 1941 857 1972 talis
880 1942 1028 1972 exaltatio
1052 1941 1184 1972 excedet
1207 1941 1407 1972 altitudinem
1462 1943 1659 1974 conscientia
1687 1944 1887 1980 concutitur,
1911 1945 2041 1985 quando
2066 1946 2162 1976 etiam
2191 1947 2350 1978 iustorum
2374 1949 2439 1979 vita
2464 1954 2531 1979 tur-

337 1989 470 2015 naturae
493 1989 525 2015 et
546 1985 681 2025 praemii
707 1985 741 2016 in
766 1985 959 2026 quibusdam
989 1986 1120 2026 angelis.
1153 1985 1248 2017 Unde
1275 1986 1407 2026 quidam
1421 1994 1448 2015 40
1461 1987 1566 2018 batur.
1591 1987 1676 2028 Ergo
1701 1988 1785 2018 beati
1807 1997 1875 2018 non
1899 1989 2135 2020 iudicabuntur.

338 2028 443 2069 angeli
470 2038 528 2069 per
558 2029 718 2069 quosdam
746 2030 897 2061 homines
926 2030 1214 2067 illuminabuntur..
1236 2030 1300 2061 Sed
1326 2031 1407 2061 nulli
1517 2031 1580 2062 San
1600 2041 1734 2068 CONTRA,
1751 2031 1876 2063 videtur
1892 2033 1981 2073 quod
1997 2043 2111 2064 omnes
2134 2035 2212 2065 boni
2228 2035 2419 2067 iudicentur.
2444 2037 2530 2076 Quia

337 2073 486 2104 homines
517 2078 719 2113 peccatores,
747 2080 880 2115 propter
911 2075 1053 2115 aliquem
1085 2074 1220 2115 gradum
1251 2075 1405 2111 malitiae,
1461 2075 1577 2106 dicitur
1600 2076 1626 2106 11
1645 2076 1721 2106 Cor.
1738 2086 1758 2106 v
1774 2077 1809 2106 ἐ
1838 2076 1957 2108 Omnes
1972 2078 2169 2109 adstabimus
2184 2085 2259 2110 ante
2275 2081 2419 2112 tribunal
2436 2082 2529 2112 Chri-

337 2118 526 2157 pervenient
557 2118 598 2148 ad
629 2118 718 2149 illam
750 2119 957 2150 eminentiam
992 2129 1076 2159 quae
1109 2118 1242 2150 debetur
1275 2125 1407 2150 naturae
1459 2120 1510 2156 sti,
1528 2125 1564 2150 ut
1587 2121 1711 2162 referat
1733 2121 1950 2163 unusquisque
1967 2123 2106 2163 propria
2130 2125 2287 2164 corporis,
2304 2131 2409 2165 prout
2429 2127 2531 2167 gessit

338 2160 546 2192 daemonum.
1459 2165 1527 2195 sive
1549 2165 1668 2195 bonum
1690 2165 1757 2196 siue
1772 2166 1903 2196 malum.
1928 2166 1991 2198 Sed
2005 2167 2084 2198 nihil
2108 2173 2154 2198 est
2175 2168 2261 2199 aliud
2276 2169 2418 2200 iudicari.
2442 2171 2528 2211 Ergo

1420 2215 1444 2236 45
1461 2218 1574 2240 omnes
1597 2209 1832 2240 iudicabuntur.

338 2245 438 2276 ART.
455 2245 494 2276 V.
514 2255 620 2276 urium
639 2255 741 2277 oms
759 2255 896 2277 nomas
915 2256 948 2276 m
966 2255 1085 2277 nmmo
1106 2255 1316 2277 COMPARITURI
1339 2257 1406 2278 SINT
1518 2263 1547 2283 2.
1563 2253 1759 2290 Primnum,
1773 2255 1957 2286 uniuersale
1973 2257 2081 2286 omnia
2099 2258 2351 2297 comprehendit.
2372 2258 2434 2289 Sed
2449 2259 2528 2290 illud

392 2296 425 2318 IV
439 2296 513 2323 Seni„
527 2296 582 2318 dist.
596 2302 663 2320 ωτι.
673 2300 715 2319 m-
733 2304 752 2323 ι»
768 2297 812 2325 <1¹1⁸
826 2302 846 2323 ².
861 2297 890 2319 td
907 2304 929 2322 ιτ
946 2297 1071 2325 compend.
1084 2297 1172 2324 Theol„
1188 2303 1239 2325 θεν·
1255 2303 1352 2323 «α’-ΠΗ
1460 2297 1616 2328 iudicium
1640 2298 1754 2328 dicitur
1778 2299 1969 2330 universale.
1994 2300 2079 2340 Ergo
2110 2310 2224 2332 omnes
2246 2302 2482 2334 iudicabuntur.

491 2341 497 2345 ,
551 2323 579 2344 In
593 2323 687 2351 Manli„
704 2329 754 2352 cap.
769 2330 826 2351 xxv;
843 2324 864 2345 11
877 2323 911 2345 ad
921 2323 985 2351 Cor„
996 2330 1047 2352 cap.
1063 2330 1086 2351 v,
1101 2324 1152 2346 lect.
1168 2330 1192 2346 ιι.
2085 2346 2090 2351 .
2141 2346 2147 2351 .
2172 2347 2178 2352 .
2423 2349 2429 2354 .

499 2354 514 2363 .
1514 2343 1705 2372 Rsssponmzo
1729 2353 1888 2373 nrcnnntm
1913 2344 2002 2384 quod
2020 2344 2060 2375 ad
2083 2345 2238 2376 iudicium
2261 2346 2327 2377 duo
2351 2354 2526 2387 pertinent:

403 2392 424 2412 ι)
437 2392 577 2412 oum-rim
588 2392 635 2413 sic
652 2392 857 2413 Paocnnrrun.
881 2383 1016 2414 Videtur
1028 2383 1117 2424 quod
1133 2393 1202 2415 non
1217 2394 1332 2415 omnes
1347 2386 1406 2416 ho·
1460 2387 1580 2417 scilicet
1612 2386 1766 2417 discussio
1799 2389 2003 2425 meritorum3
2040 2395 2071 2419 et
2102 2391 2267 2421 retributio
2299 2393 2526 2431 praemiorum.

401 2427 506 2457 mines
520 2427 555 2457 in
570 2426 691 2458 iudicio
714 2433 931 2467 compareant.
955 2427 1041 2466 Quia
1053 2427 1168 2459 dicitur
1180 2429 1292 2460 Matth.
1309 2431 1404 2461 111⁴:
1421 2437 1447 2457 5⁰
1460 2431 1629 2469 Quantum
1653 2441 1729 2472 ergo
1753 2432 1792 2462 ad
1815 2433 2034 2472 receptionem
2057 2435 2284 2473 praemiorum,
2309 2445 2422 2466 omnes
2445 2437 2527 2467 iudi-

338 2470 492 2502 Sedebitis
518 2480 617 2512 super
642 2471 733 2502 sedes
760 2471 940 2503 iudicantes
969 2472 1138 2503 duodecim
1165 2474 1267 2504 tribus
1290 2474 1405 2505 Israel.
1460 2476 1628 2511 cabuntur,
1645 2476 1741 2506 etiam
1756 2477 1850 2506 boni:
1874 2478 1909 2507 in
1926 2486 1966 2508 eo
1990 2477 2080 2518 quod
2097 2480 2320 2520 unusquisque
2342 2481 2475 2521 recipiet
2490 2491 2528 2511 ex

338 2514 402 2546 Sed
417 2525 486 2546 non
497 2525 611 2546 omnes
626 2516 775 2546 homines
791 2517 952 2557 pertinent
967 2516 1007 2547 ad
1022 2517 1090 2548 illas
1106 2516 1280 2549 duodecim
1295 2519 1405 2550 tribus.
1461 2519 1568 2550 divina
1590 2521 1746 2551 sententia
1768 2522 1948 2561 praemium
1970 2522 2086 2553 merito
2110 2524 2316 2564 respondens.

337 2559 425 2600 Ergo
447 2559 574 2590 videtur
596 2560 687 2601 quod
709 2570 778 2591 non
801 2570 916 2591 omnes
937 2561 1086 2592 homines
1110 2569 1327 2602 compareant.
1515 2563 1578 2595 Sed
1601 2564 1756 2595 discussio
1779 2566 1969 2597 meritorum
1991 2576 2059 2597 non
2082 2566 2118 2597 fit
2136 2568 2196 2598 nisi
2220 2569 2275 2599 ubi
2299 2574 2346 2599 est
2369 2569 2527 2609 quaedam

395 2613 425 2634 2.
449 2603 652 2641 Pan-ranna,
676 2603 763 2635 idem
785 2604 911 2636 videtur
939 2615 998 2646 per
1026 2606 1090 2636 hoc
1114 2606 1204 2646 quod
1235 2606 1350 2638 dicitur
1372 2609 1406 2639 in
1459 2609 1649 2639 meritorum
1674 2610 1862 2642 commixtio
1878 2611 2040 2641 bonorum
2063 2620 2139 2642 eum
2161 2613 2262 2643 malis.
2287 2613 2334 2643 Illi
2351 2618 2458 2644 autern
2473 2615 2529 2655 qui

337 2647 466 2678 Psalmo
481 2649 518 2678 ἐ
542 2649 618 2679 Non
642 2654 816 2690 resurgent
833 2649 924 2690 impii
939 2650 972 2680 in
988 2650 1120 2681 iudicio.
1144 2650 1208 2681 Sed
1222 2651 1316 2682 multi
1331 2658 1407 2683 sunt
1421 2658 1444 2679 55
1460 2652 1634 2694 aedificant
1654 2663 1754 2694 supra
1774 2654 2030 2695 fundamentum
2047 2656 2133 2696 fidei
2161 2666 2278 2687 aurum
2303 2663 2334 2688 et
2355 2664 2528 2699 argentum

337 2691 426 2722 tales.
450 2692 536 2732 Ergo
559 2693 594 2723 in
616 2692 737 2724 iudicio
760 2703 828 2724 non
852 2695 1096 2734 comparebunt.
1460 2702 1491 2727 et
1513 2697 1636 2737 lapides
1653 2698 1817 2738 pretiosos
1837 2699 1863 2734 ὕ,
1885 2698 1998 2730 divinis
2022 2701 2155 2731 servitiis
2178 2702 2315 2732 totaliter
2338 2703 2526 2739 insistentes,

394 2736 424 2767 3.
447 2736 650 2773 Pnnrmil,
674 2736 715 2767 ad
736 2737 801 2768 hoc
829 2737 943 2778 aliquis
971 2737 1011 2769 ad
1033 2738 1189 2769 iudicium
1220 2739 1347 2771 ducitur
1369 2746 1407 2771 ut
1461 2742 1518 2781 qui
1539 2742 1662 2772 nullam
1692 2741 1923 2774 admixtionem
1945 2744 2121 2775 notabilem
2151 2745 2285 2776 alicuius
2316 2746 2392 2776 mali
2422 2748 2527 2777 meriti

338 2780 406 2811 eius
429 2781 542 2811 merita
565 2780 807 2812 discuntiantur.
831 2781 895 2814 Sed
918 2782 1050 2822 quidam
1073 2789 1148 2813 sunt
1163 2784 1220 2824 qui
1234 2784 1323 2815 nulla
1337 2794 1406 2815 me-
1459 2785 1578 2816 habent
1591 2810 1598 2822 ,
1624 2787 1658 2816 in
1688 2787 1734 2817 eis
1764 2786 1919 2817 discussio
1953 2788 2141 2819 meritorum
2173 2789 2284 2820 locum
2315 2799 2383 2820 non
2414 2791 2525 2821 habet:

337 2825 396 2855 rita
418 2825 618 2855 habuerunt:
643 2826 725 2856 sicut
747 2826 840 2866 pueri
863 2831 936 2856 ante
959 2826 1134 2867 perfectam
1157 2833 1293 2859 aetatem
1313 2828 1406 2860 dece·
1459 2830 1543 2860 sicut
1565 2830 1610 2861 illi
1634 2831 1700 2870 qui,
1717 2830 1811 2861 rebus
1834 2831 1947 2862 mundi
1970 2833 2099 2872 penitus
2122 2833 2261 2870 abiectis,
2278 2834 2415 2865 sollicite
2437 2835 2526 2876 cogi-

338 2867 459 2901 dentes.
483 2869 570 2909 Ergo
593 2869 666 2900 illos
688 2870 722 2900 in
744 2869 864 2901 iudicio
892 2880 1079 2911 comparere
1101 2880 1170 2902 non
1194 2877 1241 2903 est
1263 2882 1404 2904 necesse.
1419 2879 1446 2900 6ο
1460 2878 1531 2904 tant
1550 2875 1655 2904 solum
1678 2884 1761 2915 quae
1775 2875 1839 2905 Dei
1860 2880 1938 2906 sunt
1951 2877 1978 2906 *.
2002 2876 2044 2906 Et
2058 2876 2132 2907 ideo
2148 2877 2362 2914 salvabuntur,
2379 2879 2435 2909 sed
2458 2889 2526 2910 non

393 2912 456 2944 San
481 2923 605 2944 coum
629 2924 685 2945 us‘r
703 2913 794 2954 quod
817 2913 932 2945 dicitur
954 2916 1024 2946 Act.
1041 2925 1061 2946 x
1083 2916 1117 2951 *,
1142 2915 1233 2956 quod
1258 2917 1406 2949 Chr-istus
1459 2917 1694 2949 iudicabuntur.
1710 2937 1733 2941 -
1749 2918 1797 2948 Illi
1813 2929 1888 2950 vero
1910 2920 1966 2960 qui
1982 2920 2155 2962 aedificant
2168 2931 2266 2962 super
2271 2922 2525 2964 fundamentum

337 2962 385 2988 est
406 2958 599 2989 constitutus
622 2967 643 2988 a
664 2958 736 2989 Deo
761 2958 860 2989 iudex
883 2959 1031 2990 vivorum
1054 2964 1086 2990 et
1103 2965 1318 2991 mortuorum.
1342 2961 1407 2993 Sed
1448 2962 1534 3003 fidei
1557 2963 1659 3004 ligna,
1674 2963 1827 3004 foenum,
1850 2964 2001 3004 stipulam
2017 2965 2044 3000 ἦ
2069 2965 2126 3005 qui
2150 2965 2254 2996 adhuc
2277 2966 2397 2997 scilicet
2420 2973 2527 2998 amant

337 3001 397 3033 sub
426 3002 494 3035 istis
524 3002 710 3034 differentiis
741 3003 1061 3043 comprehenduntur
1092 3013 1206 3036 omnes
1239 3005 1404 3042 homines,
1459 3006 1612 3037 secularia
1628 3012 1660 3037 et
1674 3007 1812 3037 terrenis
1835 3008 1975 3049 negotiis
1990 3008 2198 3049 implicantur
2213 3011 2239 3046 ’ᾗ
2256 3011 2299 3040 ita
2314 3016 2420 3042 tamen
2437 3012 2526 3052 quod

337 3046 617 3088 qualitercumque
633 3047 696 3078 vivi
711 3056 731 3078 a
744 3048 881 3079 mortuis
897 3047 1132 3088 distinguantur
1139 3049 1166 3079 ⁴¹.
1186 3048 1272 3089 Ergo
1291 3059 1405 3081 omnes
1459 3051 1539 3080 nihil
1556 3050 1684 3081 Christo
1700 3057 1909 3091 praeponant,
1926 3051 1982 3083 sed
1997 3052 2145 3083 studeant
2154 3059 2291 3094 peccata
2313 3055 2525 3097 eleemoffnis

337 3089 486 3121 homines
508 3092 542 3122 in
565 3090 686 3122 iudicio
711 3091 954 3132 comparebunt.
1418 3099 1442 3125 65
1459 3095 1593 3134 expiare
1608 3096 1634 3130 *‚
1652 3095 1770 3125 habent
1785 3095 1917 3135 quidem
1933 3097 2198 3128 commixtionem
2214 3099 2376 3130 bonorum
2391 3101 2522 3131 merito-

394 3143 425 3165 a.
440 3134 638 3172 Pmrma,
653 3136 753 3176 Apoc.
766 3146 778 3166 1
789 3137 805 3153 *
821 3135 952 3167 dicitur:
969 3136 1054 3167 Ecce
1069 3137 1156 3168 venit
1169 3146 1243 3168 cum
1259 3137 1403 3174 nubibus,
1458 3148 1531 3169 rum
1555 3148 1631 3169 cum
1646 3139 1748 3175 malis,
1765 3144 1797 3169 et
1819 3139 1893 3170 ideo
1917 3140 2071 3171 discussio
2088 3142 2277 3174 meritorum
2292 3144 2326 3173 in
2350 3144 2394 3174 eis
2414 3144 2525 3175 locum

339 3182 370 3217 et
391 3178 509 3210 videbit
530 3189 603 3211 eum
626 3180 731 3211 omnis
755 3181 878 3211 oculus.
902 3180 976 3212 Hoc
991 3186 1099 3213 autem
1114 3190 1183 3212 non
1198 3187 1280 3213 esset
1295 3183 1404 3213 sinon
1458 3183 1563 3213 habet.
1587 3182 1682 3213 Unde
1704 3183 1792 3219 tales,
1818 3189 1975 3224 quantum
1999 3185 2038 3215 ad
2061 3186 2142 3222 hoc,
2169 3192 2200 3216 et
2222 3187 2468 3225 iudicabuntur,
2493 3195 2524 3219 et

339 3230 452 3253 omnes
474 3223 623 3256 homines
645 3225 679 3255 in
701 3223 822 3256 iudicio
846 3230 1078 3265 comparerent.
1103 3225 1200 3266 Ergo,
1224 3231 1284 3256 etc.
1457 3232 1565 3257 tamen
1587 3227 1802 3258 salvabuntur.

393 3266 584 3299 Rxsronnno
613 3277 773 3300 mmmm
801 3268 891 3309 quod
919 3274 1060 3310 potestas
1089 3269 1252 3301 iudiciaria
1275 3269 1404 3302 Christo
1513 3271 1564 3301 An
1581 3281 1698 3302 mmmm
1713 3281 1796 3302 aneo
1812 3282 1972 3303 memmi
1987 3272 2087 3313 quod,
2100 3275 2175 3314 quia
2187 3276 2314 3315 punitio
2331 3281 2376 3306 est
2393 3276 2523 3308 effectus

338 3309 464 3340 homini
487 3310 603 3341 collata
625 3317 672 3342 est
693 3313 728 3343 in
750 3314 932 3353 praemium
954 3314 1141 3345 humilitatis
1165 3323 1263 3354 quam
1283 3315 1317 3345 in
1333 3324 1404 3355 pas-
1417 3325 1445 3347 ἰο
1457 3316 1606 3351 iustitiae,
1622 3316 1809 3356 praemiatio
1833 3322 1940 3347 autem
1958 3318 2204 3355 misericordiae,
2220 3319 2295 3350 ideo
2318 3321 2419 3360 magis
2442 3321 2524 3352 iudi-

339 3353 431 3384 sione
453 3354 597 3386 exhibuit
610 3356 638 3386 “.
662 3355 734 3396 Ipse
756 3363 866 3389 autem
883 3367 941 3389 sua
963 3359 1112 3398 passione
1135 3359 1325 3398 sanguinem
1343 3368 1403 3400 pro
1459 3360 1521 3396 cio,
1538 3359 1629 3399 quod
1653 3365 1700 3390 est
1723 3365 1812 3390 actus
1826 3361 1965 3392 iustitiae
1988 3364 2228 3394 antonomasice
2244 3365 2271 3400 ³,
2287 3365 2414 3404 punitio
2438 3366 2523 3396 attri-

340 3397 493 3429 omnibus
525 3397 608 3429 fudit
640 3405 798 3439 quantum
827 3401 868 3433 ad
897 3401 1137 3439 sufficientiam,
1168 3403 1243 3434 licet
1272 3413 1341 3434 non
1370 3404 1406 3434 in
1459 3404 1585 3435 buitur:
1619 3410 1655 3434 ut
1685 3403 1845 3435 interdum
1878 3405 2033 3436 iudicium
2063 3416 2122 3447 pro
2154 3408 2223 3448 ipsa
2253 3408 2524 3440 condemnatione

340 3441 491 3474 omnibus
519 3441 671 3476 effectum
697 3444 823 3482 habuit,
846 3451 978 3488 propter
1000 3446 1269 3487 impedimentum
1291 3448 1326 3478 in
1349 3447 1404 3478 ali-
1459 3449 1642 3488 accipiatur.
1676 3448 1718 3479 Et
1744 3450 1790 3481 sic
1821 3449 2006 3490 intelligitur
2035 3452 2205 3482 auctoritas
2236 3452 2385 3490 inducta,
2408 3459 2446 3484 ut
2467 3464 2524 3494 per

340 3485 458 3525 quibus
486 3486 664 3518 inventurn.
696 3487 738 3519 Et
759 3488 834 3520 ideo
864 3499 1046 3531 congruum
1076 3497 1123 3523 est
1149 3497 1186 3523 ut
1208 3501 1324 3523 omnes
1344 3492 1405 3523 ho·
1460 3492 1609 3524 Glossam
1624 3493 1641 3510 ⁴*
1664 3492 1783 3524 ibidem
1806 3499 1902 3534 patet.

340 3530 443 3560 mines
466 3530 499 3560 in
522 3529 642 3561 iudicio
670 3538 903 3573 congregentur
931 3534 972 3565 ad
993 3534 1169 3568 videndum
1197 3536 1266 3567 eius
1289 3536 1404 3567 exalta-
1418 3550 1442 3570 75
1513 3537 1564 3567 An
1589 3546 1751 3568 sncuxmm
1783 3547 1943 3568 DICRNDUM
1973 3539 2063 3579 quod
2095 3538 2249 3571 discussio
2279 3543 2467 3573 meritorum
2490 3544 2523 3573 in

481 3591 591 3616 Sunius
609 3591 714 3616 Tuam..
732 3592 763 3616 D.
777 3592 892 3618 Tuom
910 3594 943 3619 T.
962 3595 1004 3619 lx.
2330 3603 2379 3634 ²7⁸

2557 322 2567 332 ‘
2591 321 2627 342 Cf.
2651 327 2698 349 arg.
2722 322 2771 343 Sed

2557 349 2639 369 contra
2656 355 2674 370 ι.

2558 409 2567 419 ·
2583 408 2639 435 Cap.
2656 414 2676 430 v.

2559 938 2569 948 ¹
2584 936 2647 958 loan.
2668 943 2718 964 cap.
2733 944 2769 965 ιιι,

2560 969 2618 985 vers.
2635 964 2668 985 ¹8.

2559 1383 2569 1394 ·
2583 1382 2650 1404 Vers.
2669 1383 2702 1405 18.

2558 1559 2568 1569 ·
2574 1557 2611 1579 De
2618 1556 2675 1580 Gen.
2686 1558 2720 1579 ad
2726 1558 2769 1580 litt.

2558 1584 2643 1611 lib.XI,
2653 1590 2703 1612 cap.
2713 1591 2769 1606 xvii.

2591 1865 2679 1886 Moral.
2707 1865 2747 1886 lib.

2558 1891 2664 1918 XXXIV,
2671 1897 2769 1919 cap.vu;

2558 1918 2581 1939 in
2596 1922 2640 1940 vet.
2655 1925 2685 1940 iv.

2559 1946 2579 1956 ”·
2594 1945 2659 1967 Vers.
2676 1945 2708 1967 16.

2557 2089 2566 2097 ·
2582 2086 2647 2108 Vers.
2665 2094 2699 2109 ιο.
2711 2097 2721 2103 ·
2733 2088 2767 2110 Cf.

2556 2113 2589 2134 ad
2594 2113 2658 2135 Rom.
2666 2119 2768 2141 caparv,

2556 2146 2615 2162 vers.
2632 2146 2665 2162 ιο.

2554 2712 2564 2722 ·
2575 2711 2584 2732 1
2594 2710 2628 2732 ad
2638 2710 2702 2738 Cor„
2715 2717 2764 2738 cap.

2554 2743 2612 2759 vers.
2630 2743 2661 2759 ¹2.

2553 2887 2562 2897 ·
2575 2886 2642 2912 ibid„
2654 2892 2704 2913 cap.
2719 2892 2763 2913 vn,

2553 2918 2612 2934 vers.
2627 2918 2661 2941 ³²·

2552 2977 2562 2986 ‘
2577 2975 2645 3002 1bid.‚
2662 2981 2713 3003 cap.
2728 2981 2764 3002 ιιι,

2552 3007 2610 3023 vers.
2628 3007 2659 3024 η.

2553 3028 2703 3055 ·11adTim.,
2713 3034 2764 3056 cup.

2551 3060 2574 3081 ιι,
2589 3061 2648 3076 vers.
2663 3062 2685 3081 4·

2553 3104 2562 3113 ·
2580 3102 2638 3124 Dan.
2659 3108 2709 3130 cap.
2727 3109 2763 3129 ιν,

2551 3134 2610 3150 vers.
2625 3135 2662 3155 ²4-

2551 3371 2561 3382 ·
2576 3370 2611 3392 ef.
2627 3370 2681 3391 11·m
2704 3371 2762 3397 11¹⁶,

2551 3403 2589 3424 qu.
2604 3403 2640 3423 Lx,
2656 3401 2700 3419 art.
2721 3405 2738 3419 ι.

2552 3495 2560 3504 ·
2581 3493 2638 3515 Ord.
2658 3493 2719 3520 Aug.
2741 3497 2762 3514 et

2549 3519 2650 3541 Intetlin.
2688 3524 2761 3546 super

2550 3552 2607 3567 vere.
2625 3551 2657 3572 ¹7.
