2918 4088
3 168 9 201 υ...
0 122 11 156 τι..
0 90 15 110 ..s
0 0 11 76 wan-⁷

16 3103 30 3114 ς,
79 3079 139 3114 vm:
153 3095 174 3113 2.

82 795 133 818 ·cf.
140 769 238 818 Ariostot.
243 795 293 817 Me-

80 822 175 850 taplurn.
191 821 231 844 lib.
253 822 292 847 Vl,

80 854 225 898 gpff7,¹ig:
240 855 292 902 (fii,

79 902 132 924 lect.
147 907 179 924 ιιι.

17 2642 23 2650 -.
76 2617 88 2628 ·
102 2615 153 2638 Art.
167 2621 191 2642 4.

33 2771 290 2802 .·uReg.e-.

19 2807 21 2810 ¹
78 2804 133 2826 m,
143 2805 202 2821 ven.
210 2805 235 2825 a:
246 2799 291 2821 Za-

79 2825 193 2854 duncap.
197 2831 290 2848 naver·-

79 2857 103 2880 93
112 2850 124 2874 1
131 2851 166 2875 ad
174 2853 230 2875 Gor.
240 2858 290 2880 σιρ.

78 2883 103 2906 ι,
112 2885 172 2902 ven.
181 2886 206 2907 4:
218 2879 290 2907 Apoc.

79 2931 103 2943 ··
121 2911 291 2960 affimat

79 2963 179 3012 '“f·v,⁴
183 2958 290 3013 ‘'0123'‘5'5·

80 3042 139 3060 m
151 3017 233 3066 :⁹5:83
242 3017 291 3060 »ἵζε

169 3069 221 3092 σιμ.
252 3069 276 3086 iv
285 3081 291 3091 ‚

178 3117 194 3152 β

1027 210 1290 258 QUAESTIO
1320 210 1409 257 LX,
1439 209 1732 247 ARTICULUS
1762 211 1795 246 V
2473 223 2521 258 7.

1439 287 1479 324 in
1507 289 1536 324 11
1565 288 1610 324 de
1637 289 1741 324 Doct.
1766 289 1895 324 Christ.
1917 288 1946 334 *,
1968 288 2105 337 quod<
2131 291 2280 338 signum
2309 295 2358 325 est
2387 289 2494 338 quod,
2525 297 2534 307 ·

320 288 511 337 gnificatio
540 290 766 326 sacramenti
794 290 1015 339 impleatur:
1046 289 1142 326 sicut
1174 289 1288 325 etiam
1316 299 1385 336 per

321 341 609 378 similitudinem
637 342 874 379 sensibilium
903 355 1030 379 rerum
1060 342 1099 378 in
1128 341 1259 378 divina
1287 340 1383 378 Scri-

320 402 433 444 ptura
452 406 511 431 res
539 394 749 443 spirituales
778 395 888 432 nobis
912 395 1190 432 describuntur.
1220 394 1268 430 Et
1295 393 1383 429 inde

321 455 377 484 est
403 447 511 496 quod
530 447 579 484 ad
608 457 845 485 sacramenta
868 447 1116 496 requiruntur
1143 458 1202 482 res
1230 445 1384 482 sensibi-

320 501 394 536 les:
424 507 466 536 ut
500 499 615 537 etiam
642 500 850 550 Dionysius
878 500 1026 550 probat,
1047 499 1086 536 in
1115 511 1123 536 1
1149 511 1231 547 cap.
1257 499 1383 535 Caele-

319 553 381 589 stis
407 554 668 590 IIierarchiae.

373 606 430 642 AD
447 617 581 643 PRIMUM
609 618 707 644 ERoo
735 618 916 643 mCENDUM
943 605 1051 654 quod
1071 604 1383 653 unumquodque

320 658 526 707 praecipue
562 658 835 696 denominatur
870 666 906 694 et
943 657 1124 695 definitur
1167 657 1384 694 secundum

320 710 413 747 illud
448 711 555 760 quod
592 711 772 748 convenit
806 711 840 747 ei
872 710 1000 759 primo
1035 718 1071 746 et
1104 722 1174 758 per
1208 722 1266 746 se:
1303 721 1383 746 non

320 771 451 800 autern
470 776 540 812 per
557 762 571 786 δ
597 763 638 801 id
665 764 772 812 quod
791 763 971 800 convenit
999 763 1033 800 ei
1052 775 1122 811 per
1139 762 1243 799 aliud
1261 762 1291 798 ²¹⁸.
1322 762 1384 798 Ef-

319 816 439 853 fectus
467 824 597 854 autem
625 815 810 853 sensibilis
828 828 898 865 per
925 828 965 852 se
994 816 1109 852 habet
1134 815 1240 864 quod
1270 815 1384 851 ducat

320 868 360 906 in
387 869 647 917 cognitionem
681 868 853 915 alterius,
883 868 993 918 quasi
1028 868 1154 917 primo
1183 875 1219 904 et
1246 880 1316 916 per
1343 880 1383 904 se

319 921 470 958 homini
496 921 758 958 innotescens:
788 921 880 970 quia
907 921 1034 958 omnis
1062 928 1191 958 nostra
1218 920 1383 968 cognitio

319 986 342 1011 a
369 985 485 1010 sensu
513 973 664 1011 initium
699 974 815 1011 habet
834 979 856 1011 ‘.
887 975 1057 1011 Effectus
1093 981 1224 1011 autem
1251 973 1383 1010 intelli-

317 1025 450 1075 gibiles
484 1039 564 1064 non
592 1027 735 1064 habent
769 1027 876 1076 quod
903 1027 1051 1076 possint
1086 1027 1226 1064 ducere
1253 1026 1292 1063 in
1320 1027 1383 1063 co-

318 1078 530 1128 gnitionem
548 1079 701 1117 alterius
728 1079 801 1119 nisi
819 1080 1050 1129 inquantum
1077 1088 1165 1116 sunt
1192 1091 1262 1128 per
1280 1079 1383 1116 aliud

318 1131 562 1180 manifestati,
591 1132 688 1169 idest
714 1145 784 1182 per
810 1133 938 1182 aliqua
974 1133 1176 1170 sensibilia.
1220 1133 1267 1169 Et
1295 1132 1383 1169 inde

318 1192 374 1222 est
401 1185 508 1234 quod
545 1185 672 1234 primo
705 1193 742 1223 et
775 1185 1032 1236 principaliter
1064 1185 1245 1223 dicuntur
1279 1185 1384 1234 signa

317 1249 418 1287 quae
446 1238 622 1275 sensibus
641 1239 874 1276 offeruntur:
904 1239 1000 1276 sicut
1018 1238 1255 1286 Augustinus
1282 1238 1382 1287 dicit,

369 1370 402 1404 ὃ).
410 1378 470 1402 per.
487 1384 508 1390 —
522 1370 669 1396 secundum
689 1370 724 1400 ¹²3
739 1370 857 1402 primo...
876 1370 902 1395 ei
919 1378 973 1396 om.
992 1370 1010 1396 1.

370 1406 394 1440 ι)
413 1406 518 1431 initium
537 1406 624 1432 habet.
641 1420 661 1425 -
676 1407 741 1431 suu‘.
754 1406 832 1431 habet
850 1406 883 1436 H,
902 1406 991 1431 oritur
1009 1406 1143 1432 editiones,

369 1441 395 1477 ζ)
414 1442 494 1474 quod.
512 1456 531 1460 —
549 1441 611 1466 Om.
629 1449 652 1470 c,
672 1441 716 1466 ubi
734 1441 801 1466 dicit
818 1441 890 1474 quod
910 1442 936 1467 Ρ.

1434 346 1586 389 praeter
1618 342 1775 389 speciem
1808 353 1919 389 quam
1948 343 2082 390 ingerit
2109 343 2289 388 sensibus,
2305 343 2403 389 facit
2430 342 2496 378 ali-

1438 393 1526 441 quid
1551 393 1654 429 aliud
1677 395 1714 429 in
1741 395 1989 442 cognitionem
2014 395 2150 430 venire.
2180 394 2348 430 Effectus
2368 401 2496 430 autem

1438 445 1687 492 intelligibiles
1715 457 1794 482 non
1829 446 1972 482 habent
2006 446 2193 482 rationem
2222 445 2316 493 signi
2344 445 2415 482 nisi
2443 458 2497 482 se-

1439 498 1612 535 cundum
1641 498 1747 547 quod
1774 506 1862 535 sunt
1890 498 2113 535 manifestati
2140 510 2209 547 per
2234 498 2361 547 aliqua
2380 498 2495 545 signa.

1439 551 1486 587 Et
1509 563 1578 599 per
1605 551 1710 587 hunc
1738 551 1850 587 etiam
1882 551 2045 588 modum
2071 551 2262 600 quaedam
2291 563 2390 599 quae
2417 562 2497 587 non

1439 611 1527 640 sunt
1541 603 1741 650 sensibilia,
1754 603 1932 640 dicuntur
1942 604 2234 652 quodammodo
2250 611 2496 649 sacramenta,

1438 656 1666 705 inquantum
1698 664 1786 692 sunt
1813 656 2020 704 significata
2038 668 2108 705 per
2134 656 2260 705 aliqua
2288 655 2495 692 sensibilia:

1439 709 1486 745 de
1515 708 1657 757 quibus
1685 709 1780 745 infra
1798 708 1818 730 '¹‘
1846 717 1987 757 agetur.

1491 763 1548 798 An
1567 774 1757 799 SECUNDUM
1776 774 1968 808 DlCENDUM,
1984 762 2090 810 quod
2111 774 2170 798 res
2189 761 2394 808 sensibiles,
2410 773 2497 810 pro-

1438 822 1479 851 ut
1508 814 1546 851 in
1566 827 1636 851 sua
1661 822 1796 851 natura
1815 814 2115 861 considerantur,
2135 826 2215 851 non
2243 813 2430 863 pertinent
2449 813 2498 850 ad

1438 869 1585 904 cultum
1612 868 1673 904 vel
1706 879 1868 915 regnum
1897 867 1987 904 Dei:
2024 868 2091 904 sed
2120 869 2246 904 solum
2283 867 2495 903 secundum

1438 921 1545 969 quod
1574 928 1662 957 sunt
1689 920 1795 968 signa
1822 919 2075 969 spiritualium
2110 932 2260 967 rerum,
2290 919 2328 956 in
2356 919 2497 968 quibus

1438 985 1600 1021 regnum
1628 973 1700 1010 Dei
1727 972 1906 1010 consistit.

1490 1028 1547 1063 An
1571 1038 1730 1063 TERTIUM
1758 1038 1938 1063 DICENDUM
1966 1026 2073 1074 quod
2101 1024 2336 1073 Augustinus
2364 1023 2416 1060 ibi
2443 1025 2497 1061 lo-

1438 1079 1568 1128 quitur
1595 1079 1643 1116 de
1671 1079 1785 1115 rebus
1814 1078 2053 1115 sensibilibus
2081 1078 2296 1115 secundum
2324 1077 2431 1126 quod
2458 1076 2497 1113 in

1438 1145 1508 1169 sua
1534 1139 1670 1169 natura
1704 1131 1995 1169 considerantur
2013 1138 2050 1168 7¹2:
2090 1143 2170 1168 non
2197 1139 2325 1168 autem
2364 1142 2498 1167 secun-

1437 1186 1534 1222 dum
1562 1185 1669 1234 quod
1705 1192 1956 1222 assumuntur
1982 1185 2031 1222 ad
2059 1183 2353 1232 significandum
2391 1182 2498 1232 spiri-

1437 1238 1563 1285 tualia,
1584 1249 1684 1287 quae
1712 1245 1801 1274 sunt
1828 1237 1997 1275 maxima
2023 1238 2137 1274 bona.

1487 1369 1515 1403 η)
1535 1370 1561 1394 in
1580 1376 1629 1394 sua
1648 1373 1748 1394 natura
1766 1370 1980 1396 considerantur.
1992 1384 2011 1388 -
2027 1373 2091 1394 sunt
2110 1370 2136 1394 in
2156 1377 2205 1395 sua
2224 1374 2324 1395 natura
2343 1370 2388 1394 PH
2405 1369 2458 1402 (pG
2473 1375 2500 1394 ut

1436 1405 1548 1439 videtur)
1566 1411 1591 1430 et
1609 1413 1631 1435 c,
1651 1404 1868 1438 (considerantur
1886 1413 1966 1438 super
1982 1413 2042 1434 ras.,
2061 1405 2087 1430 in
2107 1405 2200 1439 marg.)
2219 1413 2268 1430 sua
2287 1408 2386 1430 natura
2403 1405 2450 1430 sG.

990 1522 1326 1555 Commentaria
1349 1521 1602 1555 cardinalis
1624 1521 1824 1555 Caietam

378 1612 485 1632 rrurus
516 1602 628 1632 clarus.
658 1601 722 1632 Res
748 1601 913 1631 sensibiles
926 1609 937 1631 .·
959 1606 1037 1641 puta
1067 1610 1167 1640 aqua,
1193 1601 1313 1636 oleum,
1338 1601 1382 1630 vi-

319 1613 467 1681 Tnum,
491 1646 593 1686 panis.

371 1690 407 1720 In
423 1699 559 1730 corpore
582 1699 647 1719 una
667 1689 854 1720 conclusio:
879 1689 930 1719 Ad
943 1694 1148 1719 sacramenta
1172 1689 1384 1729 requiruntur

317 1743 370 1764 res
397 1734 571 1765 sensibiles.
605 1733 762 1763 Probatur
793 1733 971 1774 dupliciter.
1005 1733 1124 1769 Primo,
1152 1733 1285 1763 ratione.
1319 1733 1382 1763 Res

317 1787 422 1809 sacrae
453 1787 536 1818 quae
559 1787 617 1818 per
638 1783 835 1808 sacramenta
866 1776 1094 1817 significantur,
1118 1782 1193 1807 sunt
1225 1776 1383 1817 quaedam

316 1822 403 1853 bona
434 1821 644 1862 intelligibilia
676 1822 793 1862 quibus
824 1822 925 1852 homo
954 1821 1177 1852 sanctificatur.
1212 1821 1298 1861 Ergo
1326 1831 1383 1861 per

317 1866 439 1907 aliquas
461 1876 511 1897 res
534 1865 696 1896 sensibiles
719 1865 908 1906 significatio
932 1866 1120 1896 sacramenti
1142 1865 1305 1906 implenda
1326 1871 1382 1895 est.

316 1910 403 1951 Ergo
427 1910 467 1941 ad
489 1915 686 1941 sacramenta
707 1910 913 1950 requiruntur
935 1919 984 1940 res
1008 1910 1182 1940 sensibiles.

371 1955 476 1985 Prima
500 1955 730 1995 consequentia
752 1954 906 1994 probatur
923 1954 1066 1984 ratione:
1092 1964 1129 1984 ex
1145 1959 1234 1994 parte
1250 1953 1383 1994 quidem

315 1999 425 2034 nostri,
450 1999 526 2039 quia
548 1998 666 2029 modus
693 1998 844 2029 naturalis
873 1998 1067 2038 cognitionis
1094 1998 1254 2028 humanae
1278 2004 1325 2028 est
1348 2003 1383 2028 ut

1435 1611 1493 1641 per
1515 1601 1674 1631 sensibilia
1697 1600 1737 1631 ad
1759 1601 1967 1641 intelligibilia
1990 1601 2146 1638 deveniat,
2171 1604 2298 1642 signum
2320 1609 2428 1634 autem
2452 1609 2499 1634 est

1436 1654 1493 1684 per
1520 1644 1610 1684 quod
1633 1646 1666 1674 in
1690 1645 1817 1675 alterius
1850 1646 2069 1685 cognitionem
2101 1646 2309 1683 devenimus;
2345 1657 2382 1677 ex
2410 1653 2497 1687 parte

1435 1698 1512 1719 vero
1534 1689 1604 1724 Dei,
1622 1689 1697 1728 quia
1720 1689 1899 1719 secundum
1922 1689 2057 1719 modum
2080 1695 2226 1720 nostrum
2242 1691 2329 1721 Deus
2352 1691 2498 1731 providet

1435 1733 1539 1763 nobis.
1564 1732 1663 1771 Quod
1679 1733 1712 1762 in
1728 1732 1830 1763 littera
1849 1733 2013 1773 tripliciter
2034 1733 2261 1764 manifestatur.
2286 1735 2498 1775 Consequens

1437 1782 1483 1807 est
1505 1777 1600 1817 igitur
1624 1775 1714 1817 quod
1736 1776 1925 1816 significatio
1948 1777 2018 1807 talis
2041 1778 2123 1818 signi
2145 1788 2163 1807 a
2182 1779 2252 1809 Deo
2276 1779 2399 1809 homini
2423 1779 2497 1815 dati,

1436 1821 1556 1851 scilicet
1579 1822 1776 1857 sacramenti,
1793 1830 1850 1861 per
1868 1822 2026 1851 sensibilia
2048 1822 2228 1862 impleatur.
2251 1841 2275 1845 —
2297 1823 2338 1853 Et
2353 1823 2498 1853 similitu-

1437 1865 1532 1895 dine:
1566 1866 1641 1905 quia
1672 1865 1846 1905 spiritualia
1874 1866 1908 1895 in
1925 1875 2022 1896 -sacra
2054 1865 2214 1906 Scriptura
2245 1876 2303 1907 per
2334 1867 2497 1898 sensibiles

1436 1908 1658 1939 similitudines
1681 1909 1897 1939 innotescunt.

1492 1953 1652 1989 Secundo,
1676 1954 1829 1993 probatur
1852 1953 2017 1984 conclusio
2040 1955 2228 1985 auctoritate
2251 1955 2409 1995 Dionysii.

1103 2153 1423 2196 ARTICULUS
1453 2154 1711 2206 QUINTUS

724 2240 881 2271 UTRUM
904 2239 1222 2278 REQUIRANTUR
1245 2239 1593 2270 DETERMINATAE
1616 2239 1696 2271 REs
1719 2240 1778 2270 AD
1803 2239 2101 2271 SACRAMENTA

1196 2319 1270 2349 insta,
1289 2326 1333 2352 qu.
1351 2326 1418 2350 inv,
1437 2324 1485 2345 art.
1505 2326 1529 2349 2,
1548 2319 1580 2344 ad
1601 2327 1624 2344 2.

347 2419 409 2458 »ἧι
434 2422 500 2462 μή(
526 2413 549 2438 D
569 2411 730 2443 Qum-rum
749 2411 802 2436 stc
826 2411 1061 2436 PROCEDrrUR.
1091 2398 1252 2435 Videtur
1274 2398 1381 2447 quod

342 2442 504 2511 ’ψῖνη
528 2465 609 2491 non
647 2452 890 2502 requirantur
926 2451 1199 2488 determinatae
1237 2463 1296 2488 res
1333 2451 1383 2488 ad

394 2523 442 2539 *V
463 2490 486 2514 ²1.

336 2510 515 2592 *cst
529 2513 777 2596 ffiffiniss'
807 2505 1381 2605 {Zssassssffissefflbssignfffiffi

318 2613 426 2658 dum,
447 2618 490 2648 ut
508 2612 654 2649 dictum
673 2619 728 2654 est
746 2611 776 2648 *.
808 2611 885 2648 Sed
904 2610 997 2647 nihil
1019 2610 1197 2660 prohibet
1223 2610 1382 2647 diversis

318 2665 434 2702 rebus
453 2664 694 2701 sensibilibus
721 2664 825 2701 idem
845 2663 1067 2712 significari:
1097 2663 1193 2700 sicut
1219 2663 1257 2700 in
1277 2675 1383 2700 sacra

320 2718 515 2767 Scriptura
537 2718 644 2754 Deus
671 2716 880 2766 aliquando
906 2716 1167 2766 metaphorice
1196 2715 1382 2764 significa-

318 2779 382 2808 tur
407 2782 478 2820 per
514 2770 682 2819 lapidem
700 2769 740 2817 *,
770 2770 1007 2819 quandoque
1035 2782 1105 2818 per
1140 2771 1295 2806 leonem
1322 2769 1381 2816 **,

319 2824 556 2874 quandoque
575 2835 644 2872 per
662 2823 784 2859 solem
801 2821 833 2870 *,
854 2831 919 2859 aut
942 2822 1085 2872 aliquid
1105 2820 1120 2851 β
1144 2822 1381 2859 huiusmodi.

319 2878 421 2926 Ergo
440 2876 593 2913 videtur
611 2875 718 2925 quod
737 2875 910 2912 diversae
930 2887 989 2911 res
1007 2874 1154 2924 possint
1172 2887 1382 2923 congruere

319 2930 447 2968 eidem
475 2936 726 2966 sacramento.
769 2929 862 2965 Non
897 2940 986 2976 ergo
1022 2926 1295 2964 determinatae
1324 2940 1384 2965 res

318 2983 358 3020 in
386 2982 633 3020 sacramentis
662 2981 920 3030 requiruntur.

374 3047 408 3072 2.
438 3036 674 3080 PRAETEREA,
704 3033 824 3082 magis
852 3033 1064 3070 necessaria
1092 3041 1147 3070 est
1174 3034 1276 3070 salus
1303 3033 1382 3070 ani-

318 3101 406 3126 mae
435 3100 553 3138 quam
583 3089 685 3125 salus
704 3087 887 3136 corporis.
918 3087 995 3124 Sed
1014 3086 1053 3123 in
1081 3085 1281 3123 medicinis
1300 3098 1382 3123 cor-

318 3141 526 3192 poralibus,
547 3153 647 3190 quae
676 3141 724 3177 ad
753 3141 914 3177 salutem
942 3139 1113 3188 corporis
1145 3138 1380 3187 ordinantur,

317 3202 443 3244 potest
461 3206 540 3231 una
559 3206 618 3231 res
637 3205 708 3243 pro
728 3193 801 3230 alia
818 3192 912 3242 poni
931 3192 970 3229 in
990 3192 1071 3229 eius
1090 3192 1250 3229 defectu.
1280 3193 1381 3240 Ergo

318 3249 441 3285 multo
461 3246 582 3295 magis
600 3246 640 3284 in
659 3245 916 3292 sacramentis,
938 3257 1037 3294 quae
1057 3253 1146 3282 sunt
1168 3244 1381 3282 medicinae

319 3300 530 3350 spirituales
558 3299 608 3337 ad
635 3301 798 3336 salutem
826 3298 977 3336 animae
1005 3298 1219 3345 ordinatae,
1245 3298 1382 3347 poterit

318 3365 398 3410 una
425 3365 484 3390 res
512 3353 657 3390 assumi
684 3365 756 3402 pro
785 3352 856 3389 alia
883 3352 1041 3401 quando
1070 3351 1131 3388 illa
1159 3351 1328 3389 defuerit.

1490 2398 1523 2435 3.
1554 2400 1794 2446 PRAETEREA,
1823 2412 1905 2437 non
1939 2408 1995 2437 est
2022 2401 2255 2438 conveniens
2292 2410 2335 2439 ut
2371 2403 2496 2439 homi-

1434 2464 1531 2488 num
1550 2457 1566 2480 Υ
1585 2453 1686 2489 salus
1705 2460 1869 2490 arctetur
1886 2465 1956 2502 per
1973 2454 2096 2502 legem
2115 2453 2304 2491 divinam:
2335 2462 2371 2492 et
2388 2467 2495 2504 prae-

1434 2504 1546 2554 cipue
1565 2517 1635 2554 per
1653 2506 1777 2553 legem
1797 2505 1948 2554 Christi,
1968 2506 2035 2555 qui
2059 2506 2163 2543 venit
2181 2519 2318 2544 omnes
2337 2510 2493 2546 salvare.

1436 2557 1512 2595 Sed
1540 2557 1580 2594 in
1608 2565 1706 2595 statu
1734 2558 1825 2607 legis
1852 2566 2010 2596 naturae
2039 2571 2119 2596 non
2147 2560 2438 2609 requirebantur
2455 2561 2495 2598 in

1435 2611 1682 2648 sacramentis
1701 2611 1850 2660 aliquae
1870 2623 1929 2648 res
1948 2612 2231 2659 determinatae,
2252 2613 2319 2650 sed
2338 2625 2384 2650 ex
2403 2622 2495 2651 voto

1436 2664 1750 2701 assumebantur:
1780 2672 1823 2701 ut
1849 2672 1951 2713 patet
1982 2665 2073 2701 Gen.
2104 2665 2258 2712 XXV111*,
2279 2666 2346 2702 ubi
2373 2678 2413 2703 se
2441 2668 2495 2704 Ia-

1436 2717 1509 2753 cob
1537 2716 1645 2753 vovit
1672 2717 1756 2754 Deo
1785 2717 1953 2754 decimas
1981 2725 2017 2754 et
2044 2717 2186 2754 hostias
2221 2718 2400 2767 pacificas
2427 2719 2495 2756 ob-

1436 2771 1615 2807 laturum.
1645 2770 1746 2817 Ergo
1775 2769 1926 2807 videtur
1953 2770 2060 2819 quod
2097 2782 2177 2807 non
2204 2771 2336 2808 debuit
2363 2772 2496 2809 arctari

1436 2824 1570 2870 homo,
1591 2830 1627 2859 et
1654 2822 1859 2872 praecipue
1878 2822 1918 2859 in
1946 2835 2048 2860 nova
2075 2825 2167 2871 lege,
2188 2824 2237 2860 ad
2265 2823 2423 2862 alicuius
2442 2825 2495 2862 rei

1436 2875 1708 2912 determinatae
1737 2887 1855 2912 usum
1881 2875 1920 2912 in
1948 2876 2203 2913 sacramentis.
2242 2905 2245 2908 .

1490 2929 1563 2966 SED
1583 2940 1728 2966 CONTRA
1747 2940 1812 2965 EST
1831 2929 1938 2977 quod
1956 2929 2148 2965 Dominus
2167 2929 2267 2975 dicit,
2287 2930 2389 2966 Ioan.
2411 2942 2443 2966 111
2457 2930 2492 2967 *ε

1435 2982 1522 3018 Nisi
1548 2983 1628 3030 quis
1655 2987 1804 3018 renatus
1820 2982 1941 3029 fuerit
1968 2994 2017 3018 ex
2052 2994 2150 3030 aqua
2178 2987 2211 3018 et
2237 2983 2374 3031 Spiritu
2402 2984 2493 3019 San-

1435 3040 1505 3080 cto,
1527 3046 1602 3070 non
1627 3039 1743 3083 potest
1770 3035 1924 3071 introire
1950 3035 1987 3070 in
2016 3046 2175 3083 regnum
2204 3035 2285 3071 Dei.

1488 3088 1712 3124 RESPONDEO
1731 3098 1912 3123 DICENDUM
1937 3087 2044 3135 quod
2072 3086 2111 3123 in
2139 3099 2212 3123 usu
2240 3092 2494 3125 sacramento-

1436 3151 1524 3177 rum
1552 3139 1631 3176 duo
1659 3146 1822 3188 possunt
1849 3139 2091 3186 considerari,
2120 3138 2259 3176 scilicet
2289 3141 2411 3177 cultus
2439 3140 2494 3177 di-

1435 3192 1561 3238 vinus,
1582 3200 1619 3229 et
1646 3191 1892 3229 sanctificatio
1912 3192 2101 3229 hominis:
2131 3204 2302 3241 quorum
2323 3192 2495 3241 primum

1435 3245 1597 3294 pertinet
1634 3245 1682 3282 acl
1720 3245 1921 3282 hominem
1962 3257 2031 3294 per
2073 3244 2402 3294 comparationem
2445 3246 2494 3282 ad

1435 3299 1576 3344 Deum,
1597 3298 1812 3335 secundum
1840 3306 1969 3334 autem
1997 3310 2018 3334 e
2044 3309 2231 3334 converso
2259 3297 2419 3346 pertinet
2445 3299 2494 3335 ad

1435 3352 1565 3389 Deum
1601 3363 1670 3400 per
1705 3351 2035 3400 comparationem
2063 3350 2113 3387 ad
2147 3350 2359 3388 hominem.
2402 3351 2494 3388 Non

372 3483 401 3518 α)
419 3485 603 3517 requiruntur.
621 3499 639 3504 -
657 3489 831 3511 assumuntur
849 3485 887 3510 Pl.

373 3518 399 3553 β)
417 3520 528 3552 aliquid.
546 3535 565 3540 -
582 3521 659 3546 aliud
677 3521 774 3546 addunt
793 3521 833 3547 ΡΙ.

1489 3481 1516 3517 γ)
1536 3482 1679 3508 hominum.
1696 3497 1716 3500 —
1733 3482 1835 3507 homini
1852 3482 1906 3513 ΡΗ,
1926 3482 2039 3507 hominis
2057 3482 2190 3507 editiones.

2524 714 2534 723 ·
2551 713 2597 739 Qu.
2612 719 2678 740 um,
2692 717 2735 735 art.

2527 746 2544 765 i,
2555 739 2614 765 adu
2625 744 2666 761 art.
2677 746 2697 767 3,
2706 740 2734 761 ad

2524 772 2551 813 πός.
2558 771 2683 813 ςυὶιικκιιι,
2692 770 2733 812 ιεῐ.

2524 807 2565 839 ..t
2574 798 2734 847 :xa-:rra

2523 844 2686 872 Supplement„
2695 851 2733 872 qu.

2524 876 2579 896 xxx,
2589 875 2630 892 nrt.
2641 877 2661 899 3,
2674 872 2702 892 ad
2714 878 2735 900 33

2524 902 2562 922 qu¹
2578 903 2632 923 an,
2652 901 2693 919 m.
2716 905 2734 924 ι,

2524 923 2551 944 ad
2566 929 2585 951 5.

2523 2674 2532 2683 ⁹
2549 2672 2614 2693 Vers.
2627 2677 2655 2693 ιο
2671 2677 2722 2700 sqq.

2522 2936 2531 2946 ·
2547 2934 2612 2956 Vers.
2626 2940 2645 2962 5.
