2918 4088
91 1369 304 1421 :tffivffiffffi

90 1425 126 1444 ter
135 1421 305 1449 Lxxxn1,‚aa

90 1448 236 1498 Tt'fi‘fiffit.
241 1455 303 1497 25:⁸1³:

90 1501 171 1529 dplex,
179 1501 210 1524 de
218 1501 304 1524 Poeni-

90 1530 156 1556 tenu,
171 1528 226 1551 din.
241 1528 259 1550 1.

89 1795 171 1845 212¹?
164 1794 303 1850 2352:ss

89 1847 138 1871 Nnc
147 1848 204 1870 {deo
217 1850 302 1870 men.

90 1885 102 1892 ·
111 1874 150 1898 Cf.
160 1877 197 1897 Αιι
233 1874 303 1898 Cont-

67 1916 69 1918 >
90 1901 194 1924 Duum
205 1917 211 1923 .
221 1901 261 1924 lib.
271 1901 303 1929 V,

88 1933 141 1956 etp.
154 1933 203 1950 m.

89 2057 100 2068 ·
116 2055 183 2078 lom.
196 2061 248 2085 onp.
262 2061 303 2085 xx,

90 2088 151 2105 ven.
164 2088 200 2112 ²3·

190 2119 208 2146 Υ

90 2211 100 2222 ·
114 2209 182 2232 Vero.
198 2217 217 2233 ¹-

89 2238 111 2248 ··
127 2237 195 2259 Vero.
209 2243 230 2259 ι.

90 2353 101 2364 ·
122 2352 172 2374 Act.
189 2317 248 2380 δειρ.
269 2357 304 2379 ιι,

89 2385 150 2400 vers.
164 2384 200 2408 34

92 2693 101 2703 ·
121 2692 157 2714 Cf.
177 2691 267 2719 Opusc.
285 2697 304 2713 s.

91 2771 152 2799 mg.
172 2760 205 2793 Ν
222 2771 288 2792 Sem.
295 2786 304 2797 ,

91 2798 145 2847 353:
161 2803 240 2846 ἓξὲξ.
252 2803 304 2846 5123:

188 2853 204 2883 t

91 2888 102 2898 ·
117 2885 184 2909 Ven.
200 2891 235 2915 ¹9.

90 2915 102 2925 ·
117 2911 185 2935 Vers.
200 2918 233 2940 17·

93 3217 104 3228 ·
119 3215 184 3238 Vm.
202 3220 236 3243 ¹9-

981 199 1244 246 QUAESTIO
1273 199 1484 246 LXXXIV,
1515 198 1806 236 ARTICULUS
1835 201 1880 236 III

2439 206 2513 253 289

1139 333 1457 376 ARTICULUS
1487 334 1716 376 TERTIUS

691 428 848 460 UTRUM
873 429 994 459 HAEC
1019 428 1085 459 SIT
1109 428 1262 458 FORMA
1286 427 1418 458 HUIUS
1442 427 1734 464 SACRAMENTI,
1759 429 1853 460 Eoo
1881 430 1938 460 TE
1958 431 2163 461 ABSOLVO

888 499 923 523 1v
942 499 1028 529 Sent„
1048 499 1108 524 dist.
1125 505 1190 527 xxn,
1210 505 1254 530 qu.
1274 504 1306 528 n,
1325 502 1373 522 art.
1393 503 1420 526 2.
1440 497 1489 529 qu⁸
1510 497 1540 529 3;
1560 498 1658 530 Opusc.
1679 499 1721 523 De
1740 499 1830 525 Form.
1849 500 1968 526 Absolut.

422 586 481 609 [57

464 598 520 653 ta,

470 650 478 664 Ν

352 702 373 721 ,1
396 659 630 724 ,xrss'ffEgo
662 679 697 710 te
724 673 887 711 absolvo.
929 673 1096 709 Formae
1135 671 1240 708 enim
1278 683 1401 708 sacra-

388 702 486 759 ὥθ’)
502 719 533 763 K
545 734 766 763 mentorum
790 738 836 762 ex
855 724 1092 762 institutione
1110 724 1251 761 Christi
1272 732 1308 761 et
1327 737 1402 761 usu

333 779 526 816 Ecclesiae
567 779 769 816 habentur.
814 778 891 815 Sed
930 777 1103 814 Christus
1145 789 1225 814 non
1267 777 1402 825 legitur

332 832 434 868 hanc
460 831 627 869 formam
654 830 870 868 instituisse.
913 831 1054 879 Neque
1083 830 1199 867 etiam
1226 830 1266 866 in
1294 841 1401 867 com-

332 884 443 921 muni
471 897 546 921 usu
569 884 751 920 habetur:
782 882 1001 932 quinimmo
1022 883 1060 919 in
1080 883 1316 932 quibusdam
1336 883 1401 919 ab·

331 936 589 974 solutionibus
617 948 717 986 quae
747 936 786 972 in
809 936 980 972 Ecclesia
998 936 1151 985 publice
1170 935 1281 982 fiunt,
1305 935 1402 972 sicut

330 989 371 1026 in
398 989 524 1039 prima
552 998 588 1026 et
616 989 870 1038 completorio
899 996 935 1025 et
954 989 994 1026 in
1015 989 1122 1026 Cena
1141 988 1315 1034 Domini,
1335 989 1401 1026 ab-

331 1044 486 1080 solvens
507 1049 523 1064 ²
551 1055 631 1080 non
660 1042 780 1079 utitur
798 1041 971 1079 oratione
990 1042 1207 1089 indicativa,
1229 1050 1271 1079 ut
1289 1041 1400 1089 dicat,

329 1097 416 1145 Ego
444 1109 510 1134 vos
536 1096 700 1142 absolvo,
730 1095 798 1132 sed
827 1095 999 1133 oratione
1028 1095 1284 1145 deprecativa,
1309 1107 1401 1132 cum

331 1147 432 1196 dicit,
460 1150 691 1187 Misereatur
709 1150 823 1186 vestri
848 1151 1080 1198 omnipotens
1098 1150 1211 1196 Deus,
1232 1150 1305 1195 vel,
1326 1150 1400 1186 Ab·

329 1202 548 1240 solutionem
568 1201 583 1231 β
610 1203 746 1239 tribuat
771 1203 875 1240 vobis
900 1203 1132 1251 omnipotens
1154 1203 1267 1239 Deus.
1298 1202 1399 1250 Ergo

331 1255 429 1293 haec
462 1267 544 1293 non
572 1263 628 1292 est
661 1255 787 1292 forma
821 1254 938 1292 huius
974 1254 1219 1302 sacramenti,
1253 1257 1339 1305 Ego
1367 1262 1402 1293 te

330 1309 494 1347 absolvo.
575 1350 578 1351 ⁷

386 1373 420 1399 2.
455 1363 694 1406 PRAETEREA,
732 1362 815 1398 Leo
844 1361 950 1410 Papa
968 1360 988 1383 '¹‘
1016 1360 1124 1398 dicit:
1158 1362 1400 1411 Indulgentia

331 1415 403 1452 Dei
436 1417 508 1452 nisi
532 1415 859 1464 supplicationibus
885 1414 1118 1452 sacerdotum
1155 1417 1277 1464 nequit
1310 1416 1400 1452 obti-

331 1469 424 1505 neri.
452 1467 646 1517 Loquitur
673 1474 803 1504 autem
841 1467 888 1504 de
921 1467 1157 1515 indulgentia
1188 1467 1261 1504 Dei
1298 1480 1399 1516 quae

329 1529 542 1570 praestatur
568 1520 865 1569 poenitentibus.
909 1521 1010 1567 Ergo
1039 1520 1164 1557 forma
1197 1520 1313 1557 huius
1342 1533 1399 1558 sa—

330 1573 515 1611 cramenti
551 1573 665 1610 debet
693 1585 775 1610 esse
811 1584 882 1621 per
909 1573 1076 1610 modum
1104 1573 1397 1622 deprecationis.

385 1626 420 1663 3.
450 1627 690 1673 PRAETEREA,
729 1625 833 1662 idem
869 1633 924 1661 est
952 1625 1151 1662 absolvere
1189 1638 1212 1662 a
1238 1634 1398 1675 peccato

330 1678 438 1729 quod
463 1686 668 1728 peccatum
696 1677 898 1714 remittere.
928 1678 1005 1715 Sed
1030 1678 1129 1715 solus
1147 1679 1250 1715 Deus
1262 1691 1398 1728 pecca-

328 1737 406 1770 tum
441 1733 606 1777 remittit,
643 1732 707 1780 qui
737 1732 847 1767 etiam
881 1731 980 1767 solus
1012 1732 1164 1768 interius
1195 1743 1218 1768 a
1244 1738 1397 1780 peccato

329 1784 505 1822 mundat:
531 1791 575 1821 ut
592 1783 830 1831 Augustinus
858 1783 959 1830 dicit,
987 1796 1100 1833 super
1116 1786 1226 1821 Ioan.
1247 1784 1267 1806 '¹‘
1294 1785 1396 1834 Ergo

329 1837 483 1876 videtur
502 1837 610 1887 quod
629 1837 733 1874 solus
752 1837 859 1874 Deus
878 1849 901 1873 a
918 1844 1077 1886 peccato
1097 1837 1281 1875 absolvat.
1304 1839 1397 1875 Non

330 1903 421 1940 ergo
449 1890 564 1928 debet
591 1890 717 1927 dicere
739 1889 930 1935 sacerdOS,
959 1891 1046 1940 Ego
1064 1896 1099 1927 te
1117 1891 1280 1937 absolvo,
1301 1891 1398 1929 sicut

329 1956 411 1981 non
439 1943 539 1991 dicit,
568 1945 654 1993 Ego
681 1945 747 1980 tibi
766 1949 923 1993 peccata
952 1945 1108 1980 remitto.

383 2009 420 2045 4.
451 1998 688 2043 PRAETEREA‚
718 1995 815 2033 sicut
833 1995 1027 2033 Dominus
1046 1995 1151 2033 dedit
1168 2005 1394 2046 potestatem

329 2049 525 2100 discipulis
553 2048 779 2087 absolvendi
807 2061 829 2086 a
847 2049 1012 2098 peccatis
1030 2049 1061 2096 ²¹⁸,
1090 2049 1140 2086 ita
1159 2049 1275 2087 etiam
1294 2050 1398 2088 dedit

330 2103 384 2140 eis
411 2110 639 2152 potestatem
674 2101 835 2139 curandi
867 2101 1123 2150 infirmitates,
1159 2102 1298 2140 scilicet
1317 2109 1332 2132 Υ
1361 2110 1399 2141 ut

330 2157 529 2194 daemonia
557 2157 730 2192 eiicerent
764 2161 797 2191 et
825 2161 863 2191 ut
894 2155 1099 2205 languores
1133 2163 1327 2203 curarent,
1357 2165 1399 2194 ut

330 2209 495 2247 habetur
522 2208 658 2245 Matth.
673 2221 697 2245 x
711 2207 731 2229 ’¹‘
750 2215 786 2244 et
804 2208 900 2244 Luc.
921 2220 956 2244 1x
969 2207 1020 2244 ²¹⁰⁸.
1043 2208 1119 2245 Sed
1148 2209 1322 2247 sanando
1342 2209 1398 2247 in-

330 2261 467 2299 firmos
495 2260 670 2311 Apostoli
705 2272 786 2298 non
814 2261 1020 2298 utebantur
1047 2260 1106 2298 his
1133 2261 1282 2309 verbis,
1311 2265 1398 2313 Ego

330 2321 365 2352 te
390 2327 496 2361 sano,
526 2314 606 2361 sed,
635 2316 747 2351 Sanet
770 2319 804 2350 te
821 2315 1008 2351 Dominus
1035 2316 1138 2351 Iesus
1161 2315 1352 2352 Christus⁶
1367 2316 1397 2353 ²¹².

331 2368 435 2417 Ergo
461 2367 615 2405 videtur
642 2366 749 2416 quod
778 2367 1005 2414 sacerdotes,
1026 2367 1210 2404 habentes
1233 2376 1398 2417 potesta-

330 2428 411 2458 tem
438 2420 632 2470 Apostolis
659 2432 682 2457 a
711 2419 863 2457 Christo
891 2419 1088 2466 traditam,
1124 2433 1205 2458 non
1234 2421 1400 2459 debeant

332 2473 388 2511 uti
415 2474 489 2511 hac
515 2473 639 2510 forma
666 2473 899 2519 verborum,
934 2475 1021 2523 Ego
1049 2479 1083 2510 te
1109 2475 1280 2521 absolvo,
1310 2476 1397 2523 sed,

330 2527 610 2564 Absolutionem
633 2527 812 2575 praebeat
830 2531 842 2547 ⁸
869 2527 935 2563 tibi
964 2528 1139 2564 Christus.

389 2580 422 2617 5.
452 2580 690 2626 PRAETEREA,
729 2578 886 2627 quidam
915 2579 989 2616 hac
1015 2579 1140 2617 forma
1168 2587 1317 2618 utentes
1345 2581 1399 2618 sic

333 2645 420 2670 eam
448 2639 664 2682 exponunt:
694 2633 780 2682 Ego
807 2637 842 2668 te
868 2633 1031 2678 absolvo,
1062 2633 1160 2679 idest,
1190 2634 1397 2671 absolutum

332 2685 483 2723 ostendo
497 2685 528 2722 ²⁸.
551 2685 627 2723 Sed
647 2696 774 2734 neque
794 2684 870 2721 hoc
889 2683 900 2708 t
920 2685 1099 2723 sacerdos
1117 2686 1240 2723 facere
1260 2694 1396 2736 potest,

332 2738 405 2776 nisi
423 2738 459 2775 ei
477 2737 659 2775 divinitus
679 2738 878 2774 reveletur.
901 2738 1026 2784 Unde,
1047 2746 1089 2775 ut
1107 2738 1242 2786 legitur
1260 2741 1396 2777 Matth.

331 2804 402 2839 xw,
421 2799 631 2840 antequam
650 2791 764 2827 Petro
783 2790 974 2827 diceretur
991 2791 1022 2837 ²¹⁸,
1045 2792 1312 2841 Quodcumque
1328 2794 1397 2830 sol-

330 2846 429 2883 veris
452 2857 564 2894 super
586 2850 739 2890 terram,
759 2844 828 2880 erit
852 2851 936 2890 etc.,
956 2843 1103 2880 dictum
1122 2852 1178 2881 est
1196 2844 1230 2881 ei
1249 2845 1281 2890 ²⁵⁸,
1301 2848 1398 2883 Bea-

331 2904 388 2935 tus
410 2910 459 2944 es,
489 2899 617 2935 Simon
637 2898 720 2934 B‘ar
737 2898 847 2942 Iona,
877 2898 963 2946 quia
987 2909 1078 2934 caro
1098 2903 1131 2933 et
1148 2899 1303 2948 sanguis
1322 2911 1396 2936 non

331 2951 508 2989 revelavit
535 2952 617 2996 tibi,
651 2950 717 2987 sed
742 2951 855 2986 Pater
882 2962 1001 2996 meus,
1040 2951 1103 3000 qui
1129 2951 1166 2986 in
1195 2951 1307 2988 caelis
1335 2957 1396 2989 est.

331 3005 434 3053 Ergo
468 3003 622 3041 videtur
656 3002 764 3052 quod
799 3003 979 3039 sacerdos
1013 3002 1076 3039 cui
1110 3015 1192 3040 non
1220 3012 1275 3040 est
1301 3003 1399 3042 facta

331 3057 532 3102 revelatio,
561 3063 883 3106 praesumptuose
911 3055 1029 3102 dicat,
1058 3057 1144 3105 Ego
1171 3062 1206 3093 te
1233 3058 1396 3104 absolvo,

332 3110 448 3148 etiam
475 3110 507 3147 si
534 3117 761 3159 exponatur,
790 3109 889 3155 idest,
919 3109 1126 3146 absolutum
1155 3110 1316 3147 ostendo.

387 3163 460 3201 SED
496 3175 640 3200 CONTRA
673 3174 738 3199 EST
776 3162 903 3211 quod,
943 3161 1040 3199 sicut
1074 3162 1268 3200 Dominus
1306 3162 1398 3200 dixit

332 3215 538 3265 discipulis,
558 3216 692 3253 Matth.
713 3216 779 3252 ult.
794 3215 826 3262 ²¹²,
845 3217 995 3261 Euntes,
1016 3216 1142 3252 docete
1160 3228 1288 3253 omnes
1306 3228 1397 3266 gen-

367 582 421 623 Τῇ

394 631 415 651 ὶῖ

387 3327 415 3362 α)
434 3329 579 3355 absolvens.
596 3343 616 3348 -
633 3330 653 3354 F
673 3335 698 3355 et
716 3330 805 3360 tertia;
825 3331 944 3356 Ecclesia
963 3331 1008 3361 sE,
1027 3339 1080 3356 om.
1099 3332 1184 3357 ceteri.

387 3365 402 3397 β
431 3365 637 3390 Absolutionem.
653 3379 673 3384 -
690 3369 717 3390 ee
735 3366 915 3391 remissionem
935 3366 1032 3391 addunt
1051 3366 1089 3390 ΡΙ.

386 3364 413 3434 γζ
432 3399 539 3425 scilicet.
557 3415 577 3419 —
594 3403 620 3425 et
638 3400 680 3430 Pe.
699 3408 753 3426 om.
772 3401 791 3425 F
811 3407 836 3426 et
854 3406 938 3426 cetera
956 3402 1037 3427 tertia.
1055 3416 1075 3420 -
1094 3402 1144 3426 Pro
1163 3405 1297 3432 curarent,
1317 3410 1397 3428 sana-

334 3438 396 3460 rent
413 3434 495 3459 tertia.

386 3469 412 3504 ὃ)
434 3470 563 3495 Christus.
579 3485 599 3489 -
616 3470 685 3496 sicut
709 3471 805 3496 Petrus
830 3472 904 3497 dixit
924 3473 1081 3506 paralytico
1101 3476 1129 3498 ut
1147 3473 1260 3498 habetur
1277 3475 1336 3499 Act.
1356 3473 1400 3498 IX

334 3506 403 3531 addit
420 3505 501 3531 tertia.
519 3519 539 3525 -
555 3506 690 3537 Apostolis
707 3507 796 3538 tex-tiu
814 3507 848 3532 ab
864 3508 1009 3540 Apostolt’s.

475 3559 585 3583 Summus·
603 3559 705 3585 Tuam„
725 3560 756 3586 D.
768 3560 885 3586 Tnoma
903 3561 935 3587 T.
955 3562 997 3587 lx.

516 592 521 602 s
545 581 566 605 D
581 580 743 605 TERTIUM
772 580 825 605 s1c
849 579 1087 604 PROCEDITUR.
1112 566 1274 603 Videtur
1294 566 1401 614 quod
1425 591 1426 595 ,

487 629 515 663 ¹⁴
545 622 642 658 haec
675 633 756 658 non
784 620 830 657 sit
856 620 983 657 forma
1014 619 1132 656 huius
1160 618 1400 666 sacramenti,
1425 621 1427 631 ¹

1453 572 1515 612 tes,
1545 569 1779 617 baptizantes,
1795 582 1868 615 eos,
1898 569 1948 607 ita
1976 570 2068 607 dixit
2096 572 2220 617 Petro,
2250 574 2385 610 Matth.
2406 588 2464 612 xvi
2486 576 2517 622 ²⁸,

1460 621 1727 670 Quodcumque
1752 623 1905 659 solveris
1923 629 1954 659 η.
1985 624 2062 660 Sed
2090 626 2278 671 sacerdos,
2299 628 2518 665 auctoritate

1454 672 1608 710 illorum
1643 673 1856 711 verborum
1893 675 2032 712 Christi
2066 677 2200 725 fretus,
2231 678 2337 725 dicit,
2373 682 2458 729 Ego
2486 687 2520 717 te

1453 727 1606 775 baptizo.
1638 727 1751 775 Ergo,
1782 728 1919 764 eadem
1947 730 2180 777 auctoritate,
2202 731 2327 768 dicere
2348 732 2461 769 debet
2480 734 2519 770 in

1455 779 1531 815 hoc
1559 787 1811 826 sacramento,
1840 783 1926 830 Ego
1955 787 1988 818 te
2015 784 2177 820 absolvo.

1507 832 1733 870 RESPONDEO
1762 846 1944 871 DICENDUM
1973 835 2080 883 quod
2107 836 2147 872 in
2175 836 2344 885 qualibet
2367 850 2407 874 re
2435 851 2520 887 per-

1454 884 1565 921 fectio
1595 885 1811 923 attribuitur
1838 887 1995 924 formae.
2032 888 2189 926 Dictum
2217 898 2272 926 est
2300 898 2430 928 autem
2459 905 2520 928 su-

1454 949 1524 986 pra
1543 937 1563 959 *
1592 939 1699 987 quod
1734 939 1810 976 hoc
1839 949 2123 978 sacramentum
2155 942 2352 991 perficitur
2379 956 2449 993 per
2477 957 2521 982 ea

1454 1002 1554 1039 quae
1574 999 1663 1028 sunt
1682 1004 1728 1028 ex
1747 1000 1853 1041 parte
1874 994 2091 1031 sacerdotis.
2113 996 2223 1032 Unde
2244 1005 2394 1046 oportet
2412 999 2520 1047 quod

1455 1055 1500 1080 ea
1528 1057 1628 1093 quae
1650 1052 1739 1082 sunt
1759 1057 1805 1082 ex
1823 1054 1929 1094 parte
1949 1047 2190 1095 poenitentis,
2211 1049 2290 1086 sive
2311 1050 2384 1086 sint
2402 1051 2521 1088 verba

1455 1097 1535 1134 sive
1569 1098 1683 1145 facta,
1720 1098 1794 1134 sint
1825 1099 2019 1148 quaedam
2054 1101 2213 1138 materia
2250 1102 2366 1139 huius
2398 1116 2520 1141 sacra-

1454 1150 1590 1187 menti:
1630 1163 1675 1188 ea
1703 1163 1796 1188 vero
1830 1164 1929 1201 quae
1959 1161 2047 1190 sunt
2084 1166 2131 1190 ex
2157 1162 2263 1203 parte
2292 1157 2519 1202 sacerdotis,

1454 1215 1493 1239 se
1523 1204 1667 1240 habent
1686 1202 1698 1225 θ
1726 1217 1796 1253 per
1815 1205 1979 1242 modum
1999 1206 2157 1244 formae.
2190 1207 2292 1245 Cum
2312 1217 2441 1246 autem
2462 1223 2520 1247 sa-

1454 1264 1650 1294 cramenta
1677 1269 1803 1294 novae
1832 1257 1923 1306 legis
1952 1260 2118 1307 efficiant
2145 1261 2245 1309 quod
2259 1263 2449 1311 figurant,
2479 1271 2522 1299 ut

1452 1321 1570 1358 supra
1588 1310 1608 1331 ‘¹‘
1636 1310 1782 1347 dictum
1811 1319 1885 1357 est;
1923 1319 2074 1361 oportet
2108 1314 2216 1361 quod
2243 1314 2368 1352 forma
2396 1328 2519 1353 sacra-

1452 1362 1573 1400 menti
1605 1363 1791 1411 significet
1825 1363 1863 1400 id
1898 1365 2005 1413 quod
2040 1364 2079 1401 in
2107 1375 2347 1404 sacramento
2375 1368 2518 1416 agitur,

1452 1416 1787 1464 proportionaliter
1806 1417 1986 1454 materiae
2006 1419 2244 1456 sacramenti.
2266 1421 2376 1457 Unde
2396 1422 2520 1458 forma

1451 1468 1632 1517 baptismi
1660 1477 1726 1516 est,
1755 1471 1841 1519 Ego
1869 1475 1903 1506 te
1929 1472 2084 1519 baptizo,
2114 1479 2150 1508 et
2170 1472 2294 1510 forma
2313 1473 2519 1512 confirma-

1450 1521 1583 1568 tionis,
1624 1523 1815 1571 Consigno
1847 1528 1881 1558 te
1911 1524 2021 1572 signo
2056 1526 2176 1561 crucis
2211 1531 2243 1562 et
2275 1529 2458 1574 confirmo
2486 1534 2521 1564 te

1451 1575 1650 1611 chrismate
1675 1575 1813 1620 salutis,
1843 1587 1891 1611 eo
1911 1576 2019 1624 quod
2038 1576 2264 1614 huiusmodi
2283 1588 2520 1617 sacramenta

1450 1626 1705 1676 perficiuntur
1732 1626 1771 1663 in
1799 1639 1874 1664 usu
1902 1628 2095 1665 materiae.
2125 1631 2168 1666 In
2196 1640 2435 1669 sacramento
2455 1645 2519 1669 au·

1449 1687 1528 1716 tem
1557 1679 1840 1726 Eucharistiae,
1870 1681 1979 1729 quod
2007 1681 2176 1718 consistit
2204 1682 2242 1719 in
2271 1683 2354 1732 ipsa
2386 1697 2520 1722 conse-

1450 1740 1620 1769 cratlone
1658 1740 1858 1779 materlae,
1895 1742 2122 1782 expr1m1tur
2148 1736 2286 1772 veritas
2322 1749 2520 1775 consecra-

1448 1785 1576 1831 tionis,
1605 1797 1697 1822 cum
1725 1785 1874 1832 dicitur,
1903 1787 1993 1823 Hoc
2020 1793 2071 1823 est
2099 1800 2235 1837 corpus
2263 1802 2399 1827 meum.
2434 1792 2520 1828 Hoc

1450 1846 1582 1875 autem
1616 1846 1920 1885 sacramentum,
1951 1839 2090 1876 scilicet
2123 1841 2400 1890 poenitentiae,
2439 1856 2519 1881 non

1449 1891 1619 1929 consistit
1646 1891 1686 1929 in
1714 1892 2002 1929 consecratione
2031 1892 2191 1930 alicuius
2218 1895 2419 1944 materiae,
2448 1909 2521 1934 nec

1449 1945 1489 1982 in
1508 1958 1583 1982 usu
1603 1945 1764 1982 alicuius
1786 1945 1968 1982 materiae
1987 1951 1994 1966 ‘
2015 1946 2288 1985 sanctificatae:
2310 1949 2378 1986 sed
2399 1950 2520 1999 magis

1450 1998 1488 2035 in
1518 1997 1733 2035 remotione
1762 1997 1966 2035 cuiusdam
1989 1999 2183 2047 materiae,
2205 2000 2344 2039 scilicet
2362 2004 2520 2052 peccati,

1448 2059 1565 2101 prout
1591 2059 1748 2101 peccata
1767 2051 1948 2088 dicuntur
1967 2064 2049 2089 esse
2069 2053 2229 2090 materia
2247 2054 2518 2103 poenitentiae,

1450 2113 1492 2141 ut
1520 2117 1566 2141 ex
1595 2104 1745 2154 supra*
1773 2104 1882 2141 dictis
1910 2112 2023 2154 patet.
2062 2106 2167 2143 Talis
2195 2115 2326 2144 autem
2354 2109 2518 2147 remotio

1449 2157 1684 2206 significatur
1712 2170 1734 2194 a
1762 2158 1958 2194 sacerdote
1987 2170 2078 2195 cum
2105 2159 2254 2207 dicitur,
2283 2163 2369 2211 Ego
2397 2168 2431 2198 te
2456 2165 2519 2200 ab·

1448 2212 1572 2248 solvo:
1608 2222 1701 2247 nam
1733 2218 1890 2259 peccata
1918 2219 2007 2248 sunt
2035 2213 2229 2261 quaedam
2257 2213 2432 2262 vincula,
2463 2228 2519 2252 se-

1449 2264 1626 2301 cundum
1654 2263 1747 2300 illud
1774 2265 1953 2301 Proverb.
1974 2277 1998 2301 v
2016 2264 2053 2312 ²⁸,
2092 2267 2310 2315 Iniquitates
2335 2280 2426 2305 suae
2457 2281 2519 2306 ca-

1443 2319 1553 2367 piunt
1572 2318 1740 2366 impium,
1761 2323 1794 2353 et
1811 2318 1972 2364 funibus
1990 2324 2233 2367 peccatorum
2251 2332 2406 2358 suorum
2427 2324 2519 2371 quis-

1449 2383 1519 2420 que
1538 2371 1819 2420 constringitur.
1849 2371 1961 2408 Unde
1987 2378 2091 2420 patet
2109 2373 2218 2421 quod
2237 2373 2334 2410 haec
2353 2382 2408 2411 est
2427 2387 2519 2412 con-

1450 2422 1740 2460 venientissima
1776 2423 1902 2460 forma
1939 2424 2056 2461 huius
2089 2426 2336 2474 sacramenti,
2370 2429 2457 2478 Ego
2486 2435 2520 2465 te

1452 2477 1617 2514 absolvo.
2512 2518 2516 2521 ,

1503 2531 1561 2566 AD
1590 2541 1726 2566 PmMUM
1755 2541 1853 2566 ERGO
1882 2542 2065 2580 DIQENDUM
2093 2531 2203 2580 quod
2223 2531 2293 2569 ista
2311 2532 2435 2571 forma
2456 2546 2518 2571 su-

1452 2582 1570 2619 mitur
1597 2595 1644 2619 ex
1662 2582 1753 2631 ipsis
1771 2582 1899 2619 verbis
1920 2582 2059 2620 Christi
2079 2584 2221 2633 quibus
2241 2586 2353 2622 Petro
2374 2587 2466 2623 dixit
2479 2587 2516 2624 *2

1457 2636 1725 2685 Quodcumque
1759 2636 1912 2673 solveris
1946 2649 2058 2686 super
2090 2643 2242 2684 terram,
2263 2646 2332 2675 etc.
2375 2640 2424 2676 Et
2456 2640 2518 2677 tali

1450 2689 1576 2726 forma
1593 2687 1712 2725 utitur
1733 2688 1903 2726 Ecclesia
1921 2688 1961 2725 in
1981 2690 2244 2727 sacramentali
2263 2692 2515 2730 absolutione.

1451 2741 1690 2778 Huiusmodi
1709 2749 1839 2778 autem
1859 2742 2119 2780 absolutiones
2147 2743 2187 2780 in
2214 2744 2371 2792 publico
2399 2746 2517 2783 factae

1451 2806 1532 2831 non
1551 2802 1640 2831 sunt
1659 2796 1970 2832 sacramentales:
1994 2796 2061 2832 sed
2081 2803 2170 2832 sunt
2188 2796 2380 2834 orationes
2400 2811 2516 2847 quae-

1451 2847 1543 2884 dam
1572 2847 1768 2883 ordinatae
1803 2847 1852 2884 ad
1886 2847 2154 2885 remissionem
2186 2849 2396 2887 venialium
2428 2864 2516 2900 pec-

1452 2907 1639 2936 catorum.
1669 2899 1780 2937 Unde
1808 2899 1848 2936 in
1876 2901 2139 2938 sacramentali
2167 2901 2408 2940 absolutione
2435 2916 2515 2942 non

1451 2952 1642 2989 sufficeret
1670 2952 1805 2999 dicere,
1834 2954 2063 2990 M'sereatur
2079 2956 2134 2990 tui
2150 2957 2382 3004 omnipotens
2399 2957 2515 3003 Deus,

1450 3006 1523 3049 vel,
1542 3006 1820 3042 Absolutionem
1841 3015 1874 3042 et
1893 3008 2146 3043 remissionem
2165 3009 2301 3045 tribuat
2319 3010 2517 3047 tibiDeus:

1451 3057 1542 3107 quia
1569 3070 1639 3107 per
1659 3059 1756 3095 haec
1773 3058 1893 3095 verba
1921 3059 2099 3096 sacerdos
2127 3060 2411 3098 absolutionem
2434 3075 2514 3100 non

1452 3110 1636 3159 significat
1655 3110 1751 3158 fieri,
1771 3111 1838 3148 sed
1858 3111 1950 3160 petit
1968 3119 2010 3148 ut
2028 3112 2106 3149 fiat.
2136 3135 2161 3139 —
2190 3114 2447 3151 Praemittitur
2465 3124 2514 3152 ta-

1452 3176 1543 3201 men
1563 3163 1677 3200 etiam
1706 3163 1745 3200 in
1773 3164 2036 3202 sacramentali
2064 3165 2304 3204 absolutione
2332 3167 2414 3204 talis
2434 3180 2514 3205 ora-

1452 3216 1515 3263 tio,
1545 3229 1594 3253 ne
1622 3216 1853 3266 impediatur
1888 3218 2045 3254 effectus
2080 3220 2306 3256 sacramenti
2335 3232 2381 3257 ex
2408 3215 2514 3270 parte

1504 3331 1527 3359 ε)
1541 3332 1680 3364 praebeat.
1697 3346 1717 3350 -
1735 3332 1836 3357 tribuat
1856 3332 1908 3357 PG.

1503 3367 1529 3402 ζ)
1548 3367 1605 3407 hoc.
1628 3382 1648 3386 -
1669 3368 1750 3392 etiam
1775 3367 1874 3398 ABCD,
1899 3368 1980 3393 etiam
2005 3372 2031 3393 et
2056 3370 2096 3395 ed.
2115 3377 2140 3400 a,
2160 3370 2240 3395 etiam
2266 3371 2293 3395 in
2313 3371 2342 3400 E.
2361 3371 2410 3396 hoc
2434 3372 2513 3396 etiam

1451 3403 1471 3427 F
1491 3408 1669 3470 ebtiztltzris·
1687 3453 1706 3456 —
1723 3445 1803 3470 super
1822 3442 1922 3463 terram
1943 3439 2012 3464 addit
2031 3440 2111 3465 tertia.

1504 3471 1528 3506 θ)
1548 3474 1652 3499 habent.
1669 3489 1689 3492 —
1707 3474 1822 3499 habeant
1840 3474 1867 3499 Ρ.

1504 3508 1523 3543 ι)
1543 3516 1615 3535 nec...
1635 3510 1772 3535 materiae.
1790 3524 1809 3528 —
1827 3509 1928 3539 Tertia3
1948 3518 2001 3535 om.

2545 583 2554 591 ·
2571 581 2637 603 Vers.
2655 587 2688 609 ¹9.

2643 645 2658 666 ΤΔ

2547 951 2557 960 ·
2572 950 2622 970 Art.
2641 956 2658 975 ι,
2673 949 2701 970 ad
2716 955 2736 971 2.

2644 1209 2656 1234 θ

2546 1323 2555 1332 ·
2566 1322 2614 1349 Qu.
2622 1328 2679 1349 Lxu,
2689 1326 2731 1344 art.
2740 1330 2759 1350 ι,

2546 1348 2573 1369 ad
2591 1355 2609 1370 ι.

2546 2117 2556 2125 ·
2571 2115 2620 2136 Art.
2639 2116 2745 2142 praeced.

2546 2279 2556 2288 ·
2572 2277 2637 2299 Vers.
2653 2284 2686 2299 22.

2546 2589 2555 2600 ·
2566 2589 2645 2610 Matth.
2655 2595 2705 2616 cap.
2713 2595 2758 2616 xw,

2545 2621 2605 2637 vers.
2622 2622 2656 2643 ¹9.
