2878 4088
170 823 178 831 '¹
187 819 381 845 aristot-{Polit.‚

170 853 255 895 ἒῖρῂὲἶ·
262 846 361 895 ι’ἐὲῒιῗ·
372 858 382 862 “

418 217 488 243 100

465 285 515 314 An
540 294 658 314 saxu-um
683 294 841 314 DICENDUM
865 283 954 324 quod
970 284 1057 324 lepra
1072 293 1139 315 non
1155 283 1289 324 impedit
1312 284 1475 313 matrimo-

411 330 501 359 nium
526 334 683 368 quantum
706 328 746 359 ad
769 329 910 368 primum
934 334 1041 359 actum
1065 338 1171 364 suum,
1189 329 1264 368 quia
1287 328 1404 367 leprosi
1421 326 1474 357 de-

411 374 512 403 bitum
540 373 670 403 reddere
694 378 830 413 possunt
852 373 969 403 libere:
995 374 1140 413 quamvis
1165 373 1270 412 aliqua
1293 371 1475 411 gravamina

410 418 615 448 matrimonio
645 417 782 447 inferant
812 423 969 457 quantum
1000 417 1038 447 ad
1070 417 1227 447 secundos
1258 416 1398 446 effectus.
1434 415 1474 445 Et

410 461 483 492 ideo
508 471 575 492 non
598 461 732 502 impedit
755 463 996 492 matrimonium
1020 462 1102 491 sicut
1125 462 1266 491 servitus.

432 538 531 568 ART.
555 538 591 568 11.
615 547 720 567 urium
743 547 854 568 suavus
877 546 1096 567 MATRIMONIUM
1120 545 1324 566 com-muman
1348 544 1451 565 Possu-

753 592 819 612 smn
844 591 999 611 consensu
1023 590 1134 610 nomm

789 632 821 653 11⁸
836 632 890 659 11⁵³,
906 638 944 659 qu.
960 637 1005 658 ew,
1020 635 1061 653 art.
1076 637 1096 659 5.

474 694 494 714 D
523 694 685 714 sncunnum
709 693 754 713 src
777 692 981 713 puocamrmr.
1006 681 1139 712 Videtur
1163 680 1252 721 quod
1275 690 1383 711 servus
1406 689 1473 710 ma-

474 729 662 758 trimonium
693 728 878 757 contrahere
909 737 976 757 non
1003 727 1103 766 possit
1132 727 1200 756 sine
1231 734 1391 755 consensu
1415 724 1473 754 do-

410 773 498 803 mini.
523 773 639 802 Nullus
663 773 749 802 enim
772 777 878 811 potest
894 771 988 801 alicui
1005 770 1077 800 dare
1094 770 1184 810 quod
1200 775 1247 800 est
1262 770 1389 799 alterius
1405 770 1473 799 sine

410 826 569 847 consensu
593 817 702 856 ipsius.
735 815 797 846 Sed
819 825 931 845 servus
954 820 1001 845 est
1024 825 1075 845 res
1098 815 1221 845 domini
1235 815 1261 844 ὓ.
1296 814 1381 853 Ergo
1405 823 1473 843 non

409 867 530 901 potest,
556 860 774 891 contrahendo
803 860 1061 895 matrimonium,
1086 859 1160 889 dare
1187 864 1379 899 potestatem
1403 867 1473 888 cor-

1097 205 1360 252 QUAESTlo
1389 205 1465 251 Lu,
1487 203 1779 241 ARTICULUS
1809 203 1849 248 11,
1872 203 1916 238 111

1530 292 1587 322 per
1610 283 1672 312 hoc
1697 281 1786 321 quod
1810 281 1961 312 dominus
1985 282 2143 312 concessit
2166 287 2202 312 ut
2225 283 2467 313 matrimonium
2488 293 2596 313 servus

1531 327 1740 362 contraheret,
1765 326 1949 366 intelligitur
1973 326 2002 356 ei
2025 327 2219 356 concessisse
2250 327 2359 356 omnia
2383 336 2466 367 quae
2489 328 2601 357 matri·->

1529 371 1678 400 monium
1707 371 1849 409 requirit.
1881 370 1914 400 Si
1942 375 2049 400 autern
2079 370 2321 400 matrimonium
2352 372 2519 411 ignorante
2545 371 2596 401 vel

1530 414 1766 444 contradicente
1791 414 1925 444 domino
1942 419 1989 444 est
2005 419 2216 450 contractum,
2233 424 2301 444 non
2316 420 2442 445 tenetur
2465 415 2596 446 reddere

1530 458 1689 494 debiturn,
1714 458 1769 488 sed
1798 459 1906 498 potius
1936 457 2070 488 domino
2103 458 2249 494 obedire,
2275 459 2300 489 si
2323 464 2499 499 utrumque
2528 468 2597 490 esse

1528 512 1595 533 non
1619 504 1720 543 possit
1736 504 1762 532 *.

1585 547 1647 578 Sed
1670 548 1826 577 tamenin
1841 547 1889 577 his
1906 547 2007 577 multa
2029 547 2231 587 particularia
2254 547 2448 578 considerari
2467 548 2595 585 debent,

1528 592 1610 622 sicut
1634 597 1665 622 et
1688 593 1721 621 in
1745 592 1896 621 omnibus
1919 592 2067 621 humanis
2094 592 2234 621 actibus:
2266 591 2386 621 scilicet
2415 593 2596 632 periculum

1528 637 1677 666 castitatis
1701 637 1872 666 imminens
1895 636 1998 672 uxori,
2016 642 2047 666 et
2069 635 2338 675 impedimentum
2363 636 2453 676 quod
2472 647 2510 667 ex
2525 638 2596 668 red-

1528 680 1650 711 ditione
1675 680 1772 710 debiti
1796 681 1924 710 servitio
1947 681 2104 720 imperato
2132 686 2314 720 generatur,
2341 685 2371 710 et
2395 681 2462 710 aliis
2485 682 2596 712 huius-

1527 725 1627 755 modi.
1658 725 1785 763 Quibus
1809 725 1960 755 omnibus
1983 725 2042 755 rite
2066 725 2222 765 pensatis,
2246 724 2379 754 iudicari
2402 726 2520 765 poterit
2543 727 2596 757 cui

1527 770 1628 809 magis
1651 779 1760 800 servus
1783 769 1915 799 obedire
1937 774 2093 805 teneatur,
2118 769 2253 799 domino
2276 769 2327 799 vel
2351 770 2454 800 uxori.

1582 815 1633 844 An
1658 824 1807 844 QUARTUM
1830 823 1989 844 morannum
2014 813 2103 854 quod
2126 814 2160 844 in
2183 814 2237 844 tali
2261 823 2337 844 casu
2365 813 2480 844 dicitur
2507 815 2596 855 quod

1528 858 1680 889 dominus
1712 858 1877 898 cogendus
1915 864 1961 888 est
1992 868 2033 889 ne
2064 868 2191 888 servum
2221 858 2337 888 vendat
2370 859 2473 889 taliter
2505 859 2596 899 quod

2623 508 2662 530 ¹¹8.
2667 507 2699 529 Ra
2715 507 2836 530 m.Summ.

2723 535 2758 556 tit.
2768 540 2799 561 ιν,
2807 534 2837 556 de

2623 535 2662 556 lib.
2674 534 2683 556 1

2621 551 2739 589 Impedlm.
2744 560 2836 584 Condit.

409 906 495 945 poris
519 906 568 935 sui
592 905 693 940 uxori,
711 905 778 934 sine
798 913 958 933 consensu
983 903 1115 933 domini.
1489 911 1510 930 ¹5
1524 902 1622 933 >faciat
1637 913 1735 933 onera
1750 903 1945 933 matrimonii
1964 903 2127 943 graviora:
2153 903 2324 942 praecipue
2341 912 2416 933 curn
2432 913 2500 933 non
2515 903 2597 934 desit

465 959 494 979 2.
512 950 706 984 Pium-sam,
724 957 831 978 servus
847 953 975 977 tenetur
990 947 1125 977 domino
1142 957 1201 977 suo
1219 947 1349 977 obedire
1362 947 1387 976 θ’.
1410 946 1473 976 Sed
1528 947 1660 977 facultas
1683 948 1882 987 ubicumque
1914 957 2040 977 servum
2068 957 2163 977 suurn
2188 946 2347 977 vendendi
2370 949 2456 978 iusto
2480 949 2595 988 pretio.

409 993 558 1023 dominus
582 998 688 1032 potest
711 993 739 1021 ei
758 992 939 1031 praecipere
964 991 1054 1030 quod
1077 992 1109 1020 in
1133 991 1375 1021 matrimonium
1405 999 1471 1020 non
1582 992 1632 1021 An
1657 1001 1798 1021 emm-tm
1822 1001 1981 1021 monimum
2005 991 2094 1031 quod
2110 998 2242 1032 propter
2257 992 2447 1032 religionem
2463 997 2494 1022 et
2510 992 2596 1022 ordi-

409 1038 594 1067 consentiat.
630 1037 715 1075 Ergo
746 1037 814 1065 sine
845 1044 1004 1065 consensu
1035 1036 1103 1065 eius
1132 1035 1375 1064 matrimonium
1404 1043 1472 1064 non
1526 1036 1575 1064 nis
1592 1036 1831 1075 susceptionem
1855 1036 1969 1075 aliquis
1993 1036 2152 1076 obligatur
2176 1035 2290 1066 divinis
2314 1037 2477 1077 obsequiis
2493 1046 2595 1077 quan-

408 1085 513 1121 potest
536 1081 732 1110 contrahere.
1526 1084 1596 1109 tum
1621 1079 1660 1109 ad
1683 1085 1789 1109 totum
1812 1085 1950 1119 tempus
1982 1080 2045 1110 Sed
2067 1081 2115 1110 vir
2137 1085 2264 1111 tenetur
2292 1081 2436 1111 debitum
2463 1081 2596 1112 reddere

464 1125 492 1155 3.
517 1125 712 1159 PRAETEREA,
729 1129 803 1163 post
819 1128 1020 1153 contractum
1043 1122 1285 1152 matrimonium
1301 1131 1409 1151 servus
1425 1126 1471 1150 te·
1486 1130 1512 1143 ²⁰
1526 1123 1618 1152 uxori
1641 1132 1710 1153 non
1733 1132 1869 1163 semper,
1893 1123 1949 1154 sed
1973 1125 2123 1164 congruis
2146 1126 2356 1165 temporibus.
2381 1126 2422 1156 Et
2437 1125 2511 1156 ideo
2527 1136 2596 1157 non

407 1174 500 1199 netur
522 1168 652 1198 reddere
669 1167 812 1197 debitum
827 1167 920 1197 uxori
937 1167 1032 1196 etiam
1048 1172 1220 1206 praecepto
1237 1166 1312 1196 iuris
1329 1165 1427 1196 divini
1444 1166 1470 1194 ’ἢ
1527 1172 1574 1197 est
1597 1167 1710 1197 simile.

407 1213 469 1244 Sed
485 1223 525 1243 eo
545 1218 690 1252 tempore
715 1221 781 1252 quo
805 1221 886 1241 uxor
910 1211 1053 1241 debitum
1076 1211 1165 1250 petit,
1190 1215 1296 1250 potest
1319 1209 1471 1240 dominus
1582 1211 1623 1241 Et
1638 1216 1801 1250 praeterea
1823 1211 1877 1242 ille
1901 1212 1957 1252 qui
1982 1213 2077 1243 intrat
2099 1213 2288 1253 religionem
2311 1218 2342 1243 et
2363 1214 2496 1254 suscipit
2511 1214 2596 1245 ordi-

407 1256 538 1297 aliquod
561 1257 724 1287 servitium
748 1266 838 1286 servo
862 1256 1046 1296 imponere,
1072 1254 1162 1294 quod
1190 1254 1292 1285 facere
1320 1264 1389 1284 non
1412 1263 1472 1293 po-
1526 1264 1619 1291 nem,
1645 1255 1765 1295 obligat
1792 1265 1826 1285 se
1854 1255 1893 1286 ad
1917 1256 2023 1296 aliqua
2053 1266 2152 1296 opera
2182 1266 2265 1297 quae
2296 1263 2370 1288 sunt
2398 1259 2596 1289 naturalibus

405 1302 478 1332 terit
493 1303 518 1331 si
534 1301 649 1331 carnali
673 1301 810 1340 copulae
827 1310 939 1330 vacare
962 1299 1046 1330 velit.
1071 1299 1168 1339 Ergo,
1185 1300 1211 1329 si
1227 1300 1295 1329 sine
1311 1307 1471 1329 consensu
1527 1299 1739 1339 superaddita,
1756 1300 1789 1329 in
1806 1301 1924 1340 quibus
1940 1300 2091 1331 dominus
2115 1306 2306 1341 potestatem
2323 1302 2391 1332 eius
2407 1303 2504 1333 habet
2518 1304 2546 1339 *,
2566 1308 2598 1334 et

407 1346 529 1376 domini
552 1351 661 1386 posset
684 1355 792 1375 servus
817 1345 1003 1375 contrahere
1027 1344 1280 1379 matrimonium,
1297 1343 1472 1383 privaretur
1487 1354 1509 1374 2ς
1526 1353 1594 1374 non
1617 1344 1651 1374 in
1674 1344 1881 1380 naturalibus,
1899 1344 1939 1374 ad
1955 1354 2038 1385 quae
2062 1345 2182 1385 obligat
2205 1355 2238 1376 se
2262 1355 2319 1385 per
2341 1347 2595 1378 matrimonium.

171 958 179 966 ·
186 956 321 984 malpha,
330 962 381 982 cap.

171 989 204 1005 vi.
226 989 283 1004 vers.
307 989 328 1007 5;
350 982 383 1003 ad

171 1009 271 1034 Coloss„
288 1015 338 1035 cap.
350 1016 379 1033 ιιι,

172 1041 228 1057 vers.
245 1042 279 1057 22.

170 1172 179 1180 ·
188 1171 197 1192 Ι
207 1169 241 1190 ad
252 1169 315 1195 Cor„
329 1175 379 1197 cap.

171 1202 209 1219 νιι,
226 1202 284 1217 vers.
298 1202 318 1224 3.

2624 1310 2634 1319 ·
2644 1307 2680 1332 ef.
2691 1313 2752 1337 resp.
2762 1307 2792 1330 nd
2803 1315 2822 1331 ι.

168 1967 175 1974 ·
192 1964 247 1986 Can.
259 1965 287 1986 Si
295 1970 377 1986 servus

168 1991 377 2018 sciente,dist.1.lv.

167 2019 186 2028 ··
203 2018 259 2044 Cap.
277 2018 310 2039 De
325 2024 375 2039 ser-

167 2050 247 2065 vorum
263 2045 375 2071 ordinat„

166 2070 195 2092 de
222 2071 303 2092 Servis
330 2077 376 2092 non

166 2097 293 2119 ordinand.

166 2126 175 2134 ·
192 2124 257 2146 Vers.
272 2125 306 2146 28.

168 2194 174 2201 ·
191 2192 226 2214 Cf.
248 2196 291 2213 art.
314 2197 376 2218 prae-

166 2219 223 2241 ced..
239 2219 267 2240 ad
282 2225 302 2246 3.

165 2452 175 2462 ·
191 2445 249 2468 lbid.

171 3335 181 3345 ·
197 3333 232 3355 cf.
246 3333 298 3361 Dig.
313 3333 335 3360 1,
350 3340 380 3357 vi.

173 3360 202 3381 de
219 3359 265 3381 Hit
284 3360 325 3387 qui
345 3361 383 3381 sui

172 3386 303 3439 :telzaeah'eni
323 3390 364 3407 etc.
376 3403 381 3413 ‚

407 1391 556 1421 dominus
580 1390 707 1420 servitio
732 1390 790 1419 sibi
814 1388 922 1419 debito
947 1389 1014 1419 sine
1043 1389 1148 1428 culpa.
1181 1387 1281 1426 Quod
1308 1397 1377 1418 esse
1404 1396 1471 1417 non

407 1435 509 1465 debet.

460 1489 491 1518 4.
515 1479 717 1514 Pmmnm,
742 1477 894 1508 dominus
923 1483 1030 1517 potest
1052 1477 1190 1507 vendere
1221 1486 1348 1507 servum
1376 1485 1471 1506 suum

405 1524 437 1553 in
462 1529 623 1554 extraneas
646 1523 803 1562 regiones,
829 1531 895 1562 quo
919 1531 1000 1552 uxor
1023 1531 1080 1552 sua
1103 1531 1170 1552 non
1194 1527 1301 1561 potest
1324 1530 1399 1551 eum
1423 1530 1471 1550 se-

406 1568 471 1608 qui,
495 1567 546 1598 vel
570 1573 701 1607 propter
724 1566 942 1597 infirmitatem
966 1567 1129 1606 corporis;
1161 1566 1211 1596 vel
1235 1571 1367 1606 propter
1390 1565 1472 1605 peri-

406 1612 515 1643 culum
538 1611 613 1642 fidei
642 1612 830 1647 imminens,
854 1617 931 1651 puta
955 1612 981 1641 si
1003 1610 1160 1641 vendatur
1188 1609 1388 1646 infidelibus;
1421 1610 1472 1640 vel

406 1657 501 1687 etiam
532 1656 665 1686 domino
697 1656 805 1686 uxoris
827 1665 896 1686 non
919 1656 1139 1696 permittente,
1165 1655 1190 1685 si
1214 1656 1253 1684 sit
1277 1655 1400 1684 ancilla.
1432 1654 1473 1684 Et

406 1702 450 1732 sic
466 1701 707 1731 matrimonium
726 1700 925 1730 dissolvetur.
950 1699 1049 1738 Quod
1066 1705 1112 1730 est
1127 1700 1368 1729 inconveniens.
1385 1699 1471 1738 Ergo

406 1756 473 1776 non
503 1751 609 1786 potest
640 1754 748 1775 servus
781 1745 849 1775 sine
882 1754 1042 1775 consensu
1075 1744 1198 1774 domini
1230 1743 1472 1774 matrimonium

407 1790 605 1820 contrahere.

463 1835 492 1865 5.
517 1834 712 1869 Prummu,
737 1833 940 1863 favorabilior
967 1838 1013 1863 est
1036 1833 1188 1872 obligatio
1213 1841 1277 1872 qua
1300 1832 1401 1862 homo
1426 1831 1471 1861 di-

405 1879 485 1909 vinis
510 1879 673 1918 obsequiis
689 1887 722 1908 se
738 1879 908 1918 mancipat,
927 1886 1024 1918 quam
1048 1877 1102 1907 illa
1125 1886 1188 1917 qua
1211 1877 1312 1907 homo
1330 1886 1363 1906 se
1379 1876 1471 1906 uxori

405 1923 540 1954 subiicit.
566 1922 628 1953 Sed
652 1932 759 1952 servus
783 1923 850 1952 sine
875 1931 1035 1952 consensu
1052 1921 1175 1951 domini
1191 1930 1258 1951 non
1274 1926 1381 1961 potest
1400 1921 1471 1950 reli—

404 1969 535 2008 gionem
565 1968 680 1996 intrare
704 1968 720 1983 ὓ
744 1967 794 1996 vel
823 1966 862 1996 ad
886 1967 1070 1996 clericatum
1100 1966 1285 2006 promoveri
1308 1966 1352 1995 st.
1384 1965 1469 2004 Ergo

403 2012 507 2042 multo
528 2011 635 2041 minus
651 2016 758 2050 potest
780 2011 848 2040 sine
868 2011 935 2041 eius
956 2019 1115 2040 consensu
1139 2010 1346 2040 matrimonio
1370 2009 1469 2049 iungi.

459 2055 520 2086 San
546 2065 678 2091 CONTRA,
698 2055 804 2085 Galat.
821 2065 855 2084 111
871 2056 902 2084 *t
921 2055 959 2084 In
980 2054 1108 2084 Christo
1125 2054 1198 2084 Iesu
1216 2063 1280 2083 non
1298 2057 1345 2084 est
1358 2062 1471 2084 servus

404 2109 504 2140 neque
528 2099 617 2129 liber.
642 2099 727 2138 Ergo
752 2098 790 2128 ad
814 2099 1056 2129 matrimonium
1079 2097 1334 2128 contrahendum
1357 2098 1391 2127 in
1406 2097 1470 2127 fide

403 2143 521 2175 Christi
545 2143 615 2174 Iesu
640 2142 751 2173 eadem
776 2149 822 2173 est
845 2143 971 2173 libertas
995 2143 1100 2172 liberis
1125 2148 1156 2172 et
1179 2142 1285 2172 servis.

459 2198 488 2218 2.
513 2188 708 2223 PRAETEREA,
727 2188 859 2218 servitus
884 2193 930 2218 est
954 2187 993 2217 de
1017 2187 1085 2217 iure
1109 2187 1249 2227 positivo
1265 2187 1298 2216 ἐ
1323 2185 1379 2216 sed
1401 2195 1469 2216 ma-

402 2233 590 2263 trimonium
614 2232 652 2262 de
677 2232 745 2262 iure
768 2232 904 2262 naturali
928 2237 959 2262 et
983 2231 1102 2262 divino.
1128 2231 1214 2262 Cum
1239 2240 1315 2271 ergo
1339 2231 1388 2261 ius
1409 2240 1468 2270 po·
1483 2241 1507 2261 45

403 2278 531 2307 sitivum
554 2287 622 2307 non
646 2276 842 2316 praeiudicet
872 2277 931 2306 iuri
955 2276 1090 2306 naturali
1114 2282 1168 2306 aut
1192 2275 1319 2311 divino,
1344 2275 1469 2305 videtur

403 2321 492 2362 quod
515 2331 623 2351 servus
647 2322 768 2361 absque
792 2321 915 2351 domini
940 2330 1100 2351 consensu
1123 2320 1367 2350 matrimonium
1390 2329 1469 2350 con-

403 2367 525 2396 trahere
548 2366 659 2406 possit.

457 2411 646 2440 stpoxmno
669 2419 829 2439 mmmmm
858 2409 947 2450 quod
977 2410 1026 2440 ius
1057 2409 1249 2449 positivum,
1283 2415 1317 2440 ut
1347 2408 1469 2439 dictum

405 2460 450 2485 est
465 2455 492 2491 *,
517 2454 718 2494 progreditur
741 2465 759 2484 a
781 2455 850 2484 iure
873 2454 1018 2484 naturali.
1049 2454 1089 2484 Et
1112 2453 1186 2484 ideo
1210 2455 1361 2490 servitus,
1386 2463 1469 2494 quae

405 2504 451 2529 est
466 2498 505 2529 de
522 2500 590 2529 iure
605 2499 755 2539 positivo,
772 2508 839 2529 non
855 2504 962 2538 potest
984 2498 1200 2539 praeiudicare
1224 2498 1272 2528 his
1297 2507 1379 2539 quae
1395 2504 1470 2528 sunt

405 2542 443 2573 de
459 2543 528 2573 iure
542 2543 687 2573 naturali.
711 2543 801 2573 Sicut
819 2548 927 2573 autem
943 2544 1102 2583 appetitus
1125 2548 1256 2573 naturae
1273 2549 1320 2573 est
1335 2542 1375 2574 ad
1391 2552 1469 2573 con-

404 2588 616 2617 servationem
632 2586 797 2623 individui,
809 2588 853 2617 ita
869 2593 916 2618 est
932 2587 971 2618 ad
988 2588 1265 2618 conservationem
1281 2588 1400 2628 speciei
1412 2597 1470 2628 per

403 2632 654 2671 generationem.
685 2632 795 2668 Unde,
820 2632 902 2662 sicut
932 2642 1039 2663 servus
1067 2642 1135 2662 non
1159 2632 1304 2662 subditur
1334 2632 1468 2663 domino

405 2676 483 2716 quin
514 2675 612 2706 libere
641 2677 743 2716 possit
772 2676 942 2707 comedere
970 2682 1001 2707 et
1031 2676 1186 2713 dormire,
1212 2682 1243 2707 et
1271 2677 1331 2707 alia
1358 2677 1469 2707 huius-

403 2719 493 2750 modi
515 2719 619 2750 facere
643 2730 726 2760 quae
745 2720 784 2751 ad
799 2722 1021 2752 necessitatem
1045 2722 1189 2761 corporis
1212 2722 1383 2762 pertinent,
1400 2722 1468 2752 sine

404 2765 520 2804 quibus
543 2770 655 2795 natura
680 2766 858 2795 conservari
882 2775 947 2796 non
972 2771 1096 2806 potest;
1122 2766 1163 2796 ita
1187 2775 1254 2796 non
1278 2766 1423 2796 subditur
1439 2766 1480 2797 ei.

405 2814 561 2848 quantum
590 2809 628 2839 ad
656 2809 719 2839 hoc
751 2809 839 2849 quod
869 2820 936 2840 non
968 2811 1069 2850 possit
1100 2811 1196 2841 libere
1227 2811 1469 2841 matrimonium

405 2854 600 2888 contrahere,
625 2854 720 2884 etiam
744 2853 877 2884 domino
902 2855 1063 2885 nesciente
1087 2861 1141 2885 aut
1165 2855 1412 2886 contradicente.

459 2898 509 2927 An
533 2908 649 2927 ramum
672 2908 755 2928 aaoo
779 2909 939 2928 nrcannum
963 2899 1052 2939 quod
1076 2909 1184 2930 servus
1209 2905 1255 2930 est
1276 2909 1324 2930 res
1345 2899 1469 2930 domini
1482 2905 1509 2924 ⁶0

406 2947 561 2981 quantum
577 2941 616 2971 ad
633 2952 668 2972 ea
685 2952 767 2982 quae
783 2943 978 2974 naturalibus
998 2943 1270 2983 superadduntur:
1296 2943 1351 2975 sed
1367 2953 1469 2985 quan-

404 2991 473 3015 tum
490 2985 529 3016 ad
545 2986 698 3017 naturalia
721 2996 834 3018 omnes
859 2993 932 3018 sunt
956 2997 1056 3028 pares.
1081 2988 1175 3019 Unde
1198 2989 1230 3018 in
1254 2989 1302 3018 his
1327 2998 1410 3029 quae
1430 2988 1469 3019 ad

406 3035 492 3060 actus
515 3031 672 3061 naturales
696 3032 869 3071 pertinent,
894 3041 1002 3062 servus
1026 3037 1132 3072 potest
1156 3033 1260 3069 alteri,
1285 3034 1386 3063 invito
1411 3033 1468 3063 do-

405 3074 504 3109 mino,
522 3075 570 3104 sui
594 3076 735 3115 corporis
759 3081 951 3116 potestatem
969 3086 1026 3116 per
1042 3077 1283 3108 matrimonium
1306 3078 1467 3118 praebere.

459 3118 509 3147 An
530 3128 691 3149 sncunnum
710 3130 870 3150 mcennmvr
887 3120 975 3160 quod
991 3131 1099 3151 servus
1116 3121 1250 3152 domino
1267 3131 1326 3152 suo
1342 3127 1469 3152 tenetur
1482 3126 1507 3152 ⁶5

407 3161 534 3192 obedire
551 3163 583 3192 in
598 3163 646 3193 his
663 3173 745 3203 quae
762 3164 912 3195 dominus
931 3165 1016 3195 licite
1039 3171 1145 3206 potest
1168 3167 1361 3207 praecipere.
1379 3166 1469 3197 Sicut

407 3211 513 3235 autem
537 3206 620 3237 licite
643 3217 711 3237 non
734 3214 840 3248 potest
864 3209 1014 3239 dominus
1045 3211 1227 3250 praecipere
1257 3221 1349 3241 servo
1379 3211 1469 3251 quod

406 3259 472 3279 non
504 3250 651 3281 comedat
674 3252 724 3282 vel
755 3252 906 3290 dormiat,
931 3253 974 3283 ita
1002 3254 1098 3284 etiam
1122 3264 1182 3285 nec
1207 3254 1297 3295 quod
1320 3265 1338 3286 a
1361 3257 1468 3286 matri-

407 3295 518 3324 monio
543 3295 761 3326 contrahendo
785 3297 954 3327 abstineat:
984 3298 1114 3328 interest
1137 3300 1223 3329 enim
1247 3299 1287 3330 ad
1310 3299 1469 3340 legislato-

408 3347 474 3367 rem
491 3339 624 3377 qualiter
644 3340 777 3379 quilibet
795 3350 829 3371 re
848 3351 905 3371 sua
929 3347 1035 3372 utatur
1051 3343 1077 3373 ⁴⁹.
1102 3343 1143 3373 Et
1166 3343 1249 3380 ideo,
1267 3344 1293 3374 si
1317 3343 1469 3375 dominus
1483 3356 1510 3376 70

409 3382 579 3421 praecipiat
602 3392 692 3413 servo
717 3384 806 3423 quod
822 3394 887 3415 non
905 3386 1070 3417 contrahat
1092 3387 1343 3424 matrimonium,
1360 3397 1469 3420 servus

409 3434 475 3454 non
497 3431 622 3456 tenetur
645 3426 778 3457 domino
804 3429 942 3459 obedire.

467 3468 513 3500 An
537 3480 670 3500 TERTIUM
694 3481 852 3502 mmmmm
876 3473 964 3512 quod
988 3475 1013 3503 si
1037 3484 1154 3511 servus,
1171 3476 1299 3506 volente
1323 3476 1467 3514 domino,

410 3513 648 3543 matrimonium
672 3517 870 3551 contraxerit,
887 3522 964 3547 tunc
988 3517 1082 3548 debet
1105 3521 1353 3558 praetermittere
1372 3522 1468 3552 servi-

1526 1388 1621 1419 Unde
1644 1394 1754 1428 posset
1781 1390 2013 1419 continentiam
2036 1399 2153 1420 vovere
2177 1390 2244 1420 sine
2269 1400 2430 1421 consensu
2461 1391 2596 1423 domini.

1526 1455 1626 1485 ART.
1652 1455 1704 1485 111.
1729 1466 1834 1485 urium
1857 1466 2000 1487 saavrrus
2024 1466 2221 1487 maa-amomo
2246 1467 2350 1487 possm·
2377 1467 2596 1495 surnavanm,

1734 1510 1774 1530 ur
1796 1510 1850 1530 vm
1873 1510 1907 1530 sa
1930 1511 2042 1531 aarum
2065 1511 2096 1531 m
2121 1511 2240 1531 saevum
2263 1511 2387 1532 vanum·

1529 1576 1612 1639 AD
1637 1576 1772 1596 Tam-nm
1795 1576 1841 1596 src
1868 1576 2074 1597 Pnocsnrrua.
2100 1567 2235 1598 Videtur
2257 1567 2348 1607 quod
2372 1569 2506 1599 servitus
2528 1576 2597 1599 ma—

1592 1611 1745 1641 trimonio
1774 1621 1842 1641 non
1869 1612 1971 1651 possit
2001 1612 2223 1651 supervenire,
2248 1618 2284 1642 ut
2306 1613 2353 1642 vir
2383 1622 2417 1643 se
2444 1613 2534 1643 alteri
2562 1613 2597 1644 in

1526 1665 1655 1685 servum
1677 1655 1804 1686 vendat.
1836 1655 1922 1693 Quia
1952 1656 2042 1696 quod
2072 1657 2105 1686 in
2136 1656 2281 1687 fraudem
2310 1662 2341 1687 et
2363 1657 2598 1697 praeiudicium

1527 1700 1655 1730 alterius
1677 1699 1799 1730 factum
1823 1705 1880 1735 est,
1897 1705 2001 1730 ratum
2026 1710 2093 1731 esse
2117 1710 2184 1731 non
2208 1701 2313 1732 debet.
2337 1701 2401 1732 Sed
2425 1703 2472 1732 vir
2490 1703 2547 1742 qui
2562 1711 2597 1733 se
2642 1721 2645 1723 -

1526 1745 1560 1774 in
1588 1754 1715 1775 servum
1739 1744 1864 1780 vendit,
1888 1744 1964 1774 facit
1987 1745 2050 1775 hoc
2080 1745 2278 1786 quandoque
2300 1746 2335 1776 in
2358 1745 2505 1777 fraudem
2527 1755 2596 1777 ma-

1525 1789 1684 1825 trimonii,
1709 1795 1741 1819 et
1764 1789 1803 1819 ad
1826 1789 1933 1819 minus
1956 1790 1990 1819 in
2014 1789 2242 1820 detrimentum
2265 1791 2384 1821 uxoris.
2418 1791 2504 1831 Ergo
2527 1800 2596 1822 non

1526 1833 1621 1864 debet
1642 1834 1747 1864 valere
1771 1833 1840 1863 talis
1863 1833 2006 1864 venditio
2030 1833 2070 1864 ad
2093 1835 2278 1865 servitutem
2301 1834 2528 1866 inducendam.

1583 1887 1612 1908 2.
1637 1878 1840 1914 Pium-anm,
1876 1878 1941 1917 duo
1975 1877 2160 1909 favorabilia
2186 1879 2407 1919 praeiudicant
2437 1880 2497 1910 uni
2528 1889 2596 1910 non

1525 1921 1700 1952 favorabili.
1725 1922 1788 1953 Sed
1811 1923 2053 1953 matrimonium
2074 1928 2106 1953 et
2125 1923 2251 1954 libertas
2275 1929 2350 1954 sunt
2368 1923 2553 1955 favorabilia
2567 1925 2595 1961 ⁵,

1526 1972 1557 1996 et
1579 1972 1759 2007 repugnant
1789 1967 1948 2002 servituti,
1974 1976 2057 2007 quae
2080 1977 2147 1998 non
2177 1973 2224 1998 est
2253 1967 2436 1998 favorabilis
2458 1969 2492 1998 in
2515 1969 2594 2000 iure.

1525 2011 1611 2051 Ergo
1634 2011 1704 2041 talis
1728 2011 1861 2041 servitus
1885 2011 1980 2041 debet
2002 2012 2131 2051 penitus
2155 2012 2321 2042 annullari.

1581 2055 1610 2085 3.
1635 2055 1831 2090 Patansana,
1852 2056 1885 2085 in
1909 2056 2116 2086 matrimonio
2132 2056 2180 2086 vir
2196 2061 2227 2087 et
2243 2066 2324 2087 uxor
2347 2056 2387 2087 ad
2410 2057 2498 2096 paria
2511 2056 2596 2088 iudi·-

1525 2104 1637 2129 cantur
1653 2100 1679 2129 ’ἢ
1705 2099 1768 2130 Sed
1783 2109 1865 2129 uxor
1887 2109 1955 2129 non
1971 2105 2078 2139 potest
2097 2109 2130 2131 se
2146 2101 2179 2131 in
2202 2101 2350 2131 ancillam
2367 2100 2441 2131 dare
2463 2101 2596 2132 nolente

1524 2144 1649 2173 marito.
1675 2143 1760 2184 Ergo
1784 2153 1845 2174 nec
1868 2144 1916 2173 vir
1939 2144 2070 2174 nolente
2094 2154 2204 2175 uxore.

1579 2196 1610 2226 4.
1634 2188 1831 2224 Pirae-ranna,
1855 2187 1935 2218 illud
1959 2188 2049 2228 quod
2072 2189 2207 2229 impedit
2229 2190 2275 2220 rei
2297 2190 2539 2230 generationem
2561 2190 2596 2221 in

1523 2233 1735 2268 naturalibus,
1761 2232 1893 2263 destruit
1917 2233 2012 2263 etiam
2043 2243 2111 2264 rem
2140 2239 2334 2274 generatam.
2367 2234 2431 2266 Sed
2461 2235 2596 2266 servitus

1524 2277 1598 2313 viri,
1623 2278 1786 2307 nesciente
1813 2286 1931 2312 uxore,
1955 2277 2090 2318 impedit
2120 2279 2363 2310 matrimonium
2393 2284 2596 2310 contractum

1524 2326 1698 2361 antequam
1721 2321 1776 2352 fiat
1791 2322 1817 2352 *.
1849 2322 1946 2362 Ergo,
1967 2323 1993 2352 si
2008 2327 2118 2363 posset
2140 2323 2348 2354 matrimonio
2372 2325 2594 2364 supervenire,
2623 2331 2633 2342 ·

1524 2365 1700 2396 destrueret
1722 2367 1975 2397 matrimonium.
2001 2366 2101 2405 Quod
2125 2372 2171 2398 est
2193 2368 2436 2399 inconveniens.

1580 2410 1642 2441 San
1667 2420 1801 2447 CONTRA,
1818 2411 1954 2451 quilibet
1976 2417 2083 2451 potest
2106 2411 2180 2442 dare
2203 2413 2292 2443 alteri
2311 2412 2402 2453 quod
2425 2421 2521 2444 suum
2537 2417 2593 2444 est.

1524 2454 1588 2486 Sed
1602 2456 1651 2486 vir
1673 2460 1720 2486 est
1743 2456 1793 2486 sui
1815 2456 1908 2492 iuris,
1933 2465 2010 2486 cum
2025 2457 2065 2486 sit
2080 2456 2159 2487 liber
2175 2457 2201 2487 ὓ.
2226 2457 2312 2497 Ergo
2331 2462 2440 2498 potest
2455 2457 2530 2488 dare
2544 2458 2595 2488 ius

1523 2508 1620 2530 suum
1643 2500 1742 2530 alteri.
2564 2513 2567 2516 ⁴

1581 2554 1610 2575 2.
1634 2544 1831 2581 pannum,
1855 2554 1964 2576 servus
1987 2550 2104 2586 potest,
2128 2545 2260 2576 nolente
2283 2545 2434 2583 domino,
2458 2553 2595 2579 uxorem

1524 2588 1652 2626 ducere,
1676 2594 1713 2620 ut
1736 2589 1858 2620 dictum
1882 2595 1929 2620 est
1944 2590 1971 2620 ³.
2000 2590 2096 2630 Ergo,
2122 2589 2234 2621 eadem
2257 2591 2394 2627 ratione,
2419 2591 2466 2621 vir
2487 2597 2596 2631 potest

1524 2633 1659 2664 domino
1683 2644 1717 2664 se
1740 2634 1896 2664 subiicere
1919 2634 2052 2665 nolente
2074 2644 2186 2665 uxore.

1578 2678 1770 2709 Rnspounno
1794 2688 1955 2708 mmmmm
1978 2678 2067 2719 quod
2090 2680 2138 2709 vir
2158 2679 2304 2710 subditur
2326 2680 2420 2711 uxori
2438 2680 2546 2711 solum
2560 2679 2595 2711 in

1523 2723 1572 2753 his
1597 2732 1679 2763 quae
1703 2723 1742 2753 ad
1767 2728 1874 2753 actum
1898 2729 2029 2754 naturae
2052 2724 2222 2763 pertinent,
2246 2725 2280 2755 in
2305 2725 2422 2765 quibus
2445 2730 2520 2756 sunt
2542 2733 2595 2756 ae-

1524 2768 1652 2807 quales:
1678 2767 1717 2798 ad
1742 2777 1824 2808 quae
1842 2769 1999 2798 servitutis
2023 2768 2181 2799 subiectio
2205 2778 2239 2799 se
2261 2778 2330 2799 non
2346 2769 2488 2800 extendit
2502 2770 2530 2799 “.
2554 2769 2596 2800 Et

1523 2811 1598 2842 ideo
1621 2812 1682 2847 vir,
1706 2812 1838 2842 nolente
1862 2821 1979 2848 uxore,
2003 2818 2110 2852 potest
2132 2822 2165 2843 se
2189 2813 2277 2844 alteri
2299 2814 2334 2844 in
2357 2822 2486 2844 servum
2508 2813 2593 2844 dare.

1523 2856 1600 2886 Non
1615 2862 1723 2887 tamen
1740 2867 1777 2887 ex
1793 2857 1857 2887 hoc
1873 2857 2116 2888 matrimonium
2141 2857 2346 2888 dissolvetur:
2372 2858 2448 2899 quia
2466 2858 2594 2889 nullum

1523 2901 1793 2941 impedimentum
1816 2902 2023 2932 matrimonio
2047 2903 2276 2942 superveniens
2298 2907 2406 2943 potest
2421 2902 2594 2933 dissolvere

1523 2946 1641 2986 ipsum,
1666 2951 1701 2976 ut
1725 2945 1846 2976 dictum
1871 2951 1918 2976 est
1931 2946 1958 2976 “.

1578 2990 1629 3020 An
1645 3000 1763 3020 ramum
1786 3000 1869 3021 mmo
1893 2998 2054 3030 mcunntm
2078 2990 2168 3031 quod
2191 2989 2276 3021 fraus
2299 2991 2382 3021 bene
2404 2996 2512 3031 potest
2533 3000 2593 3022 no-

1524 3043 1596 3064 cere
1620 3034 1648 3064 ei
1673 3035 1729 3074 qui
1753 3034 1898 3065 fraudem
1921 3034 2006 3071 fecit,
2023 3034 2078 3065 sed
2101 3044 2169 3065 non
2192 3040 2300 3076 potest
2322 3035 2411 3065 alteri
2433 3035 2593 3076 praeiudi-

1525 3079 1612 3109 cium
1639 3088 1801 3119 generare.
1835 3079 1876 3109 Et
1898 3078 1989 3115 ideo,
2014 3079 2041 3109 si
2063 3079 2111 3109 vir
2133 3080 2167 3110 in
2191 3078 2335 3110 fraudem
2366 3080 2474 3110 uxoris
2504 3080 2593 3111 alteri

1524 3122 1578 3153 det
1601 3132 1634 3153 se
1661 3123 1695 3153 in
1726 3130 1870 3159 servum,
1894 3123 1964 3163 ipse
1993 3129 2134 3163 reportat
2163 3123 2335 3159 damnum.
2361 3124 2594 3156 inaestimabile

1523 3167 1643 3198 bonum
1666 3167 1823 3198 libertatis
1837 3168 1855 3184 ⁴*
1879 3168 2043 3198 amittens:
2075 3167 2131 3198 sed
2154 3168 2247 3198 uxori
2273 3168 2400 3198 nullum
2424 3173 2531 3209 potest
2553 3178 2593 3199 ex

1522 3213 1588 3242 hoc
1603 3211 1837 3252 praeiudicium
1859 3212 2013 3252 generari,
2030 3212 2110 3252 quin
2132 3217 2278 3243 teneatur
2292 3212 2424 3243 reddere
2448 3212 2593 3244 debitum

1523 3257 1663 3297 petenti,
1688 3261 1719 3287 et
1750 3255 1789 3287 ad
1819 3257 1929 3286 omnia
1959 3265 2043 3296 quae
2071 3257 2314 3287 matrimonium
2344 3257 2494 3297 requirit;
2522 3266 2592 3288 non

1524 3301 1611 3331 enim
1634 3305 1741 3341 potest
1764 3301 1803 3331 ab
1826 3301 1875 3331 his
1898 3301 2014 3331 retrahi
2037 3300 2160 3331 domini
2183 3301 2233 3332 sui
2256 3307 2440 3342 praecepto.

1579 3345 1630 3375 An
1655 3355 1818 3375 sacmmtm
1843 3354 2004 3375 nic-unnim
2031 3344 2138 3385 quod,
2163 3350 2321 3386 quantum
2345 3345 2385 3376 ad
2407 3346 2472 3377 hoc
2502 3345 2592 3387 quod

1524 3390 1656 3420 servitus
1671 3390 1877 3420 matrimonio
1893 3395 2060 3429 repugnat,
2077 3390 2320 3420 matrimonium
2343 3391 2486 3421 servituti
2501 3399 2592 3431 prae-

1523 3433 1659 3464 iudicat:
1693 3434 1769 3474 quia
1795 3439 1872 3464 tunc
1895 3443 2004 3464 servus
2027 3439 2154 3464 tenetur
2176 3435 2269 3465 uxori
2293 3434 2438 3465 debitum
2460 3434 2591 3466 reddere

1524 3479 1620 3509 etiam
1643 3478 1775 3509 nolente
1800 3478 1944 3508 domino.

1578 3523 1629 3552 An
1653 3532 1787 3553 reanum
1810 3531 1970 3553 mmmmm
1995 3522 2094 3563 quod,
2112 3523 2257 3563 quamvis
2281 3523 2313 3553 in
2338 3528 2412 3554 actu
2427 3523 2591 3554 matrimo-

410 3556 490 3585 tium
514 3556 636 3587 domini
659 3558 842 3598 imperantis
866 3565 896 3589 et
920 3561 1049 3592 reddere
1082 3562 1224 3593 debitum
1253 3565 1360 3594 uxori:
1393 3566 1469 3605 quia
1483 3577 1506 3598 75
1523 3567 1616 3603 niali,
1645 3572 1676 3598 et
1698 3567 1732 3597 in
1755 3567 1803 3597 his
1834 3575 1916 3607 quae
1941 3566 1980 3597 ad
2011 3572 2157 3597 naturam
2186 3572 2349 3608 spectant,
2373 3567 2413 3598 ad
2435 3567 2523 3607 paria
2543 3568 2592 3598 vir

2623 1929 2633 1939 ·
2655 1927 2715 1956 Cap.
2740 1927 2837 1950 &nebus

2622 1953 2695 1986 Iudg'c.
2708 1953 2808 2003 deSgnt
2813 1957 2838 1976 et

2623 1971 2783 2029 mike:

2622 2033 2692 2061 Iuris,
2705 2039 2751 2056 ιη.

2624 2105 2768 2129 'etamsi
2826 2123 2835 2134 ,

2717 2107 2827 2183 mss

2625 2166 2645 2186 ι,
2654 2163 2678 2182 et
2686 2158 2767 2183 elon.
2802 2160 2835 2183 id.

2623 2132 2716 2157 mx

2623 2457 2632 2466 ·
2646 2453 2746 2477 Ari-rot.
2757 2453 2836 2476 ueta-

2618 2480 2690 2510 ριψ.
2704 2480 2746 2503 ιιι.
2756 2480 2776 2515 1,

2621 2513 2722 2557 Μυῒ
2732 2517 2744 2526 ’
2752 2506 2780 2531 ³⁵·

2622 2590 2734 2613 'An-2·

2782 2485 2835 2531 “r'tt

2622 2764 2632 2775 ·
2645 2763 2682 2786 cf.
2693 2767 2735 2786 ut.
2749 2769 2834 2792 praee..

2606 2789 2651 2812 ἰἀ
2667 2797 2687 2813 ¹.

2620 2947 2834 2996 hQudqnnn.

2620 3175 2631 3185 ·
2646 3173 2667 3195 D
2714 3179 2742 3200 1.,
2756 3172 2788 3196 de
2799 3172 2833 3195 a·

2620 3205 2635 3222 ν
2700 3199 2833 3229 Κορέαν-ἐι,

2621 3226 2673 3254 ¹06.
2689 3226 2739 3255 ¹7⁶.
