<?xml version="1.0" encoding="UTF-8"?>
<!DOCTYPE html PUBLIC "-//W3C//DTD XHTML 1.0 Transitional//EN"
    "http://www.w3.org/TR/xhtml1/DTD/xhtml1-transitional.dtd">
<html xmlns="http://www.w3.org/1999/xhtml" xml:lang="en" lang="en">
 <head>
  <title>
</title>
<meta http-equiv="Content-Type" content="text/html;charset=utf-8" />
  <meta name='ocr-system' content='tesseract 3.04.00' />
  <meta name='ocr-capabilities' content='ocr_page ocr_carea ocr_par ocr_line ocrx_word'/>
</head>
<body>
  <div class='ocr_page' id='page_1' title='image "./operaomniaiussui12thom_0203.png"; bbox 0 0 2918 4088; ppageno 0'>
   <div class='ocr_carea' id='block_1_1' title="bbox 53 316 266 477">
    <p class='ocr_par' dir='ltr' id='par_1_1' title="bbox 53 316 266 477">
     <span class='ocr_line' id='line_1_1' title="bbox 53 316 266 345; baseline -0.014 -4"><span class='ocrx_word' id='word_1_1' title='bbox 53 316 266 345; x_wconf 53' lang='lat' dir='ltr'><em>&#39;Act-Concava,</em></span> 
     </span>
     <span class='ocr_line' id='line_1_2' title="bbox 54 345 266 399; baseline -0.014 -5"><span class='ocrx_word' id='word_1_2' title='bbox 54 345 266 399; x_wconf 50' lang='lat' dir='ltr'><em>ffif&#39;ffiuiffi</em></span> 
     </span>
     <span class='ocr_line' id='line_1_3' title="bbox 55 401 266 446; baseline -0.009 0"><span class='ocrx_word' id='word_1_3' title='bbox 55 401 172 446; x_wconf 53' lang='lat' dir='ltr'><em>-tiif‘ie‘ilr</em></span> <span class='ocrx_word' id='word_1_4' title='bbox 202 428 266 444; x_wconf 75' lang='lat' dir='ltr'><em>eces-</em></span> 
     </span>
     <span class='ocr_line' id='line_1_4' title="bbox 54 449 266 477; baseline -0.009 -4"><span class='ocrx_word' id='word_1_5' title='bbox 54 450 128 477; x_wconf 76' lang='lat' dir='ltr'><em>earie,</em></span> <span class='ocrx_word' id='word_1_6' title='bbox 153 449 183 471; x_wconf 78' lang='lat' dir='ltr'><em>de</em></span> <span class='ocrx_word' id='word_1_7' title='bbox 203 449 266 472; x_wconf 76' lang='lat' dir='ltr'><em>Con-</em></span> 
     </span>
    </p>
   </div>
   <div class='ocr_carea' id='block_1_2' title="bbox 3 475 239 504">
    <p class='ocr_par' dir='ltr' id='par_1_2' title="bbox 3 475 239 504">
     <span class='ocr_line' id='line_1_5' title="bbox 3 475 239 504; baseline -0.013 -4"><span class='ocrx_word' id='word_1_8' title='bbox 3 487 6 490; x_wconf 54' lang='lat'>*</span> <span class='ocrx_word' id='word_1_9' title='bbox 54 482 126 504; x_wconf 70' lang='lat' dir='ltr'><em>ner„</em></span> <span class='ocrx_word' id='word_1_10' title='bbox 141 475 195 498; x_wconf 76' lang='lat' dir='ltr'><em>dist.</em></span> <span class='ocrx_word' id='word_1_11' title='bbox 209 475 239 497; x_wconf 90' lang='lat'><em>11.</em></span> 
     </span>
    </p>
   </div>
   <div class='ocr_carea' id='block_1_3' title="bbox 211 402 266 418">
    <p class='ocr_par' dir='ltr' id='par_1_3' title="bbox 211 402 266 418">
     <span class='ocr_line' id='line_1_6' title="bbox 211 402 266 418; baseline 0 0"><span class='ocrx_word' id='word_1_12' title='bbox 211 412 217 418; x_wconf 87' lang='lat'><em>.</em></span> <span class='ocrx_word' id='word_1_13' title='bbox 225 402 266 418; x_wconf 83' lang='lat' dir='ltr'><em>vn.</em></span> 
     </span>
    </p>
   </div>
   <div class='ocr_carea' id='block_1_4' title="bbox 963 236 2467 290">
    <p class='ocr_par' dir='ltr' id='par_1_4' title="bbox 963 236 2467 290">
     <span class='ocr_line' id='line_1_7' title="bbox 963 236 2467 290; baseline 0.005 -18"><span class='ocrx_word' id='word_1_14' title='bbox 963 236 1226 282; x_wconf 87' lang='lat' dir='ltr'><strong>QUAESTIO</strong></span> <span class='ocrx_word' id='word_1_15' title='bbox 1255 237 1430 284; x_wconf 80' lang='lat' dir='ltr'>LXXVI,</span> <span class='ocrx_word' id='word_1_16' title='bbox 1462 237 1754 275; x_wconf 83' lang='lat' dir='ltr'>ARTICULUS</span> <span class='ocrx_word' id='word_1_17' title='bbox 1782 239 1796 275; x_wconf 91' lang='lat'><em>1</em></span> <span class='ocrx_word' id='word_1_18' title='bbox 2396 254 2467 290; x_wconf 84' lang='lat'><em>179</em></span> 
     </span>
    </p>
   </div>
   <div class='ocr_carea' id='block_1_5' title="bbox 285 314 1359 682">
    <p class='ocr_par' dir='ltr' id='par_1_5' title="bbox 285 314 1359 630">
     <span class='ocr_line' id='line_1_8' title="bbox 296 314 1354 367; baseline -0.005 -13"><span class='ocrx_word' id='word_1_19' title='bbox 296 317 484 367; x_wconf 90' lang='lat' dir='ltr'><em>Symbolo</em></span> <span class='ocrx_word' id='word_1_20' title='bbox 526 315 724 364; x_wconf 92' lang='lat' dir='ltr'><em>Ephesino</em></span> <span class='ocrx_word' id='word_1_21' title='bbox 751 315 771 337; x_wconf 79' lang='lat'><em>’¹‘</em></span> <span class='ocrx_word' id='word_1_22' title='bbox 807 314 959 363; x_wconf 89' lang='lat' dir='ltr'><em>legitur:</em></span> <span class='ocrx_word' id='word_1_23' title='bbox 1001 315 1204 363; x_wconf 90' lang='lat' dir='ltr'><em>Participes</em></span> <span class='ocrx_word' id='word_1_24' title='bbox 1240 314 1354 362; x_wconf 87' lang='lat' dir='ltr'><em>effici-</em></span> 
     </span>
     <span class='ocr_line' id='line_1_9' title="bbox 294 367 1355 419; baseline -0.006 -12"><span class='ocrx_word' id='word_1_25' title='bbox 294 382 382 407; x_wconf 91' lang='lat' dir='ltr'><em>mur</em></span> <span class='ocrx_word' id='word_1_26' title='bbox 408 370 576 418; x_wconf 87' lang='lat' dir='ltr'><em>corporis</em></span> <span class='ocrx_word' id='word_1_27' title='bbox 608 374 641 405; x_wconf 88' lang='lat' dir='ltr'><em>et</em></span> <span class='ocrx_word' id='word_1_28' title='bbox 671 369 865 419; x_wconf 85' lang='lat' dir='ltr'><strong><em>sanguinis</em></strong></span> <span class='ocrx_word' id='word_1_29' title='bbox 901 367 1052 412; x_wconf 86' lang='lat' dir='ltr'><em>Christi,</em></span> <span class='ocrx_word' id='word_1_30' title='bbox 1087 378 1161 402; x_wconf 89' lang='lat' dir='ltr'><em>non</em></span> <span class='ocrx_word' id='word_1_31' title='bbox 1191 372 1228 402; x_wconf 89' lang='lat' dir='ltr'><em>ut</em></span> <span class='ocrx_word' id='word_1_32' title='bbox 1256 378 1355 402; x_wconf 91' lang='lat' dir='ltr'><em>com-</em></span> 
     </span>
     <span class='ocr_line' id='line_1_10' title="bbox 293 420 1359 471; baseline -0.005 -12"><span class='ocrx_word' id='word_1_33' title='bbox 293 434 445 460; x_wconf 91' lang='lat' dir='ltr'><em>munem</em></span> <span class='ocrx_word' id='word_1_34' title='bbox 473 433 627 459; x_wconf 91' lang='lat' dir='ltr'><em>carnem</em></span> <span class='ocrx_word' id='word_1_35' title='bbox 653 423 913 471; x_wconf 81' lang='lat' dir='ltr'><em>percipientes,</em></span> <span class='ocrx_word' id='word_1_36' title='bbox 948 431 1016 457; x_wconf 89' lang='lat' dir='ltr'><em>nec</em></span> <span class='ocrx_word' id='word_1_37' title='bbox 1042 420 1116 456; x_wconf 79' lang='lat' dir='ltr'><em>viri</em></span> <span class='ocrx_word' id='word_1_38' title='bbox 1140 420 1359 466; x_wconf 72' lang='lat' dir='ltr'><em>sanctificati</em></span> 
     </span>
     <span class='ocr_line' id='line_1_11' title="bbox 295 472 1355 522; baseline -0.006 -10"><span class='ocrx_word' id='word_1_39' title='bbox 295 481 329 512; x_wconf 92' lang='lat' dir='ltr'><em>et</em></span> <span class='ocrx_word' id='word_1_40' title='bbox 363 476 482 512; x_wconf 86' lang='lat' dir='ltr'><em>Verbo</em></span> <span class='ocrx_word' id='word_1_41' title='bbox 510 475 697 511; x_wconf 89' lang='lat' dir='ltr'><em>coniuncti</em></span> <span class='ocrx_word' id='word_1_42' title='bbox 725 474 926 511; x_wconf 86' lang='lat' dir='ltr'><em>secundum</em></span> <span class='ocrx_word' id='word_1_43' title='bbox 954 472 1141 522; x_wconf 82' lang='lat' dir='ltr'><em>dignitatis</em></span> <span class='ocrx_word' id='word_1_44' title='bbox 1169 473 1355 517; x_wconf 88' lang='lat' dir='ltr'><em>unitatem,</em></span> 
     </span>
     <span class='ocr_line' id='line_1_12' title="bbox 293 525 1357 576; baseline -0.006 -11"><span class='ocrx_word' id='word_1_45' title='bbox 293 528 360 565; x_wconf 86' lang='lat' dir='ltr'><em>sed</em></span> <span class='ocrx_word' id='word_1_46' title='bbox 385 539 471 565; x_wconf 86' lang='lat' dir='ltr'><em>vere</em></span> <span class='ocrx_word' id='word_1_47' title='bbox 497 528 785 576; x_wconf 73' lang='lat' dir='ltr'><em>vivificatricem,</em></span> <span class='ocrx_word' id='word_1_48' title='bbox 815 532 848 564; x_wconf 91' lang='lat' dir='ltr'><em>et</em></span> <span class='ocrx_word' id='word_1_49' title='bbox 875 527 986 576; x_wconf 88' lang='lat' dir='ltr'><em>ipsius</em></span> <span class='ocrx_word' id='word_1_50' title='bbox 1021 525 1132 562; x_wconf 82' lang='lat' dir='ltr'><em>Verbi</em></span> <span class='ocrx_word' id='word_1_51' title='bbox 1158 525 1357 574; x_wconf 87' lang='lat' dir='ltr'><em>propriam</em></span> 
     </span>
     <span class='ocr_line' id='line_1_13' title="bbox 285 582 446 630; baseline -0.012 -12"><span class='ocrx_word' id='word_1_52' title='bbox 285 582 446 630; x_wconf 84' lang='lat' dir='ltr'><em>factam.</em></span> 
     </span>
    </p>

    <p class='ocr_par' dir='ltr' id='par_1_6' title="bbox 349 629 1356 682">
     <span class='ocr_line' id='line_1_14' title="bbox 349 629 1356 682; baseline -0.005 -12"><span class='ocrx_word' id='word_1_53' title='bbox 349 632 491 670; x_wconf 90' lang='lat' dir='ltr'><em>Anima</em></span> <span class='ocrx_word' id='word_1_54' title='bbox 517 645 612 670; x_wconf 89' lang='lat' dir='ltr'><em>vero</em></span> <span class='ocrx_word' id='word_1_55' title='bbox 641 632 790 670; x_wconf 83' lang='lat' dir='ltr'><em>realiter</em></span> <span class='ocrx_word' id='word_1_56' title='bbox 823 639 996 682; x_wconf 90' lang='lat' dir='ltr'><em>separata</em></span> <span class='ocrx_word' id='word_1_57' title='bbox 1029 629 1098 667; x_wconf 89' lang='lat' dir='ltr'><em>fuit</em></span> <span class='ocrx_word' id='word_1_58' title='bbox 1126 642 1148 666; x_wconf 91' lang='lat' dir='ltr'><em>a</em></span> <span class='ocrx_word' id='word_1_59' title='bbox 1175 641 1356 678; x_wconf 89' lang='lat' dir='ltr'><em>corpore,</em></span> 
     </span>
    </p>
   </div>
   <div class='ocr_carea' id='block_1_6' title="bbox 0 681 1357 740">
    <p class='ocr_par' dir='ltr' id='par_1_7' title="bbox 0 671 1357 740">
     <span class='ocr_line' id='line_1_15' title="bbox 0 681 1357 740; baseline -0.004 -17"><span class='ocrx_word' id='word_1_60' title='bbox 0 683 7 740; x_wconf 69' lang='grc' dir='ltr'><em>ᾗ</em></span> <span class='ocrx_word' id='word_1_61' title='bbox 57 687 68 698; x_wconf 86' lang='grc'><em>·</em></span> <span class='ocrx_word' id='word_1_62' title='bbox 82 686 166 714; x_wconf 65' lang='lat' dir='ltr'><em>QM·</em></span> <span class='ocrx_word' id='word_1_63' title='bbox 181 688 254 713; x_wconf 57' lang='lat'><em>“2⁵-</em></span> <span class='ocrx_word' id='word_1_64' title='bbox 295 693 339 724; x_wconf 91' lang='lat' dir='ltr'><em>ut</em></span> <span class='ocrx_word' id='word_1_65' title='bbox 366 697 482 735; x_wconf 90' lang='lat' dir='ltr'><em>supra</em></span> <span class='ocrx_word' id='word_1_66' title='bbox 500 685 520 708; x_wconf 76' lang='lat'><em>’¹‘</em></span> <span class='ocrx_word' id='word_1_67' title='bbox 547 685 694 723; x_wconf 91' lang='lat' dir='ltr'><em>dictum</em></span> <span class='ocrx_word' id='word_1_68' title='bbox 721 693 787 723; x_wconf 91' lang='lat' dir='ltr'><em>est.</em></span> <span class='ocrx_word' id='word_1_69' title='bbox 816 686 865 722; x_wconf 91' lang='lat' dir='ltr'><em>Et</em></span> <span class='ocrx_word' id='word_1_70' title='bbox 892 684 992 731; x_wconf 90' lang='lat' dir='ltr'><em>ideo,</em></span> <span class='ocrx_word' id='word_1_71' title='bbox 1013 682 1044 719; x_wconf 86' lang='lat' dir='ltr'><em>si</em></span> <span class='ocrx_word' id='word_1_72' title='bbox 1071 681 1111 719; x_wconf 92' lang='lat' dir='ltr'><em>in</em></span> <span class='ocrx_word' id='word_1_73' title='bbox 1139 682 1202 719; x_wconf 90' lang='lat' dir='ltr'><em>illo</em></span> <span class='ocrx_word' id='word_1_74' title='bbox 1230 681 1357 718; x_wconf 86' lang='lat' dir='ltr'><em>triduo</em></span> 
     </span>
    </p>
   </div>
   <div class='ocr_carea' id='block_1_7' title="bbox 0 743 7 813">
    <p class='ocr_par' dir='ltr' id='par_1_8' title="bbox 0 743 7 813">
     <span class='ocr_line' id='line_1_16' title="bbox 0 743 7 813; baseline 0 -64"><span class='ocrx_word' id='word_1_75' title='bbox 0 743 7 813; x_wconf 40' lang='grc' dir='ltr'><em>ζ,</em></span> 
     </span>
    </p>
   </div>
   <div class='ocr_carea' id='block_1_8' title="bbox 0 816 15 871">
    <p class='ocr_par' dir='ltr' id='par_1_9' title="bbox 0 816 15 871">
     <span class='ocr_line' id='line_1_17' title="bbox 0 816 15 871; baseline 0 0"><span class='ocrx_word' id='word_1_76' title='bbox 0 816 15 871; x_wconf 59' lang='lat'><em>¹5</em></span> 
     </span>
    </p>
   </div>
   <div class='ocr_carea' id='block_1_9' title="bbox 0 876 201 4088">
    <p class='ocr_par' dir='ltr' id='par_1_10' title="bbox 0 876 201 4088">
     <span class='ocr_line' id='line_1_18' title="bbox 0 876 201 4088; baseline 0 0"><span class='ocrx_word' id='word_1_77' title='bbox 0 876 201 4088; x_wconf 95' lang='lat' dir='ltr'><em> </em></span> 
     </span>
    </p>
   </div>
   <div class='ocr_carea' id='block_1_10' title="bbox 293 735 1362 1531">
    <p class='ocr_par' dir='ltr' id='par_1_11' title="bbox 295 735 1360 1146">
     <span class='ocr_line' id='line_1_19' title="bbox 295 735 1358 782; baseline -0.005 -6"><span class='ocrx_word' id='word_1_78' title='bbox 295 737 430 776; x_wconf 90' lang='lat' dir='ltr'><em>mortis</em></span> <span class='ocrx_word' id='word_1_79' title='bbox 449 738 580 776; x_wconf 82' lang='lat' dir='ltr'><em>fuisset</em></span> <span class='ocrx_word' id='word_1_80' title='bbox 607 739 683 776; x_wconf 89' lang='lat' dir='ltr'><em>hoc</em></span> <span class='ocrx_word' id='word_1_81' title='bbox 707 745 991 776; x_wconf 90' lang='lat' dir='ltr'><em>sacramentum</em></span> <span class='ocrx_word' id='word_1_82' title='bbox 1011 735 1257 782; x_wconf 86' lang='lat' dir='ltr'><em>celebratum,</em></span> <span class='ocrx_word' id='word_1_83' title='bbox 1278 747 1358 772; x_wconf 92' lang='lat' dir='ltr'><em>non</em></span> 
     </span>
     <span class='ocr_line' id='line_1_20' title="bbox 296 788 1359 837; baseline -0.005 -8"><span class='ocrx_word' id='word_1_84' title='bbox 296 791 427 830; x_wconf 84' lang='lat' dir='ltr'><em>fuisset</em></span> <span class='ocrx_word' id='word_1_85' title='bbox 453 791 506 828; x_wconf 89' lang='lat' dir='ltr'><em>ibi</em></span> <span class='ocrx_word' id='word_1_86' title='bbox 540 790 687 837; x_wconf 87' lang='lat' dir='ltr'><em>anima,</em></span> <span class='ocrx_word' id='word_1_87' title='bbox 717 803 789 828; x_wconf 92' lang='lat' dir='ltr'><em>nec</em></span> <span class='ocrx_word' id='word_1_88' title='bbox 816 803 863 828; x_wconf 89' lang='lat' dir='ltr'><em>ex</em></span> <span class='ocrx_word' id='word_1_89' title='bbox 890 790 929 827; x_wconf 91' lang='lat' dir='ltr'><em>vi</em></span> <span class='ocrx_word' id='word_1_90' title='bbox 958 788 1186 826; x_wconf 84' lang='lat' dir='ltr'><em>sacramenti</em></span> <span class='ocrx_word' id='word_1_91' title='bbox 1213 800 1285 825; x_wconf 91' lang='lat' dir='ltr'><em>nec</em></span> <span class='ocrx_word' id='word_1_92' title='bbox 1313 800 1359 824; x_wconf 85' lang='lat' dir='ltr'><em>ex</em></span> 
     </span>
     <span class='ocr_line' id='line_1_21' title="bbox 297 843 1360 892; baseline -0.005 -10"><span class='ocrx_word' id='word_1_93' title='bbox 297 844 387 882; x_wconf 90' lang='lat' dir='ltr'><em>reali</em></span> <span class='ocrx_word' id='word_1_94' title='bbox 415 843 721 882; x_wconf 86' lang='lat' dir='ltr'><em>concomitantia.</em></span> <span class='ocrx_word' id='word_1_95' title='bbox 752 843 829 881; x_wconf 89' lang='lat' dir='ltr'><em>Sed</em></span> <span class='ocrx_word' id='word_1_96' title='bbox 855 843 947 892; x_wconf 91' lang='lat' dir='ltr'><em>quia</em></span> <span class='ocrx_word' id='word_1_97' title='bbox 969 843 1132 879; x_wconf 87' lang='lat' dir='ltr'><em>Christus</em></span> <span class='ocrx_word' id='word_1_98' title='bbox 1160 853 1360 891; x_wconf 82' lang='lat' dir='ltr'><em>resurgens</em></span> 
     </span>
     <span class='ocr_line' id='line_1_22' title="bbox 297 894 1357 942; baseline -0.004 -8"><span class='ocrx_word' id='word_1_99' title='bbox 297 909 347 934; x_wconf 92' lang='lat' dir='ltr'><em>ex</em></span> <span class='ocrx_word' id='word_1_100' title='bbox 364 899 518 934; x_wconf 86' lang='lat' dir='ltr'><em>mortuis</em></span> <span class='ocrx_word' id='word_1_101' title='bbox 536 899 612 934; x_wconf 92' lang='lat' dir='ltr'><em>iam</em></span> <span class='ocrx_word' id='word_1_102' title='bbox 632 909 706 934; x_wconf 90' lang='lat' dir='ltr'><em>non</em></span> <span class='ocrx_word' id='word_1_103' title='bbox 735 897 904 942; x_wconf 89' lang='lat' dir='ltr'><em>moritur,</em></span> <span class='ocrx_word' id='word_1_104' title='bbox 925 903 967 933; x_wconf 92' lang='lat' dir='ltr'><em>ut</em></span> <span class='ocrx_word' id='word_1_105' title='bbox 985 894 1124 932; x_wconf 91' lang='lat' dir='ltr'><em>dicitur</em></span> <span class='ocrx_word' id='word_1_106' title='bbox 1141 896 1252 932; x_wconf 88' lang='lat' dir='ltr'><em>Rom.</em></span> <span class='ocrx_word' id='word_1_107' title='bbox 1273 906 1308 931; x_wconf 88' lang='lat' dir='ltr'><em>Vl</em></span> <span class='ocrx_word' id='word_1_108' title='bbox 1326 894 1357 940; x_wconf 71' lang='lat'><em>²¹²,</em></span> 
     </span>
     <span class='ocr_line' id='line_1_23' title="bbox 296 947 1360 1000; baseline -0.003 -14"><span class='ocrx_word' id='word_1_109' title='bbox 296 949 427 987; x_wconf 87' lang='lat' dir='ltr'><em>anima</em></span> <span class='ocrx_word' id='word_1_110' title='bbox 453 949 535 987; x_wconf 90' lang='lat' dir='ltr'><em>eius</em></span> <span class='ocrx_word' id='word_1_111' title='bbox 555 948 709 1000; x_wconf 87' lang='lat' dir='ltr'><em>semper</em></span> <span class='ocrx_word' id='word_1_112' title='bbox 735 956 791 987; x_wconf 92' lang='lat' dir='ltr'><em>est</em></span> <span class='ocrx_word' id='word_1_113' title='bbox 818 948 966 986; x_wconf 89' lang='lat' dir='ltr'><em>realiter</em></span> <span class='ocrx_word' id='word_1_114' title='bbox 984 947 1137 998; x_wconf 89' lang='lat' dir='ltr'><em>corpori</em></span> <span class='ocrx_word' id='word_1_115' title='bbox 1165 947 1282 984; x_wconf 90' lang='lat' dir='ltr'><em>unita.</em></span> <span class='ocrx_word' id='word_1_116' title='bbox 1312 947 1360 984; x_wconf 91' lang='lat' dir='ltr'><em>Et</em></span> 
     </span>
     <span class='ocr_line' id='line_1_24' title="bbox 296 999 1360 1051; baseline -0.003 -12"><span class='ocrx_word' id='word_1_117' title='bbox 296 1001 384 1040; x_wconf 90' lang='lat' dir='ltr'><em>ideo</em></span> <span class='ocrx_word' id='word_1_118' title='bbox 412 1001 452 1039; x_wconf 92' lang='lat' dir='ltr'><em>in</em></span> <span class='ocrx_word' id='word_1_119' title='bbox 480 1003 556 1040; x_wconf 94' lang='lat' dir='ltr'><em>hoc</em></span> <span class='ocrx_word' id='word_1_120' title='bbox 583 1010 822 1040; x_wconf 87' lang='lat' dir='ltr'><em>sacramento</em></span> <span class='ocrx_word' id='word_1_121' title='bbox 855 1014 997 1051; x_wconf 90' lang='lat' dir='ltr'><em>corpus</em></span> <span class='ocrx_word' id='word_1_122' title='bbox 1031 1001 1191 1051; x_wconf 91' lang='lat' dir='ltr'><em>quidem</em></span> <span class='ocrx_word' id='word_1_123' title='bbox 1220 999 1360 1038; x_wconf 89' lang='lat' dir='ltr'><em>Christi</em></span> 
     </span>
     <span class='ocr_line' id='line_1_25' title="bbox 296 1053 1359 1103; baseline -0.002 -11"><span class='ocrx_word' id='word_1_124' title='bbox 296 1062 352 1092; x_wconf 88' lang='lat' dir='ltr'><em>est</em></span> <span class='ocrx_word' id='word_1_125' title='bbox 380 1067 427 1092; x_wconf 89' lang='lat' dir='ltr'><em>ex</em></span> <span class='ocrx_word' id='word_1_126' title='bbox 454 1055 493 1092; x_wconf 93' lang='lat' dir='ltr'><em>vi</em></span> <span class='ocrx_word' id='word_1_127' title='bbox 521 1055 759 1103; x_wconf 87' lang='lat' dir='ltr'><em>sacramenti,</em></span> <span class='ocrx_word' id='word_1_128' title='bbox 780 1054 909 1093; x_wconf 89' lang='lat' dir='ltr'><em>anima</em></span> <span class='ocrx_word' id='word_1_129' title='bbox 928 1062 1059 1093; x_wconf 88' lang='lat' dir='ltr'><em>autem</em></span> <span class='ocrx_word' id='word_1_130' title='bbox 1087 1067 1132 1091; x_wconf 90' lang='lat' dir='ltr'><em>ex</em></span> <span class='ocrx_word' id='word_1_131' title='bbox 1152 1053 1243 1091; x_wconf 90' lang='lat' dir='ltr'><em>reali</em></span> <span class='ocrx_word' id='word_1_132' title='bbox 1271 1065 1359 1091; x_wconf 93' lang='lat' dir='ltr'><em>con-</em></span> 
     </span>
     <span class='ocr_line' id='line_1_26' title="bbox 296 1108 529 1146; baseline -0.004 0"><span class='ocrx_word' id='word_1_133' title='bbox 296 1108 529 1146; x_wconf 87' lang='lat' dir='ltr'><em>comitantia.</em></span> 
     </span>
    </p>

    <p class='ocr_par' dir='ltr' id='par_1_12' title="bbox 293 1159 1362 1531">
     <span class='ocr_line' id='line_1_27' title="bbox 349 1159 1361 1211; baseline -0.003 -12"><span class='ocrx_word' id='word_1_134' title='bbox 349 1162 407 1198; x_wconf 85' lang='lat' dir='ltr'><em>An</em></span> <span class='ocrx_word' id='word_1_135' title='bbox 435 1173 624 1199; x_wconf 79' lang='lat' dir='ltr'>SECUNDUM</span> <span class='ocrx_word' id='word_1_136' title='bbox 650 1173 831 1199; x_wconf 70' lang='lat' dir='ltr'><em>mceunuu</em></span> <span class='ocrx_word' id='word_1_137' title='bbox 860 1161 967 1211; x_wconf 93' lang='lat' dir='ltr'><em>quod</em></span> <span class='ocrx_word' id='word_1_138' title='bbox 996 1174 1043 1198; x_wconf 88' lang='lat' dir='ltr'><em>ex</em></span> <span class='ocrx_word' id='word_1_139' title='bbox 1070 1159 1109 1197; x_wconf 91' lang='lat' dir='ltr'><em>vi</em></span> <span class='ocrx_word' id='word_1_140' title='bbox 1133 1159 1361 1197; x_wconf 86' lang='lat' dir='ltr'><em>sacramenti</em></span> 
     </span>
     <span class='ocr_line' id='line_1_28' title="bbox 297 1214 1361 1264; baseline 0 -13"><span class='ocrx_word' id='word_1_141' title='bbox 297 1214 370 1251; x_wconf 90' lang='lat' dir='ltr'><em>sub</em></span> <span class='ocrx_word' id='word_1_142' title='bbox 389 1214 466 1252; x_wconf 93' lang='lat' dir='ltr'><em>hoc</em></span> <span class='ocrx_word' id='word_1_143' title='bbox 493 1222 733 1252; x_wconf 89' lang='lat' dir='ltr'><em>sacramento</em></span> <span class='ocrx_word' id='word_1_144' title='bbox 753 1214 980 1261; x_wconf 82' lang='lat' dir='ltr'><em>continetur,</em></span> <span class='ocrx_word' id='word_1_145' title='bbox 1001 1221 1192 1264; x_wconf 91' lang='lat' dir='ltr'><em>quantum</em></span> <span class='ocrx_word' id='word_1_146' title='bbox 1211 1214 1260 1251; x_wconf 91' lang='lat' dir='ltr'><em>ad</em></span> <span class='ocrx_word' id='word_1_147' title='bbox 1279 1226 1361 1263; x_wconf 91' lang='lat' dir='ltr'><em>spe-</em></span> 
     </span>
     <span class='ocr_line' id='line_1_29' title="bbox 297 1266 1361 1317; baseline 0 -13"><span class='ocrx_word' id='word_1_148' title='bbox 297 1266 374 1304; x_wconf 90' lang='lat' dir='ltr'><em>cies</em></span> <span class='ocrx_word' id='word_1_149' title='bbox 401 1267 532 1317; x_wconf 90' lang='lat' dir='ltr'><em>panis,</em></span> <span class='ocrx_word' id='word_1_150' title='bbox 562 1280 643 1304; x_wconf 93' lang='lat' dir='ltr'><em>non</em></span> <span class='ocrx_word' id='word_1_151' title='bbox 671 1269 799 1305; x_wconf 91' lang='lat' dir='ltr'><em>solum</em></span> <span class='ocrx_word' id='word_1_152' title='bbox 827 1280 936 1315; x_wconf 91' lang='lat' dir='ltr'><em>caro,</em></span> <span class='ocrx_word' id='word_1_153' title='bbox 967 1268 1034 1305; x_wconf 92' lang='lat' dir='ltr'><em>sed</em></span> <span class='ocrx_word' id='word_1_154' title='bbox 1061 1275 1187 1304; x_wconf 91' lang='lat' dir='ltr'><em>totum</em></span> <span class='ocrx_word' id='word_1_155' title='bbox 1219 1279 1361 1317; x_wconf 86' lang='lat' dir='ltr'><em>corpus</em></span> 
     </span>
     <span class='ocr_line' id='line_1_30' title="bbox 299 1320 1362 1368; baseline -0.001 -10"><span class='ocrx_word' id='word_1_156' title='bbox 299 1320 451 1368; x_wconf 89' lang='lat' dir='ltr'><em>Christi,</em></span> <span class='ocrx_word' id='word_1_157' title='bbox 472 1320 568 1362; x_wconf 87' lang='lat' dir='ltr'><em>idest</em></span> <span class='ocrx_word' id='word_1_158' title='bbox 586 1333 674 1358; x_wconf 90' lang='lat' dir='ltr'><em>ossa</em></span> <span class='ocrx_word' id='word_1_159' title='bbox 693 1328 730 1358; x_wconf 88' lang='lat' dir='ltr'><em>et</em></span> <span class='ocrx_word' id='word_1_160' title='bbox 756 1320 865 1358; x_wconf 91' lang='lat' dir='ltr'><em>nervi</em></span> <span class='ocrx_word' id='word_1_161' title='bbox 892 1328 929 1358; x_wconf 94' lang='lat' dir='ltr'><em>et</em></span> <span class='ocrx_word' id='word_1_162' title='bbox 952 1320 1025 1358; x_wconf 88' lang='lat' dir='ltr'><em>alia</em></span> <span class='ocrx_word' id='word_1_163' title='bbox 1044 1320 1282 1358; x_wconf 87' lang='lat' dir='ltr'><em>huiusmodi.</em></span> <span class='ocrx_word' id='word_1_164' title='bbox 1314 1321 1362 1357; x_wconf 91' lang='lat' dir='ltr'><em>Et</em></span> 
     </span>
     <span class='ocr_line' id='line_1_31' title="bbox 293 1373 1362 1423; baseline -0.001 -12"><span class='ocrx_word' id='word_1_165' title='bbox 293 1373 375 1411; x_wconf 76' lang='lat' dir='ltr'><em>hoc</em></span> <span class='ocrx_word' id='word_1_166' title='bbox 402 1380 560 1423; x_wconf 83' lang='lat' dir='ltr'><em>apparet</em></span> <span class='ocrx_word' id='word_1_167' title='bbox 587 1386 634 1411; x_wconf 88' lang='lat' dir='ltr'><em>ex</em></span> <span class='ocrx_word' id='word_1_168' title='bbox 661 1374 786 1411; x_wconf 87' lang='lat' dir='ltr'><em>forma</em></span> <span class='ocrx_word' id='word_1_169' title='bbox 811 1373 928 1411; x_wconf 91' lang='lat' dir='ltr'><em>huius</em></span> <span class='ocrx_word' id='word_1_170' title='bbox 956 1374 1196 1420; x_wconf 83' lang='lat' dir='ltr'><em>sacramenti,</em></span> <span class='ocrx_word' id='word_1_171' title='bbox 1216 1373 1256 1410; x_wconf 91' lang='lat' dir='ltr'><em>in</em></span> <span class='ocrx_word' id='word_1_172' title='bbox 1284 1386 1362 1423; x_wconf 91' lang='lat' dir='ltr'><em>qua</em></span> 
     </span>
     <span class='ocr_line' id='line_1_32' title="bbox 298 1426 1362 1475; baseline -0.001 -11"><span class='ocrx_word' id='word_1_173' title='bbox 298 1437 380 1464; x_wconf 91' lang='lat' dir='ltr'><em>non</em></span> <span class='ocrx_word' id='word_1_174' title='bbox 399 1426 546 1474; x_wconf 91' lang='lat' dir='ltr'><em>dicitur,</em></span> <span class='ocrx_word' id='word_1_175' title='bbox 566 1428 678 1464; x_wconf 92' lang='lat' dir='ltr'><em>Haec</em></span> <span class='ocrx_word' id='word_1_176' title='bbox 696 1433 747 1464; x_wconf 91' lang='lat' dir='ltr'><em>est</em></span> <span class='ocrx_word' id='word_1_177' title='bbox 765 1439 856 1464; x_wconf 92' lang='lat' dir='ltr'><em>caro</em></span> <span class='ocrx_word' id='word_1_178' title='bbox 883 1440 980 1474; x_wconf 89' lang='lat' dir='ltr'><em>mea,</em></span> <span class='ocrx_word' id='word_1_179' title='bbox 1001 1427 1080 1475; x_wconf 88' lang='lat' dir='ltr'><em>sed,</em></span> <span class='ocrx_word' id='word_1_180' title='bbox 1100 1429 1190 1465; x_wconf 90' lang='lat' dir='ltr'><em>Hoc</em></span> <span class='ocrx_word' id='word_1_181' title='bbox 1213 1433 1263 1464; x_wconf 91' lang='lat' dir='ltr'><em>est</em></span> <span class='ocrx_word' id='word_1_182' title='bbox 1282 1439 1362 1465; x_wconf 91' lang='lat' dir='ltr'><em>cor-</em></span> 
     </span>
     <span class='ocr_line' id='line_1_33' title="bbox 293 1480 1361 1531; baseline 0 -14"><span class='ocrx_word' id='word_1_183' title='bbox 293 1491 367 1531; x_wconf 89' lang='lat' dir='ltr'><em>pus</em></span> <span class='ocrx_word' id='word_1_184' title='bbox 385 1492 520 1517; x_wconf 89' lang='lat' dir='ltr'><em>meum.</em></span> <span class='ocrx_word' id='word_1_185' title='bbox 550 1481 599 1517; x_wconf 92' lang='lat' dir='ltr'><em>Et</em></span> <span class='ocrx_word' id='word_1_186' title='bbox 617 1480 717 1527; x_wconf 88' lang='lat' dir='ltr'><em>ideo,</em></span> <span class='ocrx_word' id='word_1_187' title='bbox 737 1492 829 1518; x_wconf 90' lang='lat' dir='ltr'><em>curn</em></span> <span class='ocrx_word' id='word_1_188' title='bbox 848 1480 1041 1517; x_wconf 90' lang='lat' dir='ltr'><em>Dominus</em></span> <span class='ocrx_word' id='word_1_189' title='bbox 1067 1480 1169 1527; x_wconf 88' lang='lat' dir='ltr'><em>dixit,</em></span> <span class='ocrx_word' id='word_1_190' title='bbox 1190 1481 1294 1517; x_wconf 91' lang='lat' dir='ltr'><em>Ioan.</em></span> <span class='ocrx_word' id='word_1_191' title='bbox 1314 1492 1361 1526; x_wconf 82' lang='lat' dir='ltr'><em>vl,</em></span> 
     </span>
    </p>
   </div>
   <div class='ocr_carea' id='block_1_11' title="bbox 303 1528 1361 1583">
    <p class='ocr_par' dir='ltr' id='par_1_13' title="bbox 303 1528 1361 1583">
     <span class='ocr_line' id='line_1_34' title="bbox 303 1528 1361 1583; baseline 0 -13"><span class='ocrx_word' id='word_1_192' title='bbox 303 1533 403 1570; x_wconf 91' lang='lat' dir='ltr'><em>Caro</em></span> <span class='ocrx_word' id='word_1_193' title='bbox 422 1545 507 1570; x_wconf 90' lang='lat' dir='ltr'><em>mea</em></span> <span class='ocrx_word' id='word_1_194' title='bbox 525 1545 612 1571; x_wconf 82' lang='lat' dir='ltr'><em>vere</em></span> <span class='ocrx_word' id='word_1_195' title='bbox 625 1528 685 1570; x_wconf 79' lang='lat' dir='ltr'><em>‘est</em></span> <span class='ocrx_word' id='word_1_196' title='bbox 703 1535 816 1580; x_wconf 84' lang='lat' dir='ltr'><em>cibus,</em></span> <span class='ocrx_word' id='word_1_197' title='bbox 836 1545 925 1570; x_wconf 90' lang='lat' dir='ltr'><em>caro</em></span> <span class='ocrx_word' id='word_1_198' title='bbox 945 1533 1102 1583; x_wconf 92' lang='lat' dir='ltr'><em>ponitur</em></span> <span class='ocrx_word' id='word_1_199' title='bbox 1119 1533 1172 1570; x_wconf 91' lang='lat' dir='ltr'><em>ibi</em></span> <span class='ocrx_word' id='word_1_200' title='bbox 1190 1545 1261 1583; x_wconf 94' lang='lat' dir='ltr'><em>pro</em></span> <span class='ocrx_word' id='word_1_201' title='bbox 1280 1540 1361 1570; x_wconf 94' lang='lat' dir='ltr'><em>toto</em></span> 
     </span>
    </p>
   </div>
   <div class='ocr_carea' id='block_1_12' title="bbox 293 1665 1364 1769">
    <p class='ocr_par' dir='ltr' id='par_1_14' title="bbox 293 1665 1364 1769">
     <span class='ocr_line' id='line_1_35' title="bbox 351 1665 950 1692; baseline 0.002 -2"><span class='ocrx_word' id='word_1_202' title='bbox 351 1674 362 1690; x_wconf 82' lang='grc' dir='ltr'><strong><em>ε</em></strong></span> <span class='ocrx_word' id='word_1_203' title='bbox 391 1666 603 1692; x_wconf 81' lang='lat' dir='ltr'><em>accommodata.</em></span> <span class='ocrx_word' id='word_1_204' title='bbox 620 1679 640 1684; x_wconf 90' lang='lat'><em>-</em></span> <span class='ocrx_word' id='word_1_205' title='bbox 657 1665 829 1691; x_wconf 83' lang='lat' dir='ltr'><em>accommoda</em></span> <span class='ocrx_word' id='word_1_206' title='bbox 847 1665 950 1691; x_wconf 87' lang='lat' dir='ltr'><em>CDIsG.</em></span> 
     </span>
     <span class='ocr_line' id='line_1_36' title="bbox 367 1700 1364 1735; baseline -0.001 -9"><span class='ocrx_word' id='word_1_207' title='bbox 367 1703 378 1735; x_wconf 84' lang='grc'><strong><em>)</em></strong></span> <span class='ocrx_word' id='word_1_208' title='bbox 399 1701 500 1726; x_wconf 81' lang='lat' dir='ltr'><em>Christi</em></span> <span class='ocrx_word' id='word_1_209' title='bbox 522 1704 549 1726; x_wconf 77' lang='lat' dir='ltr'><em>et</em></span> <span class='ocrx_word' id='word_1_210' title='bbox 570 1701 719 1734; x_wconf 80' lang='lat' dir='ltr'><em>sanguinis.</em></span> <span class='ocrx_word' id='word_1_211' title='bbox 741 1715 760 1720; x_wconf 89' lang='lat'><em>-</em></span> <span class='ocrx_word' id='word_1_212' title='bbox 777 1704 805 1726; x_wconf 81' lang='lat' dir='ltr'><em>et</em></span> <span class='ocrx_word' id='word_1_213' title='bbox 826 1701 966 1734; x_wconf 80' lang='lat' dir='ltr'><em>sanguinis</em></span> <span class='ocrx_word' id='word_1_214' title='bbox 992 1700 1092 1725; x_wconf 73' lang='lat' dir='ltr'><em>Guristi</em></span> <span class='ocrx_word' id='word_1_215' title='bbox 1111 1701 1138 1726; x_wconf 87' lang='lat' dir='ltr'><em>P.</em></span> <span class='ocrx_word' id='word_1_216' title='bbox 1159 1701 1197 1726; x_wconf 90' lang='lat' dir='ltr'><em>Cf.</em></span> <span class='ocrx_word' id='word_1_217' title='bbox 1216 1709 1261 1734; x_wconf 91' lang='lat' dir='ltr'><em>qu.</em></span> <span class='ocrx_word' id='word_1_218' title='bbox 1281 1708 1364 1725; x_wconf 71' lang='lat' dir='ltr'><em>Lxxvu</em></span> 
     </span>
     <span class='ocr_line' id='line_1_37' title="bbox 293 1737 648 1769; baseline -0.003 -7"><span class='ocrx_word' id='word_1_219' title='bbox 293 1740 346 1762; x_wconf 67' lang='lat' dir='ltr'><em>‘art</em></span> <span class='ocrx_word' id='word_1_220' title='bbox 364 1743 390 1768; x_wconf 81' lang='grc'><em>4.</em></span> <span class='ocrx_word' id='word_1_221' title='bbox 409 1744 480 1769; x_wconf 86' lang='lat' dir='ltr'><em>corp.</em></span> <span class='ocrx_word' id='word_1_222' title='bbox 499 1742 559 1769; x_wconf 85' lang='lat' dir='ltr'><em>post</em></span> <span class='ocrx_word' id='word_1_223' title='bbox 577 1737 648 1762; x_wconf 87' lang='lat' dir='ltr'><em>med.</em></span> 
     </span>
    </p>
   </div>
   <div class='ocr_carea' id='block_1_13' title="bbox 1380 348 1392 1445">
    <p class='ocr_par' dir='ltr' id='par_1_15' title="bbox 1380 348 1392 1445">
     <span class='ocr_line' id='line_1_38' title="bbox 1380 348 1392 1445; baseline 0 0"><span class='ocrx_word' id='word_1_224' title='bbox 1380 348 1392 1445; x_wconf 95' lang='lat' dir='ltr'><em> </em></span> 
     </span>
    </p>
   </div>
   <div class='ocr_carea' id='block_1_14' title="bbox 1411 314 2478 1580">
    <p class='ocr_par' dir='ltr' id='par_1_16' title="bbox 1411 314 2471 562">
     <span class='ocr_line' id='line_1_39' title="bbox 1411 314 2470 364; baseline 0.01 -13"><span class='ocrx_word' id='word_1_225' title='bbox 1411 327 1585 364; x_wconf 90' lang='lat' dir='ltr'><em>corpore,</em></span> <span class='ocrx_word' id='word_1_226' title='bbox 1612 314 1715 364; x_wconf 90' lang='lat' dir='ltr'><em>quia,</em></span> <span class='ocrx_word' id='word_1_227' title='bbox 1743 317 1958 353; x_wconf 90' lang='lat' dir='ltr'><em>secundum</em></span> <span class='ocrx_word' id='word_1_228' title='bbox 1987 321 2304 359; x_wconf 87' lang='lat' dir='ltr'><em>consuetudinem</em></span> <span class='ocrx_word' id='word_1_229' title='bbox 2333 324 2470 361; x_wconf 85' lang='lat' dir='ltr'><em>huma-</em></span> 
     </span>
     <span class='ocr_line' id='line_1_40' title="bbox 1411 367 2469 416; baseline 0.011 -13"><span class='ocrx_word' id='word_1_230' title='bbox 1411 379 1514 413; x_wconf 88' lang='lat' dir='ltr'><em>nam,</em></span> <span class='ocrx_word' id='word_1_231' title='bbox 1534 367 1687 404; x_wconf 87' lang='lat' dir='ltr'><em>videtur</em></span> <span class='ocrx_word' id='word_1_232' title='bbox 1705 379 1787 404; x_wconf 88' lang='lat' dir='ltr'><em>esse</em></span> <span class='ocrx_word' id='word_1_233' title='bbox 1806 369 1926 416; x_wconf 88' lang='lat' dir='ltr'><em>magis</em></span> <span class='ocrx_word' id='word_1_234' title='bbox 1945 371 2231 410; x_wconf 88' lang='lat' dir='ltr'><em>manducationi</em></span> <span class='ocrx_word' id='word_1_235' title='bbox 2250 387 2469 414; x_wconf 89' lang='lat' dir='ltr'><em>accommo-</em></span> 
     </span>
     <span class='ocr_line' id='line_1_41' title="bbox 1412 419 2470 469; baseline 0.01 -13"><span class='ocrx_word' id='word_1_236' title='bbox 1412 421 1499 457; x_wconf 89' lang='lat' dir='ltr'><em>data</em></span> <span class='ocrx_word' id='word_1_237' title='bbox 1513 425 1542 456; x_wconf 69' lang='grc' dir='ltr'><em>Ε;</em></span> <span class='ocrx_word' id='word_1_238' title='bbox 1563 427 1678 469; x_wconf 89' lang='lat' dir='ltr'><em>prout</em></span> <span class='ocrx_word' id='word_1_239' title='bbox 1697 419 1834 456; x_wconf 90' lang='lat' dir='ltr'><em>scilicet</em></span> <span class='ocrx_word' id='word_1_240' title='bbox 1854 421 2032 458; x_wconf 86' lang='lat' dir='ltr'><em>homines</em></span> <span class='ocrx_word' id='word_1_241' title='bbox 2051 424 2228 462; x_wconf 90' lang='lat' dir='ltr'><em>carnibus</em></span> <span class='ocrx_word' id='word_1_242' title='bbox 2247 427 2470 467; x_wconf 89' lang='lat' dir='ltr'><em>animalium</em></span> 
     </span>
     <span class='ocr_line' id='line_1_42' title="bbox 1412 473 2471 520; baseline 0.01 -12"><span class='ocrx_word' id='word_1_243' title='bbox 1412 480 1621 509; x_wconf 89' lang='lat' dir='ltr'><em>vescuntur</em></span> <span class='ocrx_word' id='word_1_244' title='bbox 1639 473 1909 520; x_wconf 87' lang='lat' dir='ltr'><em>communiter,</em></span> <span class='ocrx_word' id='word_1_245' title='bbox 1930 485 2010 510; x_wconf 93' lang='lat' dir='ltr'><em>non</em></span> <span class='ocrx_word' id='word_1_246' title='bbox 2038 475 2188 513; x_wconf 91' lang='lat' dir='ltr'><em>ossibus</em></span> <span class='ocrx_word' id='word_1_247' title='bbox 2207 480 2268 515; x_wconf 89' lang='lat' dir='ltr'><em>vel</em></span> <span class='ocrx_word' id='word_1_248' title='bbox 2295 480 2375 517; x_wconf 90' lang='lat' dir='ltr'><em>aliis</em></span> <span class='ocrx_word' id='word_1_249' title='bbox 2402 483 2471 518; x_wconf 91' lang='lat' dir='ltr'><em>hu-</em></span> 
     </span>
     <span class='ocr_line' id='line_1_43' title="bbox 1413 524 1593 562; baseline -0.006 0"><span class='ocrx_word' id='word_1_250' title='bbox 1413 524 1593 562; x_wconf 90' lang='lat' dir='ltr'><em>iusmodi.</em></span> 
     </span>
    </p>

    <p class='ocr_par' dir='ltr' id='par_1_17' title="bbox 1412 579 2478 1580">
     <span class='ocr_line' id='line_1_44' title="bbox 1465 579 2470 632; baseline 0.008 -18"><span class='ocrx_word' id='word_1_251' title='bbox 1465 579 1523 614; x_wconf 85' lang='lat' dir='ltr'><em>An</em></span> <span class='ocrx_word' id='word_1_252' title='bbox 1541 589 1701 615; x_wconf 66' lang='lat' dir='ltr'><em>‘ri-:mmm</em></span> <span class='ocrx_word' id='word_1_253' title='bbox 1724 589 1906 615; x_wconf 77' lang='lat' dir='ltr'>DlCENDUM</span> <span class='ocrx_word' id='word_1_254' title='bbox 1933 579 2050 627; x_wconf 90' lang='lat' dir='ltr'><em>quod,</em></span> <span class='ocrx_word' id='word_1_255' title='bbox 2072 579 2167 617; x_wconf 89' lang='lat' dir='ltr'><em>sicut</em></span> <span class='ocrx_word' id='word_1_256' title='bbox 2195 581 2340 620; x_wconf 86' lang='lat' dir='ltr'><em>dictum</em></span> <span class='ocrx_word' id='word_1_257' title='bbox 2369 594 2422 622; x_wconf 93' lang='lat' dir='ltr'><em>est</em></span> <span class='ocrx_word' id='word_1_258' title='bbox 2440 586 2470 632; x_wconf 83' lang='lat'><em>*,</em></span> 
     </span>
     <span class='ocr_line' id='line_1_45' title="bbox 1412 629 2473 681; baseline 0.008 -15"><span class='ocrx_word' id='word_1_259' title='bbox 1412 630 1508 667; x_wconf 89' lang='lat' dir='ltr'><em>facta</em></span> <span class='ocrx_word' id='word_1_260' title='bbox 1527 629 1780 667; x_wconf 87' lang='lat' dir='ltr'><em>conversione</em></span> <span class='ocrx_word' id='word_1_261' title='bbox 1799 630 1909 679; x_wconf 89' lang='lat' dir='ltr'><em>panis</em></span> <span class='ocrx_word' id='word_1_262' title='bbox 1928 630 1967 667; x_wconf 93' lang='lat' dir='ltr'><em>in</em></span> <span class='ocrx_word' id='word_1_263' title='bbox 1995 643 2136 681; x_wconf 89' lang='lat' dir='ltr'><em>corpus</em></span> <span class='ocrx_word' id='word_1_264' title='bbox 2157 633 2294 671; x_wconf 90' lang='lat' dir='ltr'><em>Christi</em></span> <span class='ocrx_word' id='word_1_265' title='bbox 2313 639 2375 673; x_wconf 94' lang='lat' dir='ltr'><em>vel</em></span> <span class='ocrx_word' id='word_1_266' title='bbox 2393 639 2473 675; x_wconf 91' lang='lat' dir='ltr'><em>vini</em></span> 
     </span>
     <span class='ocr_line' id='line_1_46' title="bbox 1412 683 2473 734; baseline 0.008 -15"><span class='ocrx_word' id='word_1_267' title='bbox 1412 683 1453 720; x_wconf 91' lang='lat' dir='ltr'><em>in</em></span> <span class='ocrx_word' id='word_1_268' title='bbox 1473 683 1711 731; x_wconf 87' lang='lat' dir='ltr'><em>sanguinem,</em></span> <span class='ocrx_word' id='word_1_269' title='bbox 1732 683 1941 720; x_wconf 90' lang='lat' dir='ltr'><em>accidentia</em></span> <span class='ocrx_word' id='word_1_270' title='bbox 1960 683 2158 734; x_wconf 89' lang='lat' dir='ltr'><em>utriusque</em></span> <span class='ocrx_word' id='word_1_271' title='bbox 2178 698 2386 726; x_wconf 88' lang='lat' dir='ltr'><em>remanent.</em></span> <span class='ocrx_word' id='word_1_272' title='bbox 2416 691 2473 728; x_wconf 88' lang='lat' dir='ltr'><em>Ex</em></span> 
     </span>
     <span class='ocr_line' id='line_1_47' title="bbox 1414 735 2473 786; baseline 0.008 -14"><span class='ocrx_word' id='word_1_273' title='bbox 1414 748 1494 785; x_wconf 91' lang='lat' dir='ltr'><em>quo</em></span> <span class='ocrx_word' id='word_1_274' title='bbox 1522 743 1624 785; x_wconf 90' lang='lat' dir='ltr'><em>patet</em></span> <span class='ocrx_word' id='word_1_275' title='bbox 1649 736 1756 784; x_wconf 91' lang='lat' dir='ltr'><em>quod</em></span> <span class='ocrx_word' id='word_1_276' title='bbox 1784 735 2044 773; x_wconf 90' lang='lat' dir='ltr'><em>dimensiones</em></span> <span class='ocrx_word' id='word_1_277' title='bbox 2062 737 2172 786; x_wconf 93' lang='lat' dir='ltr'><em>panis</em></span> <span class='ocrx_word' id='word_1_278' title='bbox 2199 741 2260 776; x_wconf 91' lang='lat' dir='ltr'><em>vel</em></span> <span class='ocrx_word' id='word_1_279' title='bbox 2287 741 2366 778; x_wconf 92' lang='lat' dir='ltr'><em>vini</em></span> <span class='ocrx_word' id='word_1_280' title='bbox 2393 755 2473 780; x_wconf 95' lang='lat' dir='ltr'><em>non</em></span> 
     </span>
     <span class='ocr_line' id='line_1_48' title="bbox 1414 788 2473 842; baseline 0.007 -16"><span class='ocrx_word' id='word_1_281' title='bbox 1414 796 1691 826; x_wconf 87' lang='lat' dir='ltr'><em>convertuntur</em></span> <span class='ocrx_word' id='word_1_282' title='bbox 1709 788 1748 825; x_wconf 90' lang='lat' dir='ltr'><em>in</em></span> <span class='ocrx_word' id='word_1_283' title='bbox 1768 788 2026 826; x_wconf 91' lang='lat' dir='ltr'><em>dimensiones</em></span> <span class='ocrx_word' id='word_1_284' title='bbox 2046 791 2216 839; x_wconf 90' lang='lat' dir='ltr'><em>corporis</em></span> <span class='ocrx_word' id='word_1_285' title='bbox 2237 793 2386 842; x_wconf 90' lang='lat' dir='ltr'><em>Christi,</em></span> <span class='ocrx_word' id='word_1_286' title='bbox 2407 797 2473 833; x_wconf 90' lang='lat' dir='ltr'><em>sed</em></span> 
     </span>
     <span class='ocr_line' id='line_1_49' title="bbox 1414 841 2474 885; baseline 0.007 -6"><span class='ocrx_word' id='word_1_287' title='bbox 1414 841 1622 879; x_wconf 91' lang='lat' dir='ltr'><em>substantia</em></span> <span class='ocrx_word' id='word_1_288' title='bbox 1650 841 1690 878; x_wconf 92' lang='lat' dir='ltr'><em>in</em></span> <span class='ocrx_word' id='word_1_289' title='bbox 1718 841 1980 878; x_wconf 90' lang='lat' dir='ltr'><em>substantiam.</em></span> <span class='ocrx_word' id='word_1_290' title='bbox 2010 843 2059 879; x_wconf 91' lang='lat' dir='ltr'><em>Et</em></span> <span class='ocrx_word' id='word_1_291' title='bbox 2086 842 2139 880; x_wconf 88' lang='lat' dir='ltr'><em>sic</em></span> <span class='ocrx_word' id='word_1_292' title='bbox 2158 845 2366 884; x_wconf 88' lang='lat' dir='ltr'><em>substantia</em></span> <span class='ocrx_word' id='word_1_293' title='bbox 2393 861 2474 885; x_wconf 94' lang='lat' dir='ltr'><em>cor-</em></span> 
     </span>
     <span class='ocr_line' id='line_1_50' title="bbox 1413 893 2474 945; baseline 0.007 -13"><span class='ocrx_word' id='word_1_294' title='bbox 1413 895 1518 945; x_wconf 90' lang='lat' dir='ltr'><em>poris</em></span> <span class='ocrx_word' id='word_1_295' title='bbox 1538 893 1677 932; x_wconf 90' lang='lat' dir='ltr'><em>Christi</em></span> <span class='ocrx_word' id='word_1_296' title='bbox 1696 895 1758 931; x_wconf 84' lang='lat' dir='ltr'><em>vel</em></span> <span class='ocrx_word' id='word_1_297' title='bbox 1777 894 1971 942; x_wconf 87' lang='lat' dir='ltr'><em>sanguinis</em></span> <span class='ocrx_word' id='word_1_298' title='bbox 1995 903 2050 931; x_wconf 88' lang='lat' dir='ltr'><em>est</em></span> <span class='ocrx_word' id='word_1_299' title='bbox 2077 895 2116 932; x_wconf 93' lang='lat' dir='ltr'><em>in</em></span> <span class='ocrx_word' id='word_1_300' title='bbox 2144 897 2219 933; x_wconf 91' lang='lat' dir='ltr'><em>hoc</em></span> <span class='ocrx_word' id='word_1_301' title='bbox 2238 909 2474 939; x_wconf 89' lang='lat' dir='ltr'><em>sacramento</em></span> 
     </span>
     <span class='ocr_line' id='line_1_51' title="bbox 1414 947 2476 1002; baseline 0.006 -17"><span class='ocrx_word' id='word_1_302' title='bbox 1414 961 1461 985; x_wconf 87' lang='lat' dir='ltr'><em>ex</em></span> <span class='ocrx_word' id='word_1_303' title='bbox 1488 947 1527 985; x_wconf 91' lang='lat' dir='ltr'><em>vi</em></span> <span class='ocrx_word' id='word_1_304' title='bbox 1546 947 1784 993; x_wconf 88' lang='lat' dir='ltr'><em>sacramenti,</em></span> <span class='ocrx_word' id='word_1_305' title='bbox 1805 959 1885 984; x_wconf 93' lang='lat' dir='ltr'><em>non</em></span> <span class='ocrx_word' id='word_1_306' title='bbox 1914 955 2044 984; x_wconf 89' lang='lat' dir='ltr'><em>autem</em></span> <span class='ocrx_word' id='word_1_307' title='bbox 2064 948 2324 988; x_wconf 90' lang='lat' dir='ltr'><em>dimensiones</em></span> <span class='ocrx_word' id='word_1_308' title='bbox 2342 965 2476 1002; x_wconf 92' lang='lat' dir='ltr'><em>corpo-</em></span> 
     </span>
     <span class='ocr_line' id='line_1_52' title="bbox 1414 1000 2476 1053; baseline 0.006 -15"><span class='ocrx_word' id='word_1_309' title='bbox 1414 1001 1464 1038; x_wconf 93' lang='lat' dir='ltr'><em>ris</em></span> <span class='ocrx_word' id='word_1_310' title='bbox 1491 1002 1554 1038; x_wconf 89' lang='lat' dir='ltr'><em>vel</em></span> <span class='ocrx_word' id='word_1_311' title='bbox 1582 1000 1776 1049; x_wconf 89' lang='lat' dir='ltr'><em>sanguinis</em></span> <span class='ocrx_word' id='word_1_312' title='bbox 1806 1000 1955 1037; x_wconf 87' lang='lat' dir='ltr'><em>Christi.</em></span> <span class='ocrx_word' id='word_1_313' title='bbox 1985 1001 2098 1038; x_wconf 93' lang='lat' dir='ltr'><em>Unde</em></span> <span class='ocrx_word' id='word_1_314' title='bbox 2129 1010 2232 1051; x_wconf 89' lang='lat' dir='ltr'><em>patet</em></span> <span class='ocrx_word' id='word_1_315' title='bbox 2260 1006 2367 1053; x_wconf 92' lang='lat' dir='ltr'><em>quod</em></span> <span class='ocrx_word' id='word_1_316' title='bbox 2394 1018 2476 1043; x_wconf 90' lang='lat' dir='ltr'><em>eor-</em></span> 
     </span>
     <span class='ocr_line' id='line_1_53' title="bbox 1413 1052 2476 1105; baseline 0.007 -15"><span class='ocrx_word' id='word_1_317' title='bbox 1413 1067 1487 1104; x_wconf 87' lang='lat' dir='ltr'><em>pus</em></span> <span class='ocrx_word' id='word_1_318' title='bbox 1517 1053 1657 1091; x_wconf 88' lang='lat' dir='ltr'><em>Christi</em></span> <span class='ocrx_word' id='word_1_319' title='bbox 1685 1061 1739 1090; x_wconf 93' lang='lat' dir='ltr'><em>est</em></span> <span class='ocrx_word' id='word_1_320' title='bbox 1767 1052 1806 1090; x_wconf 93' lang='lat' dir='ltr'><em>in</em></span> <span class='ocrx_word' id='word_1_321' title='bbox 1834 1054 1911 1091; x_wconf 91' lang='lat' dir='ltr'><em>hoc</em></span> <span class='ocrx_word' id='word_1_322' title='bbox 1945 1062 2184 1092; x_wconf 91' lang='lat' dir='ltr'><em>sacramento</em></span> <span class='ocrx_word' id='word_1_323' title='bbox 2211 1068 2281 1105; x_wconf 92' lang='lat' dir='ltr'><em>per</em></span> <span class='ocrx_word' id='word_1_324' title='bbox 2311 1059 2476 1096; x_wconf 91' lang='lat' dir='ltr'><em>modum</em></span> 
     </span>
     <span class='ocr_line' id='line_1_54' title="bbox 1415 1106 2476 1157; baseline 0.006 -13"><span class='ocrx_word' id='word_1_325' title='bbox 1415 1106 1658 1153; x_wconf 89' lang='lat' dir='ltr'><em>substantiae,</em></span> <span class='ocrx_word' id='word_1_326' title='bbox 1680 1114 1716 1143; x_wconf 94' lang='lat' dir='ltr'><em>et</em></span> <span class='ocrx_word' id='word_1_327' title='bbox 1743 1118 1824 1143; x_wconf 91' lang='lat' dir='ltr'><em>non</em></span> <span class='ocrx_word' id='word_1_328' title='bbox 1842 1118 1912 1156; x_wconf 91' lang='lat' dir='ltr'><em>per</em></span> <span class='ocrx_word' id='word_1_329' title='bbox 1939 1107 2104 1144; x_wconf 92' lang='lat' dir='ltr'><em>modum</em></span> <span class='ocrx_word' id='word_1_330' title='bbox 2127 1109 2355 1157; x_wconf 87' lang='lat' dir='ltr'><em>quantitatis.</em></span> <span class='ocrx_word' id='word_1_331' title='bbox 2384 1113 2476 1150; x_wconf 90' lang='lat' dir='ltr'><em>Pro-</em></span> 
     </span>
     <span class='ocr_line' id='line_1_55' title="bbox 1414 1159 2476 1211; baseline 0.006 -15"><span class='ocrx_word' id='word_1_332' title='bbox 1414 1160 1496 1211; x_wconf 90' lang='lat' dir='ltr'><em>pria</em></span> <span class='ocrx_word' id='word_1_333' title='bbox 1520 1167 1651 1197; x_wconf 90' lang='lat' dir='ltr'><em>autem</em></span> <span class='ocrx_word' id='word_1_334' title='bbox 1674 1159 1835 1197; x_wconf 89' lang='lat' dir='ltr'><em>totalitas</em></span> <span class='ocrx_word' id='word_1_335' title='bbox 1864 1159 2096 1197; x_wconf 91' lang='lat' dir='ltr'><em>substantiae</em></span> <span class='ocrx_word' id='word_1_336' title='bbox 2126 1162 2341 1200; x_wconf 91' lang='lat' dir='ltr'><em>continetur</em></span> <span class='ocrx_word' id='word_1_337' title='bbox 2367 1164 2476 1206; x_wconf 90' lang='lat' dir='ltr'><em>indif-</em></span> 
     </span>
     <span class='ocr_line' id='line_1_56' title="bbox 1413 1213 2477 1262; baseline 0.005 -11"><span class='ocrx_word' id='word_1_338' title='bbox 1413 1214 1576 1251; x_wconf 88' lang='lat' dir='ltr'><em>ferenter</em></span> <span class='ocrx_word' id='word_1_339' title='bbox 1595 1213 1634 1250; x_wconf 92' lang='lat' dir='ltr'><em>in</em></span> <span class='ocrx_word' id='word_1_340' title='bbox 1652 1225 1772 1262; x_wconf 90' lang='lat' dir='ltr'><em>parva</em></span> <span class='ocrx_word' id='word_1_341' title='bbox 1793 1214 1855 1249; x_wconf 92' lang='lat' dir='ltr'><em>vel</em></span> <span class='ocrx_word' id='word_1_342' title='bbox 1874 1225 2013 1262; x_wconf 86' lang='lat' dir='ltr'><em>magna</em></span> <span class='ocrx_word' id='word_1_343' title='bbox 2033 1214 2260 1262; x_wconf 89' lang='lat' dir='ltr'><em>quantitate:</em></span> <span class='ocrx_word' id='word_1_344' title='bbox 2291 1216 2386 1254; x_wconf 91' lang='lat' dir='ltr'><em>sicut</em></span> <span class='ocrx_word' id='word_1_345' title='bbox 2399 1226 2477 1256; x_wconf 89' lang='lat' dir='ltr'><em>tota</em></span> 
     </span>
     <span class='ocr_line' id='line_1_57' title="bbox 1415 1265 2476 1315; baseline 0.004 -11"><span class='ocrx_word' id='word_1_346' title='bbox 1415 1274 1551 1304; x_wconf 90' lang='lat' dir='ltr'><em>natura</em></span> <span class='ocrx_word' id='word_1_347' title='bbox 1570 1266 1666 1303; x_wconf 91' lang='lat' dir='ltr'><em>aeris</em></span> <span class='ocrx_word' id='word_1_348' title='bbox 1694 1265 1733 1302; x_wconf 91' lang='lat' dir='ltr'><em>in</em></span> <span class='ocrx_word' id='word_1_349' title='bbox 1753 1277 1894 1314; x_wconf 89' lang='lat' dir='ltr'><em>magno</em></span> <span class='ocrx_word' id='word_1_350' title='bbox 1914 1267 1976 1303; x_wconf 93' lang='lat' dir='ltr'><em>vel</em></span> <span class='ocrx_word' id='word_1_351' title='bbox 1994 1278 2116 1315; x_wconf 89' lang='lat' dir='ltr'><em>parvo</em></span> <span class='ocrx_word' id='word_1_352' title='bbox 2137 1279 2235 1315; x_wconf 92' lang='lat' dir='ltr'><em>aere,</em></span> <span class='ocrx_word' id='word_1_353' title='bbox 2256 1277 2292 1305; x_wconf 92' lang='lat' dir='ltr'><em>et</em></span> <span class='ocrx_word' id='word_1_354' title='bbox 2314 1277 2392 1307; x_wconf 89' lang='lat' dir='ltr'><em>tota</em></span> <span class='ocrx_word' id='word_1_355' title='bbox 2411 1283 2476 1308; x_wconf 89' lang='lat' dir='ltr'><em>na-</em></span> 
     </span>
     <span class='ocr_line' id='line_1_58' title="bbox 1414 1318 2477 1368; baseline 0.004 -11"><span class='ocrx_word' id='word_1_356' title='bbox 1414 1329 1500 1357; x_wconf 90' lang='lat' dir='ltr'><em>tura</em></span> <span class='ocrx_word' id='word_1_357' title='bbox 1518 1319 1688 1356; x_wconf 90' lang='lat' dir='ltr'><em>hominis</em></span> <span class='ocrx_word' id='word_1_358' title='bbox 1708 1318 1746 1355; x_wconf 94' lang='lat' dir='ltr'><em>in</em></span> <span class='ocrx_word' id='word_1_359' title='bbox 1768 1330 1910 1367; x_wconf 86' lang='lat' dir='ltr'><em>magno</em></span> <span class='ocrx_word' id='word_1_360' title='bbox 1929 1320 1992 1356; x_wconf 85' lang='lat' dir='ltr'><em>vel</em></span> <span class='ocrx_word' id='word_1_361' title='bbox 2018 1331 2140 1368; x_wconf 89' lang='lat' dir='ltr'><em>parvo</em></span> <span class='ocrx_word' id='word_1_362' title='bbox 2165 1321 2335 1359; x_wconf 90' lang='lat' dir='ltr'><em>homine.</em></span> <span class='ocrx_word' id='word_1_363' title='bbox 2365 1324 2477 1361; x_wconf 91' lang='lat' dir='ltr'><em>Unde</em></span> 
     </span>
     <span class='ocr_line' id='line_1_59' title="bbox 1415 1371 2477 1424; baseline 0.003 -14"><span class='ocrx_word' id='word_1_364' title='bbox 1415 1381 1451 1410; x_wconf 90' lang='lat' dir='ltr'><em>et</em></span> <span class='ocrx_word' id='word_1_365' title='bbox 1477 1380 1557 1410; x_wconf 91' lang='lat' dir='ltr'><em>tota</em></span> <span class='ocrx_word' id='word_1_366' title='bbox 1585 1371 1795 1409; x_wconf 91' lang='lat' dir='ltr'><em>substantia</em></span> <span class='ocrx_word' id='word_1_367' title='bbox 1823 1372 1995 1421; x_wconf 89' lang='lat' dir='ltr'><em>corporis</em></span> <span class='ocrx_word' id='word_1_368' title='bbox 2020 1372 2160 1410; x_wconf 87' lang='lat' dir='ltr'><em>Christi</em></span> <span class='ocrx_word' id='word_1_369' title='bbox 2188 1382 2224 1411; x_wconf 91' lang='lat' dir='ltr'><em>et</em></span> <span class='ocrx_word' id='word_1_370' title='bbox 2252 1376 2477 1424; x_wconf 71' lang='lat' dir='ltr'><em>sanguinis&lt;</em></span> 
     </span>
     <span class='ocr_line' id='line_1_60' title="bbox 1415 1425 2478 1476; baseline 0.003 -12"><span class='ocrx_word' id='word_1_371' title='bbox 1415 1426 1632 1464; x_wconf 83' lang='lat' dir='ltr'><em>continetur</em></span> <span class='ocrx_word' id='word_1_372' title='bbox 1659 1425 1698 1462; x_wconf 93' lang='lat' dir='ltr'><em>in</em></span> <span class='ocrx_word' id='word_1_373' title='bbox 1727 1426 1803 1462; x_wconf 91' lang='lat' dir='ltr'><em>hoc</em></span> <span class='ocrx_word' id='word_1_374' title='bbox 1840 1434 2080 1463; x_wconf 89' lang='lat' dir='ltr'><em>sacramento</em></span> <span class='ocrx_word' id='word_1_375' title='bbox 2115 1434 2202 1476; x_wconf 93' lang='lat' dir='ltr'><em>post</em></span> <span class='ocrx_word' id='word_1_376' title='bbox 2229 1430 2478 1467; x_wconf 88' lang='lat' dir='ltr'><em>consecratio-</em></span> 
     </span>
     <span class='ocr_line' id='line_1_61' title="bbox 1414 1478 2478 1526; baseline 0.004 -10"><span class='ocrx_word' id='word_1_377' title='bbox 1414 1492 1518 1526; x_wconf 90' lang='lat' dir='ltr'><em>nem,</em></span> <span class='ocrx_word' id='word_1_378' title='bbox 1539 1479 1636 1516; x_wconf 86' lang='lat' dir='ltr'><em>sicut</em></span> <span class='ocrx_word' id='word_1_379' title='bbox 1668 1486 1755 1515; x_wconf 90' lang='lat' dir='ltr'><em>ante</em></span> <span class='ocrx_word' id='word_1_380' title='bbox 1790 1478 2119 1517; x_wconf 88' lang='lat' dir='ltr'><em>consecrationem</em></span> <span class='ocrx_word' id='word_1_381' title='bbox 2143 1480 2409 1519; x_wconf 89' lang='lat' dir='ltr'><em>continebatur</em></span> <span class='ocrx_word' id='word_1_382' title='bbox 2427 1482 2478 1520; x_wconf 91' lang='lat' dir='ltr'><em>ibi</em></span> 
     </span>
     <span class='ocr_line' id='line_1_62' title="bbox 1415 1531 1984 1580; baseline -0.004 -10"><span class='ocrx_word' id='word_1_383' title='bbox 1415 1532 1626 1570; x_wconf 91' lang='lat' dir='ltr'><em>substantia</em></span> <span class='ocrx_word' id='word_1_384' title='bbox 1645 1537 1663 1559; x_wconf 70' lang='grc' dir='ltr'><strong>η</strong></span> <span class='ocrx_word' id='word_1_385' title='bbox 1691 1531 1801 1580; x_wconf 92' lang='lat' dir='ltr'><em>panis</em></span> <span class='ocrx_word' id='word_1_386' title='bbox 1829 1539 1866 1568; x_wconf 92' lang='lat' dir='ltr'><em>et</em></span> <span class='ocrx_word' id='word_1_387' title='bbox 1893 1531 1984 1569; x_wconf 89' lang='lat' dir='ltr'><em>vini.</em></span> 
     </span>
    </p>
   </div>
   <div class='ocr_carea' id='block_1_15' title="bbox 1471 1663 2057 1699">
    <p class='ocr_par' dir='ltr' id='par_1_18' title="bbox 1471 1663 2057 1699">
     <span class='ocr_line' id='line_1_63' title="bbox 1471 1663 2057 1699; baseline 0.003 -10"><span class='ocrx_word' id='word_1_388' title='bbox 1471 1663 1499 1699; x_wconf 86' lang='grc' dir='ltr'><em>η)</em></span> <span class='ocrx_word' id='word_1_389' title='bbox 1518 1665 1676 1690; x_wconf 84' lang='lat' dir='ltr'><em>substantia.</em></span> <span class='ocrx_word' id='word_1_390' title='bbox 1693 1678 1713 1683; x_wconf 81' lang='lat'><em>-</em></span> <span class='ocrx_word' id='word_1_391' title='bbox 1730 1667 1788 1690; x_wconf 85' lang='lat' dir='ltr'><em>tota</em></span> <span class='ocrx_word' id='word_1_392' title='bbox 1806 1665 1956 1690; x_wconf 83' lang='lat' dir='ltr'><em>substantia</em></span> <span class='ocrx_word' id='word_1_393' title='bbox 1975 1665 2057 1692; x_wconf 84' lang='lat' dir='ltr'><em>tertia.</em></span> 
     </span>
    </p>
   </div>
   <div class='ocr_carea' id='block_1_16' title="bbox 974 1823 1809 1858">
    <p class='ocr_par' dir='ltr' id='par_1_19' title="bbox 974 1823 1809 1858">
     <span class='ocr_line' id='line_1_64' title="bbox 974 1823 1809 1858; baseline -0.001 0"><span class='ocrx_word' id='word_1_394' title='bbox 974 1825 1310 1858; x_wconf 76' lang='lat' dir='ltr'><em>Commentaria</em></span> <span class='ocrx_word' id='word_1_395' title='bbox 1333 1823 1585 1858; x_wconf 79' lang='lat' dir='ltr'><em>Cardinalis</em></span> <span class='ocrx_word' id='word_1_396' title='bbox 1606 1824 1809 1858; x_wconf 77' lang='lat' dir='ltr'><em>Caietani</em></span> 
     </span>
    </p>
   </div>
   <div class='ocr_carea' id='block_1_17' title="bbox 299 1912 1374 3589">
    <p class='ocr_par' dir='ltr' id='par_1_20' title="bbox 301 1912 1363 2045">
     <span class='ocr_line' id='line_1_65' title="bbox 330 1912 1362 1955; baseline -0.006 -8"><span class='ocrx_word' id='word_1_397' title='bbox 330 1925 351 1946; x_wconf 70' lang='lat' dir='ltr'><em>n</em></span> <span class='ocrx_word' id='word_1_398' title='bbox 373 1915 467 1946; x_wconf 84' lang='lat' dir='ltr'><em>titulo</em></span> <span class='ocrx_word' id='word_1_399' title='bbox 491 1915 586 1955; x_wconf 86' lang='lat' dir='ltr'><em>primi</em></span> <span class='ocrx_word' id='word_1_400' title='bbox 609 1914 732 1944; x_wconf 88' lang='lat' dir='ltr'><em>articuli</em></span> <span class='ocrx_word' id='word_1_401' title='bbox 762 1913 794 1954; x_wconf 90' lang='lat' dir='ltr'><em>ly</em></span> <span class='ocrx_word' id='word_1_402' title='bbox 824 1917 909 1943; x_wconf 84' lang='lat' dir='ltr'><em>totus</em></span> <span class='ocrx_word' id='word_1_403' title='bbox 938 1912 1085 1943; x_wconf 85' lang='lat' dir='ltr'><em>Christus</em></span> <span class='ocrx_word' id='word_1_404' title='bbox 1114 1912 1267 1952; x_wconf 89' lang='lat' dir='ltr'><em>importat</em></span> <span class='ocrx_word' id='word_1_405' title='bbox 1295 1912 1362 1942; x_wconf 89' lang='lat' dir='ltr'><em>eius</em></span> 
     </span>
     <span class='ocr_line' id='line_1_66' title="bbox 303 1926 1363 1997; baseline -0.002 -9"><span class='ocrx_word' id='word_1_406' title='bbox 303 1926 528 1990; x_wconf 81' lang='lat' dir='ltr'><em>Idivinitatem</em></span> <span class='ocrx_word' id='word_1_407' title='bbox 543 1964 574 1989; x_wconf 91' lang='lat' dir='ltr'><em>et</em></span> <span class='ocrx_word' id='word_1_408' title='bbox 589 1958 831 1994; x_wconf 88' lang='lat' dir='ltr'><em>humanitatem,</em></span> <span class='ocrx_word' id='word_1_409' title='bbox 845 1958 985 1987; x_wconf 85' lang='lat' dir='ltr'><em>animam</em></span> <span class='ocrx_word' id='word_1_410' title='bbox 1002 1962 1033 1987; x_wconf 92' lang='lat' dir='ltr'><em>et</em></span> <span class='ocrx_word' id='word_1_411' title='bbox 1049 1966 1176 1997; x_wconf 89' lang='lat' dir='ltr'><em>corpus,</em></span> <span class='ocrx_word' id='word_1_412' title='bbox 1193 1961 1363 1996; x_wconf 90' lang='lat' dir='ltr'><em>partesque</em></span> 
     </span>
     <span class='ocr_line' id='line_1_67' title="bbox 301 2004 811 2045; baseline -0.008 -10"><span class='ocrx_word' id='word_1_413' title='bbox 301 2004 446 2045; x_wconf 89' lang='lat' dir='ltr'><em>corporis</em></span> <span class='ocrx_word' id='word_1_414' title='bbox 469 2012 592 2033; x_wconf 88' lang='lat' dir='ltr'><em>omnes.</em></span> <span class='ocrx_word' id='word_1_415' title='bbox 808 2007 811 2009; x_wconf 86' lang='grc'><strong>’</strong></span> 
     </span>
    </p>

    <p class='ocr_par' dir='ltr' id='par_1_21' title="bbox 300 2044 1367 2485">
     <span class='ocr_line' id='line_1_68' title="bbox 356 2044 1363 2088; baseline -0.005 -10"><span class='ocrx_word' id='word_1_416' title='bbox 356 2048 392 2078; x_wconf 89' lang='lat' dir='ltr'><em>ln</em></span> <span class='ocrx_word' id='word_1_417' title='bbox 416 2057 552 2088; x_wconf 89' lang='lat' dir='ltr'><em>corpore</em></span> <span class='ocrx_word' id='word_1_418' title='bbox 580 2046 724 2077; x_wconf 88' lang='lat' dir='ltr'><em>eiusdem</em></span> <span class='ocrx_word' id='word_1_419' title='bbox 755 2046 878 2076; x_wconf 86' lang='lat' dir='ltr'><em>articuli</em></span> <span class='ocrx_word' id='word_1_420' title='bbox 909 2045 1043 2076; x_wconf 89' lang='lat' dir='ltr'><em>dubium</em></span> <span class='ocrx_word' id='word_1_421' title='bbox 1066 2045 1204 2075; x_wconf 92' lang='lat' dir='ltr'><em>occurrit</em></span> <span class='ocrx_word' id='word_1_422' title='bbox 1234 2054 1272 2074; x_wconf 87' lang='lat' dir='ltr'><em>ex</em></span> <span class='ocrx_word' id='word_1_423' title='bbox 1295 2044 1363 2074; x_wconf 90' lang='lat' dir='ltr'><em>Du-</em></span> 
     </span>
     <span class='ocr_line' id='line_1_69' title="bbox 300 2088 1364 2130; baseline -0.006 -7"><span class='ocrx_word' id='word_1_424' title='bbox 300 2092 419 2128; x_wconf 87' lang='lat' dir='ltr'><em>rando,</em></span> <span class='ocrx_word' id='word_1_425' title='bbox 440 2092 473 2122; x_wconf 90' lang='lat' dir='ltr'><em>in</em></span> <span class='ocrx_word' id='word_1_426' title='bbox 497 2091 540 2122; x_wconf 90' lang='lat' dir='ltr'><em>1V</em></span> <span class='ocrx_word' id='word_1_427' title='bbox 555 2091 659 2126; x_wconf 84' lang='lat' dir='ltr'><em>Sent.,</em></span> <span class='ocrx_word' id='word_1_428' title='bbox 684 2090 754 2121; x_wconf 91' lang='lat' dir='ltr'><em>dist.</em></span> <span class='ocrx_word' id='word_1_429' title='bbox 778 2100 813 2126; x_wconf 86' lang='lat' dir='ltr'><em>x,</em></span> <span class='ocrx_word' id='word_1_430' title='bbox 843 2099 897 2130; x_wconf 94' lang='lat' dir='ltr'><em>qu.</em></span> <span class='ocrx_word' id='word_1_431' title='bbox 914 2100 952 2126; x_wconf 82' lang='lat'><em>11,</em></span> <span class='ocrx_word' id='word_1_432' title='bbox 978 2095 1089 2120; x_wconf 89' lang='lat' dir='ltr'><em>contra</em></span> <span class='ocrx_word' id='word_1_433' title='bbox 1111 2089 1194 2119; x_wconf 87' lang='lat' dir='ltr'><em>hanc</em></span> <span class='ocrx_word' id='word_1_434' title='bbox 1215 2088 1364 2129; x_wconf 90' lang='lat' dir='ltr'><em>proposi-</em></span> 
     </span>
     <span class='ocr_line' id='line_1_70' title="bbox 300 2132 1366 2175; baseline -0.006 -8"><span class='ocrx_word' id='word_1_435' title='bbox 300 2137 424 2167; x_wconf 82' lang='lat' dir='ltr'><em>tionem</em></span> <span class='ocrx_word' id='word_1_436' title='bbox 448 2145 657 2166; x_wconf 89' lang='lat' dir='ltr'><em>communem</em></span> <span class='ocrx_word' id='word_1_437' title='bbox 681 2140 842 2175; x_wconf 88' lang='lat' dir='ltr'><em>arguente,</em></span> <span class='ocrx_word' id='word_1_438' title='bbox 866 2134 1002 2164; x_wconf 90' lang='lat' dir='ltr'><em>scilicet:</em></span> <span class='ocrx_word' id='word_1_439' title='bbox 1026 2133 1062 2163; x_wconf 91' lang='lat' dir='ltr'><em>Si</em></span> <span class='ocrx_word' id='word_1_440' title='bbox 1082 2133 1193 2173; x_wconf 88' lang='lat' dir='ltr'><em>aliqua</em></span> <span class='ocrx_word' id='word_1_441' title='bbox 1209 2132 1273 2163; x_wconf 85' lang='lat' dir='ltr'><em>duo</em></span> <span class='ocrx_word' id='word_1_442' title='bbox 1289 2136 1366 2162; x_wconf 84' lang='lat' dir='ltr'><em>sunt</em></span> 
     </span>
     <span class='ocr_line' id='line_1_71' title="bbox 301 2177 1366 2220; baseline -0.005 -9"><span class='ocrx_word' id='word_1_443' title='bbox 301 2181 436 2211; x_wconf 84' lang='lat' dir='ltr'><em>realiter</em></span> <span class='ocrx_word' id='word_1_444' title='bbox 457 2180 641 2215; x_wconf 84' lang='lat' dir='ltr'><em>coniuncta,</em></span> <span class='ocrx_word' id='word_1_445' title='bbox 666 2179 854 2220; x_wconf 84' lang='lat' dir='ltr'><em>ubicumque</em></span> <span class='ocrx_word' id='word_1_446' title='bbox 876 2183 923 2209; x_wconf 86' lang='lat' dir='ltr'><em>est</em></span> <span class='ocrx_word' id='word_1_447' title='bbox 946 2187 1045 2208; x_wconf 89' lang='lat' dir='ltr'><em>unum</em></span> <span class='ocrx_word' id='word_1_448' title='bbox 1069 2177 1214 2212; x_wconf 84' lang='lat' dir='ltr'><em>realiter,</em></span> <span class='ocrx_word' id='word_1_449' title='bbox 1239 2180 1366 2217; x_wconf 81' lang='lat' dir='ltr'><em>oportet</em></span> 
     </span>
     <span class='ocr_line' id='line_1_72' title="bbox 301 2221 1365 2265; baseline -0.006 -9"><span class='ocrx_word' id='word_1_450' title='bbox 301 2230 333 2256; x_wconf 82' lang='lat' dir='ltr'><em>et</em></span> <span class='ocrx_word' id='word_1_451' title='bbox 344 2225 502 2265; x_wconf 82' lang='lat' dir='ltr'><em>reliquum</em></span> <span class='ocrx_word' id='word_1_452' title='bbox 519 2233 595 2255; x_wconf 89' lang='lat' dir='ltr'><em>esse.</em></span> <span class='ocrx_word' id='word_1_453' title='bbox 616 2223 717 2254; x_wconf 89' lang='lat' dir='ltr'><em>Solvit</em></span> <span class='ocrx_word' id='word_1_454' title='bbox 733 2223 820 2253; x_wconf 91' lang='lat' dir='ltr'><em>enim</em></span> <span class='ocrx_word' id='word_1_455' title='bbox 834 2223 939 2263; x_wconf 89' lang='lat' dir='ltr'><em>primo</em></span> <span class='ocrx_word' id='word_1_456' title='bbox 956 2231 1037 2257; x_wconf 88' lang='lat' dir='ltr'><em>eam,</em></span> <span class='ocrx_word' id='word_1_457' title='bbox 1050 2221 1158 2252; x_wconf 90' lang='lat' dir='ltr'><em>dicens</em></span> <span class='ocrx_word' id='word_1_458' title='bbox 1174 2230 1241 2251; x_wconf 89' lang='lat' dir='ltr'><em>esse</em></span> <span class='ocrx_word' id='word_1_459' title='bbox 1258 2229 1365 2251; x_wconf 88' lang='lat' dir='ltr'><em>veram</em></span> 
     </span>
     <span class='ocr_line' id='line_1_73' title="bbox 301 2265 1367 2301; baseline -0.006 -1"><span class='ocrx_word' id='word_1_460' title='bbox 301 2269 342 2301; x_wconf 92' lang='lat' dir='ltr'><em>de</em></span> <span class='ocrx_word' id='word_1_461' title='bbox 365 2269 530 2299; x_wconf 89' lang='lat' dir='ltr'><em>existentia</em></span> <span class='ocrx_word' id='word_1_462' title='bbox 559 2269 593 2298; x_wconf 88' lang='lat' dir='ltr'><em>in</em></span> <span class='ocrx_word' id='word_1_463' title='bbox 616 2268 690 2298; x_wconf 91' lang='lat' dir='ltr'><em>loco</em></span> <span class='ocrx_word' id='word_1_464' title='bbox 717 2267 876 2298; x_wconf 88' lang='lat' dir='ltr'><em>localiter:</em></span> <span class='ocrx_word' id='word_1_465' title='bbox 907 2276 976 2297; x_wconf 92' lang='lat' dir='ltr'><em>non</em></span> <span class='ocrx_word' id='word_1_466' title='bbox 999 2271 1108 2296; x_wconf 91' lang='lat' dir='ltr'><em>autem</em></span> <span class='ocrx_word' id='word_1_467' title='bbox 1139 2265 1179 2296; x_wconf 93' lang='lat' dir='ltr'><em>de</em></span> <span class='ocrx_word' id='word_1_468' title='bbox 1202 2265 1367 2295; x_wconf 88' lang='lat' dir='ltr'><em>existentia</em></span> 
     </span>
     <span class='ocr_line' id='line_1_74' title="bbox 301 2309 1367 2352; baseline -0.006 -8"><span class='ocrx_word' id='word_1_469' title='bbox 301 2314 336 2344; x_wconf 88' lang='lat' dir='ltr'><em>in</em></span> <span class='ocrx_word' id='word_1_470' title='bbox 359 2313 433 2344; x_wconf 90' lang='lat' dir='ltr'><em>loco</em></span> <span class='ocrx_word' id='word_1_471' title='bbox 457 2312 574 2343; x_wconf 83' lang='lat' dir='ltr'><em>alicubi</em></span> <span class='ocrx_word' id='word_1_472' title='bbox 597 2321 654 2352; x_wconf 87' lang='lat' dir='ltr'><em>per</em></span> <span class='ocrx_word' id='word_1_473' title='bbox 672 2311 892 2342; x_wconf 87' lang='lat' dir='ltr'><em>habitudinem</em></span> <span class='ocrx_word' id='word_1_474' title='bbox 908 2311 1113 2351; x_wconf 88' lang='lat' dir='ltr'><em>praesentiae,</em></span> <span class='ocrx_word' id='word_1_475' title='bbox 1139 2309 1273 2349; x_wconf 87' lang='lat' dir='ltr'><em>qualiter</em></span> <span class='ocrx_word' id='word_1_476' title='bbox 1288 2318 1367 2339; x_wconf 88' lang='lat' dir='ltr'><em>con—</em></span> 
     </span>
     <span class='ocr_line' id='line_1_75' title="bbox 302 2353 1367 2398; baseline -0.006 -9"><span class='ocrx_word' id='word_1_477' title='bbox 302 2358 396 2398; x_wconf 85' lang='lat' dir='ltr'><em>tingit</em></span> <span class='ocrx_word' id='word_1_478' title='bbox 421 2358 455 2388; x_wconf 92' lang='lat' dir='ltr'><em>in</em></span> <span class='ocrx_word' id='word_1_479' title='bbox 477 2356 657 2397; x_wconf 89' lang='lat' dir='ltr'><em>proposito.</em></span> <span class='ocrx_word' id='word_1_480' title='bbox 693 2356 734 2386; x_wconf 92' lang='lat' dir='ltr'><em>Et</em></span> <span class='ocrx_word' id='word_1_481' title='bbox 761 2356 840 2385; x_wconf 92' lang='lat' dir='ltr'><em>ratio</em></span> <span class='ocrx_word' id='word_1_482' title='bbox 869 2360 934 2390; x_wconf 91' lang='lat' dir='ltr'><em>est,</em></span> <span class='ocrx_word' id='word_1_483' title='bbox 969 2355 1044 2394; x_wconf 88' lang='lat' dir='ltr'><em>quia</em></span> <span class='ocrx_word' id='word_1_484' title='bbox 1074 2354 1215 2384; x_wconf 89' lang='lat' dir='ltr'><em>duorum</em></span> <span class='ocrx_word' id='word_1_485' title='bbox 1244 2353 1367 2383; x_wconf 88' lang='lat' dir='ltr'><em>realiter</em></span> 
     </span>
     <span class='ocr_line' id='line_1_76' title="bbox 304 2398 1367 2440; baseline -0.006 -7"><span class='ocrx_word' id='word_1_486' title='bbox 304 2402 553 2433; x_wconf 77' lang='lat' dir='ltr'><em>coniunctorum</em></span> <span class='ocrx_word' id='word_1_487' title='bbox 581 2405 688 2440; x_wconf 85' lang='lat' dir='ltr'><em>potest</em></span> <span class='ocrx_word' id='word_1_488' title='bbox 718 2399 852 2430; x_wconf 91' lang='lat' dir='ltr'><em>alterum</em></span> <span class='ocrx_word' id='word_1_489' title='bbox 882 2398 1103 2429; x_wconf 88' lang='lat' dir='ltr'><em>habitudinem</em></span> <span class='ocrx_word' id='word_1_490' title='bbox 1134 2398 1250 2428; x_wconf 91' lang='lat' dir='ltr'><em>habere</em></span> <span class='ocrx_word' id='word_1_491' title='bbox 1277 2406 1367 2437; x_wconf 88' lang='lat' dir='ltr'><em>prae-</em></span> 
     </span>
     <span class='ocr_line' id='line_1_77' title="bbox 303 2437 1226 2485; baseline -0.007 -8"><span class='ocrx_word' id='word_1_492' title='bbox 303 2447 423 2477; x_wconf 77' lang='lat' dir='ltr'><em>sentiae</em></span> <span class='ocrx_word' id='word_1_493' title='bbox 446 2445 486 2476; x_wconf 91' lang='lat' dir='ltr'><em>ad</em></span> <span class='ocrx_word' id='word_1_494' title='bbox 509 2437 639 2485; x_wconf 58' lang='lat' dir='ltr'><em>ahquid,</em></span> <span class='ocrx_word' id='word_1_495' title='bbox 664 2449 695 2475; x_wconf 94' lang='lat' dir='ltr'><em>et</em></span> <span class='ocrx_word' id='word_1_496' title='bbox 717 2444 879 2484; x_wconf 89' lang='lat' dir='ltr'><em>reliquum</em></span> <span class='ocrx_word' id='word_1_497' title='bbox 901 2452 968 2473; x_wconf 91' lang='lat' dir='ltr'><em>non</em></span> <span class='ocrx_word' id='word_1_498' title='bbox 991 2443 1107 2472; x_wconf 89' lang='lat' dir='ltr'><em>habere</em></span> <span class='ocrx_word' id='word_1_499' title='bbox 1129 2442 1226 2472; x_wconf 85' lang='lat' dir='ltr'><em>illam&#39;.</em></span> 
     </span>
    </p>

    <p class='ocr_par' dir='ltr' id='par_1_22' title="bbox 299 2485 1370 2654">
     <span class='ocr_line' id='line_1_78' title="bbox 359 2485 1368 2527; baseline -0.005 -7"><span class='ocrx_word' id='word_1_500' title='bbox 359 2489 460 2521; x_wconf 85' lang='lat' dir='ltr'><em>Affert</em></span> <span class='ocrx_word' id='word_1_501' title='bbox 483 2488 597 2520; x_wconf 89' lang='lat' dir='ltr'><em>deinde</em></span> <span class='ocrx_word' id='word_1_502' title='bbox 615 2489 807 2519; x_wconf 83' lang='lat' dir='ltr'><em>instantiam.</em></span> <span class='ocrx_word' id='word_1_503' title='bbox 832 2487 917 2526; x_wconf 90' lang='lat' dir='ltr'><em>Quia</em></span> <span class='ocrx_word' id='word_1_504' title='bbox 941 2487 1069 2527; x_wconf 90' lang='lat' dir='ltr'><em>corpori</em></span> <span class='ocrx_word' id='word_1_505' title='bbox 1093 2486 1210 2516; x_wconf 89' lang='lat' dir='ltr'><em>Christi</em></span> <span class='ocrx_word' id='word_1_506' title='bbox 1233 2485 1368 2516; x_wconf 91' lang='lat' dir='ltr'><em>coniun-</em></span> 
     </span>
     <span class='ocr_line' id='line_1_79' title="bbox 305 2528 1370 2566; baseline -0.006 -1"><span class='ocrx_word' id='word_1_507' title='bbox 305 2539 395 2566; x_wconf 89' lang='lat' dir='ltr'><em>ctum</em></span> <span class='ocrx_word' id='word_1_508' title='bbox 417 2533 541 2564; x_wconf 88' lang='lat' dir='ltr'><em>realiter</em></span> <span class='ocrx_word' id='word_1_509' title='bbox 563 2538 610 2564; x_wconf 87' lang='lat' dir='ltr'><em>est</em></span> <span class='ocrx_word' id='word_1_510' title='bbox 636 2532 676 2564; x_wconf 93' lang='lat' dir='ltr'><em>de</em></span> <span class='ocrx_word' id='word_1_511' title='bbox 700 2532 784 2563; x_wconf 87' lang='lat' dir='ltr'><em>facto</em></span> <span class='ocrx_word' id='word_1_512' title='bbox 812 2541 880 2562; x_wconf 90' lang='lat' dir='ltr'><em>esse</em></span> <span class='ocrx_word' id='word_1_513' title='bbox 903 2532 937 2562; x_wconf 89' lang='lat' dir='ltr'><em>in</em></span> <span class='ocrx_word' id='word_1_514' title='bbox 960 2531 1059 2561; x_wconf 91' lang='lat' dir='ltr'><em>caelo.</em></span> <span class='ocrx_word' id='word_1_515' title='bbox 1091 2530 1133 2560; x_wconf 92' lang='lat' dir='ltr'><em>Et</em></span> <span class='ocrx_word' id='word_1_516' title='bbox 1155 2535 1263 2560; x_wconf 91' lang='lat' dir='ltr'><em>tamen</em></span> <span class='ocrx_word' id='word_1_517' title='bbox 1289 2528 1370 2559; x_wconf 91' lang='lat' dir='ltr'><em>illud</em></span> 
     </span>
     <span class='ocr_line' id='line_1_80' title="bbox 299 2575 1369 2610; baseline -0.006 -1"><span class='ocrx_word' id='word_1_518' title='bbox 299 2577 374 2610; x_wconf 72' lang='lat' dir='ltr'><em>&#39;esse</em></span> <span class='ocrx_word' id='word_1_519' title='bbox 397 2579 431 2609; x_wconf 92' lang='lat' dir='ltr'><em>in</em></span> <span class='ocrx_word' id='word_1_520' title='bbox 454 2577 543 2608; x_wconf 92' lang='lat' dir='ltr'><em>caelo</em></span> <span class='ocrx_word' id='word_1_521' title='bbox 566 2586 634 2607; x_wconf 89' lang='lat' dir='ltr'><em>non</em></span> <span class='ocrx_word' id='word_1_522' title='bbox 657 2582 704 2607; x_wconf 89' lang='lat' dir='ltr'><em>est</em></span> <span class='ocrx_word' id='word_1_523' title='bbox 727 2577 786 2607; x_wconf 90' lang='lat' dir='ltr'><em>sub</em></span> <span class='ocrx_word' id='word_1_524' title='bbox 809 2577 873 2606; x_wconf 92' lang='lat' dir='ltr'><em>hoc</em></span> <span class='ocrx_word' id='word_1_525' title='bbox 896 2580 1105 2610; x_wconf 87' lang='lat' dir='ltr'><em>sacramento,</em></span> <span class='ocrx_word' id='word_1_526' title='bbox 1131 2575 1226 2605; x_wconf 90' lang='lat' dir='ltr'><em>etiam</em></span> <span class='ocrx_word' id='word_1_527' title='bbox 1251 2582 1369 2604; x_wconf 92' lang='lat' dir='ltr'><em>conco-</em></span> 
     </span>
     <span class='ocr_line' id='line_1_81' title="bbox 305 2623 464 2654; baseline -0.013 0"><span class='ocrx_word' id='word_1_528' title='bbox 305 2623 464 2654; x_wconf 82' lang='lat' dir='ltr'><em>mitanter.</em></span> 
     </span>
    </p>

    <p class='ocr_par' dir='ltr' id='par_1_23' title="bbox 301 2661 1374 3184">
     <span class='ocr_line' id='line_1_82' title="bbox 362 2661 1371 2705; baseline -0.005 -8"><span class='ocrx_word' id='word_1_529' title='bbox 362 2667 399 2697; x_wconf 91' lang='lat'><em>11.</em></span> <span class='ocrx_word' id='word_1_530' title='bbox 423 2666 475 2697; x_wconf 91' lang='lat' dir='ltr'><em>Ad</em></span> <span class='ocrx_word' id='word_1_531' title='bbox 497 2666 561 2696; x_wconf 91' lang='lat' dir='ltr'><em>hoe</em></span> <span class='ocrx_word' id='word_1_532' title='bbox 584 2665 699 2696; x_wconf 93' lang='lat' dir='ltr'><em>dicitur</em></span> <span class='ocrx_word' id='word_1_533' title='bbox 722 2663 811 2705; x_wconf 92' lang='lat' dir='ltr'><em>quod</em></span> <span class='ocrx_word' id='word_1_534' title='bbox 833 2663 920 2695; x_wconf 88' lang='lat' dir='ltr'><em>aliud</em></span> <span class='ocrx_word' id='word_1_535' title='bbox 943 2669 990 2694; x_wconf 85' lang='lat' dir='ltr'><em>est</em></span> <span class='ocrx_word' id='word_1_536' title='bbox 1012 2664 1104 2703; x_wconf 91' lang='lat' dir='ltr'><em>loqui</em></span> <span class='ocrx_word' id='word_1_537' title='bbox 1128 2662 1167 2694; x_wconf 89' lang='lat' dir='ltr'><em>de</em></span> <span class='ocrx_word' id='word_1_538' title='bbox 1183 2661 1371 2693; x_wconf 89' lang='lat' dir='ltr'><em>habitudine</em></span> 
     </span>
     <span class='ocr_line' id='line_1_83' title="bbox 306 2707 1371 2749; baseline -0.006 -7"><span class='ocrx_word' id='word_1_539' title='bbox 306 2712 341 2743; x_wconf 84' lang='lat' dir='ltr'><em>in</em></span> <span class='ocrx_word' id='word_1_540' title='bbox 364 2710 547 2742; x_wconf 83' lang='lat' dir='ltr'><em>communi:</em></span> <span class='ocrx_word' id='word_1_541' title='bbox 579 2715 610 2741; x_wconf 88' lang='lat' dir='ltr'><em>et</em></span> <span class='ocrx_word' id='word_1_542' title='bbox 633 2709 719 2740; x_wconf 88' lang='lat' dir='ltr'><em>aliud</em></span> <span class='ocrx_word' id='word_1_543' title='bbox 742 2714 789 2740; x_wconf 90' lang='lat' dir='ltr'><em>est</em></span> <span class='ocrx_word' id='word_1_544' title='bbox 811 2709 903 2749; x_wconf 93' lang='lat' dir='ltr'><em>loqui</em></span> <span class='ocrx_word' id='word_1_545' title='bbox 925 2707 965 2739; x_wconf 92' lang='lat' dir='ltr'><em>de</em></span> <span class='ocrx_word' id='word_1_546' title='bbox 987 2707 1174 2738; x_wconf 85' lang='lat' dir='ltr'><em>habitudine</em></span> <span class='ocrx_word' id='word_1_547' title='bbox 1197 2707 1268 2743; x_wconf 89' lang='lat' dir='ltr'><em>tali,</em></span> <span class='ocrx_word' id='word_1_548' title='bbox 1293 2711 1371 2747; x_wconf 89' lang='lat' dir='ltr'><em>puta</em></span> 
     </span>
     <span class='ocr_line' id='line_1_84' title="bbox 307 2752 1371 2787; baseline -0.006 0"><span class='ocrx_word' id='word_1_549' title='bbox 307 2756 452 2787; x_wconf 87' lang='lat' dir='ltr'><em>contenti</em></span> <span class='ocrx_word' id='word_1_550' title='bbox 474 2753 514 2785; x_wconf 88' lang='lat' dir='ltr'><em>ad</em></span> <span class='ocrx_word' id='word_1_551' title='bbox 537 2754 715 2785; x_wconf 88' lang='lat' dir='ltr'><em>continens.</em></span> <span class='ocrx_word' id='word_1_552' title='bbox 738 2753 830 2784; x_wconf 87' lang='lat' dir='ltr'><em>Licet</em></span> <span class='ocrx_word' id='word_1_553' title='bbox 853 2753 939 2784; x_wconf 90' lang='lat' dir='ltr'><em>enim</em></span> <span class='ocrx_word' id='word_1_554' title='bbox 962 2752 1102 2783; x_wconf 90' lang='lat' dir='ltr'><em>duorum</em></span> <span class='ocrx_word' id='word_1_555' title='bbox 1121 2752 1371 2782; x_wconf 90' lang='lat' dir='ltr'><em>coniunctorum</em></span> 
     </span>
     <span class='ocr_line' id='line_1_85' title="bbox 306 2795 1372 2839; baseline -0.006 -8"><span class='ocrx_word' id='word_1_556' title='bbox 306 2799 432 2831; x_wconf 87' lang='lat' dir='ltr'><em>realiter</em></span> <span class='ocrx_word' id='word_1_557' title='bbox 461 2808 565 2830; x_wconf 90' lang='lat' dir='ltr'><em>unum</em></span> <span class='ocrx_word' id='word_1_558' title='bbox 594 2798 694 2839; x_wconf 90' lang='lat' dir='ltr'><em>possit</em></span> <span class='ocrx_word' id='word_1_559' title='bbox 721 2797 838 2828; x_wconf 89' lang='lat' dir='ltr'><em>habere</em></span> <span class='ocrx_word' id='word_1_560' title='bbox 867 2796 1086 2827; x_wconf 85' lang='lat' dir='ltr'><em>habitudinem</em></span> <span class='ocrx_word' id='word_1_561' title='bbox 1116 2796 1156 2826; x_wconf 94' lang='lat' dir='ltr'><em>ad</em></span> <span class='ocrx_word' id='word_1_562' title='bbox 1179 2795 1315 2836; x_wconf 85' lang='lat' dir='ltr'><em>aliquid,</em></span> <span class='ocrx_word' id='word_1_563' title='bbox 1341 2800 1372 2825; x_wconf 90' lang='lat' dir='ltr'><em>et</em></span> 
     </span>
     <span class='ocr_line' id='line_1_86' title="bbox 307 2840 1371 2884; baseline -0.005 -10"><span class='ocrx_word' id='word_1_564' title='bbox 307 2844 469 2884; x_wconf 87' lang='lat' dir='ltr'><em>reliquum</em></span> <span class='ocrx_word' id='word_1_565' title='bbox 491 2852 575 2879; x_wconf 80' lang='lat' dir='ltr'><em>non3</em></span> <span class='ocrx_word' id='word_1_566' title='bbox 608 2848 716 2872; x_wconf 92' lang='lat' dir='ltr'><em>tamen</em></span> <span class='ocrx_word' id='word_1_567' title='bbox 746 2851 815 2872; x_wconf 91' lang='lat' dir='ltr'><em>non</em></span> <span class='ocrx_word' id='word_1_568' title='bbox 840 2846 948 2882; x_wconf 91' lang='lat' dir='ltr'><em>potest</em></span> <span class='ocrx_word' id='word_1_569' title='bbox 977 2850 1080 2871; x_wconf 90' lang='lat' dir='ltr'><em>unum</em></span> <span class='ocrx_word' id='word_1_570' title='bbox 1110 2849 1225 2871; x_wconf 90' lang='lat' dir='ltr'><em>eorum</em></span> <span class='ocrx_word' id='word_1_571' title='bbox 1254 2840 1371 2870; x_wconf 92' lang='lat' dir='ltr'><em>habere</em></span> 
     </span>
     <span class='ocr_line' id='line_1_87' title="bbox 307 2883 1373 2925; baseline -0.006 -6"><span class='ocrx_word' id='word_1_572' title='bbox 307 2887 528 2919; x_wconf 84' lang='lat' dir='ltr'><em>habitudinem</em></span> <span class='ocrx_word' id='word_1_573' title='bbox 551 2887 694 2917; x_wconf 78' lang='lat' dir='ltr'><em>contenti</em></span> <span class='ocrx_word' id='word_1_574' title='bbox 717 2885 757 2917; x_wconf 90' lang='lat' dir='ltr'><em>ad</em></span> <span class='ocrx_word' id='word_1_575' title='bbox 780 2886 958 2922; x_wconf 72' lang='lat' dir='ltr'><em>confinem,</em></span> <span class='ocrx_word' id='word_1_576' title='bbox 983 2890 1014 2916; x_wconf 90' lang='lat' dir='ltr'><em>et</em></span> <span class='ocrx_word' id='word_1_577' title='bbox 1036 2885 1197 2925; x_wconf 91' lang='lat' dir='ltr'><em>reliquum</em></span> <span class='ocrx_word' id='word_1_578' title='bbox 1219 2893 1296 2914; x_wconf 93' lang='lat' dir='ltr'><em>non.</em></span> <span class='ocrx_word' id='word_1_579' title='bbox 1331 2883 1373 2914; x_wconf 91' lang='lat' dir='ltr'><em>Et</em></span> 
     </span>
     <span class='ocr_line' id='line_1_88' title="bbox 303 2929 1372 2973; baseline -0.003 -12"><span class='ocrx_word' id='word_1_580' title='bbox 303 2933 385 2973; x_wconf 80' lang='lat' dir='ltr'><em>quia</em></span> <span class='ocrx_word' id='word_1_581' title='bbox 408 2931 447 2963; x_wconf 89' lang='lat' dir='ltr'><em>de</em></span> <span class='ocrx_word' id='word_1_582' title='bbox 470 2932 525 2962; x_wconf 90' lang='lat' dir='ltr'><em>tali</em></span> <span class='ocrx_word' id='word_1_583' title='bbox 548 2930 734 2961; x_wconf 88' lang='lat' dir='ltr'><em>habitudine</em></span> <span class='ocrx_word' id='word_1_584' title='bbox 757 2935 804 2960; x_wconf 89' lang='lat' dir='ltr'><em>est</em></span> <span class='ocrx_word' id='word_1_585' title='bbox 826 2939 975 2971; x_wconf 90' lang='lat' dir='ltr'><em>praesens</em></span> <span class='ocrx_word' id='word_1_586' title='bbox 990 2939 1106 2966; x_wconf 90' lang='lat' dir='ltr'><em>sermo,</em></span> <span class='ocrx_word' id='word_1_587' title='bbox 1131 2929 1286 2969; x_wconf 89' lang='lat' dir='ltr'><em>quoniam</em></span> <span class='ocrx_word' id='word_1_588' title='bbox 1306 2937 1372 2958; x_wconf 92' lang='lat' dir='ltr'><em>cre-</em></span> 
     </span>
     <span class='ocr_line' id='line_1_89' title="bbox 308 2971 1372 3014; baseline -0.006 -6"><span class='ocrx_word' id='word_1_589' title='bbox 308 2976 414 3008; x_wconf 86' lang='lat' dir='ltr'><em>dimus</em></span> <span class='ocrx_word' id='word_1_590' title='bbox 437 2975 602 3007; x_wconf 87' lang='lat' dir='ltr'><em>Christum</em></span> <span class='ocrx_word' id='word_1_591' title='bbox 624 2975 776 3007; x_wconf 86' lang='lat' dir='ltr'><em>veraciter</em></span> <span class='ocrx_word' id='word_1_592' title='bbox 800 2974 955 3005; x_wconf 76' lang='lat' dir='ltr'><em>contineri</em></span> <span class='ocrx_word' id='word_1_593' title='bbox 970 2974 1029 3004; x_wconf 89' lang='lat' dir='ltr'><em>sub</em></span> <span class='ocrx_word' id='word_1_594' title='bbox 1045 2974 1151 3014; x_wconf 92' lang='lat' dir='ltr'><em>specie</em></span> <span class='ocrx_word' id='word_1_595' title='bbox 1167 2973 1274 3013; x_wconf 87' lang='lat' dir='ltr'><em>panis;</em></span> <span class='ocrx_word' id='word_1_596' title='bbox 1298 2971 1372 3002; x_wconf 90' lang='lat' dir='ltr'><em>ideo</em></span> 
     </span>
     <span class='ocr_line' id='line_1_90' title="bbox 301 3017 1373 3059; baseline -0.006 -8"><span class='ocrx_word' id='word_1_597' title='bbox 301 3019 410 3057; x_wconf 22' lang='lat' dir='ltr'><em>,solida</em></span> <span class='ocrx_word' id='word_1_598' title='bbox 441 3025 502 3051; x_wconf 89' lang='lat' dir='ltr'><em>stat</em></span> <span class='ocrx_word' id='word_1_599' title='bbox 531 3019 714 3050; x_wconf 88' lang='lat' dir='ltr'><em>communis</em></span> <span class='ocrx_word' id='word_1_600' title='bbox 741 3018 920 3059; x_wconf 90' lang='lat' dir='ltr'><em>propositio</em></span> <span class='ocrx_word' id='word_1_601' title='bbox 948 3023 1110 3058; x_wconf 88' lang='lat' dir='ltr'><em>assumpta</em></span> <span class='ocrx_word' id='word_1_602' title='bbox 1136 3018 1170 3047; x_wconf 90' lang='lat' dir='ltr'><em>in</em></span> <span class='ocrx_word' id='word_1_603' title='bbox 1196 3017 1317 3052; x_wconf 88' lang='lat' dir='ltr'><em>littera,</em></span> <span class='ocrx_word' id='word_1_604' title='bbox 1342 3021 1373 3046; x_wconf 89' lang='lat' dir='ltr'><em>et</em></span> 
     </span>
     <span class='ocr_line' id='line_1_91' title="bbox 308 3060 1372 3097; baseline -0.006 -1"><span class='ocrx_word' id='word_1_605' title='bbox 308 3074 382 3096; x_wconf 84' lang='lat' dir='ltr'><em>vera</em></span> <span class='ocrx_word' id='word_1_606' title='bbox 405 3074 474 3095; x_wconf 89' lang='lat' dir='ltr'><em>non</em></span> <span class='ocrx_word' id='word_1_607' title='bbox 495 3064 602 3095; x_wconf 86' lang='lat' dir='ltr'><em>solum</em></span> <span class='ocrx_word' id='word_1_608' title='bbox 625 3063 664 3094; x_wconf 93' lang='lat' dir='ltr'><em>de</em></span> <span class='ocrx_word' id='word_1_609' title='bbox 688 3063 852 3094; x_wconf 86' lang='lat' dir='ltr'><em>existentia</em></span> <span class='ocrx_word' id='word_1_610' title='bbox 876 3063 992 3093; x_wconf 91' lang='lat' dir='ltr'><em>alicubi</em></span> <span class='ocrx_word' id='word_1_611' title='bbox 1014 3062 1174 3097; x_wconf 88' lang='lat' dir='ltr'><em>localiter,</em></span> <span class='ocrx_word' id='word_1_612' title='bbox 1198 3060 1255 3091; x_wconf 88' lang='lat' dir='ltr'><em>sed</em></span> <span class='ocrx_word' id='word_1_613' title='bbox 1278 3061 1372 3090; x_wconf 89' lang='lat' dir='ltr'><em>etiam</em></span> 
     </span>
     <span class='ocr_line' id='line_1_92' title="bbox 303 3105 1374 3147; baseline -0.006 -7"><span class='ocrx_word' id='word_1_614' title='bbox 303 3108 350 3142; x_wconf 86' lang='lat' dir='ltr'><em>&#39;de</em></span> <span class='ocrx_word' id='word_1_615' title='bbox 373 3109 537 3140; x_wconf 88' lang='lat' dir='ltr'><em>existentia</em></span> <span class='ocrx_word' id='word_1_616' title='bbox 560 3108 636 3139; x_wconf 87' lang='lat' dir='ltr'><em>reali</em></span> <span class='ocrx_word' id='word_1_617' title='bbox 658 3107 932 3143; x_wconf 89' lang='lat' dir='ltr'><em>sacramentaliter,</em></span> <span class='ocrx_word' id='word_1_618' title='bbox 957 3116 1055 3147; x_wconf 91' lang='lat' dir='ltr'><em>quam</em></span> <span class='ocrx_word' id='word_1_619' title='bbox 1079 3105 1293 3146; x_wconf 90' lang='lat' dir='ltr'><em>significamus</em></span> <span class='ocrx_word' id='word_1_620' title='bbox 1317 3114 1374 3144; x_wconf 83' lang='lat' dir='ltr'><em>per</em></span> 
     </span>
     <span class='ocr_line' id='line_1_93' title="bbox 310 3152 786 3184; baseline -0.004 0"><span class='ocrx_word' id='word_1_621' title='bbox 310 3153 470 3184; x_wconf 82' lang='lat' dir='ltr'><em>contineri</em></span> <span class='ocrx_word' id='word_1_622' title='bbox 491 3152 549 3183; x_wconf 85' lang='lat' dir='ltr'><em>sub</em></span> <span class='ocrx_word' id='word_1_623' title='bbox 571 3157 786 3183; x_wconf 86' lang='lat' dir='ltr'><em>sacramento.</em></span> 
     </span>
    </p>

    <p class='ocr_par' dir='ltr' id='par_1_24' title="bbox 311 3193 1373 3415">
     <span class='ocr_line' id='line_1_94' title="bbox 366 3193 1372 3235; baseline -0.006 -7"><span class='ocrx_word' id='word_1_624' title='bbox 366 3196 418 3228; x_wconf 86' lang='lat' dir='ltr'><em>Ad</em></span> <span class='ocrx_word' id='word_1_625' title='bbox 440 3197 622 3227; x_wconf 82' lang='lat' dir='ltr'><em>instantiam</em></span> <span class='ocrx_word' id='word_1_626' title='bbox 645 3201 753 3227; x_wconf 90' lang='lat' dir='ltr'><em>autem</em></span> <span class='ocrx_word' id='word_1_627' title='bbox 777 3195 892 3226; x_wconf 88' lang='lat' dir='ltr'><em>dicitur</em></span> <span class='ocrx_word' id='word_1_628' title='bbox 915 3194 1003 3235; x_wconf 91' lang='lat' dir='ltr'><em>quod</em></span> <span class='ocrx_word' id='word_1_629' title='bbox 1026 3195 1204 3235; x_wconf 88' lang='lat' dir='ltr'><em>propositio</em></span> <span class='ocrx_word' id='word_1_630' title='bbox 1228 3193 1311 3223; x_wconf 88' lang='lat' dir='ltr'><em>dicta</em></span> <span class='ocrx_word' id='word_1_631' title='bbox 1334 3193 1372 3222; x_wconf 91' lang='lat' dir='ltr'><em>ab</em></span> 
     </span>
     <span class='ocr_line' id='line_1_95' title="bbox 311 3237 1372 3281; baseline -0.006 -9"><span class='ocrx_word' id='word_1_632' title='bbox 311 3241 462 3274; x_wconf 85' lang='lat' dir='ltr'><em>omnibus</em></span> <span class='ocrx_word' id='word_1_633' title='bbox 485 3241 671 3281; x_wconf 80' lang='lat' dir='ltr'><em>intelligitur</em></span> <span class='ocrx_word' id='word_1_634' title='bbox 693 3239 732 3271; x_wconf 91' lang='lat' dir='ltr'><em>de</em></span> <span class='ocrx_word' id='word_1_635' title='bbox 756 3241 804 3271; x_wconf 89' lang='lat' dir='ltr'><em>his</em></span> <span class='ocrx_word' id='word_1_636' title='bbox 828 3249 911 3280; x_wconf 90' lang='lat' dir='ltr'><em>quae</em></span> <span class='ocrx_word' id='word_1_637' title='bbox 934 3240 1044 3270; x_wconf 88' lang='lat' dir='ltr'><em>insunt</em></span> <span class='ocrx_word' id='word_1_638' title='bbox 1060 3238 1188 3269; x_wconf 90' lang='lat' dir='ltr'><em>Christo</em></span> <span class='ocrx_word' id='word_1_639' title='bbox 1211 3237 1372 3268; x_wconf 89' lang='lat' dir='ltr'><em>absolute:</em></span> 
     </span>
     <span class='ocr_line' id='line_1_96' title="bbox 311 3282 1372 3326; baseline -0.007 -9"><span class='ocrx_word' id='word_1_640' title='bbox 311 3291 344 3317; x_wconf 86' lang='lat' dir='ltr'><em>et</em></span> <span class='ocrx_word' id='word_1_641' title='bbox 365 3294 434 3316; x_wconf 87' lang='lat' dir='ltr'><em>non</em></span> <span class='ocrx_word' id='word_1_642' title='bbox 451 3294 510 3326; x_wconf 83' lang='lat' dir='ltr'><em>per</em></span> <span class='ocrx_word' id='word_1_643' title='bbox 532 3290 715 3325; x_wconf 87' lang='lat' dir='ltr'><em>respectum</em></span> <span class='ocrx_word' id='word_1_644' title='bbox 729 3284 769 3315; x_wconf 93' lang='lat' dir='ltr'><em>ad</em></span> <span class='ocrx_word' id='word_1_645' title='bbox 785 3285 1006 3319; x_wconf 86' lang='lat' dir='ltr'><em>extrinsecum,</em></span> <span class='ocrx_word' id='word_1_646' title='bbox 1024 3282 1063 3313; x_wconf 91' lang='lat' dir='ltr'><em>de</em></span> <span class='ocrx_word' id='word_1_647' title='bbox 1081 3291 1221 3322; x_wconf 88' lang='lat' dir='ltr'><em>quorum</em></span> <span class='ocrx_word' id='word_1_648' title='bbox 1237 3290 1372 3312; x_wconf 90' lang='lat' dir='ltr'><em>numero</em></span> 
     </span>
     <span class='ocr_line' id='line_1_97' title="bbox 312 3326 1373 3360; baseline -0.006 0"><span class='ocrx_word' id='word_1_649' title='bbox 312 3334 359 3360; x_wconf 91' lang='lat' dir='ltr'><em>est</em></span> <span class='ocrx_word' id='word_1_650' title='bbox 382 3338 449 3360; x_wconf 88' lang='lat' dir='ltr'><em>esse</em></span> <span class='ocrx_word' id='word_1_651' title='bbox 472 3329 505 3359; x_wconf 93' lang='lat' dir='ltr'><em>in</em></span> <span class='ocrx_word' id='word_1_652' title='bbox 528 3329 613 3359; x_wconf 89' lang='lat' dir='ltr'><em>loco.</em></span> <span class='ocrx_word' id='word_1_653' title='bbox 637 3329 679 3359; x_wconf 93' lang='lat' dir='ltr'><em>Et</em></span> <span class='ocrx_word' id='word_1_654' title='bbox 701 3328 783 3359; x_wconf 88' lang='lat' dir='ltr'><em>hanc</em></span> <span class='ocrx_word' id='word_1_655' title='bbox 806 3328 1029 3359; x_wconf 90' lang='lat' dir='ltr'><em>limitationem</em></span> <span class='ocrx_word' id='word_1_656' title='bbox 1045 3326 1298 3357; x_wconf 88' lang='lat' dir='ltr'><em>subintellectam</em></span> <span class='ocrx_word' id='word_1_657' title='bbox 1321 3334 1373 3354; x_wconf 88' lang='lat' dir='ltr'><em>ex-</em></span> 
     </span>
     <span class='ocr_line' id='line_1_98' title="bbox 311 3369 1295 3415; baseline -0.006 -11"><span class='ocrx_word' id='word_1_658' title='bbox 311 3374 409 3415; x_wconf 85' lang='lat' dir='ltr'><em>plicat</em></span> <span class='ocrx_word' id='word_1_659' title='bbox 430 3372 561 3404; x_wconf 89' lang='lat' dir='ltr'><em>inferius</em></span> <span class='ocrx_word' id='word_1_660' title='bbox 584 3373 708 3404; x_wconf 88' lang='lat' dir='ltr'><em>Auctor</em></span> <span class='ocrx_word' id='word_1_661' title='bbox 729 3373 763 3403; x_wconf 92' lang='lat' dir='ltr'><em>in</em></span> <span class='ocrx_word' id='word_1_662' title='bbox 786 3372 919 3403; x_wconf 89' lang='lat' dir='ltr'><em>articulo</em></span> <span class='ocrx_word' id='word_1_663' title='bbox 944 3372 1069 3411; x_wconf 90' lang='lat' dir='ltr'><em>quinto,</em></span> <span class='ocrx_word' id='word_1_664' title='bbox 1094 3369 1133 3400; x_wconf 91' lang='lat' dir='ltr'><em>ad</em></span> <span class='ocrx_word' id='word_1_665' title='bbox 1156 3370 1295 3400; x_wconf 89' lang='lat' dir='ltr'><em>tertium.</em></span> 
     </span>
    </p>

    <p class='ocr_par' dir='ltr' id='par_1_25' title="bbox 306 3413 1374 3589">
     <span class='ocr_line' id='line_1_99' title="bbox 367 3413 1373 3456; baseline -0.006 -8"><span class='ocrx_word' id='word_1_666' title='bbox 367 3417 419 3448; x_wconf 89' lang='lat'><em>111.</em></span> <span class='ocrx_word' id='word_1_667' title='bbox 443 3417 479 3447; x_wconf 92' lang='lat' dir='ltr'><em>In</em></span> <span class='ocrx_word' id='word_1_668' title='bbox 495 3416 612 3448; x_wconf 88' lang='lat' dir='ltr'><em>eodem</em></span> <span class='ocrx_word' id='word_1_669' title='bbox 627 3417 771 3452; x_wconf 90' lang='lat' dir='ltr'><em>articulo,</em></span> <span class='ocrx_word' id='word_1_670' title='bbox 795 3417 829 3447; x_wconf 91' lang='lat' dir='ltr'><em>in</em></span> <span class='ocrx_word' id='word_1_671' title='bbox 843 3416 1053 3456; x_wconf 89' lang='lat' dir='ltr'><em>responsione</em></span> <span class='ocrx_word' id='word_1_672' title='bbox 1070 3413 1109 3445; x_wconf 92' lang='lat' dir='ltr'><em>ad</em></span> <span class='ocrx_word' id='word_1_673' title='bbox 1124 3414 1263 3448; x_wconf 88' lang='lat' dir='ltr'><em>tertium,</em></span> <span class='ocrx_word' id='word_1_674' title='bbox 1286 3418 1373 3448; x_wconf 90' lang='lat' dir='ltr'><em>nota,</em></span> 
     </span>
     <span class='ocr_line' id='line_1_100' title="bbox 312 3457 1373 3500; baseline -0.006 -8"><span class='ocrx_word' id='word_1_675' title='bbox 312 3461 451 3497; x_wconf 83' lang='lat' dir='ltr'><em>Novitie‚</em></span> <span class='ocrx_word' id='word_1_676' title='bbox 474 3470 579 3492; x_wconf 89' lang='lat' dir='ltr'><em>novos</em></span> <span class='ocrx_word' id='word_1_677' title='bbox 601 3461 764 3497; x_wconf 90' lang='lat' dir='ltr'><em>terminos,</em></span> <span class='ocrx_word' id='word_1_678' title='bbox 788 3460 925 3491; x_wconf 90' lang='lat' dir='ltr'><em>scilicet:</em></span> <span class='ocrx_word' id='word_1_679' title='bbox 944 3469 1009 3500; x_wconf 87' lang='lat' dir='ltr'><em>per</em></span> <span class='ocrx_word' id='word_1_680' title='bbox 1023 3458 1152 3488; x_wconf 85' lang='lat' dir='ltr'><em>modum</em></span> <span class='ocrx_word' id='word_1_681' title='bbox 1167 3457 1373 3492; x_wconf 83' lang='lat' dir='ltr'><em>substantiae,</em></span> 
     </span>
     <span class='ocr_line' id='line_1_101' title="bbox 306 3502 1374 3546; baseline -0.006 -10"><span class='ocrx_word' id='word_1_682' title='bbox 306 3515 371 3546; x_wconf 84' lang='lat' dir='ltr'><em>per</em></span> <span class='ocrx_word' id='word_1_683' title='bbox 392 3505 522 3536; x_wconf 82' lang='lat' dir='ltr'><em>modum</em></span> <span class='ocrx_word' id='word_1_684' title='bbox 545 3505 743 3546; x_wconf 86' lang='lat' dir='ltr'><em>quantitatis.</em></span> <span class='ocrx_word' id='word_1_685' title='bbox 768 3504 809 3535; x_wconf 91' lang='lat' dir='ltr'><em>Et</em></span> <span class='ocrx_word' id='word_1_686' title='bbox 831 3503 969 3539; x_wconf 89' lang='lat' dir='ltr'><em>adverte,</em></span> <span class='ocrx_word' id='word_1_687' title='bbox 993 3513 1052 3543; x_wconf 92' lang='lat' dir='ltr'><em>pro</em></span> <span class='ocrx_word' id='word_1_688' title='bbox 1076 3503 1140 3532; x_wconf 92' lang='lat' dir='ltr'><em>hoc</em></span> <span class='ocrx_word' id='word_1_689' title='bbox 1163 3502 1237 3532; x_wconf 92' lang='lat' dir='ltr'><em>loco</em></span> <span class='ocrx_word' id='word_1_690' title='bbox 1262 3506 1293 3531; x_wconf 91' lang='lat' dir='ltr'><em>et</em></span> <span class='ocrx_word' id='word_1_691' title='bbox 1314 3510 1374 3541; x_wconf 89' lang='lat' dir='ltr'><em>pro</em></span> 
     </span>
     <span class='ocr_line' id='line_1_102' title="bbox 312 3545 1374 3589; baseline -0.006 -9"><span class='ocrx_word' id='word_1_692' title='bbox 312 3549 446 3580; x_wconf 76' lang='lat' dir='ltr'><em>arficulo</em></span> <span class='ocrx_word' id='word_1_693' title='bbox 469 3549 562 3580; x_wconf 90' lang='lat' dir='ltr'><em>tertio</em></span> <span class='ocrx_word' id='word_1_694' title='bbox 587 3554 618 3580; x_wconf 91' lang='lat' dir='ltr'><em>et</em></span> <span class='ocrx_word' id='word_1_695' title='bbox 641 3554 754 3589; x_wconf 76' lang='lat' dir='ltr'><em>quarto</em></span> <span class='ocrx_word' id='word_1_696' title='bbox 777 3548 963 3588; x_wconf 87' lang='lat' dir='ltr'><em>specialiter,</em></span> <span class='ocrx_word' id='word_1_697' title='bbox 986 3557 1029 3577; x_wconf 93' lang='lat' dir='ltr'><em>ne</em></span> <span class='ocrx_word' id='word_1_698' title='bbox 1045 3551 1191 3587; x_wconf 88' lang='lat' dir='ltr'><em>oporteat</em></span> <span class='ocrx_word' id='word_1_699' title='bbox 1207 3545 1292 3575; x_wconf 89' lang='lat' dir='ltr'><em>idem</em></span> <span class='ocrx_word' id='word_1_700' title='bbox 1308 3554 1374 3575; x_wconf 87' lang='lat' dir='ltr'><em>sae-</em></span> 
     </span>
    </p>
   </div>
   <div class='ocr_carea' id='block_1_18' title="bbox 1415 1912 2487 3585">
    <p class='ocr_par' dir='ltr' id='par_1_26' title="bbox 1415 1912 2481 1987">
     <span class='ocr_line' id='line_1_103' title="bbox 1415 1912 2481 1986; baseline 0.006 -44"><span class='ocrx_word' id='word_1_701' title='bbox 1415 1912 1495 1986; x_wconf 61' lang='lat' dir='ltr'><em>piusi</em></span> <span class='ocrx_word' id='word_1_702' title='bbox 1516 1919 1675 1953; x_wconf 86' lang='lat' dir='ltr'><em>repetere,</em></span> <span class='ocrx_word' id='word_1_703' title='bbox 1707 1913 1766 1943; x_wconf 89' lang='lat' dir='ltr'><em>tria</em></span> <span class='ocrx_word' id='word_1_704' title='bbox 1793 1913 1902 1944; x_wconf 91' lang='lat' dir='ltr'><em>haberi</em></span> <span class='ocrx_word' id='word_1_705' title='bbox 1929 1915 1962 1945; x_wconf 90' lang='lat' dir='ltr'><em>in</em></span> <span class='ocrx_word' id='word_1_706' title='bbox 1986 1915 2088 1946; x_wconf 88' lang='lat' dir='ltr'><em>littera</em></span> <span class='ocrx_word' id='word_1_707' title='bbox 2117 1916 2156 1946; x_wconf 87' lang='lat' dir='ltr'><em>ab</em></span> <span class='ocrx_word' id='word_1_708' title='bbox 2179 1916 2321 1947; x_wconf 90' lang='lat' dir='ltr'><em>Auctore</em></span> <span class='ocrx_word' id='word_1_709' title='bbox 2353 1917 2392 1948; x_wconf 92' lang='lat' dir='ltr'><em>de</em></span> <span class='ocrx_word' id='word_1_710' title='bbox 2415 1918 2481 1948; x_wconf 92' lang='lat' dir='ltr'><em>istis</em></span> 
     </span>
     <span class='ocr_line' id='line_1_104' title="bbox 1416 1966 1532 1987; baseline 0 0"><span class='ocrx_word' id='word_1_711' title='bbox 1416 1966 1472 1987; x_wconf 93' lang='lat' dir='ltr'><em>mo</em></span> <span class='ocrx_word' id='word_1_712' title='bbox 1496 1966 1532 1987; x_wconf 77' lang='lat' dir='ltr'><em>is.</em></span> 
     </span>
    </p>

    <p class='ocr_par' dir='ltr' id='par_1_27' title="bbox 1417 2001 2481 2266">
     <span class='ocr_line' id='line_1_105' title="bbox 1472 2001 2480 2046; baseline 0.006 -16"><span class='ocrx_word' id='word_1_713' title='bbox 1472 2001 1615 2031; x_wconf 91' lang='lat' dir='ltr'><em>Primum</em></span> <span class='ocrx_word' id='word_1_714' title='bbox 1639 2002 1818 2032; x_wconf 91' lang='lat' dir='ltr'><em>attribuitur</em></span> <span class='ocrx_word' id='word_1_715' title='bbox 1840 2002 1940 2032; x_wconf 91' lang='lat' dir='ltr'><em>modo</em></span> <span class='ocrx_word' id='word_1_716' title='bbox 1957 2003 2148 2034; x_wconf 88' lang='lat' dir='ltr'><em>substantiae</em></span> <span class='ocrx_word' id='word_1_717' title='bbox 2172 2005 2260 2044; x_wconf 93' lang='lat' dir='ltr'><em>quod</em></span> <span class='ocrx_word' id='word_1_718' title='bbox 2276 2006 2415 2046; x_wconf 88' lang='lat' dir='ltr'><em>propria</em></span> <span class='ocrx_word' id='word_1_719' title='bbox 2432 2011 2480 2036; x_wconf 92' lang='lat' dir='ltr'><em>to-</em></span> 
     </span>
     <span class='ocr_line' id='line_1_106' title="bbox 1417 2045 2478 2089; baseline 0.005 -14"><span class='ocrx_word' id='word_1_720' title='bbox 1417 2045 1527 2075; x_wconf 82' lang='lat' dir='ltr'><em>talitas</em></span> <span class='ocrx_word' id='word_1_721' title='bbox 1549 2045 1746 2076; x_wconf 86' lang='lat' dir='ltr'><em>substantiae</em></span> <span class='ocrx_word' id='word_1_722' title='bbox 1769 2046 1953 2077; x_wconf 87' lang='lat' dir='ltr'><em>continetur</em></span> <span class='ocrx_word' id='word_1_723' title='bbox 1976 2047 2198 2088; x_wconf 88' lang='lat' dir='ltr'><em>indifferenter</em></span> <span class='ocrx_word' id='word_1_724' title='bbox 2213 2049 2246 2079; x_wconf 90' lang='lat' dir='ltr'><em>in</em></span> <span class='ocrx_word' id='word_1_725' title='bbox 2256 2058 2364 2089; x_wconf 82' lang='lat' dir='ltr'><em>parua</em></span> <span class='ocrx_word' id='word_1_726' title='bbox 2380 2051 2431 2080; x_wconf 82' lang='lat' dir='ltr'><em>uel</em></span> <span class='ocrx_word' id='word_1_727' title='bbox 2446 2050 2478 2080; x_wconf 87' lang='lat' dir='ltr'><em>in</em></span> 
     </span>
     <span class='ocr_line' id='line_1_107' title="bbox 1417 2090 2480 2134; baseline 0.007 -16"><span class='ocrx_word' id='word_1_728' title='bbox 1417 2099 1540 2130; x_wconf 79' lang='lat' dir='ltr'><em>magna</em></span> <span class='ocrx_word' id='word_1_729' title='bbox 1562 2090 1750 2130; x_wconf 84' lang='lat' dir='ltr'><em>quantitate.</em></span> <span class='ocrx_word' id='word_1_730' title='bbox 1775 2090 1816 2120; x_wconf 91' lang='lat' dir='ltr'><em>Et</em></span> <span class='ocrx_word' id='word_1_731' title='bbox 1838 2100 1895 2130; x_wconf 92' lang='lat' dir='ltr'><em>per</em></span> <span class='ocrx_word' id='word_1_732' title='bbox 1918 2091 1981 2121; x_wconf 91' lang='lat' dir='ltr'><em>hoc</em></span> <span class='ocrx_word' id='word_1_733' title='bbox 2004 2092 2144 2132; x_wconf 86' lang='lat' dir='ltr'><em>intellige</em></span> <span class='ocrx_word' id='word_1_734' title='bbox 2163 2102 2294 2133; x_wconf 90' lang='lat' dir='ltr'><em>quoque</em></span> <span class='ocrx_word' id='word_1_735' title='bbox 2310 2103 2404 2124; x_wconf 88' lang='lat' dir='ltr'><em>suum</em></span> <span class='ocrx_word' id='word_1_736' title='bbox 2421 2103 2480 2134; x_wconf 94' lang='lat' dir='ltr'><em>op-</em></span> 
     </span>
     <span class='ocr_line' id='line_1_108' title="bbox 1418 2134 2481 2178; baseline 0.006 -16"><span class='ocrx_word' id='word_1_737' title='bbox 1418 2134 1576 2173; x_wconf 86' lang='lat' dir='ltr'><em>positum:</em></span> <span class='ocrx_word' id='word_1_738' title='bbox 1607 2134 1726 2164; x_wconf 91' lang='lat' dir='ltr'><em>scilicet</em></span> <span class='ocrx_word' id='word_1_739' title='bbox 1750 2134 1838 2174; x_wconf 93' lang='lat' dir='ltr'><em>quod</em></span> <span class='ocrx_word' id='word_1_740' title='bbox 1861 2134 1960 2165; x_wconf 93' lang='lat' dir='ltr'><em>modo</em></span> <span class='ocrx_word' id='word_1_741' title='bbox 1985 2137 2167 2175; x_wconf 88' lang='lat' dir='ltr'><em>quantitatis</em></span> <span class='ocrx_word' id='word_1_742' title='bbox 2190 2137 2368 2167; x_wconf 81' lang='lat' dir='ltr'><em>attribuitur</em></span> <span class='ocrx_word' id='word_1_743' title='bbox 2391 2137 2481 2178; x_wconf 92' lang='lat' dir='ltr'><em>quod</em></span> 
     </span>
     <span class='ocr_line' id='line_1_109' title="bbox 1419 2178 2480 2222; baseline 0.005 -15"><span class='ocrx_word' id='word_1_744' title='bbox 1419 2178 1564 2208; x_wconf 86' lang='lat' dir='ltr'><em>totalitas</em></span> <span class='ocrx_word' id='word_1_745' title='bbox 1579 2178 1793 2218; x_wconf 78' lang='lat' dir='ltr'><em>quantitatiua</em></span> <span class='ocrx_word' id='word_1_746' title='bbox 1812 2188 1877 2208; x_wconf 87' lang='lat' dir='ltr'><em>non</em></span> <span class='ocrx_word' id='word_1_747' title='bbox 1894 2179 2078 2210; x_wconf 86' lang='lat' dir='ltr'><em>continetur</em></span> <span class='ocrx_word' id='word_1_748' title='bbox 2093 2180 2314 2221; x_wconf 77' lang='lat' dir='ltr'><em>indifferenter</em></span> <span class='ocrx_word' id='word_1_749' title='bbox 2329 2182 2361 2212; x_wconf 87' lang='lat' dir='ltr'><em>in</em></span> <span class='ocrx_word' id='word_1_750' title='bbox 2372 2192 2480 2222; x_wconf 80' lang='lat' dir='ltr'><em>parua</em></span> 
     </span>
     <span class='ocr_line' id='line_1_110' title="bbox 1419 2221 2347 2266; baseline 0.004 -15"><span class='ocrx_word' id='word_1_751' title='bbox 1419 2222 1470 2252; x_wconf 80' lang='lat' dir='ltr'><em>uel</em></span> <span class='ocrx_word' id='word_1_752' title='bbox 1492 2221 1524 2251; x_wconf 91' lang='lat' dir='ltr'><em>in</em></span> <span class='ocrx_word' id='word_1_753' title='bbox 1548 2231 1670 2263; x_wconf 84' lang='lat' dir='ltr'><em>magna</em></span> <span class='ocrx_word' id='word_1_754' title='bbox 1692 2222 1880 2262; x_wconf 83' lang='lat' dir='ltr'><em>quantitate,</em></span> <span class='ocrx_word' id='word_1_755' title='bbox 1907 2223 1964 2253; x_wconf 86' lang='lat' dir='ltr'><em>sed</em></span> <span class='ocrx_word' id='word_1_756' title='bbox 1979 2224 2130 2263; x_wconf 86' lang='lat' dir='ltr'><em>praecise</em></span> <span class='ocrx_word' id='word_1_757' title='bbox 2152 2225 2184 2255; x_wconf 92' lang='lat' dir='ltr'><em>in</em></span> <span class='ocrx_word' id='word_1_758' title='bbox 2209 2226 2347 2266; x_wconf 84' lang='lat' dir='ltr'><em>aequali.</em></span> 
     </span>
    </p>

    <p class='ocr_par' dir='ltr' id='par_1_28' title="bbox 1419 2265 2483 2527">
     <span class='ocr_line' id='line_1_111' title="bbox 1475 2265 2481 2310; baseline 0.004 -14"><span class='ocrx_word' id='word_1_759' title='bbox 1475 2265 1671 2302; x_wconf 90' lang='lat' dir='ltr'><em>Secundum,</em></span> <span class='ocrx_word' id='word_1_760' title='bbox 1696 2265 1785 2306; x_wconf 90' lang='lat' dir='ltr'><em>quod</em></span> <span class='ocrx_word' id='word_1_761' title='bbox 1808 2267 1982 2306; x_wconf 87' lang='lat' dir='ltr'><em>explicatur</em></span> <span class='ocrx_word' id='word_1_762' title='bbox 2000 2268 2034 2298; x_wconf 91' lang='lat' dir='ltr'><em>in</em></span> <span class='ocrx_word' id='word_1_763' title='bbox 2050 2269 2182 2299; x_wconf 89' lang='lat' dir='ltr'><em>articulo</em></span> <span class='ocrx_word' id='word_1_764' title='bbox 2199 2270 2302 2305; x_wconf 89' lang='lat' dir='ltr'><em>tertio,</em></span> <span class='ocrx_word' id='word_1_765' title='bbox 2327 2275 2373 2299; x_wconf 92' lang='lat' dir='ltr'><em>est</em></span> <span class='ocrx_word' id='word_1_766' title='bbox 2392 2269 2481 2310; x_wconf 92' lang='lat' dir='ltr'><em>quod</em></span> 
     </span>
     <span class='ocr_line' id='line_1_112' title="bbox 1419 2309 2482 2351; baseline 0.005 -12"><span class='ocrx_word' id='word_1_767' title='bbox 1419 2309 1520 2340; x_wconf 91' lang='lat' dir='ltr'><em>modo</em></span> <span class='ocrx_word' id='word_1_768' title='bbox 1539 2311 1731 2340; x_wconf 86' lang='lat' dir='ltr'><em>substantiae</em></span> <span class='ocrx_word' id='word_1_769' title='bbox 1755 2311 1932 2341; x_wconf 87' lang='lat' dir='ltr'><em>attribuitur</em></span> <span class='ocrx_word' id='word_1_770' title='bbox 1956 2311 2044 2351; x_wconf 89' lang='lat' dir='ltr'><em>quod</em></span> <span class='ocrx_word' id='word_1_771' title='bbox 2068 2317 2186 2343; x_wconf 87' lang='lat' dir='ltr'><em>natura</em></span> <span class='ocrx_word' id='word_1_772' title='bbox 2202 2314 2399 2344; x_wconf 85' lang='lat' dir='ltr'><em>substantiae</em></span> <span class='ocrx_word' id='word_1_773' title='bbox 2414 2319 2482 2344; x_wconf 86' lang='lat' dir='ltr'><em>tota</em></span> 
     </span>
     <span class='ocr_line' id='line_1_113' title="bbox 1421 2354 2481 2398; baseline 0.004 -14"><span class='ocrx_word' id='word_1_774' title='bbox 1421 2359 1467 2384; x_wconf 89' lang='lat' dir='ltr'><em>est</em></span> <span class='ocrx_word' id='word_1_775' title='bbox 1488 2354 1546 2384; x_wconf 84' lang='lat' dir='ltr'><em>sub</em></span> <span class='ocrx_word' id='word_1_776' title='bbox 1569 2355 1710 2395; x_wconf 87' lang='lat' dir='ltr'><em>qualibet</em></span> <span class='ocrx_word' id='word_1_777' title='bbox 1720 2360 1818 2394; x_wconf 87' lang='lat' dir='ltr'><em>parte</em></span> <span class='ocrx_word' id='word_1_778' title='bbox 1833 2355 2066 2386; x_wconf 85' lang='lat' dir='ltr'><em>dimensionum</em></span> <span class='ocrx_word' id='word_1_779' title='bbox 2088 2357 2146 2387; x_wconf 84' lang='lat' dir='ltr'><em>sub</em></span> <span class='ocrx_word' id='word_1_780' title='bbox 2161 2358 2273 2398; x_wconf 84' lang='lat' dir='ltr'><em>quibus</em></span> <span class='ocrx_word' id='word_1_781' title='bbox 2289 2358 2481 2388; x_wconf 85' lang='lat' dir='ltr'><em>continetur.</em></span> 
     </span>
     <span class='ocr_line' id='line_1_114' title="bbox 1421 2398 2483 2442; baseline 0.004 -14"><span class='ocrx_word' id='word_1_782' title='bbox 1421 2398 1463 2428; x_wconf 93' lang='lat' dir='ltr'><em>Et</em></span> <span class='ocrx_word' id='word_1_783' title='bbox 1485 2407 1542 2438; x_wconf 90' lang='lat' dir='ltr'><em>per</em></span> <span class='ocrx_word' id='word_1_784' title='bbox 1565 2399 1752 2438; x_wconf 88' lang='lat' dir='ltr'><em>oppositum</em></span> <span class='ocrx_word' id='word_1_785' title='bbox 1775 2399 1916 2439; x_wconf 87' lang='lat' dir='ltr'><em>intellige</em></span> <span class='ocrx_word' id='word_1_786' title='bbox 1937 2400 2064 2430; x_wconf 89' lang='lat' dir='ltr'><em>attribui</em></span> <span class='ocrx_word' id='word_1_787' title='bbox 2078 2401 2179 2431; x_wconf 91' lang='lat' dir='ltr'><em>modo</em></span> <span class='ocrx_word' id='word_1_788' title='bbox 2196 2402 2377 2441; x_wconf 83' lang='lat' dir='ltr'><em>quantitatis</em></span> <span class='ocrx_word' id='word_1_789' title='bbox 2393 2402 2483 2442; x_wconf 92' lang='lat' dir='ltr'><em>quod</em></span> 
     </span>
     <span class='ocr_line' id='line_1_115' title="bbox 1423 2442 2483 2485; baseline 0.005 -13"><span class='ocrx_word' id='word_1_790' title='bbox 1423 2447 1490 2473; x_wconf 86' lang='lat' dir='ltr'><em>tota</em></span> <span class='ocrx_word' id='word_1_791' title='bbox 1521 2442 1685 2483; x_wconf 83' lang='lat' dir='ltr'><em>quantitas</em></span> <span class='ocrx_word' id='word_1_792' title='bbox 1714 2452 1779 2473; x_wconf 89' lang='lat' dir='ltr'><em>non</em></span> <span class='ocrx_word' id='word_1_793' title='bbox 1809 2448 1856 2473; x_wconf 89' lang='lat' dir='ltr'><em>est</em></span> <span class='ocrx_word' id='word_1_794' title='bbox 1883 2444 1941 2474; x_wconf 86' lang='lat' dir='ltr'><em>sub</em></span> <span class='ocrx_word' id='word_1_795' title='bbox 1969 2444 2110 2484; x_wconf 85' lang='lat' dir='ltr'><em>qualibet</em></span> <span class='ocrx_word' id='word_1_796' title='bbox 2129 2450 2227 2485; x_wconf 89' lang='lat' dir='ltr'><em>parte</em></span> <span class='ocrx_word' id='word_1_797' title='bbox 2249 2445 2483 2477; x_wconf 86' lang='lat' dir='ltr'><em>dimensionum</em></span> 
     </span>
     <span class='ocr_line' id='line_1_116' title="bbox 1423 2487 1918 2527; baseline 0.002 -10"><span class='ocrx_word' id='word_1_798' title='bbox 1423 2487 1487 2517; x_wconf 86' lang='lat' dir='ltr'><em>loci</em></span> <span class='ocrx_word' id='word_1_799' title='bbox 1509 2487 1566 2517; x_wconf 84' lang='lat' dir='ltr'><em>sub</em></span> <span class='ocrx_word' id='word_1_800' title='bbox 1589 2487 1703 2527; x_wconf 84' lang='lat' dir='ltr'><em>quibus</em></span> <span class='ocrx_word' id='word_1_801' title='bbox 1725 2487 1918 2518; x_wconf 87' lang='lat' dir='ltr'><em>continetur.</em></span> 
     </span>
    </p>

    <p class='ocr_par' dir='ltr' id='par_1_29' title="bbox 1418 2530 2487 2783">
     <span class='ocr_line' id='line_1_117' title="bbox 1478 2530 2483 2574; baseline 0.003 -13"><span class='ocrx_word' id='word_1_802' title='bbox 1478 2530 1635 2567; x_wconf 90' lang='lat' dir='ltr'><em>Tertium,</em></span> <span class='ocrx_word' id='word_1_803' title='bbox 1647 2531 1871 2572; x_wconf 86' lang='lat' dir='ltr'><em>explicativum</em></span> <span class='ocrx_word' id='word_1_804' title='bbox 1881 2532 2057 2572; x_wconf 90' lang='lat' dir='ltr'><em>utriusque,</em></span> <span class='ocrx_word' id='word_1_805' title='bbox 2069 2532 2157 2572; x_wconf 90' lang='lat' dir='ltr'><em>quod</em></span> <span class='ocrx_word' id='word_1_806' title='bbox 2169 2533 2203 2563; x_wconf 93' lang='lat' dir='ltr'><em>in</em></span> <span class='ocrx_word' id='word_1_807' title='bbox 2214 2534 2347 2564; x_wconf 86' lang='lat' dir='ltr'><em>articulo</em></span> <span class='ocrx_word' id='word_1_808' title='bbox 2359 2539 2483 2574; x_wconf 86' lang='lat' dir='ltr'><em>quarto,</em></span> 
     </span>
     <span class='ocr_line' id='line_1_118' title="bbox 1423 2574 2484 2616; baseline 0.003 -11"><span class='ocrx_word' id='word_1_809' title='bbox 1423 2574 1463 2605; x_wconf 91' lang='lat' dir='ltr'><em>ad</em></span> <span class='ocrx_word' id='word_1_810' title='bbox 1486 2575 1637 2616; x_wconf 88' lang='lat' dir='ltr'><em>primurn,</em></span> <span class='ocrx_word' id='word_1_811' title='bbox 1661 2576 1802 2615; x_wconf 88' lang='lat' dir='ltr'><em>ponitur,</em></span> <span class='ocrx_word' id='word_1_812' title='bbox 1827 2581 1873 2606; x_wconf 91' lang='lat' dir='ltr'><em>est</em></span> <span class='ocrx_word' id='word_1_813' title='bbox 1897 2576 1985 2616; x_wconf 93' lang='lat' dir='ltr'><em>quod</em></span> <span class='ocrx_word' id='word_1_814' title='bbox 2008 2577 2108 2607; x_wconf 91' lang='lat' dir='ltr'><em>modo</em></span> <span class='ocrx_word' id='word_1_815' title='bbox 2128 2578 2319 2608; x_wconf 89' lang='lat' dir='ltr'><em>substantiae</em></span> <span class='ocrx_word' id='word_1_816' title='bbox 2343 2579 2484 2609; x_wconf 88' lang='lat' dir='ltr'><em>attribui-</em></span> 
     </span>
     <span class='ocr_line' id='line_1_119' title="bbox 1423 2619 2487 2663; baseline 0.004 -14"><span class='ocrx_word' id='word_1_817' title='bbox 1423 2625 1474 2650; x_wconf 90' lang='lat' dir='ltr'><em>tur</em></span> <span class='ocrx_word' id='word_1_818' title='bbox 1498 2619 1587 2659; x_wconf 93' lang='lat' dir='ltr'><em>quod</em></span> <span class='ocrx_word' id='word_1_819' title='bbox 1609 2619 1678 2650; x_wconf 88' lang='lat' dir='ltr'><em>eius</em></span> <span class='ocrx_word' id='word_1_820' title='bbox 1702 2625 1821 2650; x_wconf 89' lang='lat' dir='ltr'><em>natura</em></span> <span class='ocrx_word' id='word_1_821' title='bbox 1845 2625 1892 2650; x_wconf 92' lang='lat' dir='ltr'><em>est</em></span> <span class='ocrx_word' id='word_1_822' title='bbox 1914 2625 1982 2651; x_wconf 89' lang='lat' dir='ltr'><em>tota</em></span> <span class='ocrx_word' id='word_1_823' title='bbox 2005 2621 2037 2651; x_wconf 91' lang='lat' dir='ltr'><em>in</em></span> <span class='ocrx_word' id='word_1_824' title='bbox 2063 2626 2128 2651; x_wconf 91' lang='lat' dir='ltr'><em>toto</em></span> <span class='ocrx_word' id='word_1_825' title='bbox 2153 2626 2184 2651; x_wconf 92' lang='lat' dir='ltr'><em>et</em></span> <span class='ocrx_word' id='word_1_826' title='bbox 2206 2627 2274 2652; x_wconf 86' lang='lat' dir='ltr'><em>tota</em></span> <span class='ocrx_word' id='word_1_827' title='bbox 2297 2622 2329 2652; x_wconf 89' lang='lat' dir='ltr'><em>in</em></span> <span class='ocrx_word' id='word_1_828' title='bbox 2346 2622 2487 2663; x_wconf 85' lang='lat' dir='ltr'><em>qualibet</em></span> 
     </span>
     <span class='ocr_line' id='line_1_120' title="bbox 1418 2663 2485 2705; baseline 0.004 -12"><span class='ocrx_word' id='word_1_829' title='bbox 1418 2668 1525 2705; x_wconf 89' lang='lat' dir='ltr'><em>parte.</em></span> <span class='ocrx_word' id='word_1_830' title='bbox 1560 2663 1602 2694; x_wconf 93' lang='lat' dir='ltr'><em>Et</em></span> <span class='ocrx_word' id='word_1_831' title='bbox 1624 2673 1682 2704; x_wconf 89' lang='lat' dir='ltr'><em>per</em></span> <span class='ocrx_word' id='word_1_832' title='bbox 1703 2665 1893 2704; x_wconf 89' lang='lat' dir='ltr'><em>oppositum</em></span> <span class='ocrx_word' id='word_1_833' title='bbox 1916 2664 2016 2695; x_wconf 90' lang='lat' dir='ltr'><em>modo</em></span> <span class='ocrx_word' id='word_1_834' title='bbox 2040 2666 2221 2704; x_wconf 90' lang='lat' dir='ltr'><em>quantitatis</em></span> <span class='ocrx_word' id='word_1_835' title='bbox 2249 2667 2426 2697; x_wconf 85' lang='lat' dir='ltr'><em>attribuitur</em></span> <span class='ocrx_word' id='word_1_836' title='bbox 2449 2672 2485 2697; x_wconf 91' lang='lat' dir='ltr'><em>ut</em></span> 
     </span>
     <span class='ocr_line' id='line_1_121' title="bbox 1423 2708 2485 2751; baseline 0.002 -13"><span class='ocrx_word' id='word_1_837' title='bbox 1423 2709 1463 2738; x_wconf 90' lang='lat' dir='ltr'><em>sit</em></span> <span class='ocrx_word' id='word_1_838' title='bbox 1486 2713 1553 2738; x_wconf 88' lang='lat' dir='ltr'><em>tota</em></span> <span class='ocrx_word' id='word_1_839' title='bbox 1577 2708 1610 2738; x_wconf 87' lang='lat' dir='ltr'><em>in</em></span> <span class='ocrx_word' id='word_1_840' title='bbox 1634 2713 1701 2738; x_wconf 90' lang='lat' dir='ltr'><em>toto</em></span> <span class='ocrx_word' id='word_1_841' title='bbox 1726 2709 1812 2744; x_wconf 92' lang='lat' dir='ltr'><em>loco,</em></span> <span class='ocrx_word' id='word_1_842' title='bbox 1837 2714 1868 2739; x_wconf 91' lang='lat' dir='ltr'><em>et</em></span> <span class='ocrx_word' id='word_1_843' title='bbox 1889 2709 2040 2750; x_wconf 83' lang='lat' dir='ltr'><em>singulae</em></span> <span class='ocrx_word' id='word_1_844' title='bbox 2056 2714 2169 2749; x_wconf 86' lang='lat' dir='ltr'><em>partes</em></span> <span class='ocrx_word' id='word_1_845' title='bbox 2192 2710 2224 2740; x_wconf 87' lang='lat' dir='ltr'><em>in</em></span> <span class='ocrx_word' id='word_1_846' title='bbox 2248 2710 2388 2751; x_wconf 82' lang='lat' dir='ltr'><em>singulis</em></span> <span class='ocrx_word' id='word_1_847' title='bbox 2403 2721 2485 2751; x_wconf 89' lang='lat' dir='ltr'><em>par-</em></span> 
     </span>
     <span class='ocr_line' id='line_1_122' title="bbox 1425 2753 1517 2783; baseline -0.011 0"><span class='ocrx_word' id='word_1_848' title='bbox 1425 2753 1517 2783; x_wconf 87' lang='lat' dir='ltr'><em>tibus.</em></span> 
     </span>
    </p>

    <p class='ocr_par' dir='ltr' id='par_1_30' title="bbox 1425 2797 2485 3278">
     <span class='ocr_line' id='line_1_123' title="bbox 1481 2797 2484 2838; baseline 0.001 -11"><span class='ocrx_word' id='word_1_849' title='bbox 1481 2797 1533 2827; x_wconf 90' lang='lat' dir='ltr'><em>IV.</em></span> <span class='ocrx_word' id='word_1_850' title='bbox 1559 2797 1594 2827; x_wconf 94' lang='lat' dir='ltr'><em>In</em></span> <span class='ocrx_word' id='word_1_851' title='bbox 1618 2797 1735 2836; x_wconf 90' lang='lat' dir='ltr'><em>quibus</em></span> <span class='ocrx_word' id='word_1_852' title='bbox 1759 2797 1909 2827; x_wconf 91' lang='lat' dir='ltr'><em>omnibus</em></span> <span class='ocrx_word' id='word_1_853' title='bbox 1940 2802 2008 2827; x_wconf 90' lang='lat' dir='ltr'><em>esto</em></span> <span class='ocrx_word' id='word_1_854' title='bbox 2037 2807 2162 2838; x_wconf 88' lang='lat' dir='ltr'><em>semper</em></span> <span class='ocrx_word' id='word_1_855' title='bbox 2190 2804 2317 2834; x_wconf 89' lang='lat' dir='ltr'><em>cautus,</em></span> <span class='ocrx_word' id='word_1_856' title='bbox 2347 2808 2422 2828; x_wconf 92' lang='lat' dir='ltr'><em>cum</em></span> <span class='ocrx_word' id='word_1_857' title='bbox 2445 2798 2484 2828; x_wconf 92' lang='lat' dir='ltr'><em>de</em></span> 
     </span>
     <span class='ocr_line' id='line_1_124' title="bbox 1426 2841 2484 2880; baseline 0.001 -9"><span class='ocrx_word' id='word_1_858' title='bbox 1426 2846 1493 2872; x_wconf 91' lang='lat' dir='ltr'><em>tota</em></span> <span class='ocrx_word' id='word_1_859' title='bbox 1516 2841 1694 2871; x_wconf 88' lang='lat' dir='ltr'><em>substantia</em></span> <span class='ocrx_word' id='word_1_860' title='bbox 1718 2846 1772 2871; x_wconf 89' lang='lat' dir='ltr'><em>aut</em></span> <span class='ocrx_word' id='word_1_861' title='bbox 1795 2846 1863 2871; x_wconf 88' lang='lat' dir='ltr'><em>tota</em></span> <span class='ocrx_word' id='word_1_862' title='bbox 1887 2846 2005 2871; x_wconf 89' lang='lat' dir='ltr'><em>natura</em></span> <span class='ocrx_word' id='word_1_863' title='bbox 2030 2851 2134 2872; x_wconf 90' lang='lat' dir='ltr'><em>sermo</em></span> <span class='ocrx_word' id='word_1_864' title='bbox 2158 2848 2213 2872; x_wconf 89' lang='lat' dir='ltr'><em>est.</em></span> <span class='ocrx_word' id='word_1_865' title='bbox 2239 2842 2402 2880; x_wconf 86' lang='lat' dir='ltr'><em>Quoniam</em></span> <span class='ocrx_word' id='word_1_866' title='bbox 2417 2852 2484 2872; x_wconf 89' lang='lat' dir='ltr'><em>non</em></span> 
     </span>
     <span class='ocr_line' id='line_1_125' title="bbox 1426 2885 2484 2925; baseline 0 -9"><span class='ocrx_word' id='word_1_867' title='bbox 1426 2885 1466 2916; x_wconf 90' lang='lat' dir='ltr'><em>de</em></span> <span class='ocrx_word' id='word_1_868' title='bbox 1489 2885 1643 2915; x_wconf 89' lang='lat' dir='ltr'><em>totalitate</em></span> <span class='ocrx_word' id='word_1_869' title='bbox 1666 2886 1804 2924; x_wconf 90' lang='lat' dir='ltr'><em>partium</em></span> <span class='ocrx_word' id='word_1_870' title='bbox 1828 2886 2116 2925; x_wconf 86' lang='lat' dir='ltr'><em>quantitativarum‚</em></span> <span class='ocrx_word' id='word_1_871' title='bbox 2141 2885 2196 2916; x_wconf 91' lang='lat' dir='ltr'><em>sed</em></span> <span class='ocrx_word' id='word_1_872' title='bbox 2218 2887 2356 2925; x_wconf 90' lang='lat' dir='ltr'><em>partium</em></span> <span class='ocrx_word' id='word_1_873' title='bbox 2379 2895 2484 2916; x_wconf 87' lang='lat' dir='ltr'><em>essen-</em></span> 
     </span>
     <span class='ocr_line' id='line_1_126' title="bbox 1425 2928 2483 2968; baseline 0.001 -9"><span class='ocrx_word' id='word_1_874' title='bbox 1425 2929 1558 2964; x_wconf 85' lang='lat' dir='ltr'><em>tialium,</em></span> <span class='ocrx_word' id='word_1_875' title='bbox 1583 2929 1756 2968; x_wconf 87' lang='lat' dir='ltr'><em>loquimur.</em></span> <span class='ocrx_word' id='word_1_876' title='bbox 1780 2929 1821 2959; x_wconf 90' lang='lat' dir='ltr'><em>Et</em></span> <span class='ocrx_word' id='word_1_877' title='bbox 1842 2928 1974 2968; x_wconf 87' lang='lat' dir='ltr'><em>perinde</em></span> <span class='ocrx_word' id='word_1_878' title='bbox 1998 2934 2044 2959; x_wconf 92' lang='lat' dir='ltr'><em>est</em></span> <span class='ocrx_word' id='word_1_879' title='bbox 2067 2929 2181 2965; x_wconf 91' lang='lat' dir='ltr'><em>dicere,</em></span> <span class='ocrx_word' id='word_1_880' title='bbox 2206 2934 2273 2959; x_wconf 90' lang='lat' dir='ltr'><em>tota</em></span> <span class='ocrx_word' id='word_1_881' title='bbox 2295 2930 2483 2965; x_wconf 84' lang='lat' dir='ltr'><em>substantia,</em></span> 
     </span>
     <span class='ocr_line' id='line_1_127' title="bbox 1426 2973 2484 3014; baseline 0 -10"><span class='ocrx_word' id='word_1_882' title='bbox 1426 2983 1462 3004; x_wconf 91' lang='lat' dir='ltr'><em>ac</em></span> <span class='ocrx_word' id='word_1_883' title='bbox 1478 2974 1504 3003; x_wconf 89' lang='lat' dir='ltr'><em>si</em></span> <span class='ocrx_word' id='word_1_884' title='bbox 1519 2973 1685 3008; x_wconf 88' lang='lat' dir='ltr'><em>diceretur,</em></span> <span class='ocrx_word' id='word_1_885' title='bbox 1702 2973 1831 3014; x_wconf 81' lang='lat' dir='ltr'><em>integra</em></span> <span class='ocrx_word' id='word_1_886' title='bbox 1854 2973 1972 3012; x_wconf 88' lang='lat' dir='ltr'><em>species</em></span> <span class='ocrx_word' id='word_1_887' title='bbox 1992 2973 2196 3003; x_wconf 85' lang='lat' dir='ltr'><em>substantiae.</em></span> <span class='ocrx_word' id='word_1_888' title='bbox 2222 2973 2383 3013; x_wconf 88' lang='lat' dir='ltr'><em>Integritas</em></span> <span class='ocrx_word' id='word_1_889' title='bbox 2399 2974 2484 3004; x_wconf 90' lang='lat' dir='ltr'><em>enim</em></span> 
     </span>
     <span class='ocr_line' id='line_1_128' title="bbox 1426 3017 2484 3057; baseline 0 -10"><span class='ocrx_word' id='word_1_890' title='bbox 1426 3017 1543 3057; x_wconf 90' lang='lat' dir='ltr'><em>speciei</em></span> <span class='ocrx_word' id='word_1_891' title='bbox 1566 3022 1698 3047; x_wconf 91' lang='lat' dir='ltr'><em>vocatur</em></span> <span class='ocrx_word' id='word_1_892' title='bbox 1720 3017 1849 3056; x_wconf 90' lang='lat' dir='ltr'><em>propria</em></span> <span class='ocrx_word' id='word_1_893' title='bbox 1872 3017 2008 3046; x_wconf 88' lang='lat' dir='ltr'><em>totalitas</em></span> <span class='ocrx_word' id='word_1_894' title='bbox 2031 3017 2239 3047; x_wconf 88' lang='lat' dir='ltr'><em>substantiae:</em></span> <span class='ocrx_word' id='word_1_895' title='bbox 2263 3027 2329 3047; x_wconf 93' lang='lat' dir='ltr'><em>non</em></span> <span class='ocrx_word' id='word_1_896' title='bbox 2353 3018 2429 3057; x_wconf 91' lang='lat' dir='ltr'><em>quia</em></span> <span class='ocrx_word' id='word_1_897' title='bbox 2450 3018 2484 3047; x_wconf 90' lang='lat' dir='ltr'><em>in</em></span> 
     </span>
     <span class='ocr_line' id='line_1_129' title="bbox 1426 3061 2483 3096; baseline 0 -4"><span class='ocrx_word' id='word_1_898' title='bbox 1426 3061 1494 3092; x_wconf 90' lang='lat' dir='ltr'><em>sola</em></span> <span class='ocrx_word' id='word_1_899' title='bbox 1513 3061 1686 3091; x_wconf 88' lang='lat' dir='ltr'><em>substantia</em></span> <span class='ocrx_word' id='word_1_900' title='bbox 1701 3061 1869 3096; x_wconf 89' lang='lat' dir='ltr'><em>invenitur,</em></span> <span class='ocrx_word' id='word_1_901' title='bbox 1894 3070 1970 3090; x_wconf 89' lang='lat' dir='ltr'><em>cum</em></span> <span class='ocrx_word' id='word_1_902' title='bbox 1985 3061 2163 3091; x_wconf 90' lang='lat' dir='ltr'><em>inveniatur</em></span> <span class='ocrx_word' id='word_1_903' title='bbox 2179 3062 2273 3091; x_wconf 83' lang='lat' dir='ltr'><em>etiam</em></span> <span class='ocrx_word' id='word_1_904' title='bbox 2289 3062 2321 3091; x_wconf 92' lang='lat' dir='ltr'><em>in</em></span> <span class='ocrx_word' id='word_1_905' title='bbox 2338 3061 2483 3092; x_wconf 89' lang='lat' dir='ltr'><em>acciden-</em></span> 
     </span>
     <span class='ocr_line' id='line_1_130' title="bbox 1426 3103 2484 3144; baseline 0.002 -10"><span class='ocrx_word' id='word_1_906' title='bbox 1426 3106 1510 3135; x_wconf 90' lang='lat' dir='ltr'><em>tibus</em></span> <span class='ocrx_word' id='word_1_907' title='bbox 1533 3105 1693 3144; x_wconf 87' lang='lat' dir='ltr'><em>integritas</em></span> <span class='ocrx_word' id='word_1_908' title='bbox 1716 3103 1880 3144; x_wconf 89' lang='lat' dir='ltr'><em>specifica;</em></span> <span class='ocrx_word' id='word_1_909' title='bbox 1905 3104 1960 3134; x_wconf 89' lang='lat' dir='ltr'><em>sed</em></span> <span class='ocrx_word' id='word_1_910' title='bbox 1976 3105 2051 3144; x_wconf 92' lang='lat' dir='ltr'><em>quia</em></span> <span class='ocrx_word' id='word_1_911' title='bbox 2066 3105 2171 3144; x_wconf 91' lang='lat' dir='ltr'><em>primo</em></span> <span class='ocrx_word' id='word_1_912' title='bbox 2187 3105 2347 3135; x_wconf 91' lang='lat' dir='ltr'><em>invenitur</em></span> <span class='ocrx_word' id='word_1_913' title='bbox 2361 3106 2395 3135; x_wconf 93' lang='lat' dir='ltr'><em>in</em></span> <span class='ocrx_word' id='word_1_914' title='bbox 2410 3106 2484 3136; x_wconf 90' lang='lat' dir='ltr'><em>sub-</em></span> 
     </span>
     <span class='ocr_line' id='line_1_131' title="bbox 1427 3148 2484 3189; baseline 0 -10"><span class='ocrx_word' id='word_1_915' title='bbox 1427 3150 1548 3179; x_wconf 89' lang='lat' dir='ltr'><em>stantia.</em></span> <span class='ocrx_word' id='word_1_916' title='bbox 1579 3149 1620 3178; x_wconf 90' lang='lat' dir='ltr'><em>Et</em></span> <span class='ocrx_word' id='word_1_917' title='bbox 1644 3148 1760 3178; x_wconf 90' lang='lat' dir='ltr'><em>directe</em></span> <span class='ocrx_word' id='word_1_918' title='bbox 1790 3148 1992 3188; x_wconf 85' lang='lat' dir='ltr'><em>distinguitur</em></span> <span class='ocrx_word' id='word_1_919' title='bbox 2014 3154 2125 3178; x_wconf 90' lang='lat' dir='ltr'><em>contra</em></span> <span class='ocrx_word' id='word_1_920' title='bbox 2147 3149 2336 3179; x_wconf 83' lang='lat' dir='ltr'><em>totalitatem</em></span> <span class='ocrx_word' id='word_1_921' title='bbox 2359 3150 2484 3189; x_wconf 88' lang='lat' dir='ltr'><em>quanti-</em></span> 
     </span>
     <span class='ocr_line' id='line_1_132' title="bbox 1426 3191 2485 3233; baseline 0.001 -11"><span class='ocrx_word' id='word_1_922' title='bbox 1426 3194 1569 3223; x_wconf 88' lang='lat' dir='ltr'><em>tativam:</em></span> <span class='ocrx_word' id='word_1_923' title='bbox 1594 3193 1637 3222; x_wconf 90' lang='lat' dir='ltr'><em>ita</em></span> <span class='ocrx_word' id='word_1_924' title='bbox 1660 3191 1748 3232; x_wconf 93' lang='lat' dir='ltr'><em>quod</em></span> <span class='ocrx_word' id='word_1_925' title='bbox 1772 3192 1938 3232; x_wconf 87' lang='lat' dir='ltr'><em>oppositae</em></span> <span class='ocrx_word' id='word_1_926' title='bbox 1955 3192 2155 3223; x_wconf 88' lang='lat' dir='ltr'><em>conditiones</em></span> <span class='ocrx_word' id='word_1_927' title='bbox 2178 3194 2344 3233; x_wconf 88' lang='lat' dir='ltr'><em>utriusque</em></span> <span class='ocrx_word' id='word_1_928' title='bbox 2368 3198 2485 3224; x_wconf 90' lang='lat' dir='ltr'><em>utram—</em></span> 
     </span>
     <span class='ocr_line' id='line_1_133' title="bbox 1428 3235 1842 3278; baseline 0 -12"><span class='ocrx_word' id='word_1_929' title='bbox 1428 3246 1491 3278; x_wconf 91' lang='lat' dir='ltr'><em>que</em></span> <span class='ocrx_word' id='word_1_930' title='bbox 1514 3237 1607 3266; x_wconf 92' lang='lat' dir='ltr'><em>nobis</em></span> <span class='ocrx_word' id='word_1_931' title='bbox 1630 3235 1842 3266; x_wconf 85' lang='lat' dir='ltr'><em>manifestant.</em></span> 
     </span>
    </p>

    <p class='ocr_par' dir='ltr' id='par_1_31' title="bbox 1426 3279 2486 3585">
     <span class='ocr_line' id='line_1_134' title="bbox 1481 3279 2485 3320; baseline 0.002 -10"><span class='ocrx_word' id='word_1_932' title='bbox 1481 3281 1538 3311; x_wconf 87' lang='lat' dir='ltr'><em>Est</em></span> <span class='ocrx_word' id='word_1_933' title='bbox 1556 3281 1651 3320; x_wconf 88' lang='lat' dir='ltr'><em>igitur</em></span> <span class='ocrx_word' id='word_1_934' title='bbox 1674 3290 1785 3310; x_wconf 89' lang='lat' dir='ltr'><em>sensus</em></span> <span class='ocrx_word' id='word_1_935' title='bbox 1807 3281 1928 3320; x_wconf 89' lang='lat' dir='ltr'><em>primae</em></span> <span class='ocrx_word' id='word_1_936' title='bbox 1952 3279 2146 3311; x_wconf 84' lang='lat' dir='ltr'><em>differentiae</em></span> <span class='ocrx_word' id='word_1_937' title='bbox 2168 3281 2201 3312; x_wconf 87' lang='lat' dir='ltr'><em>in</em></span> <span class='ocrx_word' id='word_1_938' title='bbox 2231 3281 2332 3312; x_wconf 83' lang='lat' dir='ltr'><em>littera</em></span> <span class='ocrx_word' id='word_1_939' title='bbox 2356 3282 2485 3311; x_wconf 90' lang='lat' dir='ltr'><em>attribu-</em></span> 
     </span>
     <span class='ocr_line' id='line_1_135' title="bbox 1426 3323 2486 3366; baseline -0.001 -11"><span class='ocrx_word' id='word_1_940' title='bbox 1426 3330 1476 3355; x_wconf 87' lang='lat' dir='ltr'><em>tae</em></span> <span class='ocrx_word' id='word_1_941' title='bbox 1506 3325 1554 3354; x_wconf 92' lang='lat' dir='ltr'><em>his</em></span> <span class='ocrx_word' id='word_1_942' title='bbox 1577 3324 1692 3359; x_wconf 89' lang='lat' dir='ltr'><em>modis,</em></span> <span class='ocrx_word' id='word_1_943' title='bbox 1709 3324 1828 3366; x_wconf 87' lang='lat' dir='ltr'><em>scilicet</em></span> <span class='ocrx_word' id='word_1_944' title='bbox 1842 3333 1900 3364; x_wconf 92' lang='lat' dir='ltr'><em>per</em></span> <span class='ocrx_word' id='word_1_945' title='bbox 1922 3323 2057 3355; x_wconf 89' lang='lat' dir='ltr'><em>modum</em></span> <span class='ocrx_word' id='word_1_946' title='bbox 2081 3326 2262 3364; x_wconf 85' lang='lat' dir='ltr'><em>quantitatis</em></span> <span class='ocrx_word' id='word_1_947' title='bbox 2286 3331 2316 3356; x_wconf 91' lang='lat' dir='ltr'><em>et</em></span> <span class='ocrx_word' id='word_1_948' title='bbox 2339 3335 2396 3365; x_wconf 88' lang='lat' dir='ltr'><em>per</em></span> <span class='ocrx_word' id='word_1_949' title='bbox 2415 3334 2486 3355; x_wconf 91' lang='lat' dir='ltr'><em>mo-</em></span> 
     </span>
     <span class='ocr_line' id='line_1_136' title="bbox 1428 3367 2486 3409; baseline 0 -11"><span class='ocrx_word' id='word_1_950' title='bbox 1428 3368 1505 3399; x_wconf 93' lang='lat' dir='ltr'><em>dum</em></span> <span class='ocrx_word' id='word_1_951' title='bbox 1521 3368 1722 3403; x_wconf 84' lang='lat' dir='ltr'><em>substantiae,</em></span> <span class='ocrx_word' id='word_1_952' title='bbox 1737 3367 1825 3408; x_wconf 94' lang='lat' dir='ltr'><em>quod</em></span> <span class='ocrx_word' id='word_1_953' title='bbox 1841 3369 2000 3408; x_wconf 89' lang='lat' dir='ltr'><em>integritas</em></span> <span class='ocrx_word' id='word_1_954' title='bbox 2016 3368 2163 3408; x_wconf 90' lang='lat' dir='ltr'><em>specifica</em></span> <span class='ocrx_word' id='word_1_955' title='bbox 2178 3370 2369 3400; x_wconf 89' lang='lat' dir='ltr'><em>substantiae</em></span> <span class='ocrx_word' id='word_1_956' title='bbox 2381 3374 2486 3409; x_wconf 90' lang='lat' dir='ltr'><em>potest</em></span> 
     </span>
     <span class='ocr_line' id='line_1_137' title="bbox 1428 3413 2486 3453; baseline 0.001 -11"><span class='ocrx_word' id='word_1_957' title='bbox 1428 3413 1584 3443; x_wconf 88' lang='lat' dir='ltr'><em>contineri</em></span> <span class='ocrx_word' id='word_1_958' title='bbox 1600 3413 1632 3442; x_wconf 91' lang='lat' dir='ltr'><em>in</em></span> <span class='ocrx_word' id='word_1_959' title='bbox 1656 3421 1770 3452; x_wconf 87' lang='lat' dir='ltr'><em>magna</em></span> <span class='ocrx_word' id='word_1_960' title='bbox 1797 3417 1828 3442; x_wconf 90' lang='lat' dir='ltr'><em>et</em></span> <span class='ocrx_word' id='word_1_961' title='bbox 1850 3413 1883 3442; x_wconf 91' lang='lat' dir='ltr'><em>in</em></span> <span class='ocrx_word' id='word_1_962' title='bbox 1899 3421 1995 3452; x_wconf 85' lang='lat' dir='ltr'><em>parva</em></span> <span class='ocrx_word' id='word_1_963' title='bbox 2018 3414 2202 3452; x_wconf 85' lang='lat' dir='ltr'><em>quantitate,</em></span> <span class='ocrx_word' id='word_1_964' title='bbox 2219 3419 2255 3443; x_wconf 93' lang='lat' dir='ltr'><em>ut</em></span> <span class='ocrx_word' id='word_1_965' title='bbox 2278 3419 2363 3453; x_wconf 90' lang='lat' dir='ltr'><em>patet</em></span> <span class='ocrx_word' id='word_1_966' title='bbox 2379 3414 2412 3443; x_wconf 92' lang='lat' dir='ltr'><em>in</em></span> <span class='ocrx_word' id='word_1_967' title='bbox 2427 3413 2486 3442; x_wconf 90' lang='lat' dir='ltr'><em>ho-</em></span> 
     </span>
     <span class='ocr_line' id='line_1_138' title="bbox 1427 3456 2485 3496; baseline -0.002 -9"><span class='ocrx_word' id='word_1_968' title='bbox 1427 3457 1592 3496; x_wconf 88' lang='lat' dir='ltr'><em>mogeneis</em></span> <span class='ocrx_word' id='word_1_969' title='bbox 1616 3462 1647 3486; x_wconf 91' lang='lat' dir='ltr'><em>et</em></span> <span class='ocrx_word' id='word_1_970' title='bbox 1668 3456 1887 3496; x_wconf 87' lang='lat' dir='ltr'><em>heterogeneis</em></span> <span class='ocrx_word' id='word_1_971' title='bbox 1909 3456 1943 3486; x_wconf 92' lang='lat' dir='ltr'><em>in</em></span> <span class='ocrx_word' id='word_1_972' title='bbox 1958 3456 2078 3486; x_wconf 84' lang='lat' dir='ltr'><em>littera:</em></span> <span class='ocrx_word' id='word_1_973' title='bbox 2102 3462 2207 3487; x_wconf 90' lang='lat' dir='ltr'><em>totum</em></span> <span class='ocrx_word' id='word_1_974' title='bbox 2230 3463 2337 3487; x_wconf 89' lang='lat' dir='ltr'><em>autem</em></span> <span class='ocrx_word' id='word_1_975' title='bbox 2361 3457 2485 3496; x_wconf 87' lang='lat' dir='ltr'><em>quanti-</em></span> 
     </span>
     <span class='ocr_line' id='line_1_139' title="bbox 1427 3500 2485 3540; baseline -0.002 -9"><span class='ocrx_word' id='word_1_976' title='bbox 1427 3501 1577 3536; x_wconf 90' lang='lat' dir='ltr'><em>tativum,</em></span> <span class='ocrx_word' id='word_1_977' title='bbox 1602 3506 1637 3530; x_wconf 91' lang='lat' dir='ltr'><em>ut</em></span> <span class='ocrx_word' id='word_1_978' title='bbox 1660 3501 1718 3535; x_wconf 90' lang='lat' dir='ltr'><em>sic,</em></span> <span class='ocrx_word' id='word_1_979' title='bbox 1743 3510 1810 3530; x_wconf 90' lang='lat' dir='ltr'><em>non</em></span> <span class='ocrx_word' id='word_1_980' title='bbox 1840 3500 1901 3530; x_wconf 90' lang='lat' dir='ltr'><em>nisi</em></span> <span class='ocrx_word' id='word_1_981' title='bbox 1924 3500 1982 3530; x_wconf 90' lang='lat' dir='ltr'><em>sub</em></span> <span class='ocrx_word' id='word_1_982' title='bbox 2006 3501 2131 3540; x_wconf 87' lang='lat' dir='ltr'><em>aequali</em></span> <span class='ocrx_word' id='word_1_983' title='bbox 2158 3501 2262 3540; x_wconf 91' lang='lat' dir='ltr'><em>primo</em></span> <span class='ocrx_word' id='word_1_984' title='bbox 2287 3500 2485 3535; x_wconf 87' lang='lat' dir='ltr'><em>continetur;</em></span> 
     </span>
     <span class='ocr_line' id='line_1_140' title="bbox 1429 3544 2176 3585; baseline 0 -11"><span class='ocrx_word' id='word_1_985' title='bbox 1429 3549 1556 3585; x_wconf 91' lang='lat' dir='ltr'><em>oportet</em></span> <span class='ocrx_word' id='word_1_986' title='bbox 1579 3544 1664 3574; x_wconf 89' lang='lat' dir='ltr'><em>enim</em></span> <span class='ocrx_word' id='word_1_987' title='bbox 1687 3544 1797 3574; x_wconf 90' lang='lat' dir='ltr'><em>locum</em></span> <span class='ocrx_word' id='word_1_988' title='bbox 1821 3549 1852 3574; x_wconf 92' lang='lat' dir='ltr'><em>et</em></span> <span class='ocrx_word' id='word_1_989' title='bbox 1875 3544 2016 3574; x_wconf 88' lang='lat' dir='ltr'><em>locatum</em></span> <span class='ocrx_word' id='word_1_990' title='bbox 2039 3545 2176 3584; x_wconf 90' lang='lat' dir='ltr'><em>aequari.</em></span> 
     </span>
    </p>
   </div>
   <div class='ocr_carea' id='block_1_19' title="bbox 2498 589 2710 618">
    <p class='ocr_par' dir='ltr' id='par_1_32' title="bbox 2498 589 2710 618">
     <span class='ocr_line' id='line_1_141' title="bbox 2498 589 2710 618; baseline 0 -8"><span class='ocrx_word' id='word_1_991' title='bbox 2498 590 2507 599; x_wconf 92' lang='grc'>·</span> <span class='ocrx_word' id='word_1_992' title='bbox 2514 589 2560 616; x_wconf 91' lang='lat' dir='ltr'><em>Qu.</em></span> <span class='ocrx_word' id='word_1_993' title='bbox 2568 594 2635 615; x_wconf 78' lang='lat' dir='ltr'><em>mv,</em></span> <span class='ocrx_word' id='word_1_994' title='bbox 2641 592 2683 610; x_wconf 78' lang='lat' dir='ltr'><em>art.</em></span> <span class='ocrx_word' id='word_1_995' title='bbox 2690 595 2710 618; x_wconf 77' lang='grc'><em>5.</em></span> 
     </span>
    </p>
   </div>
  </div>
 </body>
</html>
