2878 4088
417 207 486 244 166

173 291 183 301 '
198 290 244 337 (3¹¹2-
262 294 282 314 ¹,
297 291 338 310 “1-
355 295 382 315 4›
412 287 451 318 de
468 287 699 317 instrumentali
718 287 834 317 virtute
849 287 882 317 in
898 287 1001 327 prima
1024 286 1228 317 distinctione
1243 287 1260 303 ⁴*
1285 285 1406 316 dictum
1423 290 1478 315 est.

172 322 203 343 qu
245 322 288 342 '⁴‘
412 331 453 362 Et
475 332 538 361 hoc
561 331 757 371 probabilius
781 336 845 362 est:
877 332 952 371 quia
982 332 1063 372 ignis
1093 331 1145 361 ille
1168 340 1235 361 non
1259 336 1330 371 aget
1360 330 1420 359 nisi
1444 333 1480 358 ut

411 377 660 406 instrumentum
684 375 809 406 divinae
832 376 964 406 virtutis.

468 421 518 450 An
535 430 669 450 'marum
685 430 845 450 mcanmm
861 420 951 461 quod
966 421 1047 460 ignis
1072 429 1109 450 ex
1132 420 1262 460 propria
1284 424 1396 449 natura
1411 426 1479 447 non

413 464 511 494 fertur
526 465 587 494 nisi
603 474 744 495 sursum:
762 465 817 495 sed
833 466 1025 505 inquantum
1041 465 1184 504 sequitur
1200 463 1365 494 materiam
1382 470 1479 501 quam

412 509 544 548 requirit
572 514 657 539 extra
687 510 850 550 propriam
881 510 1047 549 sphaeram
1079 508 1232 544 existens,
1261 508 1305 537 sic
1336 506 1480 546 sequitur

413 554 563 583 materiae
588 554 820 584 combustibilis
848 554 954 584 situm.
989 553 1029 583 Et
1051 562 1109 592 per
1132 551 1268 582 modum
1291 552 1388 581 istum
1412 559 1480 580 non

414 603 460 627 est
483 598 713 628 inconveniens
738 597 828 638 quod
843 598 894 628 vel
910 599 943 628 in
959 597 1094 627 circuitu
1110 596 1160 627 vel
1183 597 1217 626 in
1241 595 1392 626 deorsum
1408 603 1479 624 mo-

412 647 541 672 veatur:
567 647 598 672 et
621 643 794 683 praecipue
821 641 1000 673 secundum
1028 641 1118 680 quod
1141 641 1205 680 agit
1228 646 1263 670 ut
1286 640 1479 670 instrumen-

412 691 482 716 tum
507 685 631 717 divinae
655 687 788 717 virtutis.

547 761 645 791 ART.
672 761 724 791 IV.
749 771 853 791 uranu
876 771 958 791 lours
981 770 1050 797 rma
1072 769 1271 791 puaearuaus
1300 769 1345 789 su

724 815 818 836 arum
842 815 958 835 canos
983 814 1167 835 supamoaas

581 855 612 876 1V
629 855 695 877 Cone.
714 855 790 882 Gent„
806 861 858 883 cap.
873 861 947 880 xcvu:
962 855 1000 877 Aa
1013 855 1081 882 Hah„
1097 860 1148 882 cap.
1163 860 1206 881 xn,
1220 854 1271 876 lect.
1287 860 1307 876 v.

479 917 499 937 1>
521 916 668 937 unaarum
689 916 734 936 s1c
754 916 958 937 PRocEmTUR.
977 906 1111 936 Videtur
1127 905 1216 946 quod
1231 905 1312 945 ignis
1328 905 1381 935 ille
1395 914 1471 945 pur-

173 959 184 968 ·
195 957 231 979 Ρι.
244 963 338 984 envers.
350 956 386 984 26,
416 918 564 991 Agabit
576 951 670 980 etiam
687 951 791 980 caelos
808 951 998 990 superiores.
1022 950 1107 988 Quia
1123 950 1156 980 in
1172 949 1300 979 Psalmo
1312 950 1329 965 ὕ
1345 948 1471 979 dicitur:

418 995 524 1035 Opera
540 1004 694 1024 manuum
712 999 842 1024 tuarum
857 999 934 1024 sunt
948 994 1050 1024 caeli:
1074 994 1134 1034 ipsi
1142 993 1305 1033 peribunt,
1323 998 1357 1023 tu
1373 998 1479 1023 autem

407 1048 589 1080 permanes.
615 1038 677 1068 Sed
693 1039 788 1068 etiam
805 1039 984 1078 superiores
1009 1038 1088 1068 caeli
1103 1042 1178 1067 sunt
1201 1046 1299 1077 opera
1322 1046 1479 1067 manuum

413 1083 482 1113 Dei.
508 1083 593 1123 Ergo
618 1088 648 1112 et
663 1082 724 1122 ipsi
747 1083 780 1112 in
804 1081 891 1112 finali
914 1081 1028 1112 mundi
1044 1081 1294 1121 conflagratione
1317 1081 1477 1120 peribunt.

175 990 209 1012 ²7·

174 1135 185 1145 ·
199 1133 265 1155 Vm.
283 1139 314 1155 ιπ-
470 1137 498 1157 2.
523 1128 720 1162 PRAETEREA,
738 1126 764 1156 ΙΙ
787 1126 854 1156 Pet.
878 1136 913 1156 m
928 1127 945 1142 ³*
968 1125 1099 1156 dicitur:
1127 1125 1218 1156 Caeli
1241 1124 1391 1155 ardentes
1413 1125 1478 1155 sol-

413 1177 544 1207 ventur,
569 1176 600 1202 et
622 1171 776 1201 elementa
800 1170 887 1212 ignis
910 1170 1030 1200 ardore
1053 1170 1221 1200 tabescent.
1258 1168 1347 1199 Caeli
1371 1174 1479 1199 autem

413 1217 469 1256 qui
493 1216 531 1246 ab
556 1215 721 1246 elementis
738 1214 985 1255 distinguuntur,
1006 1219 1081 1244 sunt
1104 1214 1183 1244 caeli
1199 1213 1389 1253 superiores,
1407 1214 1478 1253 qui-

412 1261 471 1290 bus
487 1259 549 1290 fixa
565 1265 639 1290 sunt
654 1259 766 1290 sidera.
786 1259 873 1299 Ergo
885 1258 1010 1289 videtur
1022 1258 1118 1288 etiam
1135 1257 1224 1298 quod
1240 1257 1285 1288 illi
1297 1266 1354 1297 per
1369 1258 1478 1298 ignem

412 1305 503 1335 illum
526 1304 756 1344 purgabuntur.

471 1350 498 1379 3.
522 1349 718 1384 Pmaraaaa,
735 1348 816 1387 ignis
833 1347 886 1377 ille
909 1345 949 1377 ad
971 1347 1035 1377 hoc
1051 1347 1110 1377 erit
1132 1352 1168 1377 ut
1186 1351 1351 1376 removeat
1373 1356 1391 1376 a
1407 1356 1477 1377 cor-

174 1398 284 1420 ·Cf·m-
298 1403 347 1425 ¹,2-
411 1393 543 1434 poribus
559 1392 837 1433 indispositionem
861 1390 901 1421 ad
923 1390 1155 1431 perfectionem
1171 1390 1291 1431 gloriae
1306 1391 1333 1420 *ἦ
1359 1390 1422 1421 Sed
1444 1391 1478 1421 in

412 1438 501 1468 caelo
526 1437 682 1477 superiori
704 1436 865 1467 invenitur
891 1434 1092 1476 indispositio
1118 1440 1149 1466 et
1173 1445 1211 1465 ex
1234 1440 1322 1476 parte
1346 1435 1476 1475 culpae,

174 1489 183 1500 ·
199 1487 235 1510 (Ξέ-
246 1488 305 1510 Part.
316 1487 334 1514 1,
345 1493 382 1515 «ιιι.
412 1483 487 1522 quia
503 1482 649 1512 diabolus
665 1482 709 1512 ibi
725 1481 868 1522 peccavit
884 1481 915 1516 *;
941 1485 972 1510 et
991 1489 1029 1510 ex
1044 1485 1134 1520 parte
1149 1479 1300 1510 naturalis
1323 1479 1476 1516 defectus,

172 1518 321 1563 Ρῦἓζῖἓξ·
412 1527 486 1567 quia
510 1527 602 1556 Rom.
619 1536 685 1562 vm,
702 1534 798 1566 super
813 1523 893 1555 illud
908 1525 935 1560 ξ
952 1524 1078 1555 Scimus
1094 1524 1182 1565 quod
1206 1524 1310 1555 omnis
1326 1529 1478 1555 creatura

173 1578 183 1588 ·
189 1576 274 1598 Lomb.
283 1582 310 1597 ex
316 1575 383 1597 Com-

172 1604 240 1624 ment.
257 1603 281 1624 in
298 1602 339 1630 Ep.
352 1602 386 1624 ad

173 1629 246 1656 Rom„
253 1629 312 1651 inter
322 1629 382 1657 opp.

172 1656 282 1678 Ambros.

412 1571 593 1613 ingemiscit
608 1575 638 1601 et
654 1570 802 1611 parturit
825 1578 924 1610 usque
940 1568 1054 1604 adhuc,
1072 1567 1148 1599 dicit
1167 1568 1282 1600 Glossa
1297 1570 1330 1598 ἐ
1360 1568 1478 1599 Omnia

411 1616 566 1646 elementa
582 1624 653 1646 cum
678 1614 789 1645 labore
804 1613 934 1655 explent
949 1613 1059 1654 officia
1082 1620 1163 1644 sua:
1185 1613 1269 1644 sicut
1291 1613 1342 1644 sol
1353 1618 1384 1644 et
1399 1614 1478 1644 luna

412 1670 476 1690 non
501 1660 570 1690 sine
597 1659 708 1690 labore
735 1663 856 1690 statuta
887 1658 1018 1699 implent
1039 1657 1099 1688 sibi
1121 1658 1236 1698 spatia.
1271 1658 1358 1699 Ergo
1382 1659 1478 1689 etiam

411 1704 490 1735 caeli
513 1704 734 1744 purgabuntur
757 1712 814 1744 per
837 1704 946 1743 ignem
969 1702 1070 1733 illum.

466 1748 529 1779 Sar>
553 1758 677 1779 con-raa
693 1757 747 1778 its-r
771 1747 861 1788 quod
878 1756 1020 1788 corpora
1041 1747 1191 1777 caelestia
1202 1748 1401 1789 peregrinae
1419 1746 1477 1776 im-

174 1797 184 1807 ·
206 1795 310 1817 Sentent.
331 1795 385 1827 Plu}—
406 1793 587 1833 pressionis
611 1792 770 1832 receptiva
794 1802 858 1822 non
881 1796 958 1822 sunt
972 1792 998 1821 *ἢ

173 1821 386 1870 53ῗέόαῖἑῖῗῆ
470 1847 499 1867 2.
523 1837 719 1872 Pani-nana,
744 1846 839 1876 super
862 1835 941 1866 illud
965 1835 991 1865 11
1021 1835 1162 1866 leessal.
1186 1845 1197 1865 1
1221 1836 1256 1871 Ἠ
1281 1835 1320 1866 In
1340 1835 1478 1875 flamma

174 1875 303 1923 figgaff‘e‘
322 1865 384 1903 6⁹¹³·
413 1882 499 1923 ignis
515 1881 622 1912 dantis
638 1880 820 1917 vindictam,
838 1880 914 1911 dicit
930 1879 1045 1911 Glossa
1059 1881 1091 1909 ἐ
1109 1880 1203 1921 Ignis
1218 1880 1281 1910 erit
1295 1880 1328 1910 in
1345 1879 1476 1916 mundo,

173 1929 183 1940 ·
199 1928 266 1949 Vers.
281 1928 302 1950 8.

174 1954 386 1982 'Lomb.exHaym.

174 1993 184 1997 -
196 1981 232 2003 Cf.
246 1982 347 2003 lutei-lin.
363 1985 386 2002 et

174 2008 231 2030 Ord.
247 2008 297 2029 sine
321 2013 383 2029 nom.

412 1926 467 1967 qui
484 1925 659 1967 praecedet
680 1934 761 1960 eum,
779 1930 903 1955 tantum
926 1925 1065 1965 spatium
1089 1924 1176 1954 aeris
1191 1933 1353 1965 occupans
1375 1934 1477 1965 quan-

412 1976 479 2001 tum
496 1970 664 2010 occupavit
679 1979 764 2009 aqua
782 1970 813 1999 in
830 1969 964 2000 diluvio.
984 1969 1047 2000 Sed
1062 1978 1146 2008 aqua
1158 1967 1267 1998 diluvii
1283 1978 1351 1999 non
1367 1978 1477 1999 ascen-

412 2014 457 2045 dit
473 2024 576 2054 usque
592 2013 631 2044 ad
647 2014 826 2053 superiores
843 2013 958 2050 caelos,
975 2013 1031 2044 sed
1047 2013 1153 2043 solum
1168 2013 1348 2053 quindecim
1364 2013 1477 2044 cubitis

410 2068 508 2099 super
529 2058 731 2089 altitudinem
754 2058 920 2094 montium,
938 2063 973 2088 ut
992 2058 1126 2088 habetur
1151 2057 1264 2088 Genes.
1280 2067 1323 2087 vn
1339 2058 1365 2087 ’ἦ
1390 2057 1476 2097 Ergo

412 2103 491 2133 caeli
513 2103 693 2143 superiores
717 2101 772 2132 illo
795 2102 870 2142 igne
892 2111 960 2133 non
983 2102 1215 2142 purgabuntur.

466 2148 654 2178 Raspommo
671 2155 831 2176 mesanum
848 2146 937 2187 quod
960 2147 1108 2187 purgatio
1131 2145 1245 2176 mundi
1268 2145 1308 2175 ad
1331 2146 1395 2176 hoc
1419 2146 1476 2176 erit

411 2197 446 2222 ut
469 2196 670 2222 removeatur
686 2200 704 2220 a
720 2192 909 2230 corporibus
930 2190 1097 2231 dispositio
1114 2190 1271 2220 contraria
1286 2189 1476 2230 perfectioni

410 2236 528 2276 gloriae
544 2237 571 2271 *,
589 2245 671 2276 quae
689 2235 820 2275 quidem
836 2235 991 2276 perfectio
1012 2241 1058 2266 est
1074 2235 1186 2266 ultima
1201 2244 1308 2265 rerum
1325 2244 1477 2265 consum-

410 2281 519 2310 matio.
544 2280 585 2310 Et
608 2281 686 2310 haec
710 2279 843 2320 quidem
862 2279 1028 2320 dispositio
1053 2281 1086 2310 in
1110 2280 1262 2310 omnibus
1286 2279 1476 2319 corporibus

410 2325 578 2361 invenitur,
596 2324 651 2355 sed
666 2323 879 2355 diversimode
899 2325 932 2354 in
956 2324 1096 2355 diversis.
1121 2324 1157 2354 In
1181 2323 1373 2365 quibusdam
1390 2323 1476 2354 enim

409 2369 569 2399 invenitur
586 2369 788 2409 indispositio
813 2368 991 2400 secundum
1012 2368 1133 2409 aliquid
1148 2369 1315 2399 inhaerens
1331 2368 1477 2398 substan·

409 2414 471 2444 tiae
488 2422 616 2444 eorum:
642 2414 723 2444 sicut
739 2414 771 2443 in
795 2414 861 2444 istis
878 2413 1067 2453 corporibus
1090 2412 1303 2448 inferioribus,
1321 2421 1404 2452 quae
1419 2421 1477 2453 per

409 2463 556 2488 mutuam
579 2458 767 2488 mixtionem
791 2457 943 2488 decidunt
967 2467 985 2487 a
1007 2458 1137 2498 propria
1163 2457 1309 2498 puritate.
1346 2457 1381 2487 In
1405 2457 1477 2497 qui-

410 2502 544 2532 busdam
559 2511 636 2532 vero
653 2503 841 2542 corporibus
857 2503 1017 2533 invenitur
1040 2501 1241 2542 indispositio
1257 2511 1326 2532 non
1348 2510 1406 2542 per
1421 2501 1476 2532 ali-

411 2546 488 2586 quid
518 2546 710 2577 substantiae
743 2556 856 2577 eorum
887 2547 1071 2577 inhaerens:
1107 2547 1190 2577 sicut
1219 2547 1252 2576 in
1287 2546 1476 2586 corporibus

411 2591 614 2627 caelestibus,
639 2591 672 2621 in
697 2591 813 2631 quibus
846 2591 925 2622 nihil
948 2591 1109 2622 invenitur
1139 2600 1321 2631 repugnans
1345 2590 1476 2621 ultimae

409 2634 599 2676 perfectioni
622 2636 761 2666 universi
789 2636 849 2666 nisi
873 2641 996 2672 motus,
1021 2636 1077 2676 qui
1101 2640 1148 2666 est
1170 2635 1221 2665 via
1244 2634 1284 2665 ad
1306 2633 1476 2675 perfectio-

409 2689 500 2716 nem;
517 2689 577 2710 nec
592 2685 700 2710 motus
716 2679 859 2720 quilibet,
874 2679 930 2710 sed
945 2680 1056 2711 localis
1071 2685 1206 2716 tantum,
1222 2680 1278 2719 qui
1293 2688 1361 2710 non
1377 2680 1475 2710 variat

411 2723 531 2764 aliquid
554 2723 643 2764 quod
659 2724 698 2754 sit
721 2725 929 2755 intrinsecum
952 2726 1008 2761 rei,
1024 2730 1061 2755 ut
1076 2724 1284 2755 substantiam
1304 2729 1358 2754 aut
1374 2733 1475 2764 quan-

410 2769 531 2798 titatem
554 2773 608 2799 aut
636 2768 841 2808 qualitatem,
865 2768 921 2799 sed
950 2769 1056 2800 solum
1084 2769 1214 2805 locum,
1239 2768 1296 2809 qui
1320 2773 1367 2798 est
1390 2773 1476 2798 extra

410 2822 487 2843 rem.
522 2813 564 2843 Et
585 2812 659 2843 ideo
684 2823 702 2843 a
731 2813 905 2843 substantia
936 2814 1015 2844 caeli
1045 2813 1217 2854 superioris
1247 2822 1315 2843 non
1348 2818 1476 2852 oportet

411 2856 499 2897 quod
523 2856 643 2897 aliquid
665 2863 884 2893 removeatur,
908 2857 964 2888 sed
987 2863 1116 2898 oportet
1149 2856 1238 2898 quod
1268 2862 1377 2888 motus
1407 2858 1476 2888 eius

174 2064 182 2073 ·
198 2061 265 2083 Vers.
282 2067 317 2083 20.

174 2237 184 2248 ·
198 2235 235 2258 Cf.
250 2242 297 2264 arg.
311 2243 330 2265 3.

1502 469 1511 490 5

1495 694 1521 709 10

1495 915 1517 935 ¹5

1493 1138 1520 1152 20

1493 1358 1516 1378 ²5

1494 1579 1519 1600 30

1493 1801 1516 1821 ³5

1491 2022 1518 2042 40

1491 2246 1514 2266 4⁵

1492 2467 1518 2488 50

1492 2690 1514 2710 55

1042 207 1305 254 QUAESTIO
1334 205 1505 251 LXXIV,
1526 204 1820 242 ARTICULUS
1849 204 1910 249 IV,
1936 204 1968 240 V

1535 293 1622 314 nunc
1643 289 1720 314 sunt
1742 283 1852 314 eodem
1883 283 1978 314 verbo
2010 283 2158 323 repositi,
2184 283 2255 324 igni
2282 284 2438 314 reservati
2461 284 2493 314 in
2518 283 2603 314 diem

1535 327 1657 358 iudicii.
1682 327 1768 367 Ergo
1793 327 1838 357 illi
1862 327 1940 358 caeli
1970 336 2028 367 per
2051 328 2159 367 ignem
2189 328 2411 368 purgabuntur
2434 329 2490 368 qui
2513 329 2601 368 prius

1535 381 1592 412 per
1615 381 1733 412 aquam
1757 371 1868 402 diluvii
1891 376 1965 402 sunt
1988 372 2123 412 purgati,
2140 371 2260 402 scilicet
2283 372 2361 402 caeli
2385 373 2470 402 aexii.

1591 417 1642 446 An
1666 426 1802 446 ‘ram-nm
1830 425 1991 446 mesanum
2024 415 2114 456 quod
2138 415 2192 445 ille
2221 416 2312 446 labor
2335 421 2366 446 et
2388 416 2442 446 illa
2468 417 2601 446 servitus

1536 466 1697 491 creaturae
1725 470 1808 500 quae
1832 460 2022 500 corporibus
2046 460 2234 491 caelestibus
2261 460 2440 490 secundum
2462 460 2601 491 Ambro—

1534 505 1618 535 sium
1642 505 1839 540 attribuitur,
1864 504 1943 534 nihil
1972 510 2019 535 est
2042 503 2129 535 aliud
2153 513 2251 544 quam
2274 504 2459 535 vicissitudo
2482 510 2601 540 motus,

1534 550 1657 579 ratione
1692 550 1784 579 cuius
1816 549 1954 589 tempori
1978 549 2208 584 subiiciuntur‚
2234 554 2265 579 et
2295 547 2439 579 defectus
2471 548 2602 579 ultimae

1535 594 1833 630 consummationis,
1852 602 1934 634 quae
1950 592 2086 623 finaliter
2108 594 2142 623 in
2165 593 2210 623 eis
2229 593 2296 623 erit.
2321 593 2369 623 Ex
2393 593 2487 633 culpa
2507 593 2602 623 etiam
2630 607 2640 617 -
2661 606 2718 629 Luc.
2741 612 2792 635 up.
2813 613 2844 633 ι,

1535 637 1732 669 daemonum
1756 638 1881 669 caelum
1898 647 2087 678 empyreum
2110 636 2319 668 infectionem
2335 646 2402 667 non
2427 638 2600 668 contraxit:
2630 639 2690 654 “³¹⁵-
2712 633 2750 659 ¹8³
2769 633 2842 661 ΛΡΜ·

1535 683 1611 723 quia
1634 682 1800 723 peccando
1824 683 1929 713 statim
1954 682 1993 712 de
2017 682 2107 713 caelo
2131 682 2255 722 expulsi
2279 687 2353 712 sunt
2368 682 2394 711 ἦ
2630 665 2682 714 3381
2692 666 2739 686 ω’
2754 665 2814 681 vera.
2829 665 2844 687 ⁷

1533 757 1634 788 ART.
1651 757 1690 787 V.
1708 767 1812 787 uranu
1831 767 1913 788 lours
1932 767 2001 787 uma
2020 767 2092 788 ama
2111 766 2275 787 ELEMENTA
2299 765 2538 787 consummans
2557 767 2602 787 srr

1888 807 1920 828 lv
1937 807 2004 830 Cont.
2022 807 2098 834 Gent„
2113 813 2164 835 cap.
2181 813 2254 829 xcvn.

1599 868 1620 888 D
1645 868 1784 889 ammom
1808 868 1854 889 sic
1874 867 2078 889 tumeam-run.
2102 858 2237 888 Videtur
2262 857 2352 898 quod
2367 858 2449 898 ignis
2471 858 2524 888 ille
2544 858 2604 888 alia

1536 871 1758 933 Aelementa
1786 908 1965 934 consumet.
1990 902 2090 941 Quia,
2110 908 2148 933 ut
2167 902 2243 933 dicit
2266 902 2381 933 Glossa
2403 903 2420 919 ⁴*
2442 901 2559 939 Bedae,
2577 902 2603 932 11
2631 909 2642 920 ·
2655 908 2714 932 ord.

1533 947 1600 977 Pet.
1617 947 1674 977 ult.
1691 948 1717 983 *‚
1735 947 1890 978 elementa
1913 952 2064 988 quatuor,
2080 947 2194 988 quibus
2211 946 2350 978 mundus
2370 947 2524 983 consistit,
2549 947 2604 977 ille
2632 954 2642 964 ·
2656 952 2724 975 vm.
2741 958 2778 974 ιο.

1534 991 1696 1022 maximus
1712 991 1799 1033 ignis
1810 992 1962 1022 absumet.
1984 992 2053 1022 Nec
2068 997 2183 1022 cuncta
2201 992 2233 1022 in
2251 997 2376 1022 tantum
2392 996 2558 1022 consumet
2569 996 2605 1021 ut

1534 1045 1598 1065 non
1614 1035 1698 1065 sint:
1720 1035 1777 1066 sed
1792 1035 1856 1066 duo
1874 1045 1915 1067 ex
1931 1041 1998 1066 toto
2014 1041 2188 1072 consumet,
2205 1036 2270 1067 duo
2287 1045 2364 1067 vero
2381 1036 2413 1066 in
2438 1036 2603 1066 meliorem

1535 1079 1680 1110 restituet
1692 1080 1829 1120 faciem.
1865 1080 1951 1120 Ergo
1974 1080 2099 1111 videtur
2130 1080 2219 1121 quod
2242 1080 2282 1111 ad
2313 1081 2420 1111 minus
2449 1080 2515 1111 duo
2540 1080 2603 1110 ele-

1533 1128 1642 1154 menta
1664 1132 1722 1162 per
1744 1124 1853 1164 ignem
1875 1124 1967 1155 illum
1991 1124 2181 1155 destruenda
2203 1126 2266 1155 sint
2288 1125 2435 1155 totaliter.

1591 1177 1620 1197 2.
1644 1167 1840 1204 prumam,
1864 1170 1963 1208 Apoc.
1983 1178 2035 1198 xxr
2050 1169 2085 1199 ’τ
2120 1169 2265 1199 Primum
2293 1169 2418 1200 caelum
2445 1173 2477 1199 et
2491 1168 2603 1209 prima
2631 1179 2641 1188 ·
2656 1177 2724 1200 Vera.
2740 1185 2760 1200 ι.

1534 1216 1624 1242 terra
1647 1212 1735 1248 abiit,
1752 1217 1783 1242 et
1797 1221 1889 1242 mare
1904 1213 1969 1243 iam
1986 1222 2050 1243 non
2067 1218 2123 1243 est.
2147 1212 2211 1243 Sed
2225 1222 2283 1253 per
2298 1213 2423 1244 caelum
2443 1222 2496 1243 aer
2510 1213 2603 1244 intel-

1533 1255 1659 1296 ligitur,
1684 1262 1720 1288 ut
1742 1257 1943 1297 Augustinus
1967 1256 2043 1287 dicit
2058 1258 2085 1287 *.
2110 1257 2198 1287 Mare
2233 1262 2342 1287 autem
2373 1262 2420 1288 est
2442 1266 2603 1298 aquarum
2631 1263 2693 1294 {De
2705 1262 2774 1285 civit.
2789 1263 2846 1290 Dei,

1533 1302 1750 1343 congregatio
1766 1301 1793 1330 *.
1817 1300 1903 1341 Ergo
1927 1300 2052 1331 videtur
2075 1301 2166 1342 quod
2188 1301 2242 1331 illa
2264 1301 2322 1331 tria
2342 1301 2500 1332 elementa
2521 1306 2604 1332 tota·
2630 1289 2846 1344 Ρέὲῑᾶῗξζξζῗζζ

1532 1344 1603 1375 liter
1625 1345 1836 1376 destruentur.
2633 1348 2668 1365 ¹⁰·
2767 1343 2770 1345 ’

1590 1389 1619 1420 3.
1636 1390 1833 1425 mamm,
1850 1389 1932 1429 ignis
1947 1398 2015 1420 non
2030 1394 2145 1430 purgat
2160 1390 2221 1420 nisi
2237 1389 2418 1420 secundum
2433 1390 2497 1421 hoc
2513 1388 2604 1431 quod

1533 1434 1594 1464 alia
1617 1434 1799 1465 efficiuntur
1820 1434 1952 1464 materia
1983 1434 2051 1464 eius
2067 1435 2093 1464 “.
2129 1434 2163 1465 Si
2186 1443 2263 1474 ergo
2295 1434 2377 1474 ignis
2406 1440 2522 1475 purgat
2544 1433 2605 1465 alia
2631 1439 2642 1450 ·
2660 1438 2697 1461 Cf·
2717 1442 2761 1462 m·
2775 1443 2801 1467 ³,
2819 1439 2845 1461 1¹¹

1534 1478 1703 1516 elementa,
1717 1483 1847 1520 oportet
1862 1477 1953 1518 quod
1969 1479 2037 1509 eius
2051 1479 2184 1509 materia
2201 1477 2387 1510 efficiantur.
2403 1479 2490 1519 Ergo
2506 1487 2604 1520 opor·
2631 1464 2670 1487 ⁰¹³·
2685 1471 2750 1494 ΜΡ·

1533 1528 1579 1553 tet
1602 1523 1693 1563 quod
1715 1525 1748 1554 in
1771 1528 1918 1554 naturam
1940 1523 2023 1563 ignis
2045 1528 2214 1554 transeant.
2240 1522 2280 1553 Et
2303 1524 2348 1554 sic
2372 1533 2390 1554 a
2412 1529 2525 1554 natura
2547 1532 2605 1554 sua

1534 1574 1789 1609 corrumpentur.

1588 1621 1619 1651 4.
1644 1613 1840 1648 Pani-nana,
1857 1611 1961 1642 forma
1984 1612 2066 1652 ignis
2090 1617 2137 1642 est
2152 1611 2349 1643 nobilissima
2371 1611 2549 1644 formarum
2564 1612 2605 1644 ad

1534 1666 1632 1698 quarn
1654 1657 1788 1698 perduci
1811 1656 1912 1698 possit
1945 1656 2145 1687 elementaris
2175 1657 2316 1688 materia.
2351 1655 2415 1688 Sed
2436 1666 2494 1697 per
2517 1657 2604 1697 illam

1533 1702 1758 1742 purgationem
1781 1701 1891 1732 omnia
1913 1701 1947 1731 in
1970 1701 2208 1732 nobilissimum
2231 1706 2349 1732 statum
2382 1701 2602 1733 mutabuntur.

1533 1747 1619 1786 Ergo
1643 1747 1703 1777 alia
1726 1746 1884 1777 elementa
1906 1745 1940 1775 in
1962 1746 2071 1785 ignem
2094 1745 2232 1776 totaliter
2255 1750 2491 1776 convertentur.

1588 1791 1651 1823 San
1669 1800 1792 1821 com-aa
1817 1800 1871 1820 asi·
1887 1789 1978 1830 quod
1993 1789 2108 1820 dicitur
2123 1791 2140 1806 ¹*
2157 1790 2169 1820 1
2188 1790 2265 1820 Cor.
2281 1800 2335 1826 vn,
2351 1799 2448 1830 super
2462 1789 2542 1821 illud
2557 1791 2602 1827 ⁴⁸,
2629 1791 2730 1841 :Qut-
2741 1792 2847 1815 latu-lin.

1532 1836 1693 1867 Pmeterit
1707 1835 1828 1877 figura
1853 1834 1949 1864 huius
1971 1834 2103 1865 mundi:
2138 1834 2343 1870 Putet—itudo,
2368 1844 2434 1865 non
2457 1834 2603 1866 substan·
2689 1825 2735 1842 ω’
2749 1825 2784 1848 ³¹⁹

1533 1880 1578 1911 tia
1604 1880 1773 1921 praeterit.
1809 1878 1871 1910 Sed
1899 1879 1970 1919 ipsa
1998 1879 2172 1909 substantia
2200 1879 2435 1910 elementorum
2465 1879 2604 1919 pertinet

1533 1924 1572 1955 ad
1595 1924 1828 1965 perfectionem
1850 1922 1974 1954 mundi.
1998 1923 2084 1963 Ergo
2109 1923 2267 1954 elementa
2288 1933 2356 1954 non
2372 1929 2604 1954 consumentur

1532 1968 1712 1999 secundum
1735 1977 1826 1998 suam
1850 1968 2068 1998 substantiam.

1590 2023 1618 2043 2.
1643 2013 1839 2047 Pmaraaaa,
1855 2011 1909 2042 illa
1924 2010 2027 2042 finalis
2050 2012 2208 2052 purgatio,
2226 2021 2309 2052 quae
2324 2011 2380 2042 fiet
2403 2021 2460 2052 per
2482 2013 2601 2053 ignem,

1532 2056 1739 2098 respondebit
1761 2057 1882 2097 primae
1905 2057 2098 2096 purgationi,
2116 2065 2199 2096 quae
2223 2055 2305 2087 facta
2328 2061 2376 2086 est
2393 2066 2451 2097 per
2474 2066 2601 2097 aquam.

1532 2101 1595 2132 Sed
1611 2101 1664 2132 illa
1688 2110 1755 2131 non
1772 2101 1915 2141 corrupit
1939 2100 2174 2131 elementorum
2189 2101 2407 2131 substantiam.
2431 2101 2518 2142 Ergo
2541 2110 2602 2132 nec

1531 2146 1584 2177 illa
1607 2155 1690 2186 quae
1713 2145 1768 2176 fiet
1791 2154 1848 2185 per
1871 2145 1979 2184 ignem
2002 2150 2196 2185 corrumpet.

1586 2191 1777 2221 Raspotmao
1801 2199 1961 2219 mesanum
1985 2188 2075 2229 quod
2099 2189 2182 2220 circa
2204 2189 2287 2220 hanc
2311 2190 2535 2230 quaestionem
2555 2195 2603 2220 est

1531 2235 1699 2275 multiplex
1723 2235 1847 2275 opinio.
1872 2233 2014 2271 Quidam
2037 2234 2124 2264 enim
2151 2233 2262 2264 dicunt
2288 2233 2378 2274 quod
2405 2234 2515 2265 omnia
2538 2234 2602 2264 ele-

1531 2284 1640 2310 menta
1671 2279 1850 2310 manebunt
1882 2283 2040 2319 quantum
2073 2277 2112 2309 ad
2141 2279 2323 2314 materiam,
2353 2279 2462 2309 omnia
2493 2284 2602 2309 autem
2629 2294 2631 2296 ·

1531 2324 1742 2354 mutabuntur
1757 2328 1915 2363 quantum
1938 2322 1978 2353 ad
1997 2322 2294 2363 imperfectionem;
2317 2321 2374 2353 sed
2397 2322 2463 2354 duo
2487 2331 2602 2354 eorum

1531 2369 1715 2399 retinebunt
1737 2368 1900 2408 propriam
1925 2366 2062 2397 formam
2085 2367 2334 2403 substantialem,
2352 2367 2472 2398 scilicet
2495 2377 2548 2398 aer
2570 2372 2602 2398 et

1531 2418 1630 2449 terra;
1653 2413 1687 2443 in
1710 2411 1839 2443 duobus
1854 2421 1942 2447 vero,
1959 2411 2080 2442 scilicet
2101 2412 2135 2442 in
2158 2412 2232 2451 igne
2251 2416 2283 2442 et
2305 2421 2399 2452 aqua,
2415 2421 2483 2442 non
2499 2421 2601 2442 rema-

1531 2457 1620 2488 nebit
1643 2456 1746 2487 forma
1770 2456 1982 2487 substantialis
2006 2465 2136 2492 eorum,
2161 2455 2218 2486 sed
2240 2456 2451 2487 mutabuntur
2473 2455 2513 2487 ad
2535 2455 2601 2486 for·

1531 2511 1618 2532 mam
1643 2501 1738 2538 cae1i;
1763 2506 1794 2532 et
1810 2501 1854 2532 sic
1878 2501 1935 2531 tria
1951 2500 2119 2536 elementa,
2136 2500 2256 2531 scilicet
2271 2500 2363 2541 ignia
2380 2510 2432 2531 aer
2455 2505 2486 2531 et
2506 2509 2599 2541 aqua.

1532 2546 1658 2576 caelum
1675 2545 1836 2582 dicentur;
1861 2545 2007 2585 quamvis
2023 2554 2075 2575 aer
2098 2545 2231 2575 retineat
2251 2543 2389 2575 formam
2413 2544 2601 2575 substantia-

1531 2590 1596 2621 lem
1620 2589 1755 2621 eandem
1778 2599 1876 2631 quam
1899 2598 1987 2620 nunc
2009 2589 2121 2626 habet,
2146 2589 2222 2630 quia
2244 2598 2332 2620 nunc
2356 2590 2452 2620 etiam
2475 2589 2601 2620 caelum

1531 2634 1656 2665 dicitur.
1690 2634 1785 2666 Unde
1809 2635 1904 2665 etiam
1932 2634 2030 2674 Apoc.
2057 2644 2109 2664 xxi
2124 2634 2141 2650 *
2165 2643 2232 2664 non
2255 2632 2292 2664 fit
2321 2634 2444 2664 mentio
2477 2634 2537 2664 nisi
2561 2633 2601 2664 de
2629 2640 2638 2651 ·
2652 2638 2720 2661 Ven-
2736 2645 2756 2661 ι.

1531 2679 1621 2710 caelo
1634 2684 1666 2710 et
1677 2684 1774 2710 terra:
1798 2678 1876 2715 Vidi,
1890 2679 2005 2718 inquit,
2018 2678 2142 2709 caelum
2160 2687 2278 2709 novum
2291 2682 2323 2709 et
2333 2683 2455 2709 terram
2472 2687 2599 2709 novam.

1587 2723 1650 2754 Sed
1674 2724 1752 2754 haec
1777 2723 1890 2763 opinio
1914 2728 1961 2753 est
1983 2723 2119 2754 omnino
2143 2721 2288 2753 absurda.
2318 2722 2490 2763 Repugnat
2513 2722 2601 2753 enim

1531 2773 1563 2799 et
1586 2767 1826 2809 philosophiae,
1850 2766 2029 2798 secundum
2060 2776 2158 2808 quam
2181 2767 2260 2808 poni
2290 2776 2358 2797 non
2381 2771 2488 2807 potest
2511 2766 2601 2807 quod

1532 2822 1667 2854 corpora
1690 2812 1840 2843 inferiora
1863 2812 1925 2842 sint
1947 2812 1982 2842 in
2011 2812 2156 2852 potentia
2178 2811 2218 2842 ad
2241 2810 2380 2842 formam
2403 2811 2499 2847 caeli,
2524 2819 2600 2842 cum

1530 2866 1591 2888 nec
1614 2857 1780 2888 materiam
1803 2856 1940 2887 habeant
1963 2865 2184 2892 communem,
2200 2865 2261 2887 nec
2284 2855 2540 2886 contrarietatem
2560 2854 2600 2886 ad

410 2901 578 2941 quietetur.
603 2901 767 2939 Quietatio
788 2907 897 2932 autem
911 2907 1020 2933 motus
1036 2902 1146 2933 localis
1161 2911 1229 2932 non
1245 2900 1281 2932 fit
1297 2911 1354 2942 per
1377 2902 1475 2932 actio-
1489 2913 1516 2933 σο
1530 2902 1687 2938 invicem;
1712 2907 1743 2932 et
1767 2901 1863 2932 etiam
1878 2900 2070 2941 theologiae,
2088 2901 2163 2941 quia
2178 2899 2358 2931 secundum
2380 2900 2463 2930 hanc
2477 2907 2599 2940 propo-

410 2954 485 2975 nem
508 2946 641 2976 alicuius
665 2946 813 2976 contrarii
843 2947 983 2987 agentis,
1008 2946 1064 2977 sed
1086 2956 1144 2987 per
1166 2947 1229 2976 hoc
1254 2945 1344 2987 quod
1366 2951 1475 2976 motor
1530 2946 1680 2977 sitionem
1703 2955 1771 2976 non
1794 2945 1966 2976 salvabitur
1987 2944 2142 2985 perfectio
2166 2945 2305 2975 universi
2325 2953 2401 2975 cum
2421 2943 2599 2984 integritate

410 2988 530 3020 desistit
545 2999 563 3020 a
577 2990 750 3021 movendo.
768 2990 809 3021 Et
824 2990 898 3021 ideo
911 2991 1058 3022 caelestia
1070 3000 1207 3031 corpora
1222 2999 1283 3021 nec
1298 2999 1356 3031 per
1366 2991 1475 3031 ignem
1530 3000 1661 3021 suarum
1683 2990 1832 3030 partium,
1849 2989 1978 3020 duobus
2001 2989 2167 3020 elementis
2182 2988 2322 3020 sublatis.
2346 2987 2440 3019 Unde
2454 2996 2513 3028 per
2534 2987 2599 3018 hoc

410 3043 470 3064 nec
486 3043 542 3074 per
565 3034 697 3065 alicuius
717 3040 878 3066 creaturae
901 3036 1062 3066 actionem
1080 3035 1312 3076 purgabuntur.
1329 3034 1385 3066 sed
1407 3035 1475 3075 ipsa
1530 3034 1619 3076 quod
1636 3034 1712 3065 dicit
1727 3034 1862 3069 caelum,
1875 3033 2060 3074 intelligitur
2075 3034 2225 3074 quintum
2245 3041 2380 3074 corpus;
2396 3032 2506 3062 omnia
2521 3041 2598 3062 vero

412 3087 524 3108 eorum
548 3079 715 3118 quietatio,
740 3079 808 3110 sola
831 3079 996 3110 voluntate
1020 3079 1126 3110 divina
1149 3079 1306 3115 accidens,
1331 3080 1375 3110 eis
1399 3079 1474 3110 loco
1530 3080 1689 3111 elementa
1704 3078 1925 3118 intelliguntur
1947 3087 2004 3118 per
2020 3084 2146 3114 terram,
2162 3078 2245 3109 sicut
2260 3077 2294 3108 in
2309 3076 2436 3107 Psalmo
2453 3076 2486 3106 *z
2511 3075 2598 3107 Lau·
2626 3079 2839 3106 'Pacu-'mam-

411 3122 607 3162 purgationis
631 3123 698 3153 erit.

465 3166 516 3196 An
532 3176 648 3197 Panum
664 3177 747 3197 anuo
771 3177 931 3198 nxcanmm
948 3168 1048 3209 quod,
1065 3168 1147 3198 sicut
1164 3168 1364 3208 Augustinus
1387 3167 1473 3205 dicit,

410 3209 469 3239 XX
492 3210 531 3240 de
556 3210 624 3241 Civ.
641 3211 703 3241 Dei
719 3212 751 3248 *‚
776 3212 871 3242 verba
894 3212 947 3242 illa
969 3212 1086 3243 Psalmi
1109 3217 1184 3243 sunt
1206 3212 1412 3252 intelligenda
1434 3212 1474 3244 de

411 3254 508 3284 caelis
531 3255 644 3291 aereis,
663 3256 718 3295 qui
742 3257 962 3296 purgabuntur
984 3266 1042 3297 per
1064 3257 1172 3297 ignem
1199 3257 1331 3288 ultimae
1355 3256 1474 3288 confla-

411 3298 570 3337 grationis.

174 3205 184 3216 ·
204 3204 276 3232 Capp.
299 3211 355 3227 xvui
364 3222 370 3233 ,

174 3237 238 3253 xxiv.

1488 3133 1513 3159 65

1530 3124 1604 3155 date
1626 3123 1804 3154 Dominum
1828 3123 1867 3153 de
1890 3127 1989 3159 terra,
2007 3127 2038 3153 et
2064 3122 2222 3162 sequitur,
2243 3121 2339 3162 ignis,
2362 3119 2503 3162 grando,
2529 3120 2596 3157 nix,
2625 3112 2647 3133 ⁷'
2663 3105 2686 3128 ⁸·

1530 3169 1740 3243 glaglltesi’dzbc·
1753 3211 1806 3242 alii
1834 3210 1945 3242 dicunt
1975 3209 2065 3251 quod
2095 3210 2205 3241 omnia
2235 3209 2392 3240 elementa
2421 3209 2598 3239 manebunt

1529 3256 1710 3287 secundum
1733 3255 1958 3291 substantiam,
1981 3254 2038 3285 sed
2061 3253 2228 3295 qualitates
2257 3253 2378 3284 activae
2401 3258 2432 3284 et
2454 3253 2598 3294 passivae

1529 3302 1569 3332 ab
1593 3301 1638 3332 eis
1661 3299 1914 3331 removebuntur
1928 3299 1954 3329 θ.
1979 3298 2068 3330 Sicut
2091 3298 2187 3329 etiam
2209 3303 2338 3338 ponunt
2361 3296 2451 3338 quod
2474 3298 2507 3328 in
2526 3306 2597 3328 cor·
2623 3298 2839 3353 {53thss

466 3341 525 3372 Vel
548 3341 720 3374 dicendum
750 3344 853 3384 quod,
879 3345 904 3374 si
936 3345 1031 3375 etiam
1063 3344 1102 3376 de
1130 3345 1348 3385 superioribus
1380 3345 1474 3376 caelis
1488 3358 1516 3380 7⁰
1529 3354 1610 3386 pore
1632 3345 1733 3375 mixto
1750 3344 1908 3375 elementa
1923 3342 2082 3373 salvantur
2104 3341 2283 3372 secundum
2299 3351 2371 3372 suas
2387 3341 2506 3372 formas
2521 3341 2597 3372 sub—
2624 3356 2667 3375 m.
2682 3357 2704 3381 7·

411 3385 613 3425 intelligatur,
629 3392 707 3417 tunc
723 3387 872 3419 dicuntur
895 3389 997 3429 perire
1014 3394 1172 3429 quantum
1195 3388 1235 3420 ad
1250 3394 1388 3426 motum,
1406 3399 1473 3430 quo
1529 3389 1688 3420 stantiales
1710 3389 1779 3419 sine
1801 3388 1865 3418 hoc
1881 3386 1971 3427 quod
1993 3387 2138 3428 proprias
2154 3386 2320 3426 qualitates
2343 3386 2496 3417 habeant:
2521 3394 2596 3417 cum

412 3437 499 3459 nunc
522 3431 674 3461 continue
697 3437 877 3462 moventur.

467 3473 517 3502 Ar>
541 3484 702 3504 sacunnuu
721 3485 879 3506 mmmmm
896 3476 985 3516 quod
1003 3477 1114 3508 Petrus
1131 3487 1164 3508 se
1184 3478 1316 3518 exponit
1339 3477 1378 3508 de
1402 3477 1473 3518 qui-

174 3513 185 3523 '
199 3511 266 3535 Ver..
280 3518 292 3540 ⁵
306 3518 357 3541 “³⁴¹-
412 3515 472 3546 bus
496 3518 589 3548 caelis
612 3518 773 3558 intelligat.
798 3519 1004 3551 Praemiserat
1027 3522 1113 3552 enim
1129 3523 1146 3538 *
1169 3527 1242 3552 ante
1260 3522 1356 3552 verba
1378 3521 1472 3552 indu-

1528 3434 1591 3464 sint
1613 3434 1647 3464 in
1669 3431 1814 3463 medium
1842 3430 2008 3467 reductae,
2033 3435 2064 3461 et
2086 3430 2230 3461 medium
2259 3435 2411 3462 neutrum
2439 3435 2596 3461 extremo-

1528 3487 1601 3508 rum
1624 3482 1680 3508 est.
1705 3477 1747 3507 Et
1769 3475 1845 3506 huic
1867 3475 1963 3506 etiam
1985 3474 2111 3505 videtur
2133 3484 2311 3506 consonare
2331 3474 2422 3515 quod
2443 3474 2596 3515 Augusti-

1527 3531 1589 3552 nus
1605 3520 1690 3557 dicit,
1706 3520 1767 3551 XX
1782 3519 1822 3550 de
1846 3519 1914 3550 Ciu.
1930 3519 1994 3549 Dei
2009 3519 2041 3549 *ε
2067 3518 2132 3549 Illa
2148 3519 2411 3561 conflagratione
2429 3518 2595 3549 mundana
2623 3519 2633 3531 ·
2647 3518 2706 3546 Θιβ-
2719 3523 2768 3540 ”¹-

413 3565 463 3590 cta
486 3561 575 3600 quod
603 3562 684 3592 caeli
707 3563 802 3602 prius
826 3569 855 3593 et
879 3569 966 3594 terra
994 3574 1056 3605 per
1079 3575 1196 3606 aquam
1220 3566 1392 3606 perierant
1417 3566 1473 3607 qui
1486 3578 1511 3599 ⁷5
1527 3566 1757 3596 elementorum
1791 3563 2048 3604 corruptibilium
2086 3563 2258 3604 qualitates
2290 3571 2373 3604 quae
2406 3562 2596 3603 corporibus
