2878 4088
97 459 107 469 ·
122 458 189 480 vers.
204 463 227 486 9.

244 1359 250 1366 -
296 1350 303 1370 ;
334 1346 371 1373 ut
391 1347 480 1382 patet
501 1342 536 1372 in
559 1342 572 1372 I
591 1341 683 1372 Caeli
705 1347 736 1372 et
750 1341 869 1372 Mundi
883 1342 910 1372 *.
934 1341 1020 1381 Ergo
1045 1341 1140 1371 etiam
1156 1340 1210 1370 illa
1233 1339 1400 1380 dispositio

92 2049 106 2061 ·
118 2049 186 2072 Vm.
203 2053 240 2077 19·

92 2183 104 2196 ·
118 2181 193 2205 Art-t.
211 2181 307 2210 Pky'tic.

92 2207 308 2259 &afflati-..222

97 2407 150 2430 ²1³⁸.
158 2413 208 2436 vm,
215 2412 275 2430 ven.
284 2406 307 2430 8.

92 2539 104 2551 ·
119 2537 187 2560 Vere.
201 2543 238 2561 ao.

95 2670 106 2681 ·
120 2668 157 2692 Cf.
178 2669 242 2718 ΑἮ.
262 2667 307 2716 ἧς.

95 2695 200 2723 CXVIII,
231 2695 266 2717 .1.
301 2711 307 2722 ,

93 2721 132 2771 fg
146 2721 236 2750 Dione„
255 2727 307 2750 etp.

94 2847 205 2898 ml,
216 2853 310 2877 «ιω,

96 2903 107 2913 ·
121 2900 190 2928 lbid„
203 2904 247 2924 m.
260 2907 281 2930 ³·

99 3419 110 3429 ·
126 3417 192 3439 νει-ι.
209 3423 244 3440 ιο.

301 1492 308 1498 ·
335 1479 367 1505 et
389 1474 545 1515 Origenes
561 1475 578 1491 ⁴‘
600 1480 797 1515 posuerunt:
829 1479 865 1505 ut
886 1479 961 1514 post
983 1474 1070 1504 hunc
1100 1472 1260 1504 mundum
1283 1473 1323 1503 sit
1345 1473 1402 1503 ite-

300 1519 307 1551 t
334 1528 407 1550 rum
429 1518 570 1550 mundus
594 1519 684 1556 alius,
701 1524 733 1549 et
755 1524 829 1559 post
851 1519 943 1549 illum
966 1518 1083 1548 iterum
1106 1517 1196 1548 alius.

325 2537 426 2579 sacta
447 2542 524 2568 sunt
546 2537 718 2568 invisibilia
741 2537 805 2568 Dei
834 2537 1008 2577 conspicit,
1035 2542 1072 2567 ut
1094 2536 1209 2568 dicitur
1237 2537 1331 2567 Rom.
1348 2547 1359 2566 1
1374 2538 1401 2567 ’ἦ

1027 157 1291 205 QUAESTIO
1321 156 1424 203 XCI,
1453 154 1746 193 ARTICULUS
1776 156 1800 201 1,
1826 156 1855 191 II
2448 154 2522 191 213

1460 235 1600 274 aliquam
1616 233 1742 268 habere,
1759 241 1842 272 quae
1858 234 2001 263 consistit
2015 234 2049 263 in
2068 234 2131 264 hoc
2147 234 2236 274 quod
2252 234 2304 264 illa
2321 243 2403 274 quae
2418 235 2524 274 priora

1460 278 1599 314 fuerunt,
1616 278 1732 307 iterum
1747 276 1882 306 redeunt
1904 277 2007 316 specie
2025 277 2145 314 eadem,
2163 287 2297 308 numero
2322 279 2466 309 diversa:
2489 284 2525 309 ut

1460 322 1575 353 dicitur
1593 323 1627 352 in
1642 320 1707 351 fine
1730 321 1801 351 libri
1816 320 1855 350 de
1873 321 2022 351 Generat.
2039 323 2055 338 ὅ*
2079 321 2126 351 Ea
2150 332 2224 352 vero
2246 332 2329 362 quae
2353 322 2392 353 ad
2407 328 2525 353 statum

1459 368 1579 407 gloriae
1601 366 1761 406 pertinent
1783 365 1844 395 soli
1866 373 1933 394 non
1958 365 2101 395 subsunt.

1515 412 1565 441 An
1582 419 1744 441 sncuumm
1760 418 1918 438 mcaNoum
1935 408 2025 448 quod
2048 409 2100 438 illa
2118 410 2197 439 ratio
2218 409 2362 450 procedit
2385 410 2425 441 de
2448 411 2523 441 alte-

517 267 616 298 ART.
642 267 664 298 I.
690 278 793 299 urium
816 278 939 298 nunnus
963 277 1160 299 mNOVANnus
1183 277 1228 298 sn·

338 317 421 345 Supra,
433 323 471 345 qu.
486 324 566 345 mxxv,
576 321 618 339 art.
630 325 652 343 ις
669 318 700 339 1v
710 318 775 341 Cont.
785 318 860 345 Gent„
873 324 923 345 cap.
934 322 1008 344 xcvu;
1025 317 1149 345 Compend.
1163 317 1251 343 Theol„
1262 322 1313 344 cap.
1328 321 1404 344 ccxix.

338 378 423 441 Ab
447 379 564 399 ramum
585 379 630 400 sm
655 379 858 399 Prtocsmrun.
883 368 1017 399 Videtur
1045 367 1135 408 quod
1157 367 1298 398 mundus
1322 376 1405 397 nun-

404 422 502 453 quam
531 414 744 444 innovabitur.
776 413 863 444 Nihil
883 413 970 444 enim
998 418 1044 443 est
1064 412 1209 443 futurum
1231 412 1292 442 nisi
1316 410 1405 451 quod
1428 421 1436 441 5

337 457 510 497 aliquando
534 457 630 488 fuerit
652 457 831 488 secundum
854 458 1012 498 speciem:
1036 457 1142 487 Eccle.
1160 466 1171 486 1
1186 457 1203 473 ⁴*
1215 479 1222 491 ‚
1250 455 1336 491 Quid
1359 459 1407 485 est
1459 456 1582 486 ratione
1605 454 1749 489 naturali,
1767 462 1849 493 quae
1865 452 1960 483 habet
1976 462 2072 492 agens
2087 454 2238 489 naturale,
2257 454 2345 493 quod
2361 464 2399 485 ex
2415 464 2524 485 neces-

337 501 424 542 quod
436 502 537 543 fuit?
560 502 670 542 Ipsum
685 502 772 542 quod
785 503 943 543 futurum
958 507 1013 532 est.
1038 500 1101 531 Sed
1119 509 1287 540 nunquam
1310 508 1405 529 mun-
1459 501 1550 530 sitate
1565 504 1696 529 naturae
1712 498 1793 537 agit:
1818 506 1885 527 non
1902 497 1988 527 enim
2011 502 2117 536 potest
2132 498 2194 527 tale
2217 507 2312 537 agens
2328 499 2446 529 variam
2463 499 2524 530 dis-

337 545 396 576 dus
412 546 507 576 aliam
523 546 768 586 dispositionem
784 546 895 577 habuit
910 555 1008 586 quam
1023 554 1111 575 nunc
1125 545 1230 580 habet,
1247 549 1405 583 quantum
1459 544 1655 584 positionem
1678 542 1831 572 inducere
1853 541 1914 571 nisi
1937 541 2043 580 ipsum
2067 540 2130 570 alio
2154 547 2185 571 et
2203 542 2266 571 alio
2289 542 2389 573 modo
2413 552 2446 573 se
2469 544 2524 573 ha-

337 589 376 620 ad
391 596 496 630 partes
513 591 694 621 essentiales
710 596 741 621 et
765 590 804 620 ad
822 599 939 630 genera
954 595 985 620 et
1007 589 1048 620 ad
1063 589 1195 629 species.
1220 588 1305 627 Ergo
1321 596 1404 617 nun·
1459 589 1540 618 beat.
1570 587 1633 618 Sed
1657 596 1694 616 ea
1717 596 1799 626 quae
1824 585 1973 616 divinitus
1997 584 2096 620 fiunt,
2119 585 2299 624 procedunt
2322 595 2360 616 ex
2382 587 2525 617 libertate

337 643 435 674 quam
458 635 672 665 innovabitur.
1421 639 1446 655 ¹0
1459 632 1642 662 voluntatis.
1678 630 1772 661 Unde
1805 630 1872 660 sine
1906 629 2012 669 aliqua
2042 629 2267 659 immutatione
2298 630 2358 659 Dei
2389 631 2524 661 volentis

394 688 422 710 2.
447 679 643 715 Pium-renna,
663 679 828 709 innovatio
844 678 986 709 alteratio
1003 676 1161 717 quaedam
1185 680 1241 706 est.
1267 674 1330 705 Sed
1345 675 1404 704 im-
1459 681 1565 716 potest
1579 684 1667 705 nunc
1690 675 1769 705 haec
1785 683 1872 704 nunc
1895 673 1948 703 illa
1972 673 2139 713 dispositio
2163 673 2202 703 ab
2224 674 2295 713 ipso
2319 674 2352 703 in
2375 675 2524 705 universo

336 723 487 763 possibile
521 729 568 754 est
598 723 785 754 universum
817 723 958 753 alterari:
999 721 1074 761 quia
1107 729 1205 750 omne
1237 719 1404 749 alteratum
1460 720 1601 750 existere.
1635 719 1676 748 Et
1699 719 1744 749 sic
1767 720 1825 748 ista
1857 718 2023 748 innovatio
2046 727 2114 747 non
2147 717 2310 747 reducitur
2332 718 2364 747 in
2395 719 2526 758 aliquod

336 767 498 798 reducitur
519 767 559 798 ad
582 766 703 807 aliquid
732 767 866 797 alterans
897 775 966 796 non
993 765 1160 795 alteratum
1184 763 1274 804 quod
1296 768 1404 793 tamen
1458 764 1654 804 principium
1677 768 1820 798 motum,
1845 761 1900 792 sed
1923 763 1956 792 in
1984 762 2178 802 pn'ncipium
2201 762 2383 798 immobile,
2407 763 2526 793 scilicet

336 811 515 842 secundum
530 812 641 842 locum
663 815 830 847 movetur;
855 809 945 850 quod
959 818 1027 839 non
1045 814 1091 838 est
1114 813 1199 838 extra
1219 808 1404 838 universum
1459 808 1576 839 Deum.

335 865 466 896 ponere.
491 855 577 895 Ergo
600 864 668 885 non
687 859 794 894 potest
816 863 885 885 esse
908 853 998 894 quod
1012 852 1153 883 mundus
1176 853 1358 882 innovetur.
1420 864 1443 884 ις
1513 853 1564 882 An
1588 860 1723 881 ‘rani-nm
1746 860 1906 881 mmmmm
1930 850 2019 891 quod
2042 859 2101 890 pro
2121 856 2209 881 tanto
2234 850 2349 881 dicitur
2371 851 2459 882 Deus
2475 850 2526 882 die

392 899 422 930 3.
445 899 642 934 PRAETEREA,
661 898 740 929 Gen.
757 908 780 928 11
795 899 812 915 ⁴*
835 898 951 928 dicitur
974 896 1064 937 quod
1082 897 1173 927 Deus
1196 896 1248 927 die
1269 896 1403 936 septimo
1459 897 1596 937 septimo
1621 905 1639 926 a
1661 896 1755 926 novis
1785 895 1935 926 creaturis
1965 894 2142 925 condendis
2171 903 2322 931 cessasse,
2348 897 2423 935 quia
2446 896 2525 926 nihil

335 943 491 984 requievit
512 943 552 973 ab
573 943 662 974 omni
685 951 782 982 opere
796 942 883 983 quod
899 946 1074 982 patrarat:
1098 946 1129 971 et
1145 946 1312 981 exponunt
1326 940 1404 971 San-
1458 946 1571 981 postea
1593 940 1714 971 factum
1738 945 1784 970 est
1807 939 1896 980 quod
1919 940 2007 979 prius
2029 947 2097 969 non
2126 940 2331 980 praecesserit
2363 941 2396 970 in
2419 940 2525 980 aliqua

301 1007 307 1014 -
334 987 378 1018 cti
393 987 484 1027 quod
497 987 655 1027 requievit
670 996 688 1017 a
703 987 796 1017 novis
812 987 964 1017 creaturis
981 985 1158 1017 condendis
1173 986 1199 1015 θ.
1225 984 1287 1016 Sed
1302 986 1335 1015 in
1351 984 1404 1015 illa
1459 985 1666 1016 similitudine
1690 983 1869 1015 secundum
1900 993 2002 1024 genus
2025 983 2074 1014 vel
2099 985 2239 1024 speciem
2251 1007 2258 1020 ,
2281 984 2332 1014 vel
2356 984 2396 1015 ad
2418 985 2525 1015 minus

333 1031 437 1072 prima
460 1031 647 1062 conditione
677 1040 745 1062 non
775 1030 835 1062 fuit
858 1031 938 1061 alius
969 1030 1087 1061 modus
1110 1030 1205 1060 rebus
1232 1030 1403 1070 impositus
1459 1030 1541 1060 sicut
1555 1030 1588 1059 in
1605 1029 1763 1070 principio
1780 1028 1935 1065 seminali,
1952 1028 2002 1059 vel
2026 1029 2122 1058 etiam
2137 1029 2219 1059 sicut
2234 1029 2267 1059 in
2287 1029 2431 1069 potentia
2448 1029 2525 1060 obe-

334 1085 433 1116 quam
455 1076 525 1116 ipse
548 1085 647 1116 quem
670 1085 758 1106 nunc
781 1075 916 1106 naturali
940 1074 1052 1106 ordine
1067 1079 1187 1105 tenent.
1211 1074 1296 1114 Ergo
1321 1083 1403 1104 nun·
1418 1085 1445 1100 πο
1459 1074 1609 1105 dientiali.
1634 1073 1717 1104 Dico
1741 1082 1817 1113 ergo
1834 1072 1923 1114 quod
1946 1072 2071 1103 novitas
2091 1072 2204 1103 mundi
2227 1072 2333 1103 futura
2355 1074 2526 1113 praecessit

334 1129 433 1160 quam
456 1120 556 1151 alium
578 1120 752 1151 habebunt.
1459 1118 1590 1159 quidem
1613 1118 1647 1148 in
1671 1118 1822 1158 operibus
1845 1127 1899 1147 sex
1922 1116 2046 1147 dierum
2069 1117 2102 1147 in
2126 1116 2265 1157 quadam
2292 1122 2415 1148 remota
2438 1118 2525 1148 simi-

389 1173 421 1203 4.
445 1164 651 1200 Parianus,
676 1165 735 1195 ista
757 1173 865 1195 rerum
888 1163 1055 1204 dispositio
1089 1172 1172 1203 quae
1203 1172 1291 1193 nunc
1320 1163 1404 1193 inest
1457 1162 1602 1198 litudine‚
1619 1161 1739 1192 scilicet
1753 1162 1787 1192 in
1802 1162 1903 1202 gloria
1919 1167 1950 1192 et
1963 1162 1997 1191 in
2012 1162 2110 1201 gratia
2130 1161 2328 1201 angelorum.
2353 1162 2526 1193 Praecessit

333 1208 438 1245 rebus,
454 1209 605 1239 naturalis
629 1214 685 1239 est.
711 1208 744 1239 Si
766 1218 842 1248 ergo
865 1209 899 1239 in
923 1208 1017 1238 aliam
1037 1207 1281 1248 dispositionem
1303 1212 1403 1237 trans-
1458 1208 1554 1238 etiam
1577 1208 1611 1237 in
1634 1206 1778 1246 potentia
1794 1205 2004 1241 obedientiae,
2022 1214 2105 1245 quae
2129 1211 2290 1236 creaturae
2305 1211 2383 1236 tunc
2407 1211 2454 1236 est
2475 1207 2525 1237 in-

333 1253 580 1289 mutenturrilla
594 1252 762 1294 dispositio
779 1253 837 1283 erit
860 1253 905 1283 eis
921 1252 1116 1283 innaturalis.
1140 1251 1204 1282 Sed
1218 1251 1298 1282 illud
1313 1250 1403 1292 quod
1458 1251 1522 1282 dita
1545 1251 1585 1282 ad
1604 1251 1700 1281 talem
1722 1251 1899 1281 novitatem
1917 1249 2152 1290 suscipiendam
2175 1260 2193 1280 a
2216 1250 2287 1281 Deo
2311 1256 2434 1290 agente.

334 1302 382 1328 est
403 1296 582 1328 innaturale
598 1302 630 1328 et
643 1307 702 1338 per
724 1297 881 1334 accidens,
898 1306 967 1328 non
982 1301 1090 1336 potest
1105 1305 1173 1327 esse
1188 1301 1402 1336 perpetuum:
1417 1306 1441 1327 ²5
1513 1296 1564 1326 An
1581 1304 1730 1326 duan-run
1745 1304 1906 1325 mennon-n
1922 1294 2011 1334 quod
2033 1293 2087 1324 illa
2110 1294 2278 1334 dispositio
2293 1295 2442 1325 novitatis
2456 1303 2524 1326 non

1458 1341 1516 1370 erit
1531 1339 1691 1375 naturalis,
1708 1348 1768 1369 nec
1785 1344 1896 1369 contra
1911 1344 2074 1369 naturam:
2100 1338 2155 1369 sed
2179 1339 2237 1369 erit
2252 1348 2347 1379 supra
2366 1344 2522 1375 naturam,

334 1386 484 1417 novitatis
507 1385 705 1426 quandoque
728 1386 768 1416 ab
790 1386 868 1426 ipsis
890 1385 1116 1416 removebitur.
1140 1385 1182 1415 Et
1203 1385 1246 1415 ita
1262 1385 1321 1415 erit
1342 1390 1420 1424 pos
1457 1385 1539 1415 sicut
1562 1384 1660 1424 gratia
1683 1389 1714 1414 et
1736 1383 1837 1423 gloria
1860 1388 1935 1413 sunt
1957 1391 2052 1423 supra
2075 1383 2200 1413 animae
2222 1388 2378 1414 naturam.
2403 1384 2444 1414 Et
2467 1385 2524 1414 erit

333 1439 411 1461 nere
426 1430 668 1462 circulationem
684 1430 846 1471 quandam
861 1431 896 1460 in
910 1428 1045 1465 mundo,
1062 1430 1144 1459 sicut
1159 1428 1374 1469 Empedocles
1383 1429 1403 1445 ’θ
1457 1439 1475 1459 a
1497 1434 1656 1469 perpetuo
1680 1432 1803 1468 agente,
1822 1427 1911 1468 quod
1935 1436 2006 1457 eam
2029 1433 2186 1468 perpetuo
2211 1428 2420 1458 conservabit.

1512 1473 1564 1503 An
1589 1481 1728 1503 nummu
1751 1481 1911 1502 mmmmm
1939 1470 2038 1511 quod,
2060 1472 2204 1511 quamvis
2233 1481 2368 1512 corpora
2391 1473 2524 1503 insensi-

1418 1527 1444 1547 ιο
1457 1517 1532 1548 bilia
1546 1526 1615 1547 non
1630 1517 1805 1547 meruerint
1819 1516 1906 1546 illam
1921 1516 2065 1556 gloriam,
2078 1516 2208 1556 proprie
2223 1515 2405 1557 loquendo;
2422 1517 2523 1547 homo

391 1563 421 1594 5.
445 1563 649 1600 Primnum,
673 1563 798 1594 novitas
828 1563 948 1603 gloriae
980 1563 1014 1592 in
1045 1562 1226 1602 praemium
1257 1561 1403 1591 rationali
1457 1567 1564 1592 tamen
1588 1562 1706 1592 meruit
1727 1566 1764 1591 ut
1786 1561 1839 1591 illa
1862 1560 1962 1600 gloria
1984 1561 2044 1590 toti
2066 1561 2216 1590 universo
2241 1560 2451 1597 conferretur,
2475 1561 2525 1591 in-

335 1612 496 1638 creaturae
512 1607 614 1638 datur.
640 1607 703 1638 Sed
718 1607 774 1638 ubi
796 1616 865 1637 non
889 1611 936 1637 est
950 1606 1112 1642 meritum,
1128 1615 1197 1636 non
1213 1611 1320 1646 potest
1335 1613 1404 1636 esse
1458 1611 1616 1646 quantum
1639 1607 1703 1635 hoc
1727 1604 1811 1635 cedit
1833 1606 1867 1635 in
1889 1610 2098 1645 augmentum
2119 1604 2239 1644 gloriae
2262 1605 2419 1642 hominis;
2443 1605 2525 1636 sicut

333 1652 524 1692 praemium.
541 1651 628 1682 Cum
651 1661 727 1692 ergo
751 1657 913 1682 creaturae
927 1650 1128 1681 insensibiles
1150 1650 1195 1680 nil
1218 1650 1402 1686 meruerint,
1458 1651 1572 1690 aliquis
1595 1651 1696 1680 homo
1727 1654 1867 1680 meretur
1889 1655 1926 1679 ut
1953 1649 2166 1679 ornatioribus
2189 1650 2329 1679 vestibus
2358 1649 2524 1687 induatur,

333 1695 459 1726 videtur
481 1695 571 1736 quod
593 1705 662 1726 non
683 1696 933 1726 innovabuntur.
1458 1704 1557 1735 quem
1579 1699 1687 1724 tamen
1712 1698 1861 1724 ornatum
1884 1694 1952 1734 ipsa
1975 1693 2069 1723 vestis
2092 1693 2183 1723 nullo
2207 1693 2307 1724 modo
2331 1699 2480 1724 meretur.

389 1739 453 1771 Sex>
476 1749 601 1770 coum
624 1749 678 1770 esr
702 1738 792 1780 quod
814 1740 949 1770 habetur
972 1738 1070 1769 Isaiae
1093 1748 1153 1768 va
1169 1739 1203 1768 'z
1226 1738 1321 1774 Ecce,
1341 1747 1403 1779 ego
1419 1747 1442 1767 ις

333 1793 408 1815 creo
433 1793 536 1815 nouos
557 1784 665 1815 caelos
688 1789 720 1815 et
742 1789 863 1815 terram
883 1793 1011 1818 novam,
1027 1788 1059 1813 et
1081 1792 1146 1812 non
1163 1787 1260 1813 erunt
1282 1783 1315 1813 in
1339 1791 1403 1812 me-

333 1829 439 1859 moria
456 1828 586 1869 priora.
610 1828 652 1859 Et
666 1829 765 1869 Apoc.
782 1838 834 1859 xx1
849 1829 882 1858 ⁴*:
914 1828 984 1858 Vidi
1007 1827 1132 1858 caelum
1152 1837 1272 1858 novum
1294 1832 1326 1858 et
1341 1831 1404 1857 ter-

334 1881 406 1904 ram
429 1880 568 1904 novam:
584 1873 730 1913 primum
752 1873 836 1903 enim
860 1873 986 1903 caelum
1014 1877 1045 1902 et
1061 1871 1173 1912 prima
1203 1876 1291 1902 terra
1314 1871 1402 1901 abiit.

390 1927 420 1948 2.
443 1917 641 1954 Puni-nm,
658 1917 810 1948 habitatio
827 1916 922 1948 debet
943 1916 1113 1947 habitatori
1129 1925 1316 1956 congruere.
1340 1914 1404 1946 Sed

333 1961 474 1993 mundus
506 1961 609 1992 factus
641 1967 688 1992 est
711 1967 747 1992 ut
778 1962 818 1992 sit
847 1961 1000 1992 habitatio
1030 1960 1181 1990 hominis.
1215 1958 1279 1991 Sed
1300 1960 1402 1990 homo
1417 1968 1444 1988 4⁰

333 2006 547 2038 innovabitur.
571 2006 658 2047 Ergo
682 2011 714 2036 et
735 2005 876 2036 mundus
899 2005 1114 2036 innovabitur.
1521 2013 1595 2035 rum
1611 2003 1796 2034 caelestium
1811 2003 1844 2033 in
1859 2002 1913 2032 illa
1932 2001 2046 2032 mundi
2060 2003 2269 2033 innovatione
2291 2012 2359 2033 non
2380 2003 2522 2034 cessabit.

390 2050 420 2082 3.
437 2050 634 2087 Priamum,
646 2060 740 2081 omne
751 2050 876 2080 animal
887 2049 996 2091 diligit
1005 2048 1065 2079 sibi
1076 2048 1301 2086 simile,·Echi.
1310 2049 1401 2078 xnff:
1457 2049 1542 2087 Quia
1571 2048 1683 2078 Genes.
1707 2057 1762 2077 vm
1778 2048 1794 2063 ⁴*
1818 2047 1948 2077 dicitur:
1986 2046 2118 2077 Cunctis
2144 2047 2254 2077 diebus
2284 2052 2392 2077 terrae
2404 2047 2525 2089 frigus

334 2103 374 2125 ex
397 2104 464 2135 quo
487 2100 574 2135 patet
590 2094 679 2135 quod
702 2093 878 2125 similitudo
895 2099 942 2124 est
964 2094 1044 2123 ratio
1068 2093 1196 2123 amoris
1221 2091 1284 2123 Sed
1299 2093 1401 2123 homo
1457 2099 1488 2124 et
1509 2098 1630 2128 aestus,
1658 2097 1764 2122 aestas
1787 2096 1819 2122 et
1839 2091 1952 2127 hiems,
1978 2100 2046 2120 nox
2068 2096 2100 2121 et
2121 2091 2199 2127 dies,
2227 2100 2293 2121 non
2317 2092 2523 2132 requiescent.

333 2139 430 2169 habet
452 2139 593 2179 aliquam
616 2138 858 2170 similitudinem
881 2147 957 2169 cum
979 2138 1144 2168 universo:
1178 2136 1265 2167 unde
1295 2137 1403 2167 minor
1457 2138 1520 2168 Sed
1543 2147 1608 2167 nox
1632 2142 1663 2167 et
1685 2135 1762 2172 dies,
1779 2141 1810 2166 et
1825 2136 1928 2166 hiems
1948 2140 1979 2166 et
1996 2140 2106 2171 aestas,
2124 2134 2305 2166 efficiuntur
2319 2145 2377 2176 per
2396 2141 2523 2167 motum

334 2182 473 2213 mundus
488 2183 603 2214 dicitur
618 2184 645 2213 *.
669 2183 755 2223 Ergo
771 2183 872 2213 homo
888 2183 1075 2213 universum
1091 2181 1192 2221 diligit
1207 2181 1400 2212 naturaliter.
1416 2193 1440 2213 ις
1457 2182 1542 2213 solis.
1567 2182 1653 2221 Ergo
1677 2189 1846 2220 nunquam
1869 2184 1978 2210 motus
2000 2179 2077 2209 solis
2101 2180 2243 2210 cessabit.

334 2227 420 2268 Ergo
445 2232 476 2257 et
499 2228 568 2258 eius
583 2227 708 2258 bonum
731 2227 940 2267 concupiscit.
965 2226 1006 2256 Et
1028 2227 1081 2262 ita,
1098 2231 1134 2256 ut
1149 2225 1278 2256 satisfiat
1296 2226 1402 2257 homi·
1514 2236 1543 2256 2.
1567 2226 1766 2261 Prummu,
1788 2225 1899 2255 Ierem.
1922 2233 1995 2254 xxxl
2010 2225 2027 2240 ⁴*
2043 2223 2170 2254 dicitur:
2194 2224 2290 2254 Haec
2311 2224 2390 2255 dicit
2409 2224 2523 2254 Domi-

334 2271 384 2302 nis
407 2270 574 2308 desiderio,
592 2270 687 2302 debet
710 2272 806 2302 etiam
829 2272 1015 2302 universum
1037 2270 1208 2301 meliorari.
1457 2280 1527 2307 nus,
1544 2270 1600 2311 qui
1622 2269 1679 2300 dat
1699 2270 1800 2300 solem
1824 2269 1856 2298 in
1881 2268 2002 2298 lumine
2024 2268 2097 2304 diei,
2115 2267 2261 2299 ordinem
2277 2268 2375 2299 lunae
2397 2273 2429 2299 et
2449 2269 2524 2299 stel-

389 2315 580 2347 Rnsponnno
613 2325 773 2346 memmi
804 2315 894 2356 quod
924 2316 1032 2346 omnia
1062 2314 1241 2355 corporalia
1270 2320 1402 2355 propter
1457 2316 1564 2345 larum
1589 2315 1621 2344 in
1639 2314 1760 2344 lumine
1783 2313 1895 2349 noctis,
1911 2313 1967 2353 qui
1986 2312 2094 2342 turbat
2107 2322 2198 2343 mare
2220 2318 2252 2343 et
2272 2318 2392 2343 sonant
2397 2313 2524 2353 fluctus

334 2357 506 2390 hominem*
524 2359 607 2391 facta
637 2369 704 2391 esse
727 2359 916 2390 creduntur:
949 2359 1035 2390 unde
1059 2365 1090 2390 et
1114 2359 1223 2389 omnia
1253 2358 1403 2390 dicuntur
1457 2360 1546 2390 eius:
1577 2359 1613 2389 Si
1634 2358 1781 2389 steterint
1803 2358 1891 2398 leges
1923 2357 2003 2387 istae
2033 2365 2145 2387 coram
2168 2366 2233 2393 me,
2259 2362 2335 2387 tunc
2365 2362 2397 2388 et
2417 2366 2523 2388 semen

335 2404 365 2434 ei
379 2404 522 2435 subiecta
532 2405 559 2435 ἦ
579 2404 728 2435 Serviunt
743 2409 851 2435 autem
866 2405 992 2435 homini
1003 2403 1189 2444 dupliciter:
1209 2413 1276 2434 uno
1289 2403 1400 2440 modo,
1418 2414 1444 2434 5⁰
1457 2404 1563 2435 Israel
1586 2412 1750 2444 nunquam
1774 2402 1908 2443 deficiet,
1928 2406 1964 2432 ut
1983 2411 2049 2431 non
2071 2401 2115 2431 sit
2134 2411 2216 2443 gens
2239 2410 2350 2432 coram
2374 2411 2424 2432 me
2447 2411 2525 2432 cun-

335 2447 376 2479 ad
398 2449 663 2479 sustentationem
686 2449 860 2489 corporalis
883 2449 982 2485 vitae;
1007 2448 1070 2478 alio
1093 2447 1209 2484 modo,
1233 2447 1273 2478 ad
1295 2447 1403 2488 profe-
1457 2449 1516 2479 ctis
1546 2448 1665 2478 diebus.
1697 2447 1760 2478 Sed
1783 2455 1893 2477 semen
1926 2446 2019 2476 Israel
2047 2455 2216 2486 nunquam
2246 2445 2388 2482 deficiet,
2412 2445 2468 2476 sed
2491 2447 2525 2476 in

336 2498 426 2524 ctum
449 2493 642 2533 cognitionis
665 2492 806 2529 divinae,
830 2494 1023 2533 inquantum
1050 2493 1151 2523 homo
1173 2501 1238 2532 per
1259 2502 1297 2523 ea
1321 2502 1404 2533 quae
1457 2498 1651 2533 perpetuum
1662 2491 1871 2532 permanebit.
1891 2490 1976 2530 Ergo
1988 2490 2074 2530 leges
2086 2489 2149 2520 diei
2165 2495 2196 2520 et
2207 2491 2311 2520 noctis
2323 2495 2354 2521 et
2365 2489 2525 2521 fluctuum

1457 2537 1562 2573 maris,
1580 2545 1663 2577 quae
1686 2546 1724 2566 ex
1739 2541 1833 2566 motu
1857 2535 1936 2565 caeli
1959 2540 2139 2570 causantur,
2155 2535 2189 2564 in
2203 2539 2398 2575 perpetuum
2421 2539 2523 2565 erunt.

335 2582 444 2612 Primo
460 2591 536 2621 ergo
551 2582 727 2612 ministerio
744 2587 960 2612 creaturarum
977 2582 1079 2612 homo
1102 2580 1296 2621 glorificatus
1311 2581 1403 2611 nullo
1458 2582 1544 2622 Ergo
1567 2586 1677 2612 motus
1700 2580 1779 2611 caeli
1800 2588 1970 2619 nunquam
1993 2579 2136 2609 cessabit.

335 2625 436 2656 modo
459 2625 629 2666 indigebit:
659 2635 735 2656 cum
758 2626 827 2656 eius
850 2635 968 2666 corpus
996 2626 1132 2656 omnino
1162 2625 1404 2665 incorruptibile
1419 2635 1441 2656 55
1514 2626 1544 2656 3.
1569 2620 1773 2660 ΡὶιΑεηΒκΑ,
1797 2623 1972 2654 substantia
1995 2632 2169 2663 corporum
2192 2623 2376 2654 caelestium
2400 2631 2525 2663 semper

335 2669 375 2700 sit
389 2668 545 2706 futurum,
562 2669 668 2700 divina
683 2671 799 2701 virtute
821 2669 854 2701 id
876 2669 1013 2700 faciente
1027 2679 1086 2710 per
1101 2669 1241 2700 animam
1257 2670 1284 2706 “,
1305 2678 1404 2709 quam
1459 2671 1526 2700 erit.
1546 2669 1609 2701 Sed
1626 2669 1739 2700 frustra
1751 2673 1798 2699 est
1809 2677 1930 2708 ponere
1942 2667 2063 2707 aliquid
2077 2668 2138 2698 nisi
2154 2673 2293 2708 ponatur
2303 2667 2383 2698 illud
2394 2672 2525 2707 propter

335 2713 518 2745 immediate
541 2713 707 2754 glorificat.
1459 2713 1548 2754 quod
1572 2719 1619 2745 est
1641 2713 1761 2744 factum
1777 2714 1803 2743 *.
1834 2712 1981 2752 Corpora
2003 2717 2111 2742 autem
2135 2712 2280 2742 caelestia
2303 2711 2342 2741 ad
2365 2712 2428 2742 hoc
2451 2715 2526 2742 sunt

391 2757 542 2790 Secundo
559 2759 655 2788 etiam
676 2758 853 2800 ministerio
869 2768 937 2789 non
959 2757 1115 2798 indigebit
1128 2757 1229 2788 homo
1246 2762 1403 2797 quantum
1458 2758 1541 2789 facta
1564 2763 1600 2789 ut
1621 2757 1768 2788 dividant
1781 2756 1865 2787 diem
1889 2761 1920 2786 et
1942 2761 2076 2791 noctem,
2094 2761 2126 2786 et
2145 2756 2211 2786 sint
2226 2755 2258 2785 in
2282 2755 2379 2796 signa
2402 2760 2433 2786 et
2448 2760 2524 2785 tem-

336 2801 376 2834 ad
399 2803 620 2843 cognitionem
642 2802 887 2833 intellectivam:
913 2803 989 2842 quia
1010 2801 1065 2832 tali
1088 2802 1272 2842 cognitione
1295 2802 1403 2832 Deum
1452 2812 1550 2844 pora,
1567 2802 1635 2833 dies
1657 2807 1689 2832 et
1709 2810 1825 2836 annos,
1843 2801 1956 2831 Genes.
1972 2809 1984 2829 1
1998 2801 2035 2829 *z
2059 2799 2149 2840 quod
2171 2809 2238 2830 non
2261 2804 2397 2839 possunt
2419 2798 2524 2830 facere

335 2847 436 2878 sancti
457 2846 613 2877 videbunt
640 2846 824 2877 immediate
846 2856 904 2887 per
927 2847 1096 2877 essentiam
1111 2847 1138 2876 ὓ.
1172 2846 1235 2877 Sed
1258 2846 1298 2876 ad
1321 2846 1403 2876 hanc
1416 2854 1445 2875 6ο
1457 2847 1518 2878 nisi
1533 2856 1591 2887 per
1605 2851 1742 2876 motum.
1767 2845 1853 2885 Ergo
1869 2849 1978 2874 motus
1994 2852 2108 2874 eorum
2124 2852 2251 2884 semper
2266 2844 2423 2874 manebit:
2448 2844 2523 2874 alias

335 2892 494 2933 visionem
510 2891 663 2922 essentiae
679 2891 795 2922 oculus
809 2891 912 2921 carnis
930 2891 1083 2930 attingere
1097 2899 1166 2920 non
1181 2891 1299 2930 poterit
1312 2891 1338 2920 *.
1363 2890 1404 2920 Et
1458 2890 1572 2921 frustra
1594 2890 1647 2920 illa
1670 2899 1806 2930 corpora
1829 2893 2038 2919 remanerent.

335 2934 422 2972 ideo,
437 2941 474 2966 ut
498 2936 527 2966 ei
550 2936 647 2966 etiam
669 2935 820 2966 solatium
843 2935 902 2965 sibi
919 2944 1100 2975 congruens
1122 2933 1162 2965 de
1184 2935 1309 2965 visione
1324 2933 1403 2964 divi-
1516 2944 1548 2974 4.
1572 2935 1768 2970 Parim-nana,
1784 2934 1818 2964 in
1841 2932 1894 2963 illa
1919 2932 2032 2962 mundi
2048 2932 2257 2962 innovatione
2279 2937 2366 2962 totus
2381 2931 2523 2962 mundus

336 2980 442 3012 nitatis
465 2980 672 3020 praebeatur,
696 2979 844 3020 inspiciet
867 2978 1064 3010 divinitatem
1093 2979 1127 3009 in
1150 2979 1215 3009 suis
1238 2978 1403 3009 effectibus
1457 2979 1686 3010 meliorabitur.
1709 2978 1796 3018 Ergo
1811 2977 1891 3007 nulli
1907 2977 2035 3016 corpori
2057 2977 2234 3006 remanenti
2257 2975 2418 3006 auferetur
2433 2975 2523 3016 quod

337 3024 567 3065 corporalibus,
582 3024 617 3055 in
633 3023 750 3064 quibus
765 3022 934 3054 manifesta
955 3022 1073 3053 indicia
1091 3022 1217 3053 divinae
1231 3023 1405 3053 maiestatis
1458 3028 1505 3054 est
1527 3022 1567 3053 de
1590 3023 1640 3053 sui
1662 3022 1869 3062 perfectione.
1894 3019 1958 3051 Sed
1971 3025 2080 3050 motus
2103 3026 2150 3051 est
2172 3019 2213 3051 de
2231 3019 2429 3060 perfectione
2452 3029 2523 3050 cor-

1584 1759 1684 1790 ART.
1702 1758 1740 1789 11.
1764 1769 1869 1789 urium
1892 1768 1994 1789 morus
2019 1768 2186 1789 cortpomm
2210 1769 2399 1789 canestrum

1607 1814 1638 1834 ΙΝ
1662 1814 1732 1834 ILLA
1755 1813 1854 1833 MUNDI
1877 1812 2089 1834 INNOVATIONE
2114 1813 2301 1834 CESSATURUS
2325 1813 2371 1834 SIT

1592 1855 1675 1883 Supra,
1691 1861 1727 1882 qu.
1742 1860 1818 1880 υωιιν,
1834 1858 1876 1875 art.
1891 1860 1918 1880 4:
1934 1853 1967 1875 lV
1980 1853 2054 1879 Sem„
2067 1853 2119 1876 dist.
2135 1860 2200 1881 mn,
2215 1857 2257 1875 art.
2287 1870 2292 1879 .
2307 1854 2352 1882 qu⁸
2368 1861 2391 1880 ις

1457 1882 1490 1904 ”¹
1499 1882 1566 1904 CM·
1578 1880 2124 1935 ⁰²*'21555120252395’515‘338¹5,ittet,
2134 1880 2291 1935 Ξὲἷζῖρῗίἒα.
2305 1881 2365 1929 ἷῨ’·’
2381 1886 2432 1909 ⁰⁸¹³·
2447 1886 2526 1907 ‘²¹¹¹‘

1522 1970 1543 1990 1>
1559 1968 1723 1990 secunaum
1738 1968 1783 1989 sm
1799 1967 2002 1988 pnocnmrtm.
2025 1957 2159 1988 Videtur
2178 1957 2267 1998 quod
2282 1963 2391 1989 motus
2408 1967 2524 1999 corpo-

337 3069 553 3110 apparebunt:
577 3073 609 3099 et
630 3069 803 3109 praecipue
825 3068 859 3098 in
883 3077 978 3098 carne
1001 3066 1129 3103 Christi,
1146 3072 1177 3097 et
1194 3071 1269 3107 post
1290 3067 1354 3097 hoc
1369 3067 1403 3096 in
1417 3074 1441 3101 65
1457 3067 1547 3107 poris
1568 3067 1726 3097 caelestis:
1752 3066 1838 3106 quia,
1853 3070 1892 3096 ut
1905 3064 2021 3095 dicitur
2042 3065 2076 3094 in
2091 3064 2119 3094 11
2135 3064 2174 3095 de
2192 3064 2291 3095 Caelo
2307 3069 2339 3095 et
2353 3064 2479 3095 Mundo
2495 3065 2522 3101 ⁵,
2550 3065 2560 3075 ·

338 3113 526 3152 corporibus
549 3113 728 3149 beatorum,
745 3117 776 3142 et
799 3111 951 3152 deinceps
973 3112 1007 3142 in
1030 3111 1180 3142 omnibus
1196 3111 1264 3141 aliis
1287 3120 1404 3150 corpo-
1458 3111 1511 3141 illa
1539 3119 1676 3151 corpora
1704 3110 1894 3150 participant
1923 3108 2064 3139 divinam
2093 3109 2270 3139 bonitatem
2299 3116 2357 3149 per
2384 3113 2522 3139 motum.

337 3156 435 3187 ribus.
458 3157 501 3187 Et
521 3156 596 3188 ideo
628 3157 790 3198 oportebit
819 3162 855 3187 ut
878 3157 974 3187 etiam
997 3156 1058 3186 alia
1080 3164 1216 3195 corpora
1247 3156 1403 3185 maiorem
1458 3155 1543 3195 Ergo
1567 3160 1675 3185 motus
1699 3154 1778 3185 caeli
1799 3162 1869 3184 non
1892 3153 2034 3183 cessabit.

338 3198 538 3231 influentiam
559 3210 579 3231 a
601 3200 707 3232 divina
729 3201 873 3231 bonitate
895 3201 1086 3240 suscipiant:
1110 3209 1178 3230 non
1201 3204 1308 3230 tamen
1332 3208 1403 3239 spe·
1515 3199 1545 3230 5.
1568 3199 1773 3234 Puni-nam,
1796 3198 1845 3228 sol
1867 3197 2045 3228 successive
2077 3197 2237 3227 illuminat
2260 3196 2396 3227 diversas
2419 3201 2524 3237 partes

339 3243 422 3274 ciem
443 3244 628 3281 variantem,
644 3244 700 3276 sed
715 3245 887 3276 addentem
909 3243 1076 3275 cuiusdam
1090 3244 1211 3284 gloriae
1234 3242 1404 3284 perfectio-
1457 3242 1571 3274 mundi
1589 3242 1769 3273 secundum
1785 3241 1875 3282 quod
1891 3241 2083 3272 circulariter
2097 3246 2255 3272 movetur.
2273 3241 2306 3272 Si
2322 3250 2398 3281 ergo
2414 3246 2522 3271 motus

338 3297 424 3318 nem.
447 3287 491 3318 Et
511 3288 591 3319 haec
613 3289 672 3320 erit
693 3289 808 3320 mundi
831 3290 1007 3320 innovatio.
1031 3288 1125 3320 Unde
1144 3288 1240 3319 simul
1262 3287 1406 3318 mundus
1417 3302 1444 3323 7ο
1457 3287 1618 3318 circularis
1641 3287 1720 3318 caeli
1743 3291 1853 3322 cesset,
1869 3290 2022 3326 sequetur
2044 3284 2134 3326 quod
2155 3286 2189 3315 in
2218 3285 2324 3325 aliqua
2353 3284 2522 3325 superficie

338 3331 542 3362 innovabitur
565 3337 598 3362 et
617 3333 719 3364 homo
741 3333 980 3374 glorificabitur.
1457 3337 1558 3362 terrae
1582 3331 1639 3362 erit
1662 3336 1817 3372 perpetua
1849 3330 2034 3361 obscuritas.
2069 3329 2169 3368 Quod
2197 3339 2266 3360 non
2297 3330 2447 3360 convenit
2476 3329 2524 3360 illi

393 3375 445 3406 An
461 3385 578 3406 Panum
600 3385 684 3407 noo
707 3386 867 3408 meantum(
890 3377 980 3418 quod
1003 3376 1158 3408 Salomon
1187 3376 1231 3406 ibi
1261 3376 1404 3416 loquitur
1458 3376 1602 3407 novitati.

340 3418 380 3450 de
404 3428 500 3450 cursu
516 3419 719 3451 naturalium.
743 3420 844 3459 Quod
857 3427 945 3462 patet
968 3431 1006 3452 ex
1021 3422 1086 3452 hoc
1102 3420 1192 3461 quod
1215 3420 1360 3451 subditur
1375 3421 1403 3456 ἓ,
1514 3420 1547 3450 6.
1568 3420 1771 3455 Pnanrma,
1796 3419 1822 3449 si
1844 3424 1955 3449 motus
1983 3418 2062 3449 caeli
2089 3423 2238 3454 cessaret,
2263 3418 2326 3448 hoc
2349 3426 2417 3448 non
2441 3421 2523 3448 esset

340 3463 432 3494 Nihil
452 3463 510 3494 sub
532 3463 602 3495 sole
624 3473 752 3495 novum.
776 3464 865 3496 Cum
885 3466 972 3496 enim
995 3466 1044 3496 sol
1063 3465 1254 3496 circulariter
1273 3474 1404 3495 movea-
1458 3465 1519 3495 nisi
1541 3465 1733 3504 inquantum
1762 3467 1870 3494 motus
1901 3463 2041 3503 aliquam
2068 3461 2346 3502 imperfectionem
2375 3462 2409 3492 in
2432 3461 2523 3492 caelo

339 3513 400 3543 tur,
425 3512 553 3547 oportet
576 3516 612 3538 ea
636 3517 719 3548 quae
741 3508 817 3539 solis
844 3509 952 3540 virtuti
982 3510 1135 3547 subsunt,
1162 3509 1405 3540 circulationem
1417 3522 1442 3543 75
1458 3509 1560 3549 ponit,
1573 3513 1687 3548 utpote
1702 3507 1895 3538 lassitudinis
1905 3507 1955 3538 vel
1970 3507 2098 3538 laboris.
2117 3505 2217 3545 Quod
2231 3515 2300 3537 non
2315 3510 2421 3546 potest
2437 3514 2520 3537 esse:

2553 332 2563 341 ·
2572 329 2625 351 Lib.
2632 329 2662 357 Π,
2670 335 2721 357 cap.
2729 336 2763 352 xi.

2552 356 2763 405 asssznff‘ffi:

2552 409 2604 431 leet.
2614 414 2657 431 ιιι.

2551 2056 2562 2067 ·
2577 2055 2644 2078 Vere.
2659 2061 2692 2077 22.

2551 2233 2561 2243 ·
2575 2230 2644 2253 Vere.
2657 2236 2690 2259 35,
2702 2229 2741 2259 36.

2553 2717 2563 2727 ·
2573 2715 2610 2737 Cf.
2618 2715 2691 2737 Ari-t.
2698 2715 2764 2743 Phy-

2551 2741 2762 2793 atatam:

2575 2821 2643 2843 Vero.
2659 2827 2694 2848 ¹⁴·
