2878 4088
71 564 281 592 ·Cf.Arist.Toptc.
310 566 358 592 est
380 571 490 592 sensus
519 562 667 592 laesionis
690 563 717 592 ἦ

70 592 110 614 lib.

125 590 165 618 vl,
180 597 231 619 cap.
246 597 282 619 vr,

70 625 92 641 n.
108 623 141 646 ²7·

66 1449 119 1473 'De

66 1474 131 1503 ΣΝ,
151 1481 204 1505 up.

65 1843 120 1868 'Cf-

64 1870 119 1895 dn

123 1448 174 1473 UD.
179 1449 232 1477 Dei,
238 1449 280 1473 lib.

223 1482 264 1498 ιιι
270 1493 278 1504 ,

130 1850 198 1878 «ιιι,
204 1847 248 1872 ω.
256 1850 278 1872 ².

1033 175 1296 223 QUAESTIO
1326 175 1383 221 ΙΙΙ,
1405 175 1697 214 ARTICULUS
1726 178 1751 222 Ι,
1772 178 1802 213 ΙΙ

448 297 547 328 ART.
572 297 595 328 Ι.
620 308 723 328 UTRUM
747 308 913 329 coxrm‘rro
938 309 984 329 sn·
1008 309 1106 329 maron
1129 308 1235 329 Doroa

604 353 658 372 our
681 352 750 373 assa
774 353 877 373 possu-
900 353 931 373 m
955 353 1078 373 NATURA

739 405 764 427 Ιη
779 405 816 428 Ρσ.
831 405 942 428 XXXVII.

374 483 395 503 n
418 483 535 504 ramim
558 483 604 503 sm
628 483 831 504 Paocam‘run.
862 472 996 503 Videtur
1020 472 1109 513 quod
1132 472 1281 503 contritio
1305 481 1373 502 non

311 485 414 548 Asit
436 518 539 548 maior
562 517 655 548 dolor
679 518 735 558 qui
759 527 826 548 esse
850 518 951 557 possit
971 518 1004 547 in
1024 522 1145 547 natura.
1170 517 1271 546 Dolor
1287 516 1373 546 enim

751 561 814 592 Sed
837 561 961 601 aliquae
989 561 1146 591 laesiones
1175 561 1275 600 magis
1302 569 1371 589 sen-

309 606 431 636 tiuntur
464 615 561 646 quarn
583 606 681 636 laesio
712 606 852 646 peccati:
879 606 960 635 sicut
982 605 1080 635 laesio
1104 604 1253 634 vulneris.
1287 603 1372 643 Ergo

309 660 377 680 non
401 655 447 680 est
469 651 627 680 maximus
650 649 744 680 dolor
770 650 929 680 contritio.

366 704 395 724 2.
419 694 621 730 Priamum,
646 703 684 724 ex
707 693 822 724 effectu
845 693 1002 724 sumimus
1025 691 1181 722 iudicium
1205 691 1244 722 de
1267 700 1371 721 causa.

310 738 373 770 Sed
396 737 527 769 effectus
551 738 671 768 doloris
693 743 767 768 sunt
798 738 956 767 lacrimae.
990 736 1076 766 Cum
1100 745 1175 776 ergo
1200 734 1372 775 aliquando

309 783 464 813 contritus
479 792 547 813 non
570 782 692 812 emittat
706 782 850 812 lacrimas
867 780 1048 820 corporales
1072 779 1111 810 de
1127 779 1275 819 peccatis,
1293 788 1372 819 quas

308 832 416 857 tamen
440 827 554 857 emittit
577 825 616 856 de
638 830 742 856 morte
766 825 870 860 amici,
886 824 937 854 vel
956 823 995 854 de
1011 824 1226 864 percussione,
1243 823 1293 853 vel
1317 823 1371 852 ali-

309 880 376 911 quo
400 869 602 906 huiusmodi;
626 869 751 899 videtur
766 868 856 909 quod
879 868 1028 898 contritio
1045 877 1111 898 non
1135 867 1174 897 sit
1197 866 1290 897 dolor
1305 876 1371 896 ma-

308 924 614 994 '‘ungis-PRAETER&
631 962 752 997 quanto
768 956 889 996 aliquid
910 956 983 996 plus
1003 956 1098 986 habet
1114 954 1153 986 de
1177 954 1371 985 admixtione

308 1002 466 1038 contrarii,
482 1007 571 1032 tanto
588 1007 634 1032 est
657 1002 763 1031 minus
781 1001 953 1032 intensum.
978 1000 1041 1031 Sed
1064 1000 1263 1030 contritionis
1279 999 1372 1030 dolor

306 1047 402 1077 habet
423 1046 563 1077 multum
585 1045 625 1076 de
647 1045 765 1085 gaudio
798 1045 991 1075 admixtum:
1017 1045 1092 1085 quia
1116 1045 1270 1074 contritus
1294 1053 1368 1084 gau-

307 1090 361 1121 det
384 1090 423 1121 de
446 1091 642 1125 liberatione,
660 1089 699 1120 de
722 1099 778 1129 spe
794 1090 916 1126 veniae,
934 1095 964 1119 et
987 1089 1026 1119 de
1046 1089 1154 1119 multis
1174 1088 1370 1119 huiusmodi.

306 1135 392 1175 Ergo
416 1134 510 1165 dolor
532 1144 608 1165 suus
632 1139 679 1164 est
701 1135 863 1164 minimus.

361 1188 393 1218 4.
417 1179 614 1215 Pugnan,
640 1178 734 1210 dolor
757 1178 956 1208 contritionis
987 1177 1185 1217 displicentia
1213 1177 1371 1217 quaedam

307 1228 364 1254 est.
388 1223 451 1254 Sed
473 1223 574 1254 multa
596 1228 670 1253 sunt
693 1232 775 1262 quae
799 1222 899 1262 magis
923 1221 1091 1262 displicent
1110 1222 1248 1252 contrito
1273 1231 1370 1262 quarn

306 1273 437 1308 peccata
459 1268 641 1308 praeterita:
667 1276 734 1297 non
758 1268 844 1297 enim
860 1267 955 1297 vellet
977 1275 1116 1306 poenam
1139 1265 1255 1296 inferni
1278 1267 1370 1296 susti-

306 1321 383 1342 nere
406 1313 514 1352 potius
538 1321 636 1352 quam
659 1321 806 1352 peccare,
826 1321 887 1341 nec
909 1311 1025 1341 iterum
1048 1311 1234 1340 sustinuisse
1257 1320 1370 1340 omnes

295 1365 428 1396 peenas
450 1356 652 1396 temporales,
669 1361 725 1388 aut
747 1356 841 1386 etiam
865 1355 1036 1391 sustinere3
1061 1355 1136 1384 alias
1165 1355 1260 1394 pauci
1283 1355 1370 1385 inve-

305 1401 450 1431 nirentur
470 1401 607 1431 contriti.
632 1401 717 1440 Ergo
734 1399 827 1430 dolor
842 1400 1042 1430 contritionis
1057 1408 1125 1429 non
1141 1404 1187 1428 est
1201 1399 1370 1429 maximus.

362 1444 425 1476 Sat>
449 1455 589 1480 CONTRA,
615 1444 793 1475 secundum
816 1444 1033 1483 Augustinum
1049 1444 1065 1459 ³*
1093 1443 1198 1473 omnis
1222 1442 1315 1473 dolor
1337 1443 1371 1473 in

307 1498 417 1520 amore
440 1488 600 1519 fundatur.
624 1488 687 1520 Sed
710 1498 800 1518 amor
823 1488 968 1523 caritatis,
991 1488 1025 1517 in
1049 1496 1116 1527 quo
1140 1486 1291 1517 fundatur
1313 1486 1368 1517 do·-

306 1533 356 1564 lor
379 1533 590 1569 contritionis,
607 1538 654 1563 est
676 1533 843 1563 maximus.
874 1532 960 1571 Ergo
985 1531 1078 1562 dolor
1101 1531 1301 1561 contritionis
1325 1537 1372 1561 est

306 1578 474 1608 maximus.

363 1631 392 1651 2.
416 1621 612 1656 PRAETEREA,
630 1620 724 1650 dolor
747 1625 794 1650 est
809 1620 848 1650 de
871 1620 968 1650 malo.
993 1620 1079 1659 Ergo
1103 1619 1142 1649 de
1161 1619 1261 1658 magis
1284 1619 1370 1648 malo

306 1664 401 1695 debet
416 1674 484 1695 esse
506 1665 609 1695 maior
625 1664 727 1702 dolor.
753 1664 816 1694 Sed
841 1664 936 1704 culpa
959 1669 1005 1694 est
1020 1664 1120 1703 magis
1135 1663 1257 1692 malum
1273 1672 1371 1702 quam

304 1718 421 1750 poena.
455 1709 542 1749 Ergo
566 1708 660 1739 dolor
687 1708 727 1738 de
751 1708 864 1748 culpa,
890 1709 947 1748 qui
977 1713 1023 1738 est
1054 1707 1223 1742 contritio,
1248 1706 1371 1737 excedit

305 1762 437 1784 omnem
461 1753 559 1783 aliurn
582 1752 739 1783 dolorem.

358 1798 548 1828 Rusponnsso
573 1807 732 1827 meas-nun
749 1796 839 1837 quod
856 1797 890 1826 in
905 1796 1097 1826 contritione
1120 1801 1167 1825 est
1183 1795 1300 1835 duplex
1313 1794 1371 1825 do-

303 1841 353 1872 lor
369 1843 396 1872 *.
420 1842 512 1873 Unus
535 1842 568 1872 in
591 1842 660 1882 ipsa
681 1841 863 1877 voluntate,
893 1850 975 1880 quae
999 1845 1045 1870 est
1076 1839 1280 1870 essentialiter
1303 1840 1371 1879 ipsa

305 1886 471 1916 contritio:
497 1895 580 1926 quae
603 1885 682 1916 nihil
705 1886 792 1916 aliud
809 1891 855 1916 est
878 1895 976 1925 quam
998 1884 1196 1924 displicentia
1211 1884 1371 1924 praeteriti

302 1931 437 1970 peccati.
462 1930 504 1960 Et
525 1930 595 1960 talis
619 1929 712 1960 dolor
733 1931 766 1961 in
791 1930 983 1960 contritione
1007 1928 1130 1959 excedit
1154 1937 1267 1958 omnes
1291 1928 1370 1958 alios

303 1973 441 2005 dolores.
466 1974 552 2012 Quia
575 1979 732 2014 quantum
756 1973 877 2014 aliquid
899 1974 1013 2013 placet,
1030 1978 1155 2003 tantum
1175 1973 1370 2002 contrarium

303 2019 372 2049 eius
388 2018 542 2059 displicet.
564 2008 651 2049 Firiis
667 2024 774 2049 autem
791 2027 886 2058 super
902 2019 1011 2048 omnia
1026 2017 1147 2057 placet:
1169 2026 1244 2047 cum
1261 2017 1370 2046 omnia

302 2068 434 2104 propter
448 2064 556 2103 ipsum
572 2062 798 2094 desiderentur.
823 2063 864 2092 Et
879 2062 952 2092 ideo
969 2067 1149 2102 peccatum,
1167 2060 1256 2101 quod
1271 2071 1289 2090 a
1305 2060 1370 2091 fine

302 2107 418 2138 ultimo
442 2108 563 2143 avertit,
579 2117 675 2147 super
698 2108 807 2137 omnia
830 2106 996 2146 displicere
1020 2105 1123 2136 debet.
1261 2133 1275 2143 ,

357 2151 449 2182 Alius
466 2151 558 2182 dolor
574 2157 621 2182 est
636 2152 669 2181 in
685 2157 773 2191 parte
793 2151 950 2186 sensitiva,
968 2151 1024 2190 qui
1048 2154 1194 2180 causatur
1210 2159 1248 2179 ex
1264 2149 1368 2189 primo

1395 439 1404 459 5

1388 658 1414 672 10

1388 876 1409 895 ¹5

1386 1095 1412 1110 20

1385 1321 1408 1340 ²5

1386 1544 1411 1564 30

1386 1763 1408 1783 35

1384 1983 1410 2003 40

303 2195 432 2226 dolore:
457 2196 507 2226 vel
531 2205 569 2226 ex
592 2196 779 2225 necessitate
802 2201 949 2230 naturae,
973 2194 1152 2224 secundum
1176 2193 1265 2233 quod
1288 2194 1369 2223 vires
1383 2204 1406 2224 45

302 2239 468 2270 inferiores
492 2245 671 2280 sequuntur
686 2244 814 2270 motum
832 2240 1055 2279 superiorum;
1079 2238 1130 2268 vel
1146 2247 1183 2268 ex
1200 2238 1368 2273 electione,

303 2284 482 2315 secundum
506 2283 595 2324 quod
618 2284 719 2314 homo
742 2284 912 2324 poenitens
934 2284 968 2313 in
984 2283 1088 2323 seipso
1112 2283 1199 2313 hunc
1223 2282 1370 2313 dolorem

303 2329 418 2359 excitat
450 2334 485 2359 ut
509 2328 549 2358 de
577 2329 715 2368 peccatis
748 2327 864 2358 doleat.
896 2328 938 2358 Et
965 2332 1080 2357 neutro
1111 2326 1211 2357 modo
1242 2332 1370 2367 oportet

304 2372 394 2413 quod
417 2373 456 2403 sit
478 2373 636 2403 maximus
660 2371 762 2402 dolor.
796 2371 882 2409 Quia
903 2372 985 2402 vires
1009 2370 1175 2401 inferiores
1197 2376 1369 2401 moventur

301 2417 523 2448 vehementius
547 2417 585 2446 ab
605 2416 738 2446 obiectis
760 2416 896 2456 propriis
913 2425 1011 2456 quam
1035 2425 1073 2446 ex
1092 2414 1302 2446 redundantia
1316 2425 1368 2445 su-

301 2462 467 2502 periorum
485 2461 611 2491 virium.
636 2460 677 2490 Et
692 2460 776 2496 ideo,
793 2465 915 2500 quanto
940 2460 1085 2500 operatio
1104 2460 1307 2500 superiorum
1322 2460 1368 2490 vi-

301 2506 387 2536 rium
410 2511 456 2536 est
479 2504 693 2545 propinquior
716 2505 849 2534 obiectis
869 2504 1067 2540 inferiorum,
1083 2509 1173 2534 tanto
1196 2505 1297 2544 magis
1320 2513 1368 2534 se-

303 2555 447 2590 quuntur
470 2558 579 2580 earum
602 2553 739 2579 motum.
764 2549 804 2579 Et
826 2548 901 2579 ideo
924 2549 1027 2579 maior
1053 2548 1148 2579 dolor
1171 2554 1218 2579 est
1240 2549 1274 2578 in
1297 2558 1368 2578 sen-

303 2595 394 2625 sitiva
416 2599 505 2634 parte
529 2603 567 2623 ex
590 2592 730 2623 laesione
754 2593 894 2623 sensibili
917 2603 1015 2633 quam
1035 2593 1075 2623 sit
1097 2593 1149 2623 ille
1173 2594 1229 2633 qui
1252 2594 1285 2623 in
1300 2593 1367 2633 ipsa

302 2638 459 2669 redundat
483 2648 520 2669 ex
542 2637 675 2668 ratione.
707 2637 748 2667 Et
770 2637 913 2667 similiter
934 2638 1037 2668 maior
1067 2638 1123 2677 qui
1147 2637 1303 2668 redundat
1330 2647 1369 2667 ex

302 2683 426 2713 ratione
450 2682 490 2712 de
514 2681 733 2722 corporalibus
763 2681 972 2718 deliberante,
999 2691 1097 2722 quam
1125 2683 1181 2721 qui
1213 2681 1369 2712 redundat

303 2737 342 2758 ex
365 2728 488 2758 ratione
512 2725 732 2756 considerante
755 2726 938 2766 spiritualia.
972 2725 1066 2757 Unde
1090 2725 1183 2756 dolor
1205 2727 1239 2756 in
1271 2726 1369 2756 sensi-

302 2772 367 2802 tiva
389 2777 478 2812 parte
503 2781 540 2801 ex
571 2770 769 2810 displicentia
791 2771 922 2800 radonis
953 2771 1145 2811 proveniens
1169 2770 1208 2801 de
1234 2776 1368 2810 peccato

301 2826 371 2847 non
387 2821 434 2846 est
448 2816 551 2845 maior
575 2814 668 2845 dolor
683 2814 751 2844 aliis
767 2814 932 2845 doloribus
955 2816 1012 2855 qui
1034 2816 1068 2845 in
1091 2816 1160 2855 ipsa
1182 2820 1266 2845 sunt.
1282 2833 1305 2837 —
1328 2815 1368 2845 Et

302 2861 445 2892 similiter
460 2869 521 2890 nec
537 2858 629 2889 dolor
645 2859 702 2899 qui
718 2864 764 2889 est
779 2859 958 2890 voluntarie
978 2864 1170 2899 assumptus.
1190 2859 1277 2889 Tum
1293 2860 1376 2900 quia

301 2914 370 2936 non
394 2903 503 2935 obedit
526 2902 657 2934 affectus
679 2902 810 2933 inferior
833 2904 990 2944 superiori
1012 2903 1052 2934 ad
1074 2910 1208 2940 nutum,
1232 2909 1268 2934 ut
1282 2909 1369 2934 tanta

301 2950 408 2990 passio
425 2953 577 2989 sequatur
599 2948 633 2978 in
648 2947 790 2978 inferiori
814 2949 958 2988 appetitu
974 2949 1103 2988 qualem
1126 2948 1251 2978 ordinat
1273 2957 1368 2988 supe-

301 2994 375 3024 rior.
400 2994 488 3024 Tum
516 2992 612 3022 etiam
636 2993 712 3032 quia
734 2993 898 3032 passiones
921 3003 939 3022 a
961 2994 1084 3023 ratione
1107 2998 1312 3023 assumuntur
1334 2994 1368 3023 in

303 3039 425 3069 actibus
456 3037 611 3067 virtutum
640 3036 819 3067 secundum
848 3046 1032 3067 mensuram
1056 3037 1235 3077 quandam:
1270 3047 1368 3077 quam

1384 2423 1409 2444 50

1384 2648 1406 2669 55

1382 2867 1409 2887 60

302 3082 499 3123 quandoque
523 3080 616 3111 dolor
639 3081 696 3121 qui
719 3086 766 3111 est
785 3082 853 3112 sine
876 3082 1001 3118 virtute,
1017 3091 1085 3112 non
1107 3087 1219 3118 servat,
1236 3081 1292 3112 sed
1315 3091 1368 3112 ex·
1381 3090 1405 3116 65

303 3126 397 3158 cedit.

357 3171 408 3201 An
432 3180 549 3200 ramum
572 3179 655 3200 aizoo
680 3180 839 3200 mmmmm
863 3170 966 3210 quod,
992 3171 1074 3200 sicut
1097 3170 1191 3201 dolor
1213 3170 1368 3201 sensibilis

304 3220 351 3246 est
373 3213 413 3245 de
436 3223 532 3244 sensu
547 3213 706 3250 laesionis,
722 3215 765 3244 ita
789 3214 882 3245 dolor
903 3216 1035 3245 interior
1051 3220 1098 3245 est
1120 3214 1160 3245 de
1184 3215 1367 3255 cognitione

304 3259 439 3289 alicuius
453 3258 571 3288 nocivi.
595 3258 636 3288 Et
646 3258 743 3302 video,
761 3259 906 3299 quamvis
929 3259 1027 3290 laesio
1043 3260 1167 3299 peccati
1190 3259 1367 3290 secundum

305 3303 494 3333 exteriorem
517 3311 646 3332 sensum
669 3312 737 3333 non
759 3304 962 3343 percipiatur,
978 3309 1086 3334 tamen
1104 3305 1277 3345 percipitur
1300 3313 1367 3334 esse

304 3347 442 3378 maxima
465 3345 643 3377 secundum
665 3356 795 3378 sensum
817 3348 1002 3378 interiorem
1024 3349 1164 3379 rationis.

359 3391 411 3421 An
434 3399 596 3420 sacuunuu
618 3398 777 3421 mmmmm
804 3392 893 3432 quod
917 3393 1098 3432 corporales
1128 3393 1367 3423 immutationes

304 3434 488 3466 immediate
511 3440 753 3474 consequuntur
775 3435 816 3466 ad
838 3437 1002 3476 passiones
1023 3437 1190 3468 sensitivae
1214 3438 1319 3477 partis,
1337 3443 1368 3468 et

306 3480 351 3510 eis
373 3477 586 3509 mediantibus
616 3478 656 3508 ad
677 3478 861 3510 affectiones
889 3482 1079 3521 appetitivae
1110 3482 1291 3521 superioris.
1326 3482 1367 3512 Et

1382 3315 1409 3336 70

2464 192 2487 227 7

1429 254 1513 289 cino,
1531 254 1623 284 citius
1647 254 1792 285 defluunt
1814 255 1961 286 lacrimae
1985 259 2165 297 corporales
2193 268 2290 298 quam
2314 259 2352 290 de
2376 259 2488 290 dolore

1428 298 1582 337 spirituali
1605 299 1814 329 contritionis.

1481 342 1532 371 An
1556 352 1690 372 ‘reanum
1705 353 1863 373 nrcaNDcM
1887 343 1976 383 quod
1998 345 2149 384 gaudium
2166 346 2244 376 illud
2268 347 2356 386 quod
2375 348 2488 387 poeni-

1427 391 1496 415 tens
1520 385 1559 416 de
1583 386 1694 416 dolore
1718 387 1828 423 habet,
1854 397 1921 417 non
1948 389 2065 418 minuit
2088 389 2334 429 displicentiam,
2362 392 2436 430 quia
2459 391 2486 421 ei

1427 439 1495 459 non
1518 431 1735 467 contrariatur,
1752 430 1807 461 sed
1830 437 1942 471 auget:
1967 432 2144 463 secundum
2169 434 2258 473 quod
2288 436 2391 465 omnis
2415 445 2488 475 ope-

1428 474 1513 504 ratio
1537 479 1679 515 augetur
1694 485 1758 515 per
1773 476 1946 515 propriam
1976 476 2234 513 delectationem,
2260 484 2296 507 ut
2319 478 2432 509 dicitur
2454 480 2487 509 in

1426 518 1456 547 X
1477 518 1582 548 Ethic.
1608 519 1640 554 *;
1674 519 1756 549 sicut
1779 520 1835 559 qui
1868 519 2041 550 delectatur
2063 521 2096 550 in
2126 521 2318 552 addiscendo
2348 523 2487 562 aliquam
2515 528 2525 538 ·

1427 562 1602 598 scientiam,
1618 563 1733 593 melius
1757 563 1897 594 addiscit.
1922 564 1963 593 Et
1986 564 2128 594 similiter
2151 566 2206 604 qui
2225 566 2340 605 gaudet
2363 566 2402 596 de
2426 566 2487 596 dis-
2532 569 2538 575 “

1427 605 1595 645 plicentia,
1620 607 1841 637 vehementius
1871 607 2103 647 displicentiam
2134 609 2237 639 habet.
2261 628 2284 632 —
2314 610 2375 640 Sed
2406 611 2487 640 bene

1427 655 1532 688 potest
1555 660 1623 680 esse
1647 651 1736 690 quod
1758 651 1838 682 illud
1860 651 2012 691 gaudium
2036 658 2192 692 temperat
2214 653 2359 684 dolorem
2383 664 2420 684 ex
2441 664 2488 684 ra-

1426 694 1515 723 tione
1537 695 1571 724 in
1593 700 1716 734 partem
1740 696 1920 725 sensitivam
1943 697 2158 727 resultantem.

1481 738 1531 767 An
1557 748 1704 768 otmarum
1726 749 1886 769 memnon
1910 740 1999 779 quod
2023 742 2181 781 quantitas
2209 741 2425 782 displicentiae
2449 742 2487 773 de

1427 781 1532 820 aliqua
1547 791 1581 812 re
1597 782 1691 812 debet
1715 792 1782 813 esse
1798 783 1976 815 secundum
1993 786 2201 824 quantitatem
2221 786 2359 817 malitiae
2378 787 2487 827 ipsius.

1427 825 1547 855 Malitia
1563 831 1669 856 autem
1685 827 1718 856 in
1742 827 1837 867 culpa
1859 829 1986 859 mortali
2001 836 2201 860 mensuratur
2224 840 2262 860 ex
2278 840 2317 861 eo
2342 832 2374 861 in
2391 841 2489 871 quem

1426 875 1586 908 peccatur,
1603 871 1795 910 inquantum
1820 878 1866 902 est
1889 873 1918 903 ei
1941 873 2086 913 indigna;
2111 880 2142 904 et
2166 885 2203 905 ex
2227 884 2266 905 eo
2287 876 2343 915 qui
2366 882 2487 916 peccat,

1426 914 1618 953 inquantum
1635 921 1681 945 est
1697 916 1725 945 ei
1741 917 1866 947 nociva.
1889 917 1931 947 Et
1947 919 2022 957 quia
2037 919 2137 948 homo
2154 919 2248 950 debet
2267 920 2366 960 magis
2382 920 2488 951 Deum

1426 967 1524 997 quam
1547 959 1688 999 seipsum
1712 959 1851 1000 diligere,
1868 960 1940 991 ideo
1964 962 2036 1002 plus
2060 962 2154 994 debet
2177 964 2265 994 odire
2289 964 2417 1004 culpam
2439 966 2488 996 in-

1427 1008 1583 1042 quantum
1599 1009 1646 1034 est
1669 1003 1789 1034 offensa
1810 1005 1880 1041 Dei,
1898 1015 1995 1045 quam
2011 1007 2202 1047 inquantum
2226 1014 2273 1038 est
2287 1009 2403 1039 nociva
2417 1010 2486 1040 sibi.

1480 1047 1538 1076 Est
1559 1053 1667 1078 autem
1690 1049 1804 1079 nociva
1827 1050 1886 1079 sibi
1909 1051 2124 1091 principaliter
2146 1053 2337 1092 inquantum
2365 1060 2488 1094 separat

1425 1091 1532 1131 ipsum
1555 1101 1573 1121 a
1589 1092 1670 1122 Deo.
1695 1093 1736 1122 Et
1759 1103 1797 1123 ex
1813 1094 1871 1124 hac
1894 1100 1982 1134 parte
2005 1096 2073 1135 ipsa
2089 1098 2244 1136 separatio
2268 1107 2286 1127 a
2306 1098 2387 1134 Deo,
2404 1107 2487 1138 quae

1425 1145 1531 1175 poena
1547 1136 1704 1175 quaedam
1721 1143 1777 1173 est,
1789 1139 1889 1178 magis
1905 1138 1999 1169 debet
2015 1140 2180 1180 displicere
2197 1151 2293 1181 quam
2309 1142 2377 1182 ipsa
2393 1142 2487 1183 culpa

1424 1180 1616 1219 inquantum
1640 1181 1702 1211 hoc
1725 1187 1959 1213 nocumentum
1983 1184 2122 1221 inducit,
2146 1186 2221 1225 quia
2245 1186 2334 1225 quod
2356 1193 2487 1227 propter

1425 1224 1559 1254 alterurn
1583 1225 1698 1261 oditur,
1715 1226 1822 1256 minus
1846 1226 1967 1258 oditur:
1993 1229 2048 1258 sed
2070 1230 2177 1260 minus
2201 1239 2298 1270 quam
2321 1231 2416 1271 culpa
2438 1232 2487 1262 in-

1425 1274 1582 1307 quantum
1605 1274 1652 1299 est
1675 1269 1795 1300 offensa
1817 1271 1850 1300 in
1874 1271 1990 1302 Deum.

1480 1312 1564 1342 Inter
1587 1322 1700 1343 omnes
1716 1320 1823 1344 autem
1846 1324 1966 1355 poenas
1982 1317 2153 1348 attenditur
2176 1318 2255 1349 ordo
2278 1319 2415 1349 malitiae
2439 1329 2487 1350 se-

1425 1356 1568 1387 cundum
1601 1358 1809 1397 quantitatem
1842 1362 2040 1391 nocumenti.
2075 1362 2115 1392 Et
2138 1362 2231 1399 ideo,
2256 1373 2331 1393 cum
2362 1364 2425 1394 hoc
2449 1365 2488 1394 sit

1424 1401 1601 1431 maximum
1624 1408 1859 1433 nocumentum
1883 1413 1949 1443 quo
1973 1406 2148 1436 maximum
2180 1407 2303 1437 bonum
2326 1409 2486 1448 privatur,
2513 1418 2515 1421 ’

1425 1445 1483 1474 erit
1505 1446 1587 1476 inter
1609 1455 1731 1485 poenas
1753 1448 1891 1477 maxima
1913 1451 2068 1488 separatio
2093 1460 2111 1480 a
2134 1451 2214 1481 Deo.

1480 1489 1536 1519 Est
1552 1490 1646 1519 etiam
1663 1490 1722 1520 alia
1738 1492 1895 1530 quantitas
1907 1493 2044 1524 malitiae
2056 1494 2267 1530 accidentalis,
2281 1505 2378 1536 quam
2391 1506 2487 1536 opor-

1424 1538 1469 1563 tet
1492 1534 1525 1563 in
1549 1533 1747 1573 displicentia
1770 1536 1930 1566 attendere
1954 1538 2131 1569 secundum
2155 1540 2311 1570 rationem
2340 1550 2488 1580 praesen—

1424 1577 1463 1606 tis
1487 1583 1518 1606 et
1540 1579 1716 1616 praeteriti:
1747 1580 1821 1619 quia
1845 1581 1933 1620 quod
1948 1583 2153 1621 praeteritum
2177 1589 2233 1619 est,
2249 1584 2312 1614 iarn
2335 1594 2402 1614 non
2427 1590 2486 1621 est;

1424 1620 1511 1650 unde
1534 1622 1630 1651 habet
1651 1623 1758 1653 minus
1782 1623 1821 1653 de
1844 1626 1966 1655 ratione
1991 1632 2022 1656 et
2044 1627 2181 1657 malitiae
2206 1634 2237 1658 et
2259 1629 2418 1659 bonitatis.
2447 1629 2488 1659 Et

1424 1664 1499 1694 inde
1523 1670 1569 1695 est
1593 1666 1682 1705 quod
1705 1667 1778 1706 plus
1809 1667 1925 1708 refugit
1947 1670 2048 1700 homo
2081 1673 2234 1702 sustinere
2262 1672 2382 1711 aliquid
2413 1673 2488 1703 mali

1424 1709 1457 1738 in
1481 1710 1639 1748 praesenti
1654 1710 1705 1740 vel
1729 1710 1837 1741 futuro
1862 1722 1959 1752 quam
1979 1714 2106 1745 horreat
2129 1715 2167 1745 de
2190 1717 2370 1755 praeterito.
2395 1717 2488 1748 Unde

1424 1762 1484 1782 nec
1508 1753 1614 1793 aliqua
1629 1755 1734 1794 passio
1758 1756 1882 1786 animae
1905 1757 2023 1788 directe
2038 1760 2210 1799 respondet
2232 1762 2412 1800 praeterito,
2429 1762 2489 1791 sic—

1424 1802 1460 1827 ut
1483 1796 1578 1827 dolor
1600 1798 1772 1838 respondet
1802 1802 1959 1839 praesenti
1982 1803 2088 1839 malo,
2114 1809 2144 1834 et
2167 1805 2263 1834 timor
2294 1805 2412 1836 futuro.
2448 1806 2489 1836 Et

1424 1847 1556 1881 propter
1586 1842 1648 1872 hoc
1675 1842 1714 1873 de
1738 1843 1865 1874 duobus
1888 1846 1978 1876 malis
2008 1849 2182 1887 praeteritis
2210 1848 2289 1879 illud
2311 1851 2411 1890 magis
2435 1851 2488 1880 ab·

1423 1886 1532 1916 horret
1554 1887 1678 1917 animus
1703 1888 1793 1918 cuius
1816 1890 1920 1919 maior
1950 1890 2080 1922 effectus
2103 1893 2137 1922 in
2159 1894 2317 1933 praesenti
2346 1900 2488 1925 remanet

1423 1930 1474 1960 vel
1497 1931 1531 1960 in
1555 1930 1699 1961 futurum
1723 1932 1862 1969 timetur,
1879 1934 1975 1964 etiam
1999 1936 2024 1965 si
2046 1937 2079 1966 in
2103 1938 2273 1976 praeterito
2289 1939 2395 1969 minus
2418 1938 2488 1969 fue-

1423 1975 1471 2004 rit.
1496 1975 1538 2004 Et
1561 1976 1636 2015 quia
1660 1975 1790 2007 effectus
1812 1978 2030 2017 praecedentis
2054 1981 2167 2020 culpae
2189 1991 2258 2012 non
2280 1983 2323 2012 ita
2352 1984 2488 2023 percipi-

1423 2024 1474 2048 tur
1498 2019 1694 2059 quandoque
1710 2021 1792 2051 sicut
1815 2021 1945 2053 effectus
1960 2026 2146 2063 praeteritae
2168 2036 2303 2066 poenae,
2319 2032 2388 2057 turn
2413 2028 2488 2067 quia

1424 2063 1519 2102 culpa
1541 2063 1712 2103 perfectius
1735 2070 1863 2096 sanatur
1886 2076 1983 2106 quam
2007 2069 2164 2108 quaedam
2186 2080 2303 2110 poena,
2319 2076 2389 2101 tum
2412 2073 2487 2112 quia

1423 2106 1566 2137 defectus
1583 2109 1757 2148 corporalis
1779 2111 1879 2150 magis
1903 2117 1950 2141 est
1972 2113 2158 2144 manifestus
2182 2123 2279 2154 quam
2299 2116 2484 2155 spiritualis;

1423 2151 1496 2181 ideo
1516 2152 1627 2188 homo,
1646 2153 1740 2183 etiam
1760 2154 1841 2184 bene
1866 2155 2047 2195 dispositus,
2065 2158 2260 2199 quandoque
2275 2160 2375 2199 magis
2398 2160 2431 2190 in
2452 2170 2486 2191 se

1424 2196 1558 2235 percipit
1585 2197 1751 2227 horrorem
1774 2199 1992 2238 praecedentis
2016 2211 2141 2241 poenae
2174 2213 2271 2243 quarn
2294 2203 2486 2243 praeceden-

1422 2240 1461 2269 tis
1485 2240 1610 2280 culpae,
1627 2243 1772 2281 quamvis
1795 2244 1895 2283 magis
1921 2250 2003 2275 esset
2020 2252 2146 2285 paratus
2165 2249 2231 2287 pati
2250 2248 2384 2278 eandem
2407 2258 2486 2289 poe-

1422 2293 1498 2314 nam
1521 2294 1619 2324 quam
1643 2287 1843 2318 committere
1867 2289 2001 2319 eandem
2025 2291 2164 2330 culpam.

1477 2328 1534 2358 Est
1557 2330 1653 2359 etiam
1685 2331 1953 2363 considerandum
1976 2334 2009 2363 in
2042 2337 2280 2375 comparatione
2311 2336 2425 2377 culpae
2455 2343 2487 2368 et

1422 2381 1548 2412 poenae
1572 2373 1661 2413 quod
1678 2375 1835 2414 quaedam
1858 2386 1983 2417 poenae
2006 2378 2124 2409 habent
2137 2381 2386 2420 inseparabiliter
2408 2391 2486 2412 con-

1422 2417 1564 2447 iunctam
1587 2418 1648 2448 Dei
1681 2419 1852 2456 offensam,
1876 2422 1958 2452 sicut
1985 2424 2140 2462 separatio
2165 2434 2183 2454 a
2210 2425 2295 2460 Deo;
2328 2425 2486 2465 quaedam

1423 2461 1517 2491 etiam
1551 2461 1672 2493 addunt
1697 2466 1960 2504 perpetuitatem,
1989 2467 2071 2497 sicut
2099 2478 2206 2508 poena
2236 2469 2360 2500 inferni.
2399 2470 2485 2510 Ergo

1422 2515 1528 2545 poena
1551 2506 1605 2536 illa
1628 2516 1710 2547 quae
1741 2508 1895 2540 offensam
1925 2520 2081 2541 annexam
2103 2513 2214 2549 habet,
2239 2513 2354 2543 eodem
2385 2514 2485 2545 modo

1423 2549 1563 2580 cavenda
1580 2556 1626 2580 est
1641 2552 1723 2582 sicut
1746 2553 1840 2583 etiam
1858 2554 1961 2594 culpa.
1986 2555 2049 2586 Sed
2071 2556 2124 2586 illa
2140 2566 2222 2596 quae
2242 2559 2486 2597 perpetuitatem

1423 2593 1527 2630 addit,
1555 2600 1602 2625 est
1631 2597 1730 2636 magis
1758 2607 1856 2637 quam
1886 2599 1981 2639 culpa
2010 2601 2194 2640 simpliciter
2223 2601 2383 2642 fugienda.
2407 2622 2429 2625 —
2453 2603 2486 2635 Si

1422 2644 1530 2669 tamen
1546 2639 1587 2678 ab*
1609 2641 1653 2670 eis
1676 2648 1838 2681 separetur
1860 2644 1940 2674 ratio
1964 2643 2104 2675 offensae
2128 2651 2159 2676 et
2182 2646 2399 2677 consideretur
2418 2653 2486 2678 tan-

1422 2689 1492 2713 tum
1518 2685 1598 2714 ratio
1622 2694 1758 2724 poenae,
1782 2687 1888 2718 minus
1915 2688 2033 2719 habent
2056 2689 2095 2719 de
2118 2690 2237 2720 malitia
2267 2701 2364 2730 quam
2392 2692 2486 2732 culpa

1422 2729 1615 2768 inquantum
1639 2735 1685 2760 est
1709 2730 1830 2761 offensa
1853 2732 1923 2763 Dei.
1948 2733 1988 2763 Et
2010 2739 2141 2774 propter
2162 2735 2225 2765 hoc
2240 2736 2347 2766 minus
2370 2735 2487 2767 debent

1423 2772 1599 2812 displicere.

1478 2817 1652 2848 Sciendum
1682 2824 1729 2849 est
1752 2821 1847 2850 etiam
1878 2821 1984 2860 quod,
2010 2823 2155 2862 quamvis
2178 2823 2247 2853 talis
2275 2824 2388 2854 debeat
2419 2834 2485 2855 esse

1423 2863 1551 2892 contriti
1574 2862 1751 2903 dispositio,
1771 2874 1838 2895 non
1863 2870 1970 2896 tamen
1994 2866 2033 2897 de
2056 2868 2104 2897 his
2127 2867 2295 2898 tentandus
2319 2874 2374 2899 est.
2402 2868 2486 2906 Quia

1423 2905 1553 2936 affectus
1586 2917 1662 2937 suos
1685 2908 1786 2938 homo
1809 2919 1876 2939 non
1905 2910 1944 2940 de
1977 2910 2061 2941 facili
2093 2922 2275 2942 mensurare
2307 2918 2430 2952 potest:
2456 2919 2486 2943 et

1423 2950 1619 2991 quandoque
1642 2952 1722 2982 illud
1745 2953 1835 2993 quod
1857 2955 1964 2985 minus
1988 2955 2132 2995 displicet
2155 2956 2278 2986 videtur
2301 2958 2400 2997 magis
2424 2957 2485 2987 dis-

1421 2995 1556 3035 plicere,
1583 2997 1659 3036 quia
1682 3002 1729 3026 est
1751 2999 1966 3039 propinquius
1988 3006 2187 3031 nocumento
2217 3001 2372 3037 sensibili,
2396 3001 2485 3041 quod

1421 3040 1521 3079 magis
1545 3046 1592 3070 est
1614 3041 1707 3071 nobis
1730 3047 1855 3073 notum.

1422 3132 1521 3162 ART.
1535 3132 1572 3162 Il.
1590 3143 1694 3162 UTRUM
1710 3143 1813 3164 possrr
1825 3144 1894 3164 assa
1910 3144 1992 3164 nnus
2008 3145 2130 3166 MAGNtfs
2148 3146 2362 3166 cox‘rmnoms
2379 3145 2484 3166 bonon

1795 3196 1864 3224 Infra,
1880 3204 1918 3225 qu.
1933 3203 1967 3224 iv,
1982 3203 2024 3221 art.
2040 3205 2060 3220 2.

1487 3271 1507 3291 n
1532 3271 1694 3291 SECUNDUM
1717 3271 1763 3291 sm
1786 3272 1989 3293 nocam-rua.
2017 3263 2150 3293 Videtur
2178 3263 2267 3303 quod
2289 3273 2356 3293 non
2384 3264 2485 3303 possit

1425 3274 1555 3336 Aesse
1585 3306 1680 3336 nimis
1715 3315 1850 3345 magnus
1884 3307 2083 3338 contritionis
2116 3308 2218 3338 dolor.
2254 3307 2367 3338 Nullus
2398 3309 2484 3338 enim

1423 3349 1516 3380 dolor
1538 3355 1645 3390 potest
1668 3359 1735 3380 esse
1758 3350 1999 3381 immoderatior
2028 3361 2125 3391 quam
2148 3352 2200 3382 ille
2233 3353 2288 3391 qui
2317 3352 2483 3392 proprium

1422 3394 1602 3424 subiectum
1625 3393 1766 3424 destruit.
1801 3394 1863 3425 Sed
1893 3394 1986 3426 dolor
2015 3397 2235 3431 contritionis,
2261 3397 2286 3426 si
2310 3402 2356 3426 est
2379 3401 2483 3426 tantus

1422 3438 1512 3478 quod
1534 3444 1672 3468 mortem
1694 3438 1745 3468 vel
1769 3440 2009 3479 corruptionem
2033 3441 2175 3480 corporis
2199 3440 2329 3476 inducit,
2347 3445 2393 3470 est
2416 3440 2483 3470 lau-

1421 3483 1550 3513 dabilis:
1576 3482 1652 3513 dicit
1675 3483 1761 3513 enim
1780 3483 1951 3514 Anselmus
1967 3485 2000 3514 *t
2029 3485 2158 3514 Utinam
2173 3485 2220 3515 sic
2243 3484 2484 3525 impinguentur
2510 3485 2719 3510 ·0rat.1„n,·1.1.1.

305 3523 379 3554 inde
404 3527 450 3553 est
474 3521 563 3562 quod
586 3531 624 3552 ex
647 3521 758 3553 dolore
782 3525 940 3561 sensibili,
965 3526 1016 3556 vel
1040 3527 1135 3556 etiam
1158 3527 1297 3556 sensibili
1320 3527 1366 3557 vi—
1380 3536 1404 3557 75
1421 3527 1545 3558 viscera
1568 3527 1696 3557 animae
1719 3536 1808 3557 meae
1831 3533 1866 3558 ut
1888 3528 2047 3558 medullae
2070 3529 2216 3569 corporis
2238 3529 2300 3559 mei
2323 3529 2482 3559 exsiccen-
