2918 4088
203 1643 251 1664 'De
256 1642 314 1663 Vera
319 1641 362 1663 etF
362 1641 414 1662 alsa

203 1669 302 1694 Poenit„
319 1674 369 1694 cap.
384 1674 413 1689 ix.

205 1696 270 1721 {inter
278 1695 339 1722 Opp.
346 1695 415 1721 Aug.)

205 1734 215 1738 -
233 1722 268 1743 Cf.
289 1727 338 1743 can.
356 1720 416 1742 Sunt

203 1749 291 1776 plures,
311 1747 340 1769 de
357 1747 415 1769 Poe-

205 1776 246 1797 nit.
261 1775 314 1796 dist.
331 1773 369 1796 111.

206 2041 215 2050 ·
239 2038 322 2060 Ezech.
352 2043 402 2065 cap.

205 2071 287 2091 xxxin,
299 2070 357 2086 vers.
370 2070 402 2090 12,

207 2098 280 2149 'aa
290 2091 401 2149 jafar

229 2145 343 2175 actltus,
373 2143 404 2164 de

205 2171 304 2198 Poenit„
319 2170 371 2192 dist.
385 2170 403 2192 I.

207 2566 218 2575 ·
232 2564 301 2586 Num.
317 2570 347 2586 iv.

435 139 512 188 344

434 223 530 253 unica
553 221 723 256 absolutio,
749 229 831 260 quae
855 220 950 250 simul
963 219 1001 250 fit
1024 220 1145 259 absque
1162 219 1373 258 explicatione
1390 217 1497 256 singu-

435 268 551 297 lorum.
574 283 597 287 —
620 264 719 303 Quod
742 264 874 295 demum
898 264 1046 294 contritio
1075 273 1143 294 non
1166 263 1279 293 habeat
1301 262 1365 292 hoc
1389 271 1427 291 ex
1449 270 1497 290 se—

436 312 513 350 ipsa,
538 319 576 340 ex
593 319 632 340 eo
651 314 738 350 patet
761 309 850 349 quod
870 309 1051 339 communis
1067 308 1210 338 doctrina
1233 312 1319 337 tenet
1343 305 1496 339 sufficere,

436 360 510 395 post
533 354 733 394 singulorum
756 358 960 393 peccatorum
984 352 1167 382 mortalium
1191 351 1375 385 attritiones,
1400 358 1498 379 unam

437 399 665 429 contritionem
687 398 721 428 in
744 397 893 437 generali.
929 397 976 427 Ex
1008 397 1071 426 hoc
1102 397 1188 426 enim
1215 395 1301 425 dicto
1332 392 1498 424 manifeste

437 444 571 473 habetur
602 441 708 483 quod,
739 442 813 472 licet
840 446 1046 482 aggregatum
1076 449 1114 470 ex
1138 439 1330 470 contritione
1360 443 1391 468 et
1414 437 1499 467 attri-

437 488 535 523 tione,
560 496 617 517 seu
640 486 862 521 attritionibus,
886 486 1072 515 terminetur
1096 484 1134 514 ad
1158 483 1281 523 singula
1298 481 1443 512 mortalia
1466 481 1499 510 in

437 532 565 572 seipsis;
596 531 665 571 ipsa
691 536 797 560 tamen
822 530 970 560 contritio
1000 538 1067 559 non
1092 529 1278 558 terminatur
1306 525 1345 556 ad
1377 525 1500 565 singula

439 576 585 606 mortalia
607 576 641 605 in
664 575 784 614 seipsis,
809 583 865 604 seu
889 573 1072 607 formaliter,
1097 572 1152 602 sed
1175 577 1299 602 tantum
1317 570 1498 600 virtualiter.

438 621 479 651 Et
502 621 528 650 si
547 619 668 650 dicatur
692 618 780 658 quod
807 618 955 648 contritio
983 626 1120 657 sequens
1146 621 1195 646 tot
1220 615 1394 645 attritiones
1422 622 1500 653 ope-

438 670 524 695 ratur
546 664 580 694 in
602 664 634 693 vi
657 663 792 698 illarum,
821 672 856 692 ac
880 671 936 701 per
959 662 1022 691 hoc
1045 661 1231 691 terminatur
1254 659 1294 689 ad
1317 659 1441 689 obiecta
1464 658 1500 688 il-

439 709 542 738 larum
564 707 753 738 formaliter:
784 705 950 736 manifeste
978 710 1065 745 patet
1092 705 1170 734 nihil
1194 704 1297 734 valere
1325 703 1500 733 illationem

439 753 532 789 hanc,
549 752 604 782 sed
620 751 780 781 destruere
804 759 977 780 commune
1001 749 1132 779 dictum.
1157 749 1321 786 Quoniam
1343 747 1418 777 hinc
1433 756 1500 776 non

441 797 584 837 sequitur
608 796 835 826 contritionem
857 794 1017 824 terminari
1040 793 1214 823 formaliter
1246 791 1284 822 ad
1308 791 1433 821 obiecta
1457 796 1501 820 at-

440 841 617 875 tritionum‚
642 839 697 869 sed
713 838 886 869 virtualiter
901 842 1041 867 tanturn:
1067 838 1148 867 sicut
1164 846 1231 866 non
1246 835 1430 871 formaliter,
1447 834 1502 864 sed

440 885 613 915 virtualiter
636 882 753 913 claudit
775 883 809 912 in
832 891 865 912 se
889 882 1074 911 attritiones.
1102 881 1143 911 Et
1166 880 1281 910 falsum
1305 885 1386 909 esset
1413 879 1502 919 quod

441 929 590 959 contritio
614 936 751 966 sequens
775 931 855 956 esset
878 935 942 956 una
966 925 1114 955 contritio
1139 924 1302 964 generalis

496 973 543 1002 Ex
567 972 683 1011 quibus
707 970 857 1000 omnibus
880 974 1011 1009 apparet
1034 968 1140 1008 quod,
1165 968 1293 1008 proprie
1317 966 1501 1007 loquendo,

442 1016 601 1051 contritio,
622 1015 720 1045 ‘relata
744 1013 783 1043 ad
806 1018 1038 1043 sacramentum
1062 1012 1293 1052 poenitentiae,
1317 1020 1384 1041 non
1409 1011 1503 1050 exigit

442 1059 531 1100 quod
554 1059 740 1088 terminetur
759 1057 933 1087 formaliter
949 1056 988 1086 ad
1004 1056 1127 1095 singula
1142 1055 1297 1091 mortalia,
1314 1054 1370 1085 sed
1388 1053 1504 1084 sufficit

442 1103 531 1144 quod
554 1102 740 1132 terminetur
763 1100 802 1131 ad
826 1110 862 1131 ea
886 1100 1068 1130 virtualiter.

495 1148 533 1177 V.
560 1147 592 1177 Si
615 1151 723 1176 autem
746 1150 926 1185 spectemus
950 1143 989 1174 ad
1013 1144 1241 1174 contritionem
1264 1142 1450 1182 simpliciter
1473 1146 1503 1171 et

441 1191 600 1226 absolute,
625 1188 797 1220 dicendum
829 1194 875 1218 est
906 1187 996 1228 quod
1029 1197 1096 1218 non
1129 1188 1224 1226 exigit
1255 1185 1416 1216 terminari
1439 1184 1503 1214 for—

440 1236 563 1266 maliter
586 1234 625 1264 ad
648 1234 771 1273 singula
794 1232 940 1262 mortalia
963 1237 1108 1271 peccata,
1133 1231 1190 1261 sed·
1212 1231 1307 1269 exigit
1329 1229 1503 1260 virtualiter

441 1280 593 1319 attingere
616 1277 739 1317 singula
762 1276 917 1311 mortalia,
942 1277 1037 1306 etiam
1061 1275 1159 1305 oblita
1176 1280 1206 1304 et
1222 1274 1395 1313 incognita.
1420 1272 1502 1302 Dico

441 1329 557 1358 autem,
571 1321 754 1353 virtualiter
776 1321 937 1361 attingere
955 1320 1108 1361 singula:
1131 1319 1206 1359 quia
1229 1328 1286 1358 per
1302 1319 1366 1348 hoc
1382 1317 1503 1356 simpli-

441 1369 518 1398 citer
541 1372 571 1397 et
594 1366 738 1396 absolute
759 1364 862 1395 differt
878 1364 1027 1395 contritio
1043 1364 1207 1393 remittens
1223 1367 1353 1402 peccata
1369 1361 1503 1391 venialia

441 1423 458 1442 a
482 1412 672 1442 contritione
695 1410 875 1439 remittente
891 1413 1021 1448 peccata
1036 1408 1192 1438 mortalia.
1216 1406 1267 1436 Ad
1283 1406 1503 1436 remissionem

441 1455 599 1496 siquidem
615 1459 821 1494 peccatorum
837 1453 1022 1482 mortalium
1046 1452 1181 1491 exigitur
1197 1450 1287 1491 quod
1303 1450 1503 1480 contritionis

442 1500 639 1540 displicentia
661 1499 700 1528 sit
723 1497 804 1528 adeo
820 1496 959 1537 perfecta
975 1497 1135 1526 extensive
1155 1495 1244 1536 quod
1260 1494 1435 1525 formaliter
1450 1499 1505 1524 aut

441 1544 612 1574 virtualiter
635 1543 765 1582 attingat
789 1542 897 1571 omnia
921 1546 952 1571 et
967 1540 1091 1581 singula
1106 1539 1251 1570 mortalia
1268 1548 1408 1579 quorum
1425 1548 1504 1579 poe-

441 1589 545 1620 nitens
569 1593 615 1618 est
637 1596 725 1617 reus:
751 1591 782 1616 et
804 1586 868 1616 hoc
890 1585 1108 1615 manifestatur
1132 1594 1170 1614 ex
1194 1593 1233 1614 eo
1258 1583 1348 1624 quod
1372 1583 1504 1623 impium

442 1638 488 1664 est
510 1632 674 1663 dimidiam
704 1640 724 1661 a
747 1630 818 1660 Deo
841 1638 974 1670 sperare
997 1629 1122 1660 veniam
1138 1629 1155 1645 ⁴*
1178 1628 1363 1658 mortalium
1389 1637 1504 1668 pecca-

442 1683 558 1708 torum.
583 1676 633 1706 Ad
648 1675 869 1706 remissionem
885 1679 992 1704 autem
1003 1673 1177 1703 venialium
1193 1682 1260 1702 non
1277 1673 1411 1713 exigitur
1426 1674 1504 1703 haec

443 1722 601 1753 extensiva
624 1719 794 1760 perfectio:
820 1723 926 1758 potest
949 1717 1108 1758 siquidem
1131 1726 1234 1747 unum
1258 1722 1427 1757 peccatum
1450 1727 1504 1748 ve-

442 1766 524 1797 niale
549 1765 663 1796 dimitti
686 1765 753 1794 sine
777 1763 856 1799 ali0;
882 1768 912 1792 et
934 1763 987 1792 illa
1010 1767 1135 1792 tantum
1150 1761 1285 1792 venialia
1301 1762 1505 1792 remittuntur

443 1810 482 1841 ad
506 1819 587 1850 quae
611 1808 808 1848 displicentia
831 1806 972 1837 virtualis
996 1816 1029 1836 se
1053 1805 1203 1836 extendit.

497 1855 651 1884 Probatur
674 1862 748 1892 ergo
773 1851 928 1881 declarata
945 1851 1111 1881 conclusio
1129 1860 1166 1880 ex
1183 1859 1222 1880 eo
1247 1849 1337 1891 quod
1354 1851 1503 1881 contritio

442 1899 605 1939 generalis,
629 1896 802 1927 virtualiter
824 1905 857 1926 se
882 1895 1055 1926 extendens
1079 1894 1118 1925 ad
1142 1894 1252 1925 omnia
1266 1895 1422 1931 mortalia,
1439 1894 1504 1925 suf-

442 1943 508 1974 ficit
531 1942 570 1973 ad
585 1942 804 1972 remissionem
821 1949 944 1975 eorum,
962 1945 1171 1970 concurrente
1188 1940 1325 1975 caritate,
1343 1945 1402 1970 etc.
1427 1939 1505 1969 Pro-

442 1989 534 2018 batur
554 1988 627 2017 hoc.
651 1986 736 2023 Quia
750 1986 784 2015 in
799 1984 928 2014 instanti
944 1983 980 2014 fit
995 1982 1178 2014 iustificatio
1194 1983 1285 2023 impii
1310 1989 1340 2014 et
1362 1984 1505 2014 converti

442 2037 547 2072 potest
570 2035 719 2071 peccator
742 2028 781 2059 ad
805 2029 927 2059 Deum:
956 2029 1110 2068 scriptum
1134 2033 1180 2058 est
1204 2028 1290 2058 enim
1305 2029 1337 2058 *z
1363 2027 1402 2058 In
1426 2037 1505 2069 qua-

443 2085 576 2116 cumque
597 2075 680 2105 hora
704 2073 899 2115 ingemuerit
915 2077 1080 2113 peccator,
1098 2077 1157 2102 etc.

498 2121 538 2150 Et
560 2120 586 2150 si
609 2119 690 2149 forte
714 2118 881 2149 obiiciatur
904 2123 1015 2148 contra
1033 2118 1097 2147 hoc
1120 2115 1257 2147 dicendo
1282 2116 1372 2156 quod
1394 2117 1505 2147 huius-

443 2164 532 2195 modi
554 2169 780 2194 momentanea
802 2172 839 2192 ac
861 2162 1015 2202 generalis
1039 2162 1189 2192 contritio
1213 2159 1274 2191 fert
1296 2165 1406 2192 secum
1430 2171 1505 2202 pro-

443 2210 583 2249 positum
607 2207 751 2248 specialis
775 2207 976 2237 contritionis
999 2206 1039 2236 de
1055 2205 1186 2246 singulis
1202 2206 1389 2236 mortalibus
1407 2206 1441 2236 in
1457 2215 1505 2236 se-

443 2255 528 2293 ipsis,
553 2253 634 2283 sicut
656 2252 832 2292 baptismus
855 2250 992 2281 flaminis
1016 2250 1075 2281 fert
1098 2260 1208 2280 secum
1231 2251 1436 2291 propositum
1452 2251 1506 2280 ba-

443 2298 550 2338 ptismi
573 2297 729 2332 fluminis;
755 2301 786 2326 et
808 2294 882 2326 ideo
899 2296 1048 2325 contritio
1065 2295 1118 2325 illa
1133 2295 1297 2334 generalis,
1317 2300 1430 2335 utpote
1446 2295 1506 2326 im-

444 2342 592 2382 perfecta,
617 2341 777 2371 concurrit
800 2339 840 2370 ad
863 2340 1085 2371 remissionem
1108 2339 1230 2379 peccati
1254 2345 1291 2369 ut
1313 2339 1446 2370 tendens
1467 2339 1506 2370 ad

445 2387 670 2417 contritionem
686 2384 866 2425 specialem,
884 2393 967 2424 quae
987 2389 1033 2414 est
1048 2383 1203 2423 perfecta:
1228 2401 1251 2405 —
1273 2383 1413 2414 advertat
1427 2384 1506 2414 haec

445 2432 596 2461 obiiciens
621 2429 710 2472 quod
733 2429 911 2460 voluntarie
935 2429 1108 2468 apponitur
1130 2428 1188 2458 iste
1209 2427 1289 2458 ordo
1307 2429 1507 2459 contritionis

445 2475 602 2516 perfectae
614 2474 786 2504 virtualiter
802 2472 841 2503 ad
857 2473 1083 2503 contritionem
1098 2471 1273 2512 perfectam
1289 2472 1473 2503 formaliter.
1485 2490 1508 2495 -

445 2520 532 2550 Tum
555 2520 639 2559 quia,
656 2528 716 2549 nec
733 2528 771 2549 ex
787 2527 874 2548 sacra
889 2516 1051 2557 Scriptura
1067 2526 1127 2547 nec
1146 2526 1184 2547 ex
1201 2517 1295 2547 sacris
1311 2517 1507 2547 Doctoribus

445 2564 585 2599 traditus,
609 2563 775 2594 communi
799 2562 973 2592 sententiae
997 2562 1142 2602 superius
1158 2561 1175 2577 *
1198 2561 1345 2592 recitatae
1364 2560 1507 2591 adversa-

445 2614 506 2638 tur.
527 2608 619 2644 Nam,
643 2608 668 2637 si
692 2607 841 2638 contritio
865 2605 1006 2646 perfecta
1027 2605 1202 2636 virtualiter
1224 2606 1354 2636 remittit
1376 2611 1508 2646 peccata

446 2658 481 2683 ut
496 2652 628 2683 tendens
643 2652 676 2682 in
689 2651 916 2682 contritionem
931 2649 1105 2691 perfectam
1121 2649 1305 2686 formaliter,
1322 2655 1508 2690 sequeretur

447 2696 550 2737 quod,
578 2702 651 2736 post
677 2705 789 2726 omnes
812 2695 988 2726 attritiones
1017 2695 1050 2725 in
1074 2694 1219 2735 speciali,
1252 2695 1421 2725 subsecuta
1443 2704 1508 2725 una

447 2741 595 2771 contn'tio
625 2740 778 2780 generalis
808 2739 949 2780 perfecta
978 2739 1152 2769 virtualiter
1181 2748 1249 2769 non
1280 2738 1438 2769 sufficeret
1468 2737 1508 2769 ad

446 2786 596 2815 salutem:
622 2785 776 2825 quoniam
800 2785 977 2824 exigeretur
1000 2783 1105 2824 quod,
1129 2788 1203 2823 post
1225 2783 1407 2823 generalem
1429 2792 1508 2814 con-

446 2830 607 2860 tritionem
634 2828 807 2869 perfectam
829 2828 1020 2864 virtualiter,
1051 2833 1237 2868 sequeretur
1263 2828 1412 2858 contritio
1436 2837 1508 2868 spe-

448 2874 533 2904 cialis
556 2872 694 2913 perfecta
718 2872 906 2908 formaliter3
931 2873 956 2902 si
981 2873 1067 2903 enirn
1090 2871 1231 2912 perfecta
1253 2871 1426 2902 virtualiter
1445 2871 1509 2902 ‘fert

448 2927 557 2948 secum
586 2918 788 2957 propositum
821 2917 979 2957 perfectae
1010 2916 1202 2952 formaliter,
1238 2921 1402 2956 oporteret
1434 2921 1509 2956 post

448 2962 534 2992 illam
557 2962 638 2992 hanc
662 2962 786 3001 exequi.
811 2961 913 2992 Cuius
937 2962 1132 2991 contrarium
1155 2970 1214 3001 pro
1231 2966 1318 2991 certo
1342 2961 1507 2991 habemus.

502 3006 543 3036 Et
565 3006 646 3036 bene
669 3011 745 3035 nota
769 3005 858 3045 quod
874 3005 959 3036 aliud
976 3011 1022 3036 est
1038 3005 1143 3035 dicere
1166 3005 1392 3036 contritionem
1412 3014 1509 3046 gene-

450 3050 546 3080 ralem
569 3049 742 3089 perfectam
758 3050 930 3080 virtualiter
949 3050 1124 3090 coexigere,
1149 3054 1221 3080 ante
1244 3050 1294 3080 vel
1317 3055 1400 3090 post,
1425 3049 1509 3080 dete-

1230 136 1539 176 CARDINALIS
1570 135 1815 172 CAIETANI

1549 215 1705 245 stationes
1734 214 1888 254 speciales
1917 220 2124 254 peccatorum
2154 215 2338 245 mortalium
2369 215 2402 245 in
2426 215 2552 255 seipsis:
2584 219 2616 245 et

1551 259 1636 289 aliud
1661 265 1707 289 est
1730 258 1835 289 dicere
1858 259 2085 289 contritionem
2100 258 2282 299 generalem
2304 258 2480 298 perfectam
2498 259 2616 289 virtua-

1550 304 1620 333 liter
1644 304 1827 342 coexigere,
1852 308 1925 333 ante
1947 303 1998 333 vel
2021 307 2104 343 post,
2130 302 2340 333 contritiones
2363 302 2517 343 speciales
2539 312 2616 343 pec-

1553 353 1697 377 catorum
1721 348 1754 377 in
1777 347 1898 386 seipsis.
1923 347 1990 377 Nos
2008 347 2094 377 enim
2117 347 2180 376 hoc
2196 346 2374 377 secundum
2395 346 2532 377 dicimus
2548 356 2617 377 esse

1552 391 1684 426 falsum,
1708 397 1774 421 tam
1797 400 1885 421 nunc
1912 400 2010 431 quam
2033 391 2185 420 omnibus
2207 390 2382 430 praeteritis
2405 390 2616 430 temporibus.

1552 436 1696 466 Primum
1719 441 1827 466 autem
1851 436 1929 466 sacri
1953 434 2101 465 doctores
2130 433 2268 464 tradunt.
2303 434 2344 464 Et
2367 443 2479 464 verum
2501 435 2616 474 procul

1554 479 1652 510 dubio
1678 485 1724 510 est
1746 485 1893 519 tempore
1916 479 2127 518 Evangelicae
2143 478 2231 518 legis,
2255 478 2289 508 in
2305 487 2371 518 quo
2389 479 2539 509 contritio
2558 478 2618 509 fert

1553 533 1663 554 secum
1679 524 1883 564 propositum
1899 522 2109 553 confessionis
2125 522 2370 558 sacramentalis,
2387 522 2510 552 ratione
2526 522 2620 552 cuius

1555 569 1723 608 exiguntur
1739 568 1891 608 speciales
1908 567 2131 597 detestationes
2147 571 2369 607 peccatorum:
2394 565 2460 596 sive
2477 571 2513 596 ut
2527 575 2619 606 prae-

1555 612 1703 643 cedentes
1727 613 1953 643 contritionem
1976 611 2156 651 generalem
2179 610 2353 641 virtualiter
2375 609 2560 650 perfectam,
2583 615 2620 640 ut

1555 657 1712 696 contingit
1729 657 1790 687 illis
1814 657 1870 697 qui
1885 655 2090 696 suscipiendo
2107 655 2271 686 actualiter
2290 659 2525 685 sacramentum
2540 663 2620 694 poe-

1554 702 1706 731 nitentiae
1736 700 1819 731 fiunt
1846 700 1885 731 de
1912 700 2021 730 attritis
2049 700 2194 736 contriti;
2214 699 2292 729 sive
2322 704 2358 729 ut
2385 702 2621 738 consequentes

1555 755 1649 785 saepe
1674 745 1791 775 dictam
1815 745 2060 780 contritionem,
2085 749 2121 774 ut
2145 744 2301 783 contingit
2324 743 2385 773 illis
2409 742 2465 783 qui
2489 751 2526 772 ex
2549 746 2620 772 toto

1556 789 1651 820 corde
1675 790 1780 820 statim
1804 793 2033 819 convertuntur
2057 788 2096 818 ad
2119 788 2236 824 Deum,
2261 787 2424 823 habentes,
2448 786 2622 816 virtualiter

1556 834 1687 869 saltem„
1701 834 1904 874 propositum
1929 831 2103 863 confitendi
2119 842 2178 862 suo
2194 837 2341 872 tempore
2364 836 2495 871 peccata
2514 839 2581 861 sua.
2598 848 2622 852 -

1555 878 1672 908 Utrum
1684 883 1791 908 autem
1808 878 1872 908 hoc
1887 886 2051 907 sacrorum
2070 876 2241 907 doctorum
2257 875 2379 906 dictum
2395 884 2508 906 verum
2524 875 2621 905 etiam

1528 945 1530 958 ,
1555 923 1595 953 sit
1618 921 1657 952 de
1682 922 1874 952 contritione
1897 921 2082 961 simpliciter
2105 926 2136 951 et
2159 920 2323 951 absolute:
2346 938 2369 942 —
2393 929 2430 950 ex
2451 919 2542 950 dictis
2565 928 2621 959 ap-

1556 976 1666 1007 parere
1690 971 1796 1006 potest
1819 965 1909 1005 quod
1931 975 2008 995 non.
2033 965 2130 995 Nulla
2147 964 2307 1005 siquidem
2323 969 2454 1005 apparet
2468 963 2549 994 ratio
2566 971 2621 993 co-

1556 1020 1634 1050 gens
1657 1010 1697 1040 ad
1719 1009 1906 1040 huiusmodi
1929 1008 2153 1039 detestationes
2177 1008 2346 1049 speciales,
2371 1008 2496 1039 secluso
2519 1016 2621 1037 sacra-

1556 1059 1667 1084 mento
1691 1054 1924 1093 poenitentiae:
1949 1062 2025 1083 nam
2049 1058 2080 1082 et
2101 1053 2250 1083 voluntas
2272 1057 2379 1092 potest
2394 1051 2534 1092 perfecte
2549 1059 2622 1081 rnu-

1557 1098 1614 1128 tari
1638 1103 1669 1127 et
1692 1097 1853 1127 exercitari
1882 1098 1916 1126 in
1939 1097 2122 1127 necessariis
2145 1097 2300 1126 virtutum
2330 1097 2468 1132 actibus,
2501 1101 2532 1126 et
2561 1104 2622 1135 pro

1557 1142 1695 1181 peccatis
1718 1146 1824 1180 potest
1847 1140 1987 1180 perfecte
2010 1139 2169 1176 satisfieri,
2199 1141 2319 1180 absque
2342 1139 2528 1170 huiusmodi
2551 1148 2623 1179 spe-

1558 1185 1689 1215 cialibus
1706 1184 1984 1219 detestationibus;
2001 1189 2038 1214 ut
2052 1188 2139 1223 patet
2154 1183 2308 1223 ponendo
2324 1189 2528 1223 peccatorem
2542 1192 2622 1223 poe-

1557 1230 1713 1259 nitentem
1737 1229 1793 1267 qui
1816 1233 1922 1258 totum
1945 1237 1979 1258 se
2003 1227 2129 1258 divinae
2152 1227 2326 1262 dilectioni,
2351 1227 2563 1268 eleemosynis
2577 1227 2623 1257 ie-

1557 1273 1718 1312 iuniisque
1742 1271 1845 1307 daret;
1870 1272 1922 1308 hic
1946 1272 2032 1302 enirn
2056 1272 2162 1311 prisco
2177 1276 2324 1311 tempore
2348 1270 2488 1311 perfecte
2503 1269 2624 1301 satisfe-

1558 1317 1651 1347 cisset
1673 1325 1732 1356 pro
1757 1316 1904 1356 peccans
1929 1315 2050 1355 absque
2074 1321 2123 1346 tot
2145 1315 2420 1346 detestationibus.

1613 1360 1666 1390 VI.
1691 1360 1732 1390 Et
1755 1361 1830 1390 hinc
1853 1364 1940 1400 patet
1967 1359 2046 1400 quid
2070 1359 2243 1390 dicendum
2267 1360 2307 1390 sit
2337 1358 2376 1390 ad
2400 1359 2624 1400 quaestionem

1558 1405 1651 1435 tertio
1668 1403 1768 1435 modo
1785 1403 1980 1434 intellectam
1991 1405 2018 1440 *,
2032 1404 2165 1434 scilicet:
2179 1404 2231 1434 An
2248 1404 2398 1434 contritio
2416 1404 2520 1443 exigat
2535 1402 2625 1444 quod

1557 1449 1746 1479 terminetur
1769 1448 1808 1479 ad
1832 1448 1942 1478 omnia
1965 1453 1996 1478 et
2019 1448 2142 1488 singula
2165 1453 2296 1488 peccata
2311 1448 2468 1484 mortalia,
2483 1457 2553 1478 non
2569 1457 2624 1478 cu-

1558 1493 1658 1523 rando
1683 1493 1722 1523 de
1745 1491 1845 1523 modo
1868 1492 2070 1523 terminandi.
2098 1492 2146 1523 Ex
2170 1492 2261 1523 dictis
2284 1491 2444 1532 siquidem
2465 1497 2554 1532 patet
2575 1501 2626 1522 re-

1558 1537 1785 1578 spondendum
1809 1546 1877 1567 esse
1901 1536 2096 1567 affirmative.
2128 1536 2303 1575 Quoniam,
2327 1546 2396 1567 non
2419 1535 2561 1567 curando
2585 1535 2627 1567 de

1558 1581 1678 1618 modo,
1710 1583 1774 1612 hoc
1798 1587 1845 1612 est
1875 1591 1915 1612 an
1938 1580 2113 1612 formaliter
2135 1581 2186 1611 vel
2209 1581 2401 1617 virtualiter,
2432 1585 2556 1611 certum
2579 1585 2627 1611 est

1559 1632 1708 1667 oportere
1732 1626 1791 1657 sub
1808 1626 2001 1656 contritione
2018 1624 2248 1666 comprehendi
2265 1625 2374 1656 omnia
2389 1625 2535 1656 mortalia
2549 1633 2626 1666 pec-

1559 1676 1628 1701 cata
1651 1671 1832 1706 commissa,
1857 1671 1922 1700 sive
1946 1670 2008 1700 sint
2030 1670 2089 1700 sibi
2113 1670 2240 1710 cognita
2260 1670 2326 1700 sive
2341 1669 2518 1710 incognita:
2544 1677 2626 1710 quo-

1558 1716 1662 1752 niam,
1686 1721 1722 1746 ut
1745 1714 1867 1745 dictum
1891 1719 1938 1745 est
1952 1715 1979 1751 *,
2004 1714 2136 1755 impium
2159 1719 2207 1744 est
2229 1724 2248 1744 a
2272 1714 2343 1744 Deo
2367 1713 2533 1744 dimidiam
2555 1723 2625 1755 spe-

1559 1769 1637 1790 rare
1659 1769 1798 1790 ventam.

1613 1804 1682 1835 VII.
1698 1803 1750 1834 Ad
1765 1804 1907 1844 primum
1923 1812 1999 1843 ergo
2015 1803 2049 1833 in
2065 1803 2254 1843 oppositum
2270 1803 2287 1819 ⁴*
2303 1802 2418 1832 dicitur
2434 1801 2534 1843 quod,
2550 1811 2626 1843 pro-

1558 1849 1715 1889 priissime
1738 1847 1916 1889 loquendo,
1941 1847 2092 1878 contritio
2108 1846 2282 1887 respondet
2297 1846 2503 1882 absolutioni,
2521 1851 2552 1877 et
2571 1844 2626 1877 de'-

1558 1894 1742 1924 testationes
1761 1891 1957 1933 respondent
1971 1890 2180 1922 confessioni:
2206 1896 2237 1922 et
2255 1896 2426 1931 propterea
2445 1889 2627 1921 detestatio-

1558 1947 1615 1968 nes
1639 1943 1713 1968 sunt
1736 1937 1885 1977 aequales
1908 1945 2044 1967 numero
2069 1936 2191 1966 actibus
2215 1934 2436 1966 confessionis.
2467 1935 2509 1965 Et
2531 1943 2627 1976 saepe

1559 1987 1633 2012 sunt
1656 1982 1752 2012 simul
1775 1987 1938 2022 tempore:
1971 1979 2101 2021 quando
2125 1980 2245 2010 scilicet
2267 1980 2437 2020 poenitens
2460 1979 2556 2010 simul
2577 1988 2628 2010 re-

1559 2026 1708 2057 cordatur
1730 2026 1854 2066 peccati
1878 2030 1909 2056 et
1932 2024 2102 2055 confitetur
2117 2023 2206 2054 illud.
2230 2023 2325 2055 Unde
2341 2023 2491 2054 contritio
2511 2032 2628 2055 secun-

1559 2071 1638 2101 dum
1662 2080 1799 2101 annexas
1823 2069 2047 2100 detestationes
2077 2068 2234 2109 adaequat
2257 2067 2494 2099 confessionem
2517 2067 2627 2109 quoad

1559 2115 1695 2146 modum
1711 2113 1886 2155 attingendi
1902 2119 2042 2155 peccata,
2066 2113 2186 2144 scilicet
2201 2113 2235 2143 in
2250 2112 2394 2153 speciali:
2418 2117 2450 2143 et
2464 2121 2532 2143 non
2548 2121 2626 2143 con-

1558 2161 1646 2191 venit
1669 2161 1733 2190 hoc
1757 2159 1943 2190 contritioni
1966 2157 2145 2189 secundum
2169 2167 2213 2188 se.

1614 2204 1697 2235 VIII.
1714 2203 1766 2234 Ad
1781 2202 1961 2234 secundum
1971 2203 1987 2220 θ’
2003 2202 2118 2233 dicitur
2133 2201 2223 2242 quod
2239 2205 2440 2241 assumptum
2451 2210 2564 2232 verum
2579 2205 2628 2232 est

1560 2250 1599 2280 de
1615 2249 1823 2289 poenitentia,
1836 2257 1893 2278 seu
1909 2247 2113 2282 contritione,
2129 2246 2226 2276 relata
2241 2245 2281 2276 ad
2297 2250 2531 2276 sacramentum
2546 2255 2627 2286 poe-

1559 2294 1721 2325 nitentiae.
1731 2311 1754 2315 -
1763 2293 1805 2323 Et
1816 2291 1959 2322 similiter
1973 2290 2179 2331 intelligenda
2194 2295 2268 2320 sunt
2283 2290 2380 2320 verba
2391 2289 2455 2320 divi
2467 2289 2625 2320 Thomae.

1615 2339 1724 2369 Potest
1747 2345 1880 2378 quoque
1903 2335 1992 2366 aliter
2016 2334 2095 2370 dici,
2130 2335 2217 2365 iuxta
2240 2333 2450 2364 differentiam
2477 2334 2594 2365 ultimo
2609 2335 2627 2352 ⁸*

1560 2383 1749 2423 explicatam
1776 2382 1858 2412 inter
1881 2379 2114 2420 perfectionem
2137 2378 2356 2418 displicentiae
2378 2378 2564 2418 requisitam
2587 2377 2628 2410 ad

1560 2427 1782 2458 remissionem
1804 2424 1989 2455 mortalium
2012 2429 2043 2454 et
2065 2423 2251 2463 requisitam
2274 2421 2314 2453 ad
2337 2422 2558 2453 remissionem
2572 2431 2628 2454 ve-

1560 2472 1710 2507 nialium,
1736 2469 1826 2511 quod
1848 2469 1993 2499 remissio
2017 2467 2202 2498 mortalium
2226 2467 2322 2506 exigit
2343 2467 2526 2507 generalem
2549 2476 2628 2498 con-

1560 2517 1723 2547 tritionem
1753 2513 1927 2555 perfectam
1950 2512 2124 2542 virtualiter
2152 2512 2197 2542 sic
2221 2510 2311 2551 quod
2339 2511 2503 2542 actualiter
2525 2511 2628 2542 homo

1560 2559 1746 2591 huiusmodi
1770 2557 2003 2598 displicentiam
2026 2555 2201 2597 perfectam
2224 2555 2385 2586 extensive
2408 2555 2449 2586 ad
2464 2555 2574 2586 omnia
2597 2561 2630 2587 et

1561 2604 1684 2645 singula
1710 2602 1857 2634 mortalia
1879 2601 2007 2632 habeat:
2038 2601 2183 2631 remissio
2216 2605 2324 2630 autem
2353 2599 2528 2630 venialium
2559 2609 2629 2631 non

1561 2646 1692 2689 requirit
1715 2645 1901 2678 huiusmodi
1925 2645 2084 2676 extensive
2108 2644 2282 2684 perfectam
2306 2643 2549 2684 displicentiam,
2572 2643 2629 2676 sed

1562 2703 1637 2724 cum
1660 2694 1724 2723 hoc
1748 2690 1837 2732 quod
1860 2690 1974 2730 aliquis
1996 2690 2031 2720 in
2054 2689 2130 2719 solis
2145 2688 2321 2720 venialibus
2345 2688 2538 2719 constitutus
2560 2697 2629 2719 non

1561 2738 1707 2769 habuerit
1729 2735 1910 2777 generalem
1933 2734 2166 2774 displicentiam
2197 2732 2236 2763 de
2260 2733 2411 2763 omnibus
2433 2733 2498 2763 suis
2520 2733 2629 2763 venia-

1561 2783 1654 2818 libus,
1679 2786 1739 2812 stat
1762 2779 1852 2820 quod
1875 2789 1913 2810 ex
1936 2778 2045 2819 aliquo
2069 2777 2195 2808 fervore
2218 2777 2362 2813 caritatis,
2386 2777 2420 2807 in
2437 2785 2514 2817 quo,
2531 2777 2557 2807 si
2573 2785 2629 2808 oc-

1563 2831 1737 2862 currerent,
1763 2824 1965 2864 displicerent
1988 2822 2212 2853 contrariantia
2234 2821 2388 2858 venialia,
2413 2826 2630 2862 consequatur

1562 2871 1783 2902 remissionem
1813 2868 1987 2899 venialium
2016 2867 2147 2897 illorum
2177 2875 2260 2906 quae
2288 2865 2500 2906 displicerent.
2527 2863 2629 2903 Quod

1561 2925 1628 2946 non
1653 2914 1797 2945 sufficere
1821 2912 1936 2943 dicitur
1959 2911 1998 2942 ad
2021 2911 2245 2941 remissionem
2259 2909 2383 2950 peccati
2398 2908 2551 2946 mortalis,
2566 2909 2629 2940 nisi

1563 2960 1669 2990 obliti:
1695 2959 1780 2999 quia,
1798 2963 1835 2988 ut
1856 2957 1978 2987 dictum
1994 2961 2051 2991 est,
2068 2959 2197 2995 oportet
2219 2954 2383 2984 actualiter
2401 2953 2518 2984 habere
2540 2953 2629 2984 illam

1563 3004 1790 3035 contritionem
1812 3001 1993 3042 generalem
2008 2998 2191 3040 perfectam
2209 2998 2383 3029 virtualiter
2406 2996 2446 3028 ad
2468 2997 2629 3028 remissio-

1562 3058 1639 3079 nem
1661 3046 1855 3078 mortalium.

1236 3195 1571 3248 QUAESITUM
1600 3193 1846 3236 TERTIUM

497 3279 556 3309 AN
579 3279 814 3311 PECCATOR
837 3280 1075 3312 TENEATUR
1098 3281 1157 3311 An
1182 3279 1522 3312 CONTRITIONEM
1545 3278 1730 3318 QUANDO
1754 3275 2056 3309 RECORDATUR
2078 3274 2381 3307 PECCATORUM
2405 3273 2587 3306 SUORUM

458 3377 606 3438 Teano
628 3368 797 3407 quaeritur,
811 3369 892 3398 circa
912 3374 1039 3409 tempus
1055 3369 1270 3399 contritionis:
1291 3369 1343 3399 An
1359 3373 1510 3409 peccator
1563 3367 1745 3404 Quolibetis
1767 3366 1883 3396 nostris
1898 3366 1925 3402 *‚
1949 3364 2023 3396 ideo
2048 3373 2166 3405 quaere
2187 3363 2242 3394 ibi.
2266 3363 2320 3394 Sat
2335 3364 2380 3395 sic
2396 3363 2449 3394 hic
2464 3363 2543 3394 scire
2558 3371 2631 3404 par-
2655 3372 2782 3423 ἕτςισξὸὶιζ
2833 3372 2870 3395 ιιι.

515 3416 660 3441 teneatur
686 3411 725 3442 ad
748 3413 972 3442 contritionem
997 3413 1125 3452 quando
1154 3413 1338 3443 recordatur
1359 3418 1509 3453 peccato-

456 3464 527 3485 rum
550 3465 692 3485 suorum.
725 3456 765 3486 Et
789 3457 863 3495 quia
887 3457 1107 3496 quaestionem
1129 3457 1211 3487 hanc
1242 3457 1446 3488 discussimus
1475 3457 1509 3487 in

1562 3416 1629 3441 tem
1652 3411 1832 3451 negativam
1856 3419 1923 3441 esse
1946 3418 2064 3440 Veram.

2651 1408 2662 1419 '¹
2681 1406 2718 1430 Cf.
2739 1412 2804 1430 num.
2823 1412 2855 1434 n,

2651 1433 2751 1462 princip.

2651 1719 2663 1729 ·
2675 1715 2748 1739 Num.
2761 1722 2786 1738 v.

2653 1805 2664 1816 '¹
2676 1803 2748 1826 Num.
2762 1809 2779 1826 r.

2652 2202 2664 2214 ·
2685 2201 2760 2230 ιω,
2782 2201 2844 2224 ‘run

2652 2335 2664 2346 ·
2679 2333 2752 2357 Num.
2765 2340 2789 2362 v,
2803 2334 2870 2363 prin-

2656 3292 2871 3344 agereret

2657 3346 2730 3374 (Edit.
2819 3351 2868 3368 nn.

2656 3427 2830 3476 smnus.
