2878 4088
1049 150 1312 199 QUAEsTlo
1341 150 1465 196 LXX,
1485 150 1778 189 ARTICULUS
1814 153 1828 188 1
2456 163 2525 199 147

343 231 536 271 inquantum
560 230 753 271 deputantur
776 232 869 262 nobis
892 230 932 261 ad
955 231 1150 261 exercitium.
1175 231 1215 261 Et
1234 229 1308 261 ideo
1330 230 1412 259 inter
1523 240 1553 261 2.
1577 230 1774 267 Puni-zan,
1790 232 1989 271 Augustinus
2013 232 2097 268 dicit.
2114 234 2147 263 in
2171 234 2251 264 libro
2267 234 2306 264 de
2327 232 2530 263 Ecclesiasti—

343 275 545 315 receptacula
561 275 601 306 de
617 276 734 315 quibus
750 285 838 306 nunc
853 276 966 315 agitur,
979 284 1047 305 non
1063 280 1285 315 computatur:
1306 274 1411 314 primo
1466 275 1512 305 cis
1527 275 1682 316 Dogmat.
1699 276 1731 305 *z
1757 275 1868 305 Solum
1889 275 2048 306 hominem
2072 278 2231 308 credimus
2251 277 2392 308 animam
2415 277 2531 307 habere
2558 281 2616 329 :effa
2630 281 2767 336 ῥένιᾹι-Ιέη-

103 328 113 337 ·
129 325 195 347 Vm.
210 330 247 351 4¹·
344 319 431 350 enim
455 320 500 349 eis
523 319 693 359 deputatur
716 320 798 360 ignis
820 319 946 356 inferni,
963 324 999 350 ut
1021 325 1108 359 patet
1131 319 1242 349 Matth.
1263 327 1324 348 xxv
1339 319 1366 347 *ἢ
1466 319 1706 355 substantivam,
1723 328 1806 360 quae
1829 324 1927 349 exuta
1951 329 1970 349 a
1994 329 2131 360 corpore
2153 322 2246 358 vivit,
2271 327 2301 352 et
2323 330 2434 352 sensus
2455 330 2532 351 suos

103 371 180 398 nug.
194 369 243 391 Sed
259 374 315 390 con-
399 363 450 393 An
475 373 615 394 aunuum
630 365 647 381 ³*
670 373 830 394 mensum«
851 363 940 404 quod
963 362 1126 404 paradisus
1142 363 1293 393 terrestris
1316 361 1412 402 perti-
1467 368 1562 404 atque
1578 363 1711 404 ingenia
1735 363 1889 394 vivaciter
1904 368 1996 393 tenet.
2021 364 2105 404 Ergo
2122 366 2226 395 anima
2250 371 2342 396 exuta
2359 375 2376 395 a
2397 374 2531 405 corpore

104 399 142 419 Μ
157 402 176 418 ²·
344 412 400 438 net
421 408 522 447 magis
546 407 586 438 ad
609 413 727 439 statum
750 408 877 438 viatoris
901 417 999 447 quam
1023 406 1063 438 ad
1085 413 1202 438 statum
1232 405 1413 446 recipientis
1435 415 1444 436 ς
1467 408 1544 438 vivit
1568 413 1599 438 et
1621 408 1717 438 habet
1740 407 1898 448 potentias
1922 408 2094 439 sensitivas.

343 461 404 492 pro
432 452 562 482 meritis.
594 452 635 482 Et
665 451 739 483 ideo
770 453 851 483 inter
883 451 1083 492 receptacula
1115 451 1155 482 de
1186 451 1302 491 quibus
1325 458 1413 480 nunc
1526 451 1555 482 3.
1571 451 1768 487 Pana-rann,
1781 451 1944 492 potentiae
1959 452 2083 482 animae
2095 452 2145 482 vel
2158 454 2361 483 essentialiter
2373 454 2401 483 ei
2413 454 2531 488 insunt,

345 496 457 536 agitur,
474 505 541 526 non
565 501 780 537 computatur.
1467 501 1504 527 ut
1527 495 1658 536 quidam
1674 497 1690 512 ¹*
1707 495 1834 526 dicunt:
1858 495 1909 525 vel
1933 494 1973 525 ad
1988 496 2094 526 minus
2118 502 2191 526 sunt
2210 497 2366 527 naturales
2389 497 2532 536 proprie·
2559 503 2570 513 ·
2584 500 2621 523 es.
2638 500 2667 532 4²
2685 500 2770 528 Spirit.

103 546 114 557 ·
128 545 184 572 Ars·
199 543 248 566 Saed
261 549 317 565 ⁶⁰¹¹-
400 540 451 570 An
471 550 589 571 saxum
606 541 624 557 ⁸*
646 550 806 571 mmmmm
829 539 918 580 quod
941 539 994 570 illa
1016 540 1135 580 positio
1159 544 1206 569 est
1233 538 1413 578 impossibi-
1467 545 1547 570 tates
1562 540 1671 580 ipsius.
1696 539 1760 571 Sed
1781 539 1815 570 id
1830 539 1920 580 quod
1942 540 2146 570 essentialiter
2161 541 2243 570 inest
2258 541 2362 576 alicui,
2378 550 2445 571 non
2461 546 2532 580 pot-
2559 527 2698 576 {21:3¹}ssssssss
2707 533 2769 581 (ἓξὲξ

103 573 177 620 grad.
191 596 214 619 11
234 596 316 623 sm„
344 584 382 614 lis
398 585 424 614 ’ἢ
450 583 483 615 Si
506 590 614 615 tamen
638 590 720 615 esset
746 584 923 624 possibilis,
947 584 1016 614 talis
1040 584 1073 614 in
1096 582 1232 623 inferno.
1246 583 1414 622 puniretur
1469 589 1515 614 est
1538 584 1576 614 ab
1601 593 1641 614 eo
1665 584 1817 624 separari:
1841 593 1949 623 neque
1973 584 2153 614 subiectum
2186 584 2316 624 aliquod
2340 584 2492 615 deseritur
2516 595 2533 614 a
2559 581 2621 608 ‘²¹¹⁸-

103 623 158 647 di't·
172 629 231 671 ¹²¹3
240 629 278 662 ²³¹¹:
288 629 318 670 ἒξ
345 629 378 659 in
402 634 577 659 aeternum.
603 628 703 666 Quod
726 629 812 659 enim
835 627 958 658 veniale
978 632 1148 668 peccatum
1172 628 1205 657 in
1228 626 1413 666 purgatorio
1429 635 1455 650 ¹⁰
1468 628 1663 658 naturalibus
1678 628 1935 668 proprietatibus.
1951 627 2038 668 Ergo
2049 628 2246 668 impossibile
2263 634 2309 658 est
2325 627 2413 668 quod
2430 629 2533 658 anima

104 654 147 673 art.
161 656 173 679 5
202 656 216 672 ι
246 655 259 677 7

102 666 316 715 Matala-:alm
345 673 562 713 temporaliter
584 673 746 713 puniatur,
764 671 877 703 accidit
900 673 929 702 ei
952 672 1145 711 inquantum
1165 671 1296 710 gratiam
1319 670 1415 700 habet
1469 677 1611 712 separata
1634 682 1651 702 a
1675 681 1812 712 corpore
1835 672 1957 711 aliquas
1980 673 2138 712 potentias
2162 673 2293 702 amittat.

102 703 289 757 &23:8¹8
291 708 316 729 '¹'
346 716 539 748 adiunctam.
563 715 668 752 Unde,
684 717 711 747 si
727 715 917 756 adiungatur
939 715 1076 751 mortali,
1094 714 1183 754 quod
1199 719 1246 744 est
1260 714 1329 744 sine
1345 723 1414 753 gra-
1524 724 1555 754 4·
1579 716 1776 752 Qunam,
1793 725 1860 746 non
1884 721 1931 746 est
1953 721 2058 746 totum
2081 717 2240 756 integrum
2261 717 2313 746 cui
2337 716 2442 756 aliqua
2464 726 2534 756 par-

345 762 398 797 tia,
414 770 522 802 poena
545 766 671 792 aeterna
702 761 736 791 in
758 759 885 791 inferno
915 760 1077 799 punietur.
1113 759 1154 789 Et
1177 758 1253 798 quia
1275 758 1334 788 iste
1358 758 1415 797 qui
1469 760 1550 790 tium
1575 759 1672 790 deest.
1697 759 1760 790 Sed
1782 760 1946 800 potentiae
1970 760 2094 791 animae
2125 759 2275 791 dicuntur
2297 765 2401 800 partes
2424 760 2532 800 ipsius.

346 814 422 836 cum
445 805 590 845 originali
613 809 748 844 peccato
772 802 916 839 decedit,
942 803 1038 833 habet
1059 802 1183 833 veniale
1206 802 1274 832 sine
1297 802 1413 842 gratia,
1469 803 1503 835 Si
1526 813 1602 844 ergo
1626 805 1786 844 potentias
1802 804 1923 844 aliquas
1946 809 2020 844 post
2038 810 2176 835 mortem
2199 805 2305 835 anima
2329 804 2452 840 amittit,
2468 813 2535 834 non

346 859 414 880 non
437 854 484 879 est
507 849 738 879 inconveniens
761 848 787 878 si
809 847 942 888 ponitur
966 846 1164 877 aeternaliter
1185 846 1303 887 puniri.
1430 854 1453 874 ¹5
1470 848 1528 878 erit
1551 848 1656 878 anima
1679 849 1800 888 integra
1822 853 1897 888 post
1923 854 2072 879 mortem.
2097 848 2196 887 Quod
2220 854 2266 879 est
2295 848 2534 878 inconveniens.

103 900 115 911 ·
128 899 185 927 Arg.
199 898 249 921 Sea
262 904 317 920 con-
400 893 451 923 An
486 902 638 923 sumnum
654 893 670 909 ³
693 901 854 922 meantum
887 890 977 931 quod
1007 890 1169 921 diversitas
1200 889 1359 930 graduum
1381 890 1415 920 in
1527 892 1555 922 5.
1580 892 1777 928 Pium-nn,
1801 893 1965 933 potentiae
1988 894 2113 923 animae
2135 893 2235 933 magis
2259 897 2474 933 cooperantur
2497 892 2535 922 ad

104 926 143 948 η
157 932 180 953 ⁴*
345 937 459 977 poenis
471 936 522 967 vel
537 937 686 976 praemiis
701 945 770 967 non
782 934 972 966 diversificat
987 940 1115 971 statum,
1128 934 1307 965 secundum
1323 935 1416 965 cuius
1468 937 1620 967 meritum
1644 946 1742 977 quam
1766 937 1861 967 etiam
1886 946 2019 977 corpus:
2052 947 2127 968 cum
2151 947 2268 978 corpus
2291 937 2330 967 sit
2358 937 2464 967 solum
2487 937 2535 966 in-

346 980 558 1011 diversitatem
582 980 784 1020 receptacula
807 979 1055 1019 distinguuntur.
1082 979 1123 1010 Et
1145 979 1219 1010 ideo
1244 979 1323 1008 ratio
1347 987 1415 1009 non
1469 986 1683 1011 strumentum
1707 986 1812 1017 actus,
1836 982 1998 1021 potentiae
2027 991 2104 1012 vero
2127 982 2283 1022 principia
2313 980 2438 1021 agendi.
2473 980 2535 1011 Sed

182 1046 187 1050 -
345 1025 499 1065 sequitur.
1468 1034 1600 1055 necesse
1630 1031 1676 1056 est
1699 1031 1735 1056 ut
1758 1026 1853 1056 simul
1878 1035 1994 1066 corpus
2017 1027 2210 1066 praemietur
2233 1035 2307 1056 cum
2336 1026 2441 1055 anima
2460 1034 2535 1065 pro-

104 1072 247 1102 'Ars-Sed
259 1078 316 1095 ⁶⁰²·-
400 1069 451 1099 An
475 1078 622 1099 ocuvuu
638 1070 655 1085 ⁴*
678 1078 838 1099 mmmmm
867 1068 956 1109 quod
979 1068 1043 1098 hoc
1067 1067 1156 1108 quod
1177 1068 1301 1098 animae
1325 1076 1415 1107 sepa·
1430 1075 1539 1110 aopter
1561 1070 1624 1100 hoc
1649 1069 1737 1109 quod
1768 1071 2001 1110 cooperabatur
2024 1071 2057 1100 in
2080 1071 2205 1101 merito.
2230 1070 2315 1110 Ergo
2342 1069 2447 1100 multo
2471 1068 2535 1099 for-

104 1101 144 1122 tra
157 1105 177 1129 ⁵*
344 1118 429 1144 ratae
462 1112 635 1154 aliquando
660 1113 693 1143 in
716 1112 791 1143 loco
819 1118 947 1143 nostrae
979 1112 1183 1142 habitationis
1214 1112 1413 1152 puniuntur,
1469 1114 1531 1144 tius
1548 1119 1594 1144 est
1609 1123 1739 1144 necesse
1761 1113 1850 1154 quod
1870 1115 2032 1155 potentiae
2056 1115 2181 1145 animae
2203 1114 2298 1144 simul
2320 1114 2535 1154 praemientur

344 1167 413 1188 non
445 1163 492 1188 est
515 1162 647 1198 propter
669 1157 733 1187 hoc
757 1156 847 1197 quod
880 1157 972 1187 locus
995 1157 1053 1187 iste
1083 1157 1123 1186 sit
1145 1157 1293 1197 proprius
1323 1155 1415 1186 locus
1470 1167 1545 1188 cum
1567 1159 1646 1198 ipsa.
1670 1158 1756 1198 Ergo
1780 1159 1886 1188 anima
1909 1163 2051 1199 separata
2074 1168 2125 1189 eas
2148 1168 2215 1189 non
2239 1158 2362 1188 amittit.

344 1211 543 1243 poenarum:
568 1201 624 1232 sed
646 1202 711 1232 hoc
733 1200 770 1231 fit
793 1201 833 1232 ad
855 1206 997 1232 nostram
1021 1201 1275 1237 instructionem,
1296 1205 1341 1236 ut,
1359 1209 1414 1230 eo·
1525 1202 1555 1232 6.
1580 1203 1776 1238 Plurimus,
1790 1203 1815 1232 si
1831 1203 1946 1239 anima,
1964 1212 2039 1233 cum
2055 1208 2216 1243 separatur
2228 1213 2246 1233 a
2258 1212 2404 1242 corpore,
2420 1207 2534 1242 poten-

345 1255 418 1278 tum
441 1255 563 1289 poenas
585 1245 740 1282 videntes,
757 1246 952 1276 retrahamur
975 1255 993 1275 a
1017 1245 1128 1285 culpis.
1468 1247 1546 1277 tiam
1570 1247 1752 1277 sensitivam
1768 1247 1892 1284 amittit,
1910 1252 2039 1287 oportet
2062 1247 2151 1287 quod
2170 1247 2223 1277 illa
2237 1247 2382 1287 potentia
2396 1247 2430 1276 in
2452 1246 2534 1276 nihi-

401 1289 501 1329 Quod
524 1295 632 1321 autem
657 1291 781 1321 animae
804 1290 973 1321 existentes
993 1290 1027 1320 in
1051 1299 1144 1320 carne
1163 1289 1215 1319 hic
1235 1289 1415 1329 puniuntur
1429 1291 1537 1321 aslum
1561 1290 1667 1321 cedat:
1691 1300 1759 1321 non
1783 1291 1869 1321 enim
1892 1297 1998 1331 potest
2021 1290 2083 1322 dici
2107 1291 2197 1332 quod
2220 1291 2253 1321 in
2276 1291 2407 1321 materia
2430 1290 2535 1330 aliqua

345 1344 405 1376 pro
421 1335 570 1376 peccatis,
587 1344 655 1365 non
670 1335 807 1375 pertinet
823 1334 863 1365 ad
878 1334 1092 1375 propositum.
1118 1333 1203 1371 Quia
1223 1333 1292 1363 talis
1307 1342 1415 1373 poena
1467 1335 1652 1371 resolvatur,
1671 1344 1746 1365 cum
1769 1345 1837 1365 non
1860 1335 1974 1365 habeat
1997 1336 2161 1366 materiam
2184 1340 2306 1375 partem
2330 1335 2389 1365 sui.
2418 1334 2481 1364 Sed
2503 1334 2535 1364 id

345 1388 414 1410 non
437 1379 532 1410 trahit
553 1379 722 1410 hominem
745 1384 830 1409 extra
853 1384 970 1409 statum
1001 1378 1151 1408 merentis
1174 1378 1225 1408 vel
1249 1376 1414 1408 demeren-
1469 1378 1559 1419 quod
1575 1379 1709 1410 omnino
1733 1380 1767 1410 in
1789 1379 1927 1410 nihilum
1950 1378 2043 1416 cedit,
2059 1389 2127 1410 non
2143 1380 2306 1410 reiteratur
2320 1378 2407 1409 idem
2421 1388 2536 1409 nume-

345 1424 401 1454 tis:
426 1433 514 1454 nunc
544 1429 652 1455 autem
684 1424 808 1463 agimus
840 1423 879 1454 de
912 1422 1119 1462 receptaculis
1144 1431 1227 1462 quae
1259 1420 1414 1452 debentur
1468 1433 1504 1453 ro
1521 1424 1547 1453 ἦ
1572 1423 1657 1463 Ergo
1673 1424 1778 1454 anima
1796 1433 1863 1454 non
1879 1424 2007 1454 habebit
2022 1425 2055 1454 in
2071 1424 2301 1454 resurrectione
2325 1422 2459 1453 eandem
2475 1432 2535 1453 nu-

346 1468 472 1498 animae
494 1473 569 1508 post
591 1473 709 1498 statum
732 1468 837 1498 meriti
859 1467 910 1497 vel
934 1466 1090 1497 demeriti.
1468 1477 1558 1498 mero
1571 1468 1750 1507 potentiam
1769 1468 1960 1498 sensitivam.
1981 1467 2054 1504 Sed,
2067 1468 2246 1498 secundum
2261 1467 2495 1507 Philosophum
2507 1468 2534 1502 ’ἢ
2562 1470 2572 1480 ·
2586 1468 2624 1491 Cf·
2639 1468 2691 1490 diss-
2708 1475 2774 1508 ¹¹³3

105 1516 116 1528 ·
201 1514 251 1537 80⁴
263 1519 319 1537 ⁶⁰¹¹-
390 1512 442 1543 An
465 1521 575 1542 nomm
590 1513 606 1528 ⁴*
630 1521 789 1542 orcannuu
805 1510 896 1552 quod
910 1511 1033 1541 malum
1055 1520 1124 1541 non
1138 1516 1246 1550 potest
1270 1519 1337 1540 esse
1353 1518 1414 1549 pu—
1429 1520 1455 1540 ³⁰
1468 1513 1550 1542 sicut
1565 1521 1599 1542 se
1614 1512 1710 1542 habet
1725 1513 1831 1542 anima
1846 1511 1886 1542 ad
1901 1521 2028 1552 corpus,
2045 1513 2088 1542 ita
2103 1522 2136 1542 se
2151 1513 2270 1542 habent
2289 1512 2453 1552 potentiae
2468 1511 2535 1542 ani-
2562 1499 2688 1550 ‘.¹‚'²ar¹i;.⁸2·
2700 1503 2719 1522 ¹’
2730 1501 2760 1552 ‘³⁴¹¹

103 1543 145 1564 m
175 1557 182 1564 '
346 1565 419 1587 rum
442 1556 562 1596 absque
583 1556 814 1587 commixtione
837 1556 925 1591 boni,
942 1556 1025 1586 Sient
1040 1555 1164 1585 b0num
1188 1563 1352 1584 Summum
1368 1558 1415 1583 est
1468 1565 1541 1586 mae
1556 1555 1596 1586 ad
1610 1561 1715 1596 partes
1732 1556 1885 1596 corporis,
1902 1561 1939 1586 ut
1961 1557 2046 1586 visus
2065 1556 2105 1586 ad
2129 1556 2271 1587 oculum.
2297 1555 2330 1586 Si
2345 1561 2453 1586 autem
2467 1565 2535 1586 non
2562 1548 2774 1603 {IDgngmfffgb2

346 1600 467 1641 absque
490 1601 581 1631 omni
604 1600 834 1631 commixtione
857 1600 942 1630 mali.
970 1600 1011 1630 Et
1033 1599 1106 1629 ideo
1130 1599 1175 1628 illi
1199 1599 1255 1638 qui
1278 1598 1318 1629 ad
1341 1598 1415 1628 bea·
1469 1605 1517 1630 est
1540 1599 1652 1630 eadem
1676 1601 1781 1630 anima
1805 1609 1888 1640 quae
1910 1599 2025 1630 redibit
2048 1600 2087 1630 ad
2111 1610 2239 1640 corpus,
2255 1610 2323 1630 non
2347 1605 2427 1630 esset
2450 1599 2536 1630 idem
2563 1591 2709 1624 s-’Th-1e'ct-
2725 1607 2749 1622 ¹¹·

345 1643 526 1680 titudinem,
544 1654 627 1684 quae
651 1654 816 1675 summum
848 1644 973 1674 bonum
996 1649 1043 1674 est
1055 1667 1062 1678 ,
1089 1642 1297 1673 transferendi
1320 1647 1395 1672 sunt
1406 1665 1413 1677 ‚
1468 1645 1581 1675 homo.
1601 1644 1698 1684 Ergo,
1711 1644 1823 1674 eadem
1839 1645 1972 1680 ratione,
1988 1654 2056 1675 non
2073 1650 2154 1675 esset
2169 1644 2255 1675 idem
2271 1644 2384 1674 oculus
2399 1653 2535 1674 numero

346 1688 464 1720 debent
479 1689 574 1719 etiam
591 1689 630 1719 ab
646 1689 737 1719 omni
748 1688 835 1718 malo
851 1689 989 1728 purgari.
1006 1687 1047 1718 Et
1059 1692 1191 1727 propter
1206 1687 1270 1717 hoc
1286 1691 1415 1726 oportet
1469 1689 1495 1718 si
1518 1697 1586 1718 non
1609 1689 1724 1718 habeat
1747 1688 1882 1718 eandem
1905 1698 2041 1719 numero
2061 1689 2239 1728 potentiam
2262 1689 2403 1718 visivam.
2428 1688 2479 1724 Et,
2496 1689 2536 1718 si—

345 1742 415 1764 esse
436 1733 548 1763 locum
571 1733 605 1763 in
628 1742 695 1772 quo
719 1732 796 1763 tales
818 1737 995 1772 purgentur
1008 1755 1015 1767 ,
1040 1732 1066 1761 si
1089 1732 1164 1761 hinc
1186 1740 1255 1761 non
1279 1730 1414 1760 omnino
1430 1741 1452 1761 κς
1469 1732 1538 1763 mili
1561 1733 1694 1768 ratione,
1711 1742 1771 1763 nec
1794 1732 1901 1772 aliqua
1920 1732 1980 1763 alia
2002 1742 2074 1772 pars
2098 1732 2210 1763 eadem
2233 1741 2369 1762 numero
2393 1741 2535 1772 resurge-

345 1777 471 1817 purgati
494 1782 616 1807 exeant.
649 1776 712 1808 Sed
734 1776 780 1807 illi
803 1777 859 1816 qui
883 1777 917 1806 in
940 1775 1066 1806 inferno
1097 1774 1322 1810 detrudentur,
1346 1783 1414 1804 non
1469 1782 1526 1807 ret.
1551 1776 1592 1806 Et
1609 1785 1666 1816 per
1689 1785 1892 1816 consequens
1907 1786 1968 1807 nec
1991 1782 2078 1807 totus
2093 1777 2193 1807 homo
2209 1776 2296 1807 idem
2315 1786 2451 1806 numero
2469 1777 2535 1806 erit.

346 1826 440 1852 erunt
462 1821 623 1852 immunes
647 1821 686 1851 ab
710 1821 801 1851 omni
824 1821 923 1851 bono.
959 1820 1000 1850 Et
1022 1819 1096 1850 ideo
1129 1829 1196 1850 non
1221 1825 1267 1850 est
1291 1818 1412 1849 simile:
1469 1820 1545 1851 Non
1569 1830 1645 1860 ergo
1669 1825 1775 1860 potest
1791 1830 1858 1851 esse
1883 1820 1973 1861 quod
1995 1821 2101 1851 anima
2121 1826 2262 1861 separata
2285 1821 2443 1860 potentias
2467 1830 2537 1850 sen-

346 1866 422 1906 quia
444 1865 489 1896 ibi
503 1866 538 1897 in
559 1865 686 1896 inferno
703 1865 871 1896 existentes
894 1865 1074 1905 praemium
1094 1865 1257 1895 bonorum
1281 1872 1415 1893 suorum
1469 1865 1574 1895 sitivas
1601 1866 1732 1895 amittat.

346 1910 487 1950 recipere
510 1915 646 1950 possunt
667 1911 859 1950 inquantum
883 1910 969 1940 bona
989 1909 1157 1949 praeterita
1180 1909 1224 1939 eis
1247 1907 1353 1938 valent
1375 1907 1415 1938 ad
1525 1919 1556 1948 7.
1580 1909 1777 1944 Pallanum,
1805 1909 1831 1939 si
1857 1910 2022 1949 potentiae
2052 1910 2220 1940 sensitivae
2255 1914 2536 1949 corrumperentur

346 1954 580 1995 mitigationem
603 1964 738 1995 poenae.
1429 1966 1457 1986 4ο
1471 1958 1624 1993 corrupto
1642 1963 1790 1993 corpore,
1807 1959 1971 1993 oporteret
1987 1953 2086 1994 quod,
2104 1953 2266 1984 debilitato
2284 1962 2429 1993 corpore,
2450 1952 2537 1983 debi-

105 1999 249 2028 ·Arg.sea
263 2005 307 2021 ω’·
402 1999 453 2029 An
477 2009 616 2029 nzcmuu
632 2000 649 2015 ⁴*
673 2008 832 2029 meantum
849 1997 939 2038 quod
954 1999 987 2028 in
1003 1998 1104 2038 gloria
1124 1998 1248 2027 animae
1272 1997 1417 2028 consistit
1471 1998 1646 2028 litarentur.
1671 1997 1745 2028 Hoc
1769 2002 1878 2028 autem
1900 2007 1969 2028 non
1993 1998 2166 2038 contingit:
2199 1998 2284 2037 quia,
2308 2002 2344 2027 ut
2367 1996 2481 2028 dicitur
2503 1998 2537 2027 in

105 2028 181 2055 “⁶⁷⁴
346 2043 526 2084 praemium
557 2043 738 2074 essentiale:
771 2042 827 2073 sed
849 2042 949 2082 gloria
973 2043 1135 2082 corporis,
1162 2051 1238 2072 cum
1254 2039 1417 2074 redundet
1471 2042 1483 2071 1
1507 2041 1546 2072 de
1568 2042 1686 2072 Anima
1702 2043 1729 2077 *‚
1754 2042 1782 2072 si
1804 2051 1904 2072 senex
1933 2042 2073 2082 accipiat
2103 2042 2232 2072 oculum
2263 2041 2395 2077 iuvenis,
2421 2041 2537 2072 videbit
2563 2045 2774 2094 ‘803132012-130

107 2622 176 2647 'Cf-

106 2628 233 2672 mmaff'*
252 2628 318 2650 ''¹¹²‘’

108 3285 119 3296 '
133 3284 166 3308 c·
184 3300 190 3307 .
205 3291 243 3308 xv.
258 3295 269 3301 -
283 3284 319 3306 ln-

109 3311 280 3366 afflat.
302 3318 321 3360 3².

347 2097 386 2118 ex
401 2089 517 2124 anima,
534 2093 602 2118 tota
617 2088 761 2118 consistit
777 2088 810 2117 in
826 2087 933 2117 anima
953 2087 1044 2126 quasi
1060 2086 1261 2126 originaliter.
1286 2085 1327 2115 Et
1341 2083 1416 2115 ideo

348 2133 486 2163 carentia
508 2132 628 2172 gloriae
644 2132 769 2162 animae
793 2129 982 2162 diversificat
997 2136 1124 2166 statum,
1141 2139 1209 2160 non
1233 2135 1341 2160 autem
1364 2138 1416 2159 ca-

346 2177 447 2207 rentia
469 2176 590 2216 gloriae
614 2176 768 2216 corporis.
792 2175 834 2206 Et
852 2180 984 2215 propter
1006 2175 1070 2205 hoc
1093 2175 1189 2204 etiam
1204 2173 1291 2205 idem
1314 2174 1415 2209 locus,

347 2220 468 2251 scilicet
484 2220 610 2251 caelum
626 2229 826 2260 empyreum,
843 2219 977 2250 debetur
993 2219 1159 2249 animabus
1182 2219 1298 2249 sanctis
1315 2218 1417 2248 exutis

348 2274 366 2295 a
389 2274 536 2304 corpore,
554 2269 585 2294 et
609 2264 788 2294 coniunctis
813 2264 1002 2304 corporibus
1024 2263 1181 2303 gloriosis.
1210 2262 1286 2293 Non
1309 2267 1417 2292 autem

347 2308 434 2339 idem
457 2309 549 2339 locus
573 2307 706 2339 debetur
729 2308 896 2339 animabus
918 2308 1048 2338 Patrum
1079 2313 1152 2338 ante
1174 2307 1417 2347 perceptionem

348 2353 468 2393 gloriae
491 2352 627 2389 a‘nimae,
645 2358 676 2383 et
698 2358 773 2393 post
794 2353 1038 2393 perceptionem
1061 2352 1171 2392 ipsius.

549 2420 803 2465 QUAESTIO
828 2420 1215 2455 SEPTUAGESIMA

349 2479 394 2504 DE
408 2479 608 2510 QUALITATE
628 2479 758 2504 ΑΝῙΜΑΕ
773 2478 973 2504 EXISTENTIS
985 2479 1007 2504 Α
1025 2478 1192 2505 CORPORE
1205 2478 1418 2509 SEPARATAE,

491 2515 537 2540 ET
555 2515 671 2539 POENA
690 2515 723 2539 EI
741 2514 900 2539 INFLICTA
919 2515 963 2539 ΑΒ
983 2515 1063 2539 IGNE
1083 2514 1274 2557 CORPQREO

412 2583 505 2603 amna
529 2572 798 2603 considerandum
818 2578 864 2603 est
888 2572 927 2603 de
949 2572 1100 2613 qualitate
1123 2573 1248 2603 animae
1274 2573 1417 2603 exeuntis

353 2583 430 2647 Da
453 2626 599 2657 corpore,
617 2622 648 2647 et
671 2626 777 2657 poena
801 2618 830 2647 ei
853 2617 892 2647 ab
915 2617 990 2657 igne
1010 2626 1168 2657 corporeo
1192 2615 1312 2647 inflicta
1327 2618 1353 2647 ’ζ

349 2661 443 2693 Circa
466 2661 556 2702 quod
580 2667 777 2701 quaeruntur
799 2661 866 2692 tria.

403 2706 529 2736 Primo:
554 2711 663 2736 utrum
686 2706 720 2736 in
747 2706 853 2736 anima
877 2711 1019 2746 separata
1046 2711 1231 2736 remaneant
1253 2706 1416 2746 potentiae

438 2751 615 2781 sensitivae.

404 2794 574 2826 Secundo:
598 2799 707 2825 utrum
730 2799 915 2824 remaneant
945 2795 978 2824 in
1002 2803 1039 2824 ea
1062 2800 1150 2825 actus
1178 2793 1334 2825 dictarum
1356 2804 1416 2835 po-

437 2839 619 2869 tentiarum.

405 2883 533 2913 Tertio:
557 2888 666 2914 utrum
690 2884 796 2914 anima
815 2888 958 2922 separata
980 2883 1081 2923 possit
1103 2883 1169 2923 pati
1185 2884 1224 2914 ab
1247 2884 1321 2923 igne
1346 2892 1416 2914 cor-

437 2936 549 2967 poteo.

458 3015 559 3046 ART.
577 3015 599 3046 1.
623 3025 728 3046 unum
751 3025 783 3045 m
807 3025 904 3045 amm
933 3024 1089 3045 szPARATA
1119 3025 1305 3046 numum

696 3069 869 3090 POTENTIAE
893 3069 1068 3090 seusu-tvm:

468 3114 527 3137 Pan.
543 3115 561 3142 I,
576 3121 614 3142 qu.
629 3121 718 3141 ικινιι,
733 3117 776 3136 art.
791 3114 816 3140 8;
833 3114 931 3141 Quaest.
946 3113 1037 3142 Dispp„
1053 3114 1082 3135 de
1095 3114 1187 3141 Anima,
1202 3117 1244 3136 art.
1261 3119 1300 3142 ¹9:

726 3141 768 3163 ΧΠ
784 3141 927 3169 Metaphys„
942 3141 995 3162 lect.
1009 3146 1042 3162 m.

414 3202 435 3222 n
458 3202 576 3223 ramum
599 3203 646 3224 sre
668 3202 873 3223 pnocnmrmz.
897 3191 1032 3223 Videtur
1049 3191 1139 3232 quod
1154 3193 1187 3222 in
1204 3192 1309 3222 anima
1325 3201 1415 3232 sepa-

350 3206 481 3267 Arata
501 3242 685 3268 remaneant
708 3237 872 3277 potentiae
896 3237 1073 3267 sensitivae.
1098 3236 1297 3276 Augustinus
1318 3237 1414 3273 enim,

1472 2086 1580 2126 utique
1595 2086 1679 2116 sicut
1693 2086 1826 2116 iuvenis.
1847 2086 1933 2127 Ergo
1949 2096 2020 2122 nec,
2038 2091 2190 2126 corrupto
2208 2095 2353 2126 corpore,
2370 2086 2536 2116 sensitivae

1471 2130 1634 2170 potentiae
1659 2135 1915 2170 corrumpentur.

1527 2173 1589 2205 Sur>
1614 2184 1737 2205 com-m
1760 2184 1814 2205 sss‘r
1843 2174 1932 2214 quod
1955 2174 2172 2214 Augustinus,
2197 2174 2230 2204 in
2258 2174 2340 2204 libro
2364 2173 2403 2204 de
2424 2174 2535 2204 Eccle-

1470 2219 1609 2249 siasticis
1630 2218 1786 2259 Dogmat.
1803 2220 1830 2254 *,
1855 2218 1949 2249 dicit:
1974 2218 2110 2249 Duabus
2132 2218 2318 2249 substantiis
2340 2218 2435 2248 homo
2459 2227 2535 2248 con·
2563 2223 2572 2232 ·

1471 2268 1544 2299 stat,
1568 2263 1678 2293 anima
1703 2268 1826 2293 tantum
1851 2268 1882 2293 et
1904 2273 2012 2299 carne,
2037 2263 2147 2293 anima
2171 2272 2242 2293 cum
2267 2262 2394 2293 ratione
2416 2271 2486 2298 sua,
2507 2267 2538 2292 et

1472 2317 1571 2338 carne
1594 2317 1666 2338 cum
1689 2307 1834 2338 sensibus
1856 2307 1933 2338 suis.
1956 2307 2123 2338 Potentiae
2139 2316 2215 2347 ergo
2233 2306 2399 2337 sensitivae
2415 2306 2454 2337 ad
2470 2316 2536 2337 car-

1471 2361 1547 2382 nem
1570 2352 1741 2392 pertinent.
1765 2351 1862 2391 Ergo,
1888 2357 2037 2392 corrupta
2061 2361 2165 2388 carne,
2182 2360 2249 2381 non
2268 2356 2399 2381 manent
2422 2356 2536 2391 poten-

1433 2406 1458 2426 50
1472 2397 1534 2427 tiae
1558 2396 1725 2426 sensitivae
1748 2397 1782 2426 in
1806 2397 1920 2426 anima.

1529 2450 1558 2470 2.
1583 2440 1785 2476 Pmrnam,
1816 2440 2043 2480 Philosophus,
2075 2441 2108 2470 in
2138 2439 2195 2470 XII
2228 2439 2410 2480 Metaphys.
2430 2440 2463 2476 *‚
2495 2439 2535 2470 de

1472 2485 1672 2525 separatione
1696 2485 1820 2514 animae
1842 2484 1998 2525 loquens,
2022 2485 2066 2514 sic
2090 2483 2182 2515 dicit:
2214 2483 2250 2514 Si
2276 2488 2382 2514 autem
2413 2484 2536 2524 aliquid

1473 2534 1619 2559 remanet
1641 2529 1673 2559 in
1698 2534 1882 2569 postremo,
1914 2528 2133 2569 quaerendum
2161 2533 2208 2559 est
2235 2528 2274 2558 de
2295 2528 2365 2558 hoc.
2399 2528 2439 2558 In
2466 2528 2535 2568 qui-

1471 2573 1604 2604 busdam
1628 2573 1713 2604 enim
1737 2583 1802 2603 non
1827 2578 1874 2604 est
1896 2573 2099 2613 impossibile.
2123 2572 2215 2603 Verbi
2237 2572 2358 2613 gratia,
2374 2572 2403 2603 si
2426 2572 2535 2603 anima

1433 2631 1455 2652 55
1472 2623 1519 2648 est
1542 2618 1617 2648 talis
1635 2617 1864 2658 dispositionis,
1882 2627 1947 2648 non
1964 2622 2042 2653 tota,
2061 2616 2116 2647 sed
2132 2617 2319 2647 intellectus.
2347 2617 2428 2647 Tota
2452 2617 2535 2647 enim

1462 2662 1559 2704 forte
1582 2662 1784 2702 impossibile.
1810 2662 1857 2692 Ex
1880 2662 1944 2692 hoc
1961 2661 2084 2692 videtur
2107 2660 2197 2701 quod
2220 2661 2326 2692 anima
2348 2666 2415 2691 tota
2431 2671 2448 2691 a
2465 2670 2535 2691 cor-

1470 2716 1551 2747 pore
1566 2716 1635 2737 non
1650 2712 1824 2747 separetur,
1840 2705 1897 2737 sed
1912 2706 2019 2737 solum
2042 2706 2205 2746 potentiae
2229 2706 2352 2736 animae
2368 2705 2534 2735 intellecti-

1470 2760 1548 2781 vae:
1573 2760 1641 2781 non
1665 2751 1751 2781 enim
1775 2751 1942 2781 sensitivae
1964 2750 2015 2781 vel
2037 2751 2242 2790 vegetativae.

1528 2795 1557 2826 3.
1583 2795 1779 2831 Puni-annia,
1804 2795 1838 2825 in
1861 2795 1887 2825 11
1911 2794 1951 2825 de
1972 2794 2089 2825 Anima
2105 2795 2122 2811 ⁴*
2145 2794 2360 2834 Philosophus
2385 2793 2470 2829 dicit,
2495 2793 2534 2823 de

1430 2846 1457 2866 ⁶0
1470 2839 1635 2870 intellectu
1658 2839 1812 2879 loquens:
1836 2838 1913 2870 Hoc
1932 2839 2038 2870 solum
2061 2839 2222 2880 contingit
2243 2838 2391 2878 separari
2414 2842 2450 2868 ut
2457 2847 2534 2878 per-

1464 2889 1600 2924 petuum
1615 2893 1636 2914 a
1652 2883 1865 2924 corruptibili.
1889 2883 2045 2924 Reliquae
2063 2888 2170 2914 autem
2188 2887 2301 2923 partes
2324 2882 2452 2912 animae
2467 2891 2534 2911 ma-

1471 2928 1623 2969 nifestum
1647 2933 1694 2959 est
1716 2938 1758 2959 ex
1779 2928 1829 2958 his
1851 2927 1939 2969 quod
1954 2937 2019 2958 non
2035 2927 2230 2968 separabiles
2252 2931 2336 2963 sunt,
2354 2931 2390 2956 ut
2404 2926 2533 2967 quidam

1470 2971 1591 3003 dicunt.
1622 2972 1708 3012 Ergo
1739 2973 1903 3012 potentiae
1932 2972 2099 3003 sensitivae
2129 2981 2197 3002 non
2220 2976 2350 3002 manent
2372 2971 2406 3000 in
2429 2970 2534 3000 anima

1470 3021 1622 3057 separata.

1525 3060 1716 3091 stroxmuo
1740 3070 1900 3091 mensumn
1923 3060 2014 3100 quod
2037 3061 2119 3091 circa
2139 3060 2203 3090 hoc
2219 3065 2266 3090 est
2280 3059 2447 3099 multiplex
2463 3059 2532 3098 opi-

1470 3105 1536 3135 nio.
1561 3104 1702 3142 Quidam
1725 3105 1828 3141 enim,
1853 3105 2054 3135 aestimantes
2083 3105 2242 3145 potentias
2273 3113 2385 3134 omnes
2409 3112 2477 3133 esse
2500 3103 2532 3133 in

1470 3149 1577 3180 anima
1600 3147 1640 3179 ad
1662 3148 1799 3179 modum
1823 3158 1890 3189 quo
1914 3149 2005 3180 color
2023 3154 2070 3179 est
2092 3149 2124 3179 in
2149 3157 2294 3189 corpore,
2311 3147 2421 3178 dicunt
2444 3146 2533 3187 quod

1471 3193 1577 3224 anima
1600 3203 1618 3223 a
1644 3202 1780 3233 corpore
1811 3199 1954 3233 separata
1985 3202 2099 3224 omnes
2130 3193 2289 3233 potentias
2319 3201 2391 3222 suas
2422 3200 2532 3221 secum

1470 3237 1565 3267 trahit
1575 3238 1602 3267 *.
1620 3236 1653 3268 Si
1669 3238 1755 3268 enim
1771 3237 1877 3277 aliqua
1894 3238 1923 3268 ei
1939 3236 2071 3274 deesset,
2094 3242 2256 3277 oporteret
2279 3236 2417 3266 animam
2433 3240 2532 3265 trans-

349 3281 383 3310 in
405 3280 487 3311 libro
510 3280 550 3311 de
572 3280 695 3321 Spiritu
718 3286 749 3312 et
777 3281 896 3312 Anima
911 3282 938 3317 *‚
958 3281 1003 3311 sic
1027 3280 1118 3311 dicit:
1152 3280 1284 3312 Recedit
1305 3281 1416 3312 anima
1430 3293 1457 3314 70
1470 3286 1626 3312 mutatam
1660 3290 1728 3312 esse
1762 3281 1941 3312 secundum
1974 3281 2132 3312 naturales
2165 3281 2394 3321 proprietates:
2431 3288 2530 3319 quae,

350 3333 370 3354 a
393 3333 532 3364 corpore
553 3334 660 3356 secum
683 3326 813 3356 trahens
836 3325 967 3356 omnia:
989 3334 1117 3356 sensum
1140 3325 1276 3361 scilicet,
1299 3325 1416 3367 imagi—

351 3368 524 3405 nationem,
542 3369 710 3406 rationem,
727 3370 931 3405 intellectum,
949 3369 1205 3411 intelligentiam,
1219 3369 1416 3410 concupisci—

350 3413 504 3443 bilitatem
527 3417 558 3443 et
580 3413 841 3445 irascibilitatem.
877 3413 940 3445 Sed
962 3423 1074 3445 sensus
1098 3419 1128 3445 et
1158 3414 1360 3454 imaginatio,
1385 3420 1416 3445 et

350 3458 397 3488 vis
420 3456 582 3487 irascibilis
598 3462 630 3487 et
645 3458 911 3498 concupiscibilis,
928 3463 1002 3489 sunt
1017 3459 1098 3489 vires
1122 3459 1297 3489 sensitivae.
1329 3458 1415 3499 Ergo

350 3502 384 3532 in
407 3501 512 3532 anima
535 3506 677 3541 separata
698 3502 779 3532 vires
803 3503 968 3533 sensitivae
991 3508 1165 3534 remanent.

1470 3325 1615 3356 subiecto
1638 3331 1799 3362 manente,
1823 3326 1934 3356 variari
1956 3335 2024 3356 non
2047 3331 2192 3366 possunt.

1526 3369 1589 3400 Sed
1612 3369 1695 3400 dicta
1717 3370 1895 3400 aestimatio
1918 3369 1995 3400 falsa
2018 3376 2074 3401 est.
2108 3369 2194 3400 Cum
2218 3369 2303 3399 enim
2326 3368 2469 3408 potentia
2492 3368 2531 3397 sit

1470 3413 1649 3444 secundum
1673 3423 1771 3454 quam
1794 3419 1942 3454 potentes
1965 3414 2100 3445 dicimur
2123 3412 2243 3454 aliquid
2267 3421 2358 3452 agere
2373 3411 2423 3442 vel
2447 3411 2528 3451 pati;

1471 3457 1615 3490 eiusdem
1644 3463 1752 3488 autem
1780 3459 1819 3488 sit
1847 3467 1939 3498 agere
1963 3464 1994 3489 et
2015 3468 2111 3499 posse
2142 3467 2250 3498 agere:
2284 3461 2411 3496 oportet
2441 3455 2530 3495 quod

1430 3515 1453 3535 75
1471 3502 1614 3533 eiusdem
1646 3503 1685 3532 sit
1711 3502 1856 3543 potentia
1886 3503 1967 3533 sicut
1997 3503 2131 3533 subiecti
2162 3500 2251 3542 quod
2281 3506 2327 3531 est
2356 3509 2451 3540 agens
2478 3499 2528 3529 vel

2638 2237 2643 2242 .
2658 2227 2705 2242 xix.
2717 2221 2772 2242 -ln-

2561 2251 2596 2270 ter
2634 2254 2672 2275 pp.
2689 2249 2750 2275 Aug.

2561 2444 2571 2453 '¹
2582 2441 2717 2464 S.Th.lect.
2727 2447 2772 2463 m.-

2562 2468 2615 2490 Did.
2623 2468 2664 2490 lib.
2672 2467 2711 2495 xl,
2721 2473 2771 2495 cap.

2563 2501 2598 2522 ru,
2614 2501 2636 2516 n.
2651 2501 2671 2522 5.

2562 2795 2610 2816 'Ca
2641 2800 2773 2822 n,n.9,10.-

2633 2836 2640 2843 .
2654 2821 2706 2843 lect.
2722 2827 2751 2842 rv.

2559 3239 2569 3248 ·
2587 3237 2623 3259 Cf.
2643 3243 2691 3265 arg.
2708 3244 2732 3263 ις
2747 3241 2769 3258 et

2557 3264 2617 3292 Mag.
2637 3263 2690 3285 dist.
2707 3269 2767 3289 mv,

2558 3297 2609 3318 cap.
2623 3290 2664 3312 ult.
