2878 4088
142 295 151 303 '¹
167 292 266 314 Aristot.
288 292 352 313 Ana-

143 320 184 347 lyt.
191 319 281 340 Poster.
289 318 328 339 lib.
336 318 354 344 1,

144 351 286 394 ξῗρῂξῖῑέἐε.
296 351 326 394 ’νὶ
343 357 353 361 ·

143 912 152 921 ·
169 909 225 932 Gen.
249 916 274 931 ca
293 926 299 932 .
323 917 353 935 ιι,

144 943 202 959 verS.
218 943 258 963 243
311 937 353 958 tth.

143 970 193 991 cap.
206 970 252 990 xrx,
264 970 322 985 vers.
332 964 353 985 6.

143 1044 152 1053 ·
161 1042 219 1063 Dist.
228 1047 353 1068 xu,cap.1‚

142 1257 212 1284 'Cap.
221 1256 351 1278 xn.-S.Th.

142 1285 191 1305 lect.
208 1289 249 1305 xn.

142 1351 150 1359 ·
166 1349 235 1370 Num.
251 1355 271 1375 7.

389 207 458 243 108

383 287 640 327 unumquodque,
666 287 748 318 illud
771 288 877 329 magis
893 289 919 318 ἥ.
945 288 1009 319 Sed
1031 289 1147 319 mulier
1170 288 1265 319 ducta
1289 290 1322 319 in
1346 289 1452 319 matri-

382 331 529 361 monium
547 341 614 361 non
631 332 837 372 coniungitur
859 333 954 363 alicui
971 333 1010 363 de
1027 334 1302 373 consanguinitate
1318 334 1376 363 viri
1392 333 1452 363 nisi

382 375 503 405 ratione
531 376 599 406 viri.
636 375 722 407 Cum
750 386 825 417 ergo
853 387 921 407 non
948 377 1003 408 fiat
1030 378 1098 407 viro
1131 377 1241 414 affinis,
1270 387 1330 408 nec
1358 377 1452 407 alicui

383 421 697 460 consanguineorum
721 421 779 451 viri
803 421 904 452 affinis
929 422 996 452 erit.

439 474 468 494 2.
493 465 689 501 PRAETEREA,
714 475 827 496 eorum
856 476 938 506 quae
966 472 1040 497 sunt
1067 467 1105 496 ab
1129 467 1268 496 invicem
1299 470 1450 506 separata,

383 509 407 538 si
432 509 488 538 uni
512 509 632 549 aliquid
656 511 873 551 coniungitur,
889 520 956 541 non
973 517 1102 551 oportet
1125 516 1257 550 propter
1279 510 1343 540 hoc
1363 509 1451 550 quod

382 554 421 583 sit
444 553 532 584 alteri
556 555 778 585 coniunctum.
811 554 873 586 Sed
902 556 1132 595 consanguinei
1157 556 1220 584 iam
1244 560 1318 584 sunt
1341 555 1379 584 ab
1403 555 1451 584 in-

382 598 486 628 vicem
509 599 652 638 separati.
681 599 766 639 Ergo
790 609 858 630 non
882 605 1010 640 oportet
1034 598 1133 639 quod,
1158 600 1184 629 si
1207 599 1313 638 aliqua
1337 599 1451 629 mulier

383 642 596 682 coniungatur
626 643 722 673 alicui
752 644 831 680 viro,
861 644 951 685 quod
982 649 1113 684 propter
1142 644 1206 673 hoc
1238 644 1451 683 coniungatur

384 687 534 717 omnibus
560 688 805 727 consanguineis
830 690 897 719 eius
921 698 978 728 per
1001 688 1195 718 affinitatem.

440 731 468 761 3.
494 731 689 768 Pnaa’raaaa,
706 733 874 763 relationes
899 743 937 763 ex
961 733 1119 773 aliquibus
1142 732 1341 762 unitionibus
1360 733 1450 762 inna-

383 781 523 806 scuntur.
549 776 612 806 Sed
627 777 715 807 nulla
738 777 841 807 unitio
858 776 893 807 fit
915 778 950 807 in
974 777 1219 817 consanguineis
1235 777 1292 806 viri
1315 786 1372 816 per
1387 777 1451 806 hoc

383 819 471 859 quod
494 820 547 850 ille
572 820 660 851 duxit
685 831 828 852 uxorem.
854 822 939 862 Ergo
964 832 1031 852 non
1051 822 1201 852 accrescit
1225 821 1269 851 eis
1293 820 1451 851 affinitatis

382 864 504 894 relatio.

438 908 499 939 San
525 919 657 945 CONTRA,
675 910 721 939 vir
745 915 775 940 et
792 920 872 940 uxor
896 910 1077 940 efficiuntur
1094 920 1159 940 una
1178 919 1256 940 caro
1274 911 1300 940 ὓ.
1325 909 1358 940 Si
1375 919 1450 949 ergo

382 953 428 982 vir
444 953 622 983 secundum
647 963 774 984 carnem
799 955 949 984 omnibus
974 955 1038 984 suis
1063 955 1308 993 consanguineis
1329 954 1449 989 attinet,

383 1003 414 1027 et
436 997 551 1027 mulier
575 997 686 1027 eadem
710 999 833 1028 ratione
857 999 1001 1028 attinebit
1025 998 1154 1028 eisdem.

439 1051 466 1070 2.
492 1037 687 1076 PRAETEREA,
704 1042 767 1071 hoc
783 1048 870 1081 patet
893 1051 950 1081 per
966 1042 1168 1072 auctoritates
1191 1042 1226 1071 in
1244 1042 1347 1072 littera
1362 1042 1378 1058 ³*
1402 1042 1450 1071 in—

382 1085 502 1115 ductas.

436 1129 625 1159 Responnao
651 1139 808 1159 DICENDUM
833 1129 922 1169 quod
950 1129 1088 1159 amicitia
1111 1129 1270 1169 quaedam
1300 1129 1450 1159 naturalis

380 1174 413 1203 in
431 1174 724 1204 communicatione
740 1174 875 1204 naturali
887 1173 1048 1204 fundatur.
1068 1173 1226 1203 Naturalis
1239 1179 1347 1203 autem
1360 1182 1449 1203 com-

380 1218 555 1247 municatio
573 1223 618 1247 est
635 1217 762 1248 duobus
785 1218 900 1254 modis,
917 1217 1096 1248 secundum
1117 1218 1361 1258 Philosophum,
1378 1217 1450 1247 VIII

380 1262 483 1292 Ethic.
496 1262 531 1291 *t
553 1272 620 1292 uno
636 1262 748 1298 modo,
766 1272 823 1302 per
838 1263 940 1293 carnis
956 1263 1240 1302 propagationem;
1258 1262 1320 1292 alio
1337 1261 1449 1297 modo,

380 1316 436 1346 per
460 1307 725 1337 coniunctionem
755 1307 795 1337 ad
826 1308 927 1337 carnis
962 1307 1228 1347 propagationem
1260 1306 1448 1336 ordinatam.

380 1350 473 1381 Unde
497 1352 564 1390 ipse
588 1351 707 1382 ibidem
729 1353 746 1368 θ’
769 1351 845 1382 dicit
876 1351 966 1392 quod
990 1352 1132 1382 amicitia
1161 1351 1224 1381 viri
1247 1350 1290 1381 ad
1314 1360 1450 1381 uxorem

380 1400 427 1425 est
442 1396 612 1426 naturalis.
640 1395 741 1432 Unde,
759 1397 841 1427 sicut
857 1406 994 1436 persona
1018 1397 1190 1426 coniuncta
1207 1395 1295 1426 alteri
1311 1405 1369 1435 per
1384 1405 1450 1425 car-

379 1440 428 1470 nis
452 1441 716 1480 propagationem
742 1441 906 1480 quoddam
930 1441 1096 1471 vinculum
1120 1440 1270 1470 naturalis
1294 1439 1450 1470 amicitiae

380 1483 464 1520 facit,
481 1485 524 1514 ita
539 1485 565 1514 si
589 1486 801 1525 coniungatur
816 1495 873 1526 per
889 1486 1047 1516 carnalem
1065 1485 1226 1524 copulam.
1252 1484 1315 1515 Sed
1338 1485 1372 1514 in
1387 1485 1450 1514 hoc

381 1528 492 1564 differt,
506 1528 595 1569 quod
618 1539 755 1569 persona
779 1531 950 1560 coniuncta
970 1530 1064 1560 alicui
1088 1539 1145 1570 per
1169 1530 1270 1559 carnis
1293 1538 1451 1569 propaga-

379 1574 517 1609 tionem,
542 1574 624 1604 sicut
646 1573 730 1604 filius
752 1575 850 1614 patri,
876 1574 911 1604 fit
934 1575 1091 1614 particeps
1116 1573 1259 1604 eiusdem
1283 1573 1395 1604 radicis
1420 1579 1451 1604 et

380 1618 560 1657 sanguinis:
595 1618 680 1649 unde
714 1619 829 1649 eodem
861 1629 977 1659 genere
1011 1618 1132 1649 vinculi
1165 1618 1333 1658 colligatur
1365 1617 1450 1648 filius

381 1663 626 1702 consanguineis
663 1664 759 1703 patris
792 1673 857 1703 quo
894 1669 984 1703 pater
1021 1663 1296 1703 coniungebatur‚
1331 1663 1451 1693 scilicet

381 1708 669 1747 consanguinitate;
687 1708 832 1747 quamvis
847 1707 1027 1738 secundum
1043 1708 1142 1738 alium
1157 1707 1302 1748 gradum,
1318 1713 1451 1748 propter

380 1752 535 1781 maiorem
559 1751 738 1782 distantiam
762 1763 779 1782 a
807 1752 920 1782 radice.
946 1752 1009 1783 Sed
1033 1762 1171 1792 persona
1198 1753 1371 1783 coniuncta
1394 1762 1450 1792 per

381 1796 538 1826 carnalem
566 1797 717 1836 copulam
740 1807 807 1827 non
831 1797 867 1827 fit
890 1798 1048 1837 particeps
1073 1797 1218 1827 eiusdem
1241 1796 1370 1833 radicis,
1395 1796 1450 1827 sed

381 1841 471 1880 quasi
494 1841 686 1871 extrinsecus
710 1841 868 1872 adiuncta.
893 1842 934 1872 Et
956 1842 1031 1872 ideo
1056 1851 1094 1872 ex
1117 1842 1181 1872 hoc
1206 1840 1341 1872 efficitur
1364 1841 1450 1872 aliud

379 1894 480 1924 genus
496 1885 625 1921 vinculi,
643 1886 730 1925 quod
756 1886 902 1927 affinitas
926 1886 1050 1917 dicitur.
1079 1886 1121 1917 Et
1143 1886 1207 1916 hoc
1231 1892 1278 1916 est
1302 1885 1392 1926 quod
1416 1887 1451 1917 in

380 1930 443 1959 hoc
466 1939 559 1960 versu
583 1929 710 1960 dicitur:
736 1931 845 1961 Mutat
867 1936 967 1971 nupta
985 1940 1101 1972 genus,
1117 1931 1174 1972 sed
1195 1936 1354 1972 generata
1369 1941 1450 1972 gra—

379 1973 475 2004 dum:
498 1975 573 2014 quia
596 1975 715 2005 scilicet
738 1984 875 2015 persona
901 1981 1050 2016 generata
1073 1975 1109 2006 fit
1131 1976 1166 2006 in
1189 1975 1305 2006 eodem
1333 1985 1450 2015 genere

379 2018 578 2054 affluentiae,
603 2019 659 2049 sed
688 2019 750 2050 alio
775 2020 892 2060 gradu;
921 2030 978 2061 per
1002 2020 1161 2051 carnalem
1191 2030 1268 2051 vero
1298 2020 1450 2060 copulam

379 2062 414 2092 fit
437 2063 470 2092 in
494 2063 556 2093 alio
580 2073 706 2102 genere.

433 2107 483 2136 An
507 2117 623 2137 PmMUM
647 2118 730 2138 aneo
749 2119 910 2140 monimum
927 2109 1026 2150 quod,
1045 2110 1191 2150 quamvis
1215 2119 1309 2140 causa
1333 2110 1372 2140 sit
1390 2119 1450 2150 po-

378 2152 440 2181 tior
464 2151 588 2188 effectu,
606 2162 673 2183 non
689 2158 797 2184 tamen
821 2159 950 2194 oportet
966 2164 1093 2195 semper
1117 2154 1207 2194 quod
1222 2163 1344 2184 nomen
1362 2154 1450 2184 idem

379 2195 505 2226 effectui
529 2202 560 2227 et
584 2206 697 2228 causae
722 2199 908 2230 conveniat:
934 2199 1010 2239 quia
1034 2199 1232 2240 quandoque
1255 2198 1335 2229 illud
1359 2198 1450 2239 quod

379 2246 425 2270 est
448 2241 480 2270 in
505 2240 636 2278 effectu,
661 2243 822 2273 invenitur
845 2245 877 2274 in
902 2253 997 2274 causa
1020 2254 1088 2274 non
1113 2243 1229 2274 eodem
1258 2243 1369 2280 modo,
1394 2243 1450 2274 sed

379 2285 491 2321 altiori,
512 2292 542 2316 et
565 2285 638 2317 ideo
663 2297 730 2317 non
755 2289 906 2319 convenit
937 2298 1051 2319 causae
1071 2295 1102 2319 et
1133 2288 1260 2319 effectui
1284 2298 1341 2328 per
1363 2288 1449 2319 idem

378 2339 509 2365 nomen,
529 2340 635 2370 neque
652 2341 709 2371 per
733 2332 868 2363 eandem
884 2334 1061 2369 rationem;
1087 2334 1169 2364 sicut
1184 2339 1271 2373 patet
1294 2334 1327 2363 in
1344 2334 1449 2364 omni—

379 2375 437 2404 bus
461 2375 563 2405 causis
587 2377 764 2416 aequivoce
788 2378 965 2417 agentibus.
990 2378 1031 2408 Et
1054 2379 1116 2409 hoc
1135 2377 1236 2408 modo
1261 2378 1448 2408 coniunctio

378 2419 436 2449 viri
460 2425 491 2449 et
514 2421 620 2450 uxoris
645 2426 691 2451 est
714 2422 823 2461 potior
847 2431 946 2462 quam
970 2423 1158 2453 coniunctio
1175 2422 1283 2453 ux-oris
1308 2422 1347 2453 ad
1371 2432 1449 2453 con-

379 2464 569 2503 sanguineos
592 2465 666 2495 viri:
691 2475 759 2496 non
775 2472 882 2497 tamen
907 2466 1002 2498 debet
1026 2467 1088 2498 dici
1105 2467 1249 2503 affinitas,
1266 2466 1322 2498 sed
1337 2467 1449 2497 matri-

380 2508 532 2544 monium,
550 2509 639 2549 quod
663 2515 710 2540 est
739 2512 843 2541 unitas
873 2512 1048 2552 quaedam3
1080 2512 1162 2543 sicut
1193 2512 1294 2542 homo
1320 2518 1366 2542 est
1390 2512 1449 2542 sibi

380 2553 440 2592 ipsi
462 2551 558 2589 idem,
575 2563 642 2584 non
662 2556 930 2596 consanguineus.

434 2597 484 2626 Αι)
516 2607 676 2628 SECUNDUM
707 2610 867 2631 mcaNDUM
895 2599 985 2641 quod
1009 2601 1240 2641 consanguinei
1269 2606 1343 2631 sunt
1367 2610 1449 2641 quo-

381 2640 554 2672 dammodo
578 2644 712 2683 separati
735 2650 766 2674 et
789 2645 1034 2685 quodammodo
1059 2646 1234 2676 coniuncti.
1264 2646 1304 2676 Et
1327 2646 1449 2676 ratione

381 2686 616 2716 coniunctionis
641 2688 754 2719 accidit
777 2690 867 2729 quod
890 2699 1028 2730 persona
1052 2699 1135 2730 quae
1159 2691 1215 2721 uni
1232 2690 1448 2730 coniungitur,

381 2730 488 2770 aliquo
508 2731 608 2761 modo
633 2734 783 2764 omnibus
800 2735 1022 2774 coniungatur.
1048 2734 1111 2765 Sed
1127 2741 1258 2775 propter
1277 2735 1449 2775 separatio-

380 2784 455 2804 nem
479 2780 509 2804 et
533 2775 712 2807 distantiam
729 2778 843 2809 accidit
860 2779 949 2819 quod
973 2789 1110 2819 persona
1126 2789 1209 2819 quae
1233 2780 1289 2810 uni
1313 2780 1449 2810 coniun-

380 2819 463 2858 gitur
482 2829 548 2849 uno
565 2821 675 2857 modo,
694 2822 745 2852 alii
762 2824 975 2863 coniungatur
991 2824 1054 2854 alio
1071 2823 1183 2860 modo,
1199 2824 1251 2854 vel
1269 2824 1449 2854 secundum

381 2863 466 2893 aliud
489 2873 590 2904 genus
617 2866 666 2896 vel
691 2867 869 2898 secundum
893 2868 991 2898 alium
1015 2868 1159 2908 gradum.

435 2909 485 2937 An
502 2919 636 2940 Tam-mm
652 2921 811 2942 mcaNDUM
828 2912 917 2952 quod
934 2913 1044 2943 relatio
1062 2913 1259 2953 quandoque
1275 2913 1450 2943 innascitur

382 2961 419 2981 ex
442 2958 534 2982 motu
557 2955 723 2995 utriusque
748 2957 890 2993 extremi,
907 2957 989 2987 sicut
1012 2958 1183 2997 paternitas
1208 2963 1239 2988 et
1262 2957 1384 2988 filiatio.
1409 2958 1450 2988 Et

381 2996 449 3026 talis
473 2997 582 3028 relatio
607 3005 653 3029 est
676 3000 800 3030 realiter
823 3002 854 3031 in
880 3007 1028 3042 utroque.

436 3040 642 3083 Quandoque
665 3053 742 3074 vero
772 3045 946 3076 innascitur
970 3056 1007 3076 ex
1038 3052 1131 3076 motu
1155 3046 1283 3076 alterius
1312 3051 1447 3076 tanturn.

382 3084 421 3114 Et
445 3085 507 3115 hoc
538 3088 693 3127 contingit
723 3088 900 3129 dupliciter.
938 3091 1012 3121 Uno
1037 3090 1157 3125 modo,
1183 3090 1314 3130 quando
1337 3091 1448 3121 relatio

381 3129 553 3160 innascitur
577 3141 614 3161 ex
646 3138 739 3163 motu
763 3134 858 3164 unius
882 3135 950 3165 sine
973 3141 1066 3174 motu
1096 3135 1223 3165 alterius
1247 3135 1296 3165 vel
1321 3144 1449 3175 praece—

383 3172 476 3203 dente
500 3175 550 3204 vel
574 3177 828 3208 concomitante:
853 3179 934 3209 sieut
954 3179 987 3209 in
1005 3179 1157 3210 Creatore
1181 3185 1212 3210 et
1235 3185 1378 3210 creatura
1394 3189 1449 3219 pa-

382 3222 435 3252 tet,
454 3223 484 3248 et
507 3220 646 3250 sensibili
670 3226 701 3251 et
724 3231 829 3258 sensu,
847 3228 877 3253 et
901 3223 1031 3254 scientia
1055 3229 1086 3254 et
1109 3223 1220 3254 scibili.
1245 3224 1286 3254 Et
1308 3229 1385 3254 tunc
1401 3233 1449 3254 re-

382 3261 457 3291 latio
482 3268 528 3292 est
551 3264 583 3293 in
607 3274 674 3294 uno
705 3266 884 3297 secundum
914 3277 998 3303 rem,
1024 3273 1054 3298 et
1077 3268 1110 3298 in
1141 3268 1240 3298 altero
1270 3267 1450 3298 secundum

382 3306 537 3336 rationem
554 3314 688 3339 tantum.
705 3327 727 3332 —
746 3310 819 3342 Alio
836 3311 948 3347 modo,
966 3311 1096 3351 quando
1112 3312 1286 3342 innascitur
1302 3321 1340 3342 ex
1356 3317 1448 3342 motu

383 3350 477 3379 unius
501 3351 567 3381 sine
591 3359 683 3383 motu
707 3354 833 3384 alterius
857 3361 934 3385 tunc
964 3357 1133 3392 existente,
1160 3366 1227 3386 non
1251 3362 1358 3387 tamen
1382 3357 1450 3386 sine

383 3400 475 3423 motu
491 3396 716 3434 praecedente:
742 3399 823 3428 sicut
839 3399 1011 3439 aequalitas
1034 3399 1070 3430 fit
1094 3401 1175 3430 inter
1194 3400 1275 3430 duos
1298 3401 1447 3430 homines

384 3446 440 3476 per
464 3446 671 3478 augmentum
688 3442 792 3478 unius,
811 3443 877 3472 sine
901 3444 964 3473 hoc
988 3443 1077 3483 quod
1101 3444 1180 3474 alius
1196 3451 1272 3474 tunc
1297 3449 1450 3484 augeatur

384 3481 434 3511 vel
457 3483 634 3519 minuatur;
660 3485 714 3514 sed
737 3491 843 3516 tamen
861 3487 947 3526 prius
964 3487 1002 3517 ad
1019 3488 1100 3517 hanc
1125 3489 1335 3527 quantitatem
1351 3497 1450 3528 quam

384 3526 478 3556 habet
508 3536 563 3566 per
587 3528 726 3568 aliquem
756 3536 883 3560 motum
907 3531 956 3562 vel
981 3533 1192 3562 mutationem
1216 3533 1369 3572 pervenit.
1409 3532 1450 3562 Et

1467 699 1492 713 10

1467 921 1489 940 ¹5

1465 1139 1491 1153 20

1465 1359 1489 1380 ες

1467 1582 1492 1602 30

1466 1804 1489 1825 ³5

1464 2255 1488 2275 45

1465 2477 1491 2498 50

1466 2700 1488 2720 55

1463 2921 1490 2941 6ο

1463 3143 1487 3169 6ς

1463 3369 1491 3390 70

1060 209 1324 255 QUAESTlO
1353 210 1433 256 LV,
1455 209 1748 246 ARTICULUS
1778 210 1818 254 ΙΙ,
1845 210 1890 246 ΙΙΙ

1563 289 1603 318 Et
1626 289 1769 318 similiter
1793 294 1839 319 est
1863 287 1902 318 de
1934 289 2210 329 consanguinitate
2239 295 2270 319 et
2298 289 2459 320 affinitate.
2494 290 2580 329 Quia

1507 333 1618 363 relatio
1639 332 1839 363 fraternitatis
1859 341 1942 372 quae
1957 333 2132 363 innascitur
2147 333 2256 373 aliquo
2268 342 2370 373 puero
2391 339 2467 365 nato
2484 335 2579 366 alicui

1507 377 1572 407 iam
1595 382 1760 417 provect0‚
1779 383 1926 407 causatur
1941 377 2073 416 quidem
2096 378 2165 407 sine
2188 382 2280 407 motu
2297 378 2397 417 ipsius
2420 383 2498 410 tunc
2514 380 2579 410 exi-

1507 427 1619 456 stente,
1636 421 1692 451 sed
1716 430 1753 451 ex
1777 427 1870 451 motu
1893 422 1993 461 ipsius
2016 421 2237 461 praecedente,
2257 421 2378 452 scilicet
2400 425 2579 462 generatio-

1507 466 1555 495 nis
1580 466 1665 495 eius:
1690 466 1753 495 hoc
1778 466 1864 495 enirn
1888 466 1917 495 ei
1941 465 2056 495 accidit
2080 465 2170 505 quod
2193 475 2231 496 ex
2254 471 2347 496 motu
2369 466 2496 498 alterius
2520 469 2579 498 sibi

1507 519 1594 539 nunc
1618 510 1687 539 talis
1711 510 1822 540 relatio
1850 510 2033 540 innascitur.
2070 509 2220 540 Similiter
2253 519 2290 540 ex
2320 510 2384 540 hoc
2408 511 2498 551 quod
2520 513 2579 543 iste

1507 553 1672 584 descendit
1707 564 1764 594 per
1795 555 2035 594 generationem
2065 555 2229 594 propriam
2257 555 2296 584 ab
2329 554 2442 586 eadem
2474 555 2579 587 radice

1507 608 1583 628 cum
1606 599 1685 634 viro,
1703 599 1851 638 provenit
1867 598 2000 629 affinitas
2016 599 2049 629 in
2073 599 2144 638 ipso
2168 598 2208 629 ad
2226 608 2361 629 uxorem
2381 600 2449 630 sine
2473 600 2579 640 aliqua

1506 652 1592 673 nova
1615 644 1795 673 mutatione
1818 644 1927 683 ipsius.
2534 650 2537 655 ·

1561 709 1660 740 ART.
1679 709 1715 740 11.
1741 719 1846 739 UTRUM
1869 719 2030 739 aramius
2055 719 2180 739 MANEAT
2203 719 2279 740 posr
2303 720 2432 740 MORTEM
2453 721 2519 742 vnn

1706 764 1799 784 mma
1823 764 2078 784 consanoumaos
2102 764 2165 784 vnu
2188 765 2227 784 m·
2250 765 2378 785 uxorum

1508 831 1591 894 Αι)
1615 831 1777 851 SECUNDUM
1798 831 1843 851 src
1864 831 2069 851 nocam-run.
2087 820 2220 851 Videtur
2241 821 2332 861 quod
2352 821 2486 852 affinitas
2509 832 2577 853 non

1571 871 1679 896 manet
1708 871 1782 906 post
1804 872 1942 896 mortem
1973 866 2032 895 viri
2055 866 2137 896 inter
2167 867 2426 906 consanguineos
2456 867 2515 898 viri
2546 872 2577 897 et

1505 919 1650 940 uxorem.
1675 910 1770 948 Quia,
1786 915 1930 941 cessante
1952 920 2061 946 causa,
2079 916 2183 941 cessat
2200 911 2332 952 effectus
2347 912 2374 941 ἢ
2398 911 2461 942 Sed
2482 921 2577 942 causa

1505 953 1663 984 affinitatis
1688 954 1748 984 fuit
1779 955 2038 990 matrimonium,
2064 954 2154 994 quod
2182 961 2283 986 cessat
2305 956 2339 986 in
2369 962 2474 987 morte
2497 957 2574 987 viri:

1506 998 1580 1037 quia
1596 1004 1674 1029 tunc
1689 999 1829 1029 solvitur
1843 999 1962 1030 mulier
1976 1009 1996 1029 a
2020 1000 2092 1040 lege
2107 1000 2180 1036 viri,
2197 1005 2234 1030 ut
2250 999 2364 1030 dicitur
2378 1001 2472 1032 Rom.
2490 1011 2533 1031 vn
2548 1002 2575 1031 ἕ.

1506 1042 1591 1081 Ergo
1615 1052 1676 1072 nec
1700 1042 1833 1073 affinitas
1856 1043 2017 1084 praedicta
2040 1049 2158 1074 manet.

1562 1095 1591 1116 2.
1617 1086 1822 1123 Pium-anna,
1852 1088 2111 1127 consanguinitas
2140 1095 2252 1119 'causat
2282 1089 2477 1121 affinitatem.
2513 1091 2577 1122 Sed

1506 1131 1764 1169 consanguinitas
1794 1132 1852 1161 viri
1876 1137 1977 1162 cessat
2003 1141 2061 1171 per
2088 1138 2227 1163 mortem
2251 1133 2291 1164 ad
2319 1136 2577 1175 consanguineos

1505 1182 1591 1203 suos.
1616 1174 1702 1214 Ergo
1727 1180 1758 1204 et
1781 1174 1916 1205 affinitas
1938 1176 2046 1206 uxoris
2070 1175 2110 1206 ad
2134 1186 2200 1207 eos.

1560 1217 1623 1248 San
1648 1227 1781 1255 CONTRA,
1807 1218 1940 1249 affinitas
1964 1229 2003 1250 ex
2026 1221 2302 1260 consanguinitate
2322 1229 2478 1254 causatur.
2514 1224 2578 1256 Sed

1505 1262 1764 1301 consanguinitas
1788 1268 1835 1306 est
1850 1269 2044 1303 perpetuum
2067 1264 2244 1300 vinculum,
2262 1266 2405 1305 quandiu
2421 1277 2578 1307 personae

1505 1305 1617 1336 vivunt
1633 1307 1715 1336 inter
1731 1316 1810 1347 quas
1834 1313 1882 1338 est
1897 1307 2041 1338 affinitas.
2066 1308 2152 1348 Ergo
2170 1314 2201 1339 et
2224 1309 2367 1341 affinitas.
2393 1311 2434 1341 Et
2451 1312 2495 1342 ita
2509 1322 2578 1344 non

1505 1350 1639 1381 solvitur
1671 1350 1805 1382 affinitas
1835 1352 1943 1382 soluto
1975 1352 2183 1383 matrimonio
2213 1363 2271 1394 per
2299 1360 2438 1386 mortem
2468 1358 2579 1388 tertiae

1504 1404 1671 1434 personae.

1560 1440 1750 1471 Ruspommo
1774 1450 1934 1471 monimum
1967 1440 2058 1482 quod
2090 1441 2200 1472 relatio
2233 1442 2340 1483 aliqua
2363 1453 2431 1475 esse
2463 1445 2580 1477 desinit

1505 1483 1691 1524 dupliciter:
1716 1495 1784 1515 uno
1809 1485 1910 1516 modo
1931 1495 1970 1516 ex
1985 1486 2194 1526 corruptione
2217 1487 2368 1525 subiecti,
2393 1489 2456 1520 alio
2476 1490 2578 1522 modo

1506 1538 1543 1558 ex
1559 1529 1775 1560 subtractione
1791 1539 1922 1566 causae;
1943 1531 2025 1561 sicut
2041 1530 2216 1562 similitudo
2231 1542 2298 1563 esse
2315 1532 2430 1564 desinit
2446 1534 2577 1575 quando

1505 1573 1583 1603 alter
1599 1574 1752 1604 similium
1767 1575 1914 1610 moritur,
1934 1575 1984 1606 vel
2001 1575 2132 1615 quando
2150 1576 2284 1616 qualitas
2301 1586 2384 1617 quae
2401 1584 2467 1609 erat
2482 1589 2579 1611 causa

1505 1618 1731 1655 similitudinis,
1748 1619 1951 1650 subtrahitur.
1977 1619 2059 1650 Sunt
2081 1626 2189 1650 autem
2220 1621 2378 1661 quaedam
2408 1623 2579 1656 relationes

1506 1671 1589 1702 quae
1613 1663 1731 1694 habent
1753 1673 1813 1704 pro
1838 1673 1932 1694 causa
1956 1665 2117 1695 actionem
2141 1665 2191 1695 vel
2214 1667 2399 1705 passionem
2429 1673 2485 1699 aut
2506 1678 2578 1700 mo-

1505 1712 1586 1743 tum,
1604 1713 1639 1738 ut
1661 1708 1694 1738 in
1718 1708 1747 1738 V
1763 1709 1946 1750 Metaplgrs.
1963 1710 1980 1726 *
1996 1709 2121 1740 dicitur.
2150 1709 2297 1748 Quarum
2321 1711 2480 1752 quaedam
2502 1723 2578 1744 cau-

1505 1757 1614 1782 santur
1638 1762 1676 1782 ex
1699 1758 1792 1783 motu
1823 1754 2017 1794 inquantum
2049 1753 2171 1794 aliquid
2202 1761 2352 1786 movetur
2381 1762 2471 1788 actu:
2495 1757 2579 1790 sicut

1504 1796 1573 1836 ipsa
1595 1797 1706 1827 relatio
1731 1806 1814 1837 quae
1839 1803 1886 1828 est
1908 1799 2069 1829 moventis
2093 1805 2125 1829 et
2146 1800 2239 1830 moti.
2274 1799 2442 1839 Quaedam
2469 1807 2578 1834 autem

1504 1841 1698 1881 inquantum
1721 1842 1840 1873 habent
1855 1842 2067 1883 aptitudinem
2091 1843 2131 1874 ad
2147 1849 2291 1875 motum:
2316 1845 2399 1876 sicut
2417 1847 2578 1879 motivum

1506 1891 1536 1915 et
1565 1886 1704 1922 mobile,
1729 1886 1886 1917 dominus
1905 1892 1936 1918 et
1959 1897 2078 1918 servus.
2114 1888 2282 1926 Quaedam
2313 1895 2422 1921 autem
2451 1899 2491 1922 ex
2513 1892 2578 1923 hoc

1505 1930 1596 1970 quod
1619 1930 1741 1971 aliquid
1764 1932 1852 1971 prius
1875 1937 2004 1962 motum
2027 1938 2093 1963 est:
2125 1934 2208 1964 sicut
2234 1939 2325 1974 pater
2348 1940 2380 1965 et
2402 1934 2487 1966 filius
2509 1945 2577 1968 non

1505 1983 1544 2005 ex
1566 1975 1630 2006 hoc
1654 1975 1743 2015 quod
1760 1981 1807 2006 est
1829 1977 1973 2016 generari
1995 1986 2094 2013 nunc,
2111 1977 2150 2008 ad
2166 1978 2306 2009 invicem
2329 1978 2497 2018 dicuntum
2521 1980 2578 2013 sed

1506 2029 1543 2050 ex
1565 2019 1629 2050 hoc
1653 2020 1744 2060 quod
1767 2026 1814 2051 est
1836 2026 2024 2061 generatum
2047 2031 2126 2053 esse.

1559 2064 1718 2104 Aptitudo
1734 2070 1842 2096 autem
1858 2065 1899 2096 ad
1913 2071 2051 2103 motum,
2073 2067 2170 2097 etiam
2184 2067 2291 2107 ipsum
2307 2069 2432 2100 moveri
2449 2070 2575 2101 transit:

1504 2107 1561 2139 sed
1583 2114 1712 2140 motum
1736 2119 1804 2140 esse
1835 2115 2028 2151 perpetuum
2053 2116 2118 2148 est,
2144 2111 2220 2151 quia
2243 2111 2334 2152 quod
2365 2112 2486 2144 factum
2509 2119 2575 2152 est,

1504 2162 1673 2194 nunquam
1690 2153 1804 2185 desinit
1820 2164 1887 2185 esse
1904 2154 2025 2186 factum
2037 2156 2063 2186 *.
2086 2155 2126 2186 Et
2141 2155 2215 2186 ideo
2230 2157 2401 2196 paternitas
2417 2163 2450 2188 et
2463 2157 2575 2191 filiatio

1503 2207 1673 2238 nunquam
1693 2198 1900 2230 destruuntur
1915 2209 1972 2240 per
1988 2199 2239 2231 destructionem
2256 2210 2380 2239 causae,
2397 2202 2454 2233 sed
2469 2203 2576 2235 solum

1504 2251 1562 2282 per
1585 2244 1827 2284 corruptionem
1846 2244 1990 2281 subiecti,
2008 2245 2129 2276 scilicet
2144 2245 2323 2277 alterutrius
2347 2251 2575 2279 extremorum.

1504 2287 1545 2318 Et
1568 2287 1711 2318 similiter
1739 2287 1912 2319 dicendum
1935 2294 1982 2320 est
2005 2288 2045 2320 de
2069 2289 2235 2332 affinitate,
2260 2299 2343 2331 quae
2367 2297 2514 2323 causatur
2537 2302 2576 2324 ex

1504 2332 1568 2362 hoc
1592 2331 1682 2372 quod
1701 2332 1800 2373 aliqui
1816 2334 1982 2364 coniuncti
2005 2339 2089 2370 sunt,
2105 2344 2172 2365 non
2198 2343 2236 2365 ex
2252 2335 2315 2366 hoc
2332 2335 2423 2376 quod
2438 2337 2576 2368 coniun—

1503 2381 1632 2417 guntur.
1657 2376 1752 2408 Unde
1767 2387 1835 2408 non
1851 2377 2018 2415 dirimitur,
2034 2379 2238 2410 manentibus
2254 2378 2314 2410 illis
2333 2381 2478 2420 personis
2494 2381 2576 2413 inter

1505 2430 1584 2461 quas
1608 2420 1742 2452 affinitas
1766 2427 1813 2452 est
1836 2428 2008 2459 contracta,
2026 2425 2173 2464 quamvis
2188 2424 2344 2455 moriatur
2365 2434 2504 2466 persona
2526 2435 2575 2458 ra-

1504 2466 1594 2496 tione
1617 2467 1708 2497 cuius
1733 2472 1895 2498 contracta
1918 2466 1979 2498 fuit
1994 2468 2020 2498 ⁸².

1559 2510 1610 2540 An
1634 2521 1752 2541 animm
1774 2521 1857 2542 aneo
1874 2521 2035 2543 meantum
2058 2511 2148 2553 quod
2168 2513 2356 2544 coniunctio
2379 2514 2575 2546 matrimonii

1505 2560 1613 2585 causat
1636 2554 1822 2587 affinitatem
1837 2566 1905 2587 non
1928 2557 2036 2588 solum
2052 2556 2231 2588 secundum
2253 2558 2318 2589 hoc
2334 2558 2424 2599 quod
2440 2565 2487 2590 est
2501 2564 2576 2591 actu

1505 2599 1668 2640 coniungi,
1680 2599 1735 2631 sed
1747 2600 1927 2632 secundum
1939 2602 2002 2632 hoc
2013 2601 2103 2642 quod
2115 2607 2162 2633 est
2173 2603 2261 2643 prius
2273 2603 2486 2634 coniunctum
2496 2613 2574 2636 esse.

1560 2643 1611 2674 An
1635 2654 1798 2676 sacunnUM
1830 2655 1992 2676 memnon
2019 2645 2109 2687 quod
2142 2647 2405 2688 consanguinitas
2430 2658 2500 2679 non
2529 2654 2578 2680 est

1504 2690 1651 2729 proxima
1667 2699 1762 2720 causa
1774 2690 1948 2721 affinitatis:
1966 2690 2022 2721 sed
2034 2691 2222 2722 coniunctio
2234 2692 2274 2723 ad
2286 2693 2574 2733 consanguineum,

1504 2743 1572 2764 non
1596 2734 1703 2765 solum
1727 2744 1811 2774 quae
1835 2740 1891 2771 est,
1909 2734 1964 2766 sed
1987 2745 2070 2777 quae
2094 2734 2165 2766 fuit.
2190 2736 2232 2767 Et
2254 2742 2386 2777 propter
2407 2737 2472 2768 hoc
2494 2738 2575 2769 ratio

1504 2788 1571 2808 non
1596 2779 1749 2819 sequitur.

1504 2845 1604 2875 ART.
1629 2844 1680 2876 111.
1706 2856 1811 2876 UTRUM
1835 2856 1984 2877 nucu-us
2015 2856 2206 2878 CONCUBITUS
2228 2857 2437 2878 flammula
2460 2857 2575 2879 causti·

1570 2921 1590 2941 n
1613 2922 1749 2942 raa-mm
1772 2922 1818 2943 sm
1841 2922 2046 2944 euoenon-ua.
2071 2913 2206 2944 Videtur
2231 2913 2322 2954 quod
2344 2913 2472 2944 illicitus
2495 2923 2574 2945 con-

1506 2923 1697 2986 Acubitus
1719 2956 1905 2988 affinitatem
1921 2967 1988 2988 non
2009 2963 2126 2989 causet.
2152 2958 2237 2996 Quia
2257 2957 2391 2988 affinitas
2413 2963 2460 2989 est
2475 2967 2574 2998 quae-

1504 3000 1578 3031 dam
1602 3010 1650 3031 res
1674 3001 1818 3031 honesta.
1844 3001 1907 3032 Sed
1930 3011 1978 3033 res
2001 3002 2156 3033 honestae
2179 3011 2247 3032 non
2271 3007 2440 3033 causantur
2463 3011 2502 3033 ex
2524 3003 2573 3034 in-

1504 3046 1656 3076 honestis.
1682 3046 1767 3086 Ergo
1791 3055 1829 3076 ex
1852 3046 2025 3077 inhonesto
2053 3046 2229 3077 concubitu
2251 3055 2319 3076 non
2342 3051 2449 3086 potest
2472 3046 2573 3078 affini—

1504 3096 1550 3120 tas
1575 3090 1706 3120 causari.

1561 3144 1590 3165 2.
1616 3134 1813 3170 Pansam,
1837 3134 1892 3165 ubi
1916 3140 1964 3165 est
1986 3134 2260 3175 consanguinitas,
2284 3143 2351 3165 non
2374 3140 2482 3175 potest
2505 3145 2573 3167 esse

1504 3178 1656 3209 affinitas:
1681 3179 1757 3219 quia
1773 3178 1907 3209 affinitas
1931 3183 1978 3209 est
1994 3179 2194 3219 proximitas
2203 3187 2423 3220 personarum
2444 3190 2486 3211 ex
2501 3190 2574 3212 car-

1505 3223 1573 3254 nali
1596 3223 1713 3264 copula
1727 3223 1925 3263 proveniens
1948 3223 2037 3253 omni
2059 3232 2174 3254 carens
2190 3223 2364 3263 parentela
2379 3224 2406 3254 *.
2431 3224 2494 3255 Sed
2517 3225 2572 3256 ali-

1505 3267 1635 3307 quando
1660 3268 1860 3307 contingeret
1883 3266 1922 3298 ad
1945 3267 2203 3307 consanguineos
2222 3272 2254 3298 et
2276 3267 2316 3298 ad
2339 3269 2481 3308 seipsum
2504 3279 2572 3301 esse

1505 3311 1699 3347 affinitatem,
1717 3311 1742 3341 si
1757 3311 1885 3342 illicitus
1901 3311 2093 3342 concubitus
2110 3310 2295 3342 affinitatem
2311 3318 2470 3344 causaret:
2491 3314 2574 3345 sicut

1505 3355 1636 3395 quando
1660 3356 1761 3386 homo
1785 3354 1950 3386 carnaliter
1973 3356 2246 3395 consanguineam
2275 3366 2367 3387 suam
2390 3357 2572 3390 incestuose

1505 3400 1681 3440 cognoscit.
1706 3399 1792 3439 Ergo
1809 3398 1942 3430 affinitas
1957 3409 2025 3429 non
2042 3405 2189 3430 causatur
2204 3410 2242 3431 ex
2257 3400 2368 3432 illicito
2385 3403 2571 3434 concubitu.

1562 3443 1591 3474 3.
1615 3443 1811 3479 Pius-raam,
1835 3443 1962 3473 illicitus
1986 3444 2177 3475 concubitus
2201 3450 2247 3475 est
2270 3445 2449 3477 secundum
2479 3453 2572 3478 natu-

1504 3497 1582 3523 ram,
1600 3494 1631 3518 et
1654 3493 1765 3518 contra
1787 3493 1943 3517 naturam.
1973 3487 2036 3518 Sed
2060 3498 2098 3518 ex
2120 3488 2231 3519 illicito
2263 3490 2439 3521 concubitu
2462 3497 2573 3523 contra

1504 3537 1649 3562 naturam
1665 3541 1733 3562 non
1749 3536 1896 3562 causatur
1911 3531 2053 3568 affinitas,
2072 3538 2107 3563 ut
2122 3533 2191 3563 iura
2207 3533 2419 3565 determinant
2434 3535 2461 3566 *.
2485 3535 2572 3577 Ergo

383 3569 456 3600 ideo
473 3570 505 3600 in
530 3578 667 3612 utroque
683 3579 899 3604 extremorum
923 3575 991 3605 talis
1015 3576 1125 3606 relatio
1141 3576 1265 3606 realiter
1287 3575 1448 3606 fundatur.
1464 3588 1488 3608 75
1504 3585 1564 3605 nec
1588 3585 1625 3605 ex
1649 3575 1759 3605 illicito
1784 3576 1959 3606 concubitu
1983 3577 2161 3608 secundum
2185 3583 2331 3609 naturam
2354 3584 2488 3611 tantum.

2604 917 2822 976 ;αἳῖἒ;ἔξ”’·ᾖ,”ῑ

2605 971 2646 994 lat.
2653 983 2663 988 -
2673 971 2709 994 Cf.
2721 971 2819 994 Anum.

2605 998 2695 1026 physic.
2719 998 2759 1020 lib.
2783 998 2819 1021 11.

2605 1031 2656 1073 ‘28ss
2676 1031 2716 1050 ΙΙΙ,
2731 1031 2756 1046 n·
2780 1032 2821 1051 ¹¹³

2604 1051 2745 1101 ‘vel-,¹⁸2
2761 1057 2792 1073 ἰ’

2605 2039 2615 2049 '
2621 2038 2645 2061 S.
2654 2038 2699 2062 Th.
2708 2038 2818 2062 leet-nvn.

2605 2076 2616 2081 -
2633 2064 2687 2088 md.
2703 2065 2745 2088 ub.
2769 2065 2817 2094 lv,

2604 2097 2656 2120 etp.
2671 2097 2710 2120 xv,
2721 2097 2744 2115 n.
2757 2098 2780 2121 5,
2794 2093 2817 2115 6.

2603 2168 2614 2177 ·
2628 2166 2666 2189 ef.
2677 2167 2777 2189 Ari-tot.
2787 2166 2817 2188 Ε-

2603 2193 2656 2215 tlu'c.
2667 2193 2756 2220 lib.v1,
2765 2199 2792 2216 οι
2810 2209 2817 2216 .

2604 2226 2630 2246 ιι,
2642 2226 2665 2243 n.
2679 2220 2702 2244 ⁶.
2712 2230 2725 2237 -
2734 2221 2759 2244 S.
2770 2200 2817 2244 ΤΕ.

2603 2246 2655 2269 leet.
2671 2252 2696 2270 n.

2628 2468 2664 2491 Cf.
2685 2473 2738 2491 ean.
2753 2467 2816 2491 m—

2604 2494 2817 2551 xxxvf‘iff'xff'

2600 3229 2675 3278 frixi·
2683 3229 2814 3283 ,ιιεὶἳῖέ

2599 3281 2813 3336 fflzwszikss

2600 3335 2655 3358 diet.
2670 3342 2720 3363 m,
2734 3339 2777 3359 an.
2790 3342 2812 3358 a.

2600 3502 2812 3558 mamea

2601 3556 2696 3605 ἤιξαν,
2704 3562 2745 3585 qu.
2755 3562 2780 3584 n,
2789 3560 2812 3579 et
