2918 4088
1031 202 1293 249 QUAESTIO
1322 203 1478 250 LXXII,
1507 202 1798 242 ARTICULUS
1827 205 1841 241 I
2450 207 2519 244 125

696 445 1108 523 QUAESTIO
1147 444 2174 502 SEPTUAGESIMASECUNDA

886 565 970 604 DE
1004 563 1420 605 SACRAMENTO
1456 564 1974 606 CONFIRMATIONIS

24 667 52 717 f.
1123 680 1157 705 IN
1186 680 1370 706 DUODECIM
1398 680 1599 706 ARTICULOS
1626 681 1739 706 DIVISA

1512 775 1645 812 Sexto:
1681 782 1812 812 utrum
1845 776 2040 812 character
2071 776 2373 814 confirmationis
2410 789 2517 826 prae·

346 785 689 869 CONsEQUENTER
738 774 1064 812 considerandum
1105 781 1161 811 est
1196 774 1244 811 de
1283 786 1405 811 sacra-

1563 835 1756 877 supponat
1783 828 2042 865 characterem
2069 829 2347 878 baptismalem.

425 843 556 873 mento
584 833 888 872 confirmationis
906 833 937 870 ³¹².

343 896 393 933 Et
418 894 518 932 circa
545 895 621 932 hoc
653 900 891 943 quaeruntur
918 891 1136 929 duodecim.

395 953 547 992 Primo:
585 961 717 990 utrum
749 951 990 990 confirmatio
1028 951 1074 988 sit
1108 959 1402 989 sacramentum.

396 1010 596 1049 Secundo:
626 1010 674 1048 de
702 1008 861 1047 materia
887 1008 981 1046 eius.

396 1068 548 1106 Tertio:
586 1075 716 1105 utrum
755 1066 800 1104 sit
836 1066 884 1104 de
921 1066 1143 1104 necessitate
1177 1067 1404 1104 sacramenti

448 1127 556 1177 quod
590 1126 758 1164 chrisma
790 1125 902 1163 fuerit
933 1126 1039 1176 prius
1073 1138 1144 1176 per
1177 1126 1401 1176 episcopum

448 1195 726 1225 consecratum.

397 1245 563 1293 Quarto:
593 1245 641 1282 de
668 1245 792 1282 forma
819 1244 949 1294 ipsius.

397 1305 562 1352 Quinto:
591 1312 723 1342 utrum
751 1304 945 1354 imprimat
973 1305 1242 1342 characterem.

1512 880 1705 929 Septimo:
1735 888 1867 918 utrum
1895 881 2063 918 conferat
2089 882 2259 930 gratiam.

1511 933 1685 971 Octavo:
1733 933 1795 970 cui
1836 942 2029 983 competat
2069 934 2237 984 recipere
2278 936 2354 972 hoc
2395 948 2517 973 sacra-

1564 994 1752 1024 mentum.

1510 1040 1649 1076 Nono:
1679 1039 1719 1076 in
1747 1052 1824 1089 qua
1851 1047 1968 1089 parte.

1509 1092 1692 1129 Decimo:
1727 1100 1858 1130 utrum
1886 1093 2100 1142 requiratur
2127 1093 2263 1143 aliquis
2297 1094 2364 1144 qui
2391 1102 2516 1132 teneat

1563 1145 1888 1183 confirmandum.

1510 1198 1745 1236 Undecimo:
1776 1206 1906 1236 utrum
1925 1200 2002 1236 hoc
2020 1208 2303 1237 sacramentum
2323 1212 2394 1250 per
2411 1201 2514 1238 solos

1563 1251 1766 1301 episcopos
1794 1252 1916 1288 detur.

1510 1304 1774 1342 Duodecimo:
1804 1305 1852 1341 de
1881 1305 1954 1342 ritu
1982 1305 2075 1342 eius.

1154 1413 1470 1455 ARTICULUS
1501 1413 1706 1455 PRIMUS

958 1505 1115 1536 UTRUM
1139 1496 1443 1536 CONFIRMAT'IO
1467 1505 1534 1536 Str
1558 1505 1891 1555 SACRAMENTUM

566 1585 657 1617 Supra,
676 1592 720 1616 qu.
739 1592 796 1614 va,
815 1590 861 1608 art.
883 1590 893 1608 1
904 1590 911 1613 ;
931 1584 964 1608 IV
984 1583 1067 1612 Sent„
1087 1583 1146 1608 dist.
1164 1591 1190 1612 ιι,
1210 1591 1253 1615 qu.
1272 1591 1289 1613 1,
1309 1588 1354 1607 art.
1376 1590 1404 1613 25
1424 1583 1483 1608 dist.
1501 1590 1546 1614 vu,
1565 1591 1609 1615 qu.
1627 1591 1644 1614 1,
1664 1589 1710 1609 art.
1732 1591 1754 1613 1,
1773 1584 1823 1616 qu·
1844 1591 1871 1614 1;
1891 1585 1925 1609 lV
1946 1586 2021 1610 Cont.
2043 1587 2128 1614 Geni„
2149 1593 2203 1618 cap.
2222 1593 2290 1611 mn.

394 1850 401 1865 ss
448 1854 453 1855 ν
474 1859 477 1862 s
526 1829 760 1867 efficaciam
780 1828 934 1875 habent,
956 1828 1052 1865 sicut
1071 1841 1188 1879 supra
1205 1829 1226 1851 ’¹‘
1253 1828 1398 1866 dictum

332 1889 402 1921 est.
433 1882 511 1921 Sed
537 1881 780 1920 confirmatio
807 1893 889 1919 non
916 1881 1052 1930 legitur
1078 1895 1101 1920 a
1125 1882 1276 1920 Christo
1296 1881 1398 1919 insti-

332 1943 426 1974 tuta.
455 1936 558 1984 Ergo
585 1947 667 1973 non
695 1942 750 1972 est
778 1942 1072 1972 sacramentum.

389 2000 424 2027 2.
445 1989 678 2035 PRAETEREA‚
701 1996 939 2026 sacramenta
957 2000 1083 2025 novae
1102 1987 1192 2036 legis
1220 1987 1261 2024 in
1279 1987 1398 2025 veteri

333 2041 589 2093 praefigurata
606 2042 775 2079 fuerunt:
796 2049 839 2078 ut
853 2042 1061 2090 Apostolus
1080 2040 1180 2087 dicit,
1196 2042 1210 2078 Ι
1229 2042 1316 2078 Cor.
1331 2040 1396 2088 x*,

331 2095 442 2145 quod
475 2108 603 2133 omnes
630 2097 668 2132 in
696 2097 837 2144 Moyse
863 2096 1035 2144 baptizati
1059 2100 1142 2131 sunt
1175 2096 1212 2131 in
1241 2096 1338 2131 nube
1365 2100 1398 2131 et

330 2150 371 2188 in
390 2150 501 2195 mari,
531 2155 564 2186 et
583 2160 711 2186 omnes
729 2148 886 2185 eandem
903 2148 1132 2198 spiritualem
1151 2159 1273 2184 escam
1292 2160 1396 2185 man-

332 2201 579 2248 ducaverunt,
615 2208 649 2239 et
676 2213 804 2238 omnes
831 2202 988 2239 eundem
1011 2206 1143 2250 potum
1169 2202 1396 2250 spiritualem

332 2256 513 2293 biberunt.
553 2255 631 2293 Sed
658 2253 901 2292 confirmatio
939 2266 1020 2291 non
1046 2253 1116 2291 fuit
1142 2253 1397 2303 praefigurata

331 2307 373 2346 in
386 2308 506 2346 veteri
520 2309 782 2346 Testamento.
804 2308 905 2355 Ergo
925 2319 1005 2344 non
1025 2314 1080 2343 est
1099 2314 1394 2344 sacramentum.

389 2361 422 2398 3.
443 2362 675 2407 ΡκΑΕτΕκεΑ,
701 2368 940 2398 sacramenta
958 2360 1185 2398 ordinantur
1203 2360 1253 2397 ad
1271 2360 1396 2398 homi-

331 2426 430 2452 num
457 2411 631 2452 salntem.
662 2413 739 2452 Sed
759 2413 840 2451 sine
859 2413 1152 2452 confirmatione
1171 2420 1296 2462 potest
1313 2425 1395 2450 esse

331 2468 452 2505 salus:
495 2480 589 2505 nam
622 2467 734 2517 pueri
767 2467 946 2517 baptizati
983 2466 1064 2503 sine
1102 2466 1396 2504 confirmatione

331 2520 562 2558 decedentes
589 2522 794 2558 salvantur.
830 2521 932 2568 Ergo
960 2519 1203 2557 confirmatio
1232 2531 1312 2556 non
1341 2527 1397 2557 est

331 2581 618 2612 sacramentum
638 2579 666 2610 α.

385 2639 422 2675 4.
452 2628 685 2673 ΡΚΑΕΤΕΚΕΑ,
707 2638 777 2675 per
796 2626 928 2664 omnia
947 2632 1184 2664 sacramenta
1203 2625 1394 2662 Ecclesiae

331 2681 454 2718 homo
484 2679 636 2717 Christo
656 2679 930 2725 conformatur,
960 2679 1027 2728 qui
1055 2686 1110 2716 est
1138 2686 1394 2716 sacramento-

331 2745 421 2771 rum
464 2740 608 2770 auctor.
662 2732 739 2770 Sed
780 2744 849 2781 per
889 2731 1226 2769 confirmationem
1271 2732 1393 2769 homo

331 2786 485 2824 Christo
513 2785 746 2823 conformari
770 2797 851 2847 non
869 2784 1037 2834 potest&
1066 2784 1134 2834 qui
1162 2796 1242 2821 non
1260 2784 1395 2833 legitur

330 2851 414 2878 esse
441 2839 704 2877 confirmatus.

385 2893 460 2930 SED
489 2904 633 2930 CONTRA
652 2904 717 2929 EST
745 2891 852 2941 quod
879 2890 1115 2928 Melchiades
1142 2891 1248 2938 Papa
1267 2889 1394 2927 scribit

277 2958 304 2997 ,2
330 2945 607 2995 Hispaniarum
640 2944 841 2994 Episcopis
866 2943 905 2980 *ε
941 2945 1001 2980 De
1031 2944 1087 2980 his
1121 2955 1232 2992 super
1266 2945 1394 2992 quibus

330 3001 489 3050 rogastis
525 3011 593 3036 nos
628 3011 694 3037 vos
721 2998 942 3046 informari,
981 2996 1084 3042 idest,
1114 3002 1237 3033 utrum
1274 2997 1394 3033 maius

267 3069 275 3076 ·
328 3054 374 3090 sit
390 3057 666 3090 sacramentum
693 3063 827 3088 manus
854 3051 1036 3100 impositio
1063 3050 1320 3099 episcoporum
1343 3062 1392 3086 an

329 3107 541 3156 baptismus,
569 3106 693 3142 scitote
720 3110 916 3153 utrumque
947 3114 1131 3153 magnum
1165 3114 1242 3139 esse
1266 3114 1393 3140 sacra-

327 3164 505 3197 mentum.

382 3213 609 3250 Responnsso
642 3222 826 3248 morannum
863 3209 970 3258 quod
1003 3215 1241 3246 sacramenta
1267 3219 1393 3245 novae

327 3344 329 3347 ⁴
383 3341 412 3377 a)
431 3342 583 3372 Harena,
596 3345 766 3367 sacramenta
780 3341 969 3367 ordinantur...
982 3342 1221 3366 sacramentum-
1232 3339 1253 3364 E
1268 3344 1293 3364 et
1306 3338 1392 3369 εει-τῖες

330 3378 483 3408 Praeterea,
501 3381 671 3403 sacramenta
689 3380 752 3402 sunt
770 3376 921 3402 necessaria
932 3376 969 3401 ad
982 3376 1103 3401 salutem.
1119 3375 1173 3400 Sed
1185 3375 1242 3400 sine
1253 3375 1394 3408 conflrma-

331 3414 402 3440 tione
420 3413 504 3446 aliqui
521 3414 670 3439 salvantur.
690 3413 765 3446 Ergo
782 3411 951 3445 confirmatio
971 3419 1022 3437 non
1042 3415 1081 3436 est
1099 3414 1296 3436 sacramentum
1314 3411 1355 3435 ed.
1368 3417 1393 3439 a,

331 3457 384 3475 om.
403 3449 490 3474 ceteri.

384 3483 410 3518 β)
430 3491 481 3509 non
499 3486 596 3516 potest.
613 3498 632 3503 -
650 3491 702 3509 non
722 3483 829 3508 videtur
847 3483 885 3508 sG
904 3488 929 3508 et
947 3487 1005 3507 ante
1028 3482 1105 3507 homo
1124 3481 1163 3507 Pl.
1180 3495 1200 3500 -
1217 3481 1281 3506 Post
1298 3481 1394 3514 confir-

331 3523 419 3545 matus
438 3519 497 3545 PsG
516 3520 612 3544 addunt
631 3519 706 3552 Ergo
724 3519 893 3552 confirmatio
912 3525 963 3543 non
983 3521 1022 3543 est
1039 3520 1245 3543 sacramentum.

1453 1670 1543 1718 legis
1563 1670 1789 1708 ordinantur
1812 1672 1860 1708 ad
1880 1672 2060 1721 speciales
2074 1677 2090 1700 's
2108 1673 2247 1721 gratiae
2271 1674 2447 1712 effectus:
2478 1683 2514 1712 et
2638 1687 2654 1711 γ

1453 1722 1552 1770 ideo,
1573 1723 1640 1760 ubi
1660 1724 1823 1761 occurrit
1841 1724 1977 1773 aliquis
1996 1725 2167 1774 specialis
2186 1726 2344 1763 effectus
2361 1727 2511 1776 gratiae,

1453 1775 1505 1812 ibi
1533 1776 1732 1814 ordinatur
1759 1777 1922 1826 speciale
1950 1786 2245 1815 sacramentum.
2289 1779 2392 1826 Quia
2419 1793 2512 1818 vero

1452 1829 1644 1866 sensibilia
1671 1837 1708 1866 et
1726 1830 1940 1879 corporalia
1966 1839 2103 1879 gerunt
2125 1831 2379 1880 spiritualium
2402 1841 2445 1870 et'
2457 1833 2513 1871 in-

1452 1881 1702 1930 telligibilium
1738 1883 2044 1931 similitudinem,
2078 1897 2124 1921 ex
2151 1884 2211 1922 his
2238 1897 2338 1934 quae
2370 1885 2410 1923 in
2436 1886 2513 1924 vita

1452 1935 1642 1984 corporali
1660 1934 1867 1984 ειὲυηωῑδ,
1896 1937 2092 1996 percipere
2115 1949 2324 1986 possumus
2352 1939 2446 1988 quid
2473 1939 2513 1977 in
2636 1941 2650 1966 δ

1451 1987 1635 2038 spirituali
1669 1988 1747 2026 vita
1784 1989 1946 2048 speciale
1984 1989 2126 2027 existat.
2172 1990 2420 2029 Manifestum
2457 2000 2513 2030 est

1451 2049 1582 2078 autern
1610 2042 1718 2091 quod
1746 2042 1786 2079 in
1806 2041 1883 2079 vita
1902 2042 2091 2092 corporali
2118 2043 2290 2093 specialis
2317 2045 2510 2094 quaedam

1450 2094 1630 2143 perfectio
1659 2102 1714 2131 est
1748 2095 1855 2144 quod
1883 2096 2004 2132 homo
2037 2096 2086 2133 ad
2112 2096 2320 2145 perfectam
2348 2105 2511 2135 aetatem

1450 2147 1666 2196 perveniat,
1702 2155 1739 2184 et
1772 2148 1955 2197 perfectas
1991 2148 2158 2186 actiones
2195 2149 2363 2187 hominis
2401 2162 2510 2199 agere

1449 2200 1587 2250 possit:
1617 2200 1722 2237 unde
1742 2208 1779 2237 et
1796 2202 2004 2250 Apostolus
2022 2201 2121 2249 dicit,
2141 2203 2156 2239 I
2175 2203 2260 2239 Cor.
2276 2214 2334 2239 xm
2346 2202 2381 2239 *2
2415 2205 2510 2240 Cum

1449 2259 1571 2290 autem
1589 2254 1718 2301 factus
1743 2266 1827 2290 sum
1853 2256 1928 2300 vir,
1963 2256 2143 2292 evacuavi
2168 2267 2262 2306 quae
2289 2262 2396 2292 erant
2416 2269 2508 2306 par-

1449 2307 1535 2344 vuli.
1565 2307 1614 2343 Et
1633 2306 1721 2344 inde
1741 2306 1855 2344 etiam
1879 2314 1934 2343 est
1961 2308 2079 2356 quod,
2108 2315 2258 2357 praeter
2277 2316 2430 2345 motum
2447 2320 2509 2357 ge-

1449 2358 1666 2406 nerationis,
1696 2372 1775 2409 quo
1804 2359 1940 2409 aliquis
1967 2359 2102 2409 accipit
2119 2360 2239 2398 vitam
2257 2363 2508 2410 corporalem,

1450 2420 1506 2450 est
1533 2419 1662 2449 motus
1690 2413 1902 2460 augmenti,
1920 2424 2011 2462 'quo
2039 2412 2176 2462 aliquis
2212 2414 2434 2463 perducitur
2460 2415 2509 2452 ad

1449 2465 1655 2514 perfectam
1683 2473 1857 2503 aetatem.
1897 2465 1961 2504 Sic
1987 2465 2099 2514 igitur
2126 2474 2162 2503 et
2188 2467 2305 2503 vitam
2336 2467 2509 2516 spiritua-

1449 2520 1526 2555 lem
1554 2519 1676 2556 homo
1704 2518 1839 2568 accipit
1866 2531 1936 2568 per
1961 2518 2208 2568 baptismum,
2237 2519 2305 2568 qui
2324 2527 2379 2556 est
2402 2520 2508 2570 spiri-

1448 2571 1559 2608 tualis
1586 2571 1832 2620 regeneratio.
1861 2573 1904 2608 In
1926 2571 2219 2610 confirmatione
2238 2580 2368 2610 autem
2387 2573 2508 2610 homo

1449 2624 1584 2674 accipit
1610 2624 1720 2674 quasi
1753 2625 1951 2674 quandam
1978 2632 2140 2662 aetatem
2167 2626 2375 2675 perfectam
2402 2625 2508 2676 spiri-

1447 2678 1558 2715 tualis
1585 2677 1710 2715 vitae:
1726 2678 1838 2715 Unde
1865 2678 2100 2715 Melchiades
2128 2679 2234 2727 Papa
2261 2678 2350 2715 dicit
2368 2678 2401 2715 *z
2431 2681 2508 2729 Spi-

1447 2735 1536 2768 ritus
1564 2732 1729 2777 Sanctus,
1760 2732 1823 2780 qui
1847 2743 1958 2780 super
1985 2743 2100 2780 aquas
2123 2733 2294 2780 baptismi
2318 2731 2508 2780 salutifero

1446 2784 1629 2821 descendit
1659 2784 1785 2834 lapsu,
1819 2785 1857 2820 in
1874 2784 1987 2832 fonte
2015 2784 2282 2833 plenitudinem
2309 2786 2432 2821 tribuit
2459 2784 2510 2821 ad
2534 2779 2602 2816 mnf,
2620 2790 2673 2812 ⁶¹⁵¹·
2688 2790 2716 2812 V·

1445 2838 1713 2883 innocentiam,
1752 2838 1789 2873 in
1817 2838 2100 2885 confirmatione
2125 2843 2367 2886 augmentum
2393 2849 2506 2886 prae-

1444 2895 1514 2927 stat
1540 2890 1591 2926 ad
1615 2891 1790 2939 gratiam.
1820 2891 1866 2926 In
1895 2891 2074 2938 baptismo
2099 2901 2370 2939 regeneramur
2387 2889 2438 2926 ad
2453 2891 2505 2927 vi-

1445 2948 1542 2988 tam,
1565 2948 1651 2992 post
1677 2943 1897 2991 baptismum
1916 2946 1928 2963 ⁸
1957 2943 2191 2979 roboramur.
2235 2942 2283 2978 Et
2309 2942 2396 2979 ideo
2425 2954 2505 2979 ma·
2630 2953 2641 2969 ε

1446 2995 1626 3032 nifestum
1645 3002 1700 3031 est
1727 2994 1834 3043 quod
1862 2994 2102 3031 confirmatio
2131 3002 2186 3031 est
2203 2994 2364 3044 speciale
2384 3006 2505 3032 sacra-

1447 3055 1634 3085 mentum.

2537 2209 2548 2219 ·
2562 2208 2629 2230 Vers.
2646 2215 2677 2230 ιι.

2534 2711 2583 2732 Sed
2600 2713 2660 2732 cont.
2708 2691 2744 2732 di.

2548 3119 2570 3134 u.
2580 3118 2611 3139 tx,
2619 3112 2705 3134 memb.
2718 3119 2741 3134 ι·

1500 3102 1558 3138 An
1586 3112 1721 3138 ramum
1749 3111 1846 3137 ERGO
1874 3111 2055 3137 D1CENDUM
2089 3099 2197 3149 quod
2231 3099 2330 3137 circa
2360 3099 2505 3138 institu-
2531 3118 2546 3140 q

1447 3153 1595 3191 tionem
1621 3152 1738 3190 huius
1757 3152 1982 3190 sacramenti
2009 3160 2065 3189 est
2082 3152 2216 3202 triplex
2235 3152 2379 3202 opinio.
2409 3152 2505 3200 Qui·
2531 3128 2692 3192 33⁰2&
2700 3128 2741 3190 ’.ῗῖ

1449 3206 1570 3244 dam*
1588 3206 1693 3243 enim
1712 3205 1889 3243 dixerunt
1906 3205 2014 3255 quod
2032 3206 2108 3244 hoc
2122 3213 2407 3243 sacramentum
2424 3218 2505 3244 non
2531 3195 2674 3246 22¹.¹1;.·’‘³¹¹
2655 3198 2674 3218 ¹
2680 3191 2740 3216 ¹⁶¹

1498 3338 1525 3372 γ)
1544 3338 1678 3370 speciales.
1695 3352 1714 3356 —
1731 3337 1884 3370 spirituales
1902 3337 1975 3362 tertia
1994 3342 2095 3370 praeter
2113 3337 2142 3368 Ρ,
2161 3337 2234 3362 cuius
2257 3344 2347 3369 margo
2364 3337 2433 3362 alias
2450 3337 2504 3369 spi-

1447 3374 1567 3405 ritualis3
1591 3373 1659 3398 idem
1678 3374 1801 3398 mendum
1819 3372 1884 3397 infra
1902 3373 1989 3406 plures
2012 3373 2109 3402 tertiae.
2128 3373 2147 3397 Ρ
2166 3378 2252 3397 tamen
2277 3380 2421 3405 nusquam5
2445 3378 2504 3397 ante

1446 3409 1556 3438 existat,
1575 3409 1715 3441 spirituale
1732 3416 1824 3433 omnes
1844 3414 1944 3441 praeter
1963 3407 2070 3432 PEHsG
2089 3413 2114 3432 et
2132 3415 2158 3434 a.

1499 3444 1524 3479 ὂ)
1543 3448 1703 3478 aguntur.—
1720 3443 1870 3476 specialiter
1888 3443 2078 3476 (spiritualiter
2089 3443 2234 3475 b.specia1i
2245 3443 2272 3475 c)
2283 3446 2404 3475 aguntur
2416 3442 2503 3468 GHbc.

1499 3479 1522 3515 ε)
1536 3483 1600 3512 post
1618 3480 1818 3512 baptismum&
1798 3479 2020 3511 *confirmamur
2032 3479 2068 3503 ad
2077 3485 2213 3511 pugnam,·
2232 3478 2258 3503 in
2272 3478 2402 3510 baptismo
2419 3478 2503 3503 ablui-

1448 3523 1515 3546 mur,
1530 3519 1594 3548 post
1612 3515 1772 3547 baptismum
1791 3515 1889 3539 addunt
1907 3514 1927 3539 E
1947 3519 1972 3539 et
1990 3514 2070 3539 tertia.

2535 2684 2608 2706 'Loc.
2618 2684 2656 2706 eit.
2664 2684 2688 2706 in
2697 2690 2722 2706 ar
2740 2701 2744 2705 .

2534 2737 2746 2790 fitt¹;‚⁸²?1¹3¹'¹c·.;?:2’;:

2532 3059 2742 3114 τιῗέἔῆἲηῗῗῧζ
