2878 4088
165 382 175 391 ·
192 381 240 401 Art.
259 386 289 400 ιι.

170 649 180 659 ·
194 647 262 669 Vers.
279 647 312 669 ¹6.

170 733 179 742 ·
194 730 294 753 interlin.

172 824 181 833 ·
196 821 253 849 Cap.
268 827 314 843 ιιιι.

174 1089 183 1099 ·
199 1087 264 1109 Vers.
280 1092 316 1109 zo.

173 1131 182 1140 ‘
197 1129 264 1150 Vers.
281 1134 314 1156 ¹9.

175 1885 184 1895 ·
200 1884 265 1906 Vers.
283 1890 317 1906 ιο.

177 2062 235 2090 '§3;
246 2060 309 2082 Ecct.
317 2059 384 2081 Hier.

177 2093 226 2115 cap.
241 2093 272 2114 vt,
287 2088 296 2113 ς
311 2086 332 2109 6.

177 2194 272 2222 ‘1Reg.,
282 2198 331 2220 cap.
339 2199 386 2219 xvx,

177 2227 236 2242 vers.
243 2226 255 2247 7
262 2227 267 2246 ;
276 2219 386 2241 Proverb.

178 2254 229 2296 ἵξις).
248 2253 312 2273 xxxv,
328 2252 387 2268 vers.

181 2372 190 2381 ·
203 2370 271 2392 Vei-s.
286 2376 319 2393 τι.

181 2460 189 2470 ·
211 2458 267 2489 Cap.
289 2464 341 2484 xxi,
360 2458 388 2479 al.

179 2491 231 2533 {3¹3
246 2490 268 2506 in
283 2488 327 2508 vet.
339 2490 388 2512 cap.

181 2637 191 2646 ‘
206 2635 261 2663 Cap.
277 2641 345 2657 xxxv.

185 3168 195 3178 “
210 3167 280 3189 Num.
296 3167 317 3189 ὁ.

190 3343 200 3354 ·
207 3342 266 3364 Part.
276 3341 294 3369 Ι,
303 3348 342 3370 qu.
350 3347 398 3368 xiv,

188 3372 230 3391 art.
245 3375 265 3397 5.

188 3431 198 3440 ·
214 3429 286 3456 lbid.,
301 3434 339 3457 qu.
355 3433 399 3455 ιιι,

186 3459 229 3478 ιη.
245 3456 267 3478 8.

412 208 482 244 160
897 214 899 216 ’
1044 207 1308 254 QUAESTIO
1338 205 1492 252 LXXII,
1519 203 1812 242 ARTICULUS
1841 204 1868 250 I,
1887 203 1918 240 11

461 288 589 319 Tertio:
614 294 723 319 utrum
747 289 908 319 orationes
939 297 1052 319 eorum
1075 297 1135 328 pro
1158 288 1252 318 nobis
1281 286 1369 317 fusae
1393 294 1475 316 sem-
1531 284 1672 315 divinam
1688 283 1858 314 essentiam
1873 292 1941 314 non
1958 282 2242 323 comprehendant,
2255 292 2323 314 non
2339 288 2386 313 est
2402 291 2604 321 consequens

495 343 552 373 per
569 332 786 364 exaudiantur.
803 351 826 355 -
847 333 931 363 Nam
946 338 1055 364 utrum
1072 333 1171 363 sancti
1188 337 1280 362 orent
1296 340 1354 372 pro
1371 330 1474 365 nobis,
1531 333 1568 359 ut
1584 328 1692 358 omnia
1709 333 1906 367 cognoscant
1922 335 2005 367 quae
2021 336 2078 366 per
2102 327 2271 358 essentiam
2291 326 2431 358 divinam
2451 327 2604 366 cognosci

496 377 618 408 dictum
642 383 688 408 est
711 387 766 418 qu.
783 387 898 407 Lxxxm
914 378 931 394 ⁴*
956 376 1121 408 Secundae
1144 376 1252 406 Partis.
1532 378 1677 413 possunt.
1703 371 1797 403 Unde
1821 372 1916 402 etiam
1938 370 1978 402 de
1994 370 2187 411 quibusdam
2209 370 2375 402 inferiores
2391 371 2495 411 angeli
2517 380 2536 400 a
2550 379 2604 401 su-

1532 417 1711 457 perioribus
1735 415 1911 446 edocentur
1923 416 1949 451 *‚
1967 416 2113 455 quamvis
2139 424 2252 445 omnes
2276 415 2445 446 essentiam
2464 414 2604 445 divinam

452 465 550 495 ART.
569 465 591 495 1.
616 475 719 495 ursum
743 475 851 496 sanci-1
875 474 1049 495 orma-lomes
1070 473 1205 495 nosmns
1230 472 1433 493 coenoscANT
1501 471 1510 490 ς
1533 460 1671 491 videant.
1707 459 1770 491 Sed
1803 460 2026 499 unusquisque
2058 459 2170 490 beatus
2201 464 2325 490 tantum
2348 458 2388 490 de
2412 459 2479 490 aliis
2510 459 2605 489 rebus

410 547 441 568 tv
455 547 528 573 Sem„
544 518 706 574 ⁶1⁸‹.¹‚'3‘,¹}231·.
719 517 1288 574 2³5¹,-,Lffi22233513‚³2d¹¹3²,;¹32¹V22;-,‚¹J‘q35¹·„²„³‚
1305 547 1347 565 art.
1362 550 1385 568 ⁴,
1402 542 1428 564 ad
1446 548 1477 564 η.
1534 509 1871 580 ἓείῗὲεῗὲᾚῇξέξωξῖ
1886 502 2343 588 Ξςίᾗῗῃῗιὲνῒέἴέἒεέἓ
2357 508 2606 587 ςὲἒὲἑὲἲοὲἓὲ

474 608 494 628 D
518 607 636 628 prunum
664 608 709 628 s1c
738 604 942 628 pnocznmm.
967 596 1101 627 Videtur
1124 594 1213 635 quod
1239 595 1339 625 sancti
1362 594 1479 624 oratio-
1535 593 1737 624 beatitudinis
1761 593 1931 633 requiritur
1955 597 1991 622 ut
2013 592 2115 623 homo
2133 591 2249 622 habeat
2270 591 2424 632 quidquid
2447 591 2531 627 velit,
2549 601 2607 622 nec

412 613 531 673 Anes
559 648 682 673 nostras
710 651 778 672 non
807 645 1013 682 cognoscant.
1043 639 1139 670 Isaiae
1163 649 1237 670 Lxm
1253 640 1279 675 ἡ
1301 639 1399 669 Pater
1422 647 1479 668 no·
1535 638 1659 678 aliquid
1682 637 1868 668 inordinate
1890 637 1967 668 velit
1981 637 2007 667 ἦ
2032 636 2106 667 Hoc
2123 641 2230 666 autem
2246 641 2331 666 recta
2354 635 2519 667 voluntate
2535 636 2606 675 qui-

409 692 476 719 ster
498 697 540 723 es,
558 692 589 718 et
610 686 774 718 Abraham
798 685 931 717 nescivit
954 694 1022 721 nos,
1040 690 1071 715 et
1092 684 1197 715 Israel
1221 683 1387 725 ignoravit
1410 692 1479 718 nos,
1496 694 1521 709 ιο
1535 682 1612 712 libet
1630 682 1707 718 vult,
1725 688 1761 712 ut
1785 691 1821 712 ea
1841 691 1923 721 quae
1942 680 1981 711 ad
1997 681 2103 721 ipsum
2121 680 2280 721 pertinent
2300 685 2484 720 cognoscat.
2501 679 2605 716 Unde,

411 731 525 763 Glossa
541 732 558 748 ³*
581 731 753 771 Augustini
769 729 845 762 dicit
861 729 950 770 quod
973 729 1094 760 mortui
1108 728 1213 760 sancti
1236 727 1382 759 nesciunt
1404 726 1481 767 quid
1537 736 1612 757 cum
1643 727 1732 757 nulla
1755 725 1912 757 rectitudo
1944 726 2059 756 sanctis
2084 724 2180 760 desit,
2205 724 2319 754 volunt
2350 733 2546 764 cognoscere
2570 734 2607 754 ea

410 781 514 818 agant
536 775 609 811 vivi,
627 776 723 807 etiam
744 784 857 806 eorum
870 774 950 815 filii.
974 774 1015 805 Et
1031 774 1166 805 sumitur
1181 773 1220 803 ab
1243 772 1425 812 Augustino
1442 771 1482 802 de
1536 781 1619 812 quae
1636 770 1675 802 ad
1692 780 1747 801 eos
1763 770 1934 811 pertinent.
1959 769 2000 800 Et
2015 769 2089 800 ideo
2113 773 2241 810 oportet
2261 768 2350 809 quod
2373 768 2426 799 illa
2449 769 2483 799 in
2498 768 2606 799 Verbo

413 821 503 852 Cura
520 830 585 860 pro
609 819 746 851 mortuis
769 818 898 860 agenda
914 819 940 854 ⁴⁹,
958 818 1014 849 ubi
1036 818 1119 848 hanc
1143 817 1364 849 auctoritatem
1387 815 1480 847 indu·
1537 820 1743 856 cognoscant.
1768 813 1842 845 Hoc
1866 819 1974 845 autem
1998 813 2037 845 ad
2061 822 2174 844 eorum
2197 812 2331 853 gloriam
2354 813 2500 853 pertinet,
2517 812 2607 853 quod

412 865 463 896 cit.
487 864 530 896 Et
551 869 626 895 sunt
648 864 727 894 haec
743 863 839 893 verba
861 862 1034 902 Augustini
1056 861 1191 893 ibidem:
1217 861 1253 892 Si
1269 861 1351 892 tanti
1373 860 1480 891 Patri·
1536 860 1690 891 auxilium
1713 859 1928 899 indigentibus
1952 863 2112 899 praestent
2134 857 2175 889 ad
2190 857 2342 888 salutem:
2367 858 2412 887 sic
2435 857 2522 888 enim
2544 857 2608 888 Dei

411 909 529 940 archae
561 908 638 948 quid
661 916 743 948 erga
766 907 926 947 populum
950 906 989 936 ab
1013 906 1058 937 eis
1079 910 1291 946 procreatum
1324 909 1482 946 ageretur
1496 916 1519 936 15
1536 909 1764 945 cooperatores
1780 903 1971 939 efficiuntur,
1988 913 2051 944 quo
2077 902 2158 933 nihil
2180 907 2227 933 est
2244 901 2395 937 divinius,
2412 907 2448 932 ut
2471 902 2514 932 ait
2529 901 2604 932 Dio-

412 954 657 994 ignoraverunt,
675 951 835 992 quomodo
860 950 982 981 mortui
1004 950 1151 981 vivorum
1167 950 1261 980 rebus
1284 954 1380 990 atque
1402 949 1480 979 acti—
1535 949 1656 989 nysius,
1680 958 1715 979 111
1737 958 1806 988 cap.
1824 949 1840 964 ⁴*
1859 948 1948 979 Cael.
1965 947 2060 978 Hier.
2085 946 2179 979 Unde
2202 951 2290 986 patet
2313 945 2404 986 quod
2427 946 2528 977 sancti
2551 946 2607 976 ha-

411 998 468 1028 bus
491 995 725 1037 cognoscendis
753 994 1007 1034 adiuvandisque
1036 993 1238 1025 miscentur?
1271 993 1357 1033 Ergo
1381 994 1481 1023 sancti
1536 993 1612 1023 bent
1636 993 1856 1032 cognitionem
1880 1001 1994 1023 eorum
2010 1001 2094 1032 quae
2118 991 2158 1022 ad
2180 991 2244 1021 hoc
2265 991 2480 1030 requiruntur.
2505 990 2546 1022 Et
2561 991 2607 1021 sic

412 1041 572 1072 orationes
595 1045 717 1071 nostras
741 1046 937 1078 cognoscere
960 1047 1028 1068 non
1050 1042 1196 1077 possunt.
1535 1036 1742 1068 manifestum
1766 1041 1813 1067 est
1837 1035 1926 1076 quod
1949 1037 1983 1067 in
2005 1036 2113 1067 Verbo
2147 1040 2350 1075 cognoscunt
2380 1040 2455 1066 vota
2484 1040 2515 1065 et
2537 1044 2608 1066 ora-

467 1091 496 1115 2.
521 1084 717 1118 Prummu,
742 1082 784 1113 IV
808 1082 888 1122 Reg.
906 1091 970 1113 xxu
986 1082 1002 1098 ⁴*
1025 1080 1140 1112 dicitur
1163 1080 1203 1112 ad
1223 1080 1339 1111 Iosiam
1354 1089 1479 1120 regem:
1535 1081 1641 1111 tiones
1672 1086 1703 1110 et
1733 1079 1921 1111 devotiones
1951 1081 2122 1111 hominum
2156 1080 2212 1120 qui
2237 1078 2276 1109 ad
2307 1088 2420 1111 eorum
2454 1079 2608 1110 auxilium

412 1129 539 1160 Idcirco
557 1127 691 1165 (scilicet
714 1126 790 1167 quia
805 1125 931 1165 flevisti
954 1134 1065 1156 coram
1089 1134 1140 1155 me
1155 1124 1184 1164 *)
1206 1124 1361 1165 colligam
1386 1129 1415 1154 te
1438 1123 1481 1154 ad
1495 1138 1521 1152 ,ο
1536 1123 1737 1163 confugiunt.

405 1177 518 1214 patres
547 1177 632 1207 tuos,
658 1176 693 1201 ut
716 1180 780 1202 non
806 1169 937 1200 videant
968 1169 1055 1200 oculi
1078 1169 1125 1199 tui
1148 1169 1236 1199 mala
1266 1168 1375 1198 omnia
1398 1176 1482 1208 quae
1591 1168 1642 1197 An
1674 1177 1792 1197 prunum
1827 1177 1910 1198 ERGO
1946 1177 2106 1197 biennum
2141 1168 2231 1207 quod
2265 1168 2400 1199 verbum
2434 1168 2607 1208 Augustini

410 1227 480 1248 sum
504 1216 696 1248 inducturus
719 1214 751 1246 in
777 1214 882 1245 locum
907 1214 1012 1244 istum.
1037 1212 1100 1244 Sed
1122 1214 1156 1244 in
1178 1213 1242 1244 hoc
1265 1211 1356 1243 nullo
1379 1211 1480 1243 modo
1536 1211 1780 1251 intelligendum
1804 1216 1851 1242 est
1874 1211 1914 1242 de
1938 1212 2125 1251 cognitione
2154 1212 2290 1242 naturali
2314 1212 2493 1243 animarum
2516 1221 2607 1252 sepa-

411 1271 467 1302 per
489 1265 627 1292 mortem
645 1259 746 1290 Iosiae
769 1258 963 1289 subventum
980 1256 1091 1289 fuisset
1106 1257 1132 1288 si
1155 1262 1230 1297 post
1246 1261 1386 1287 mortem
1403 1255 1482 1296 quid
1536 1261 1693 1292 ratarum,
1720 1265 1803 1295 quae
1835 1254 1968 1295 quidem
2001 1256 2144 1295 cognitio
2168 1256 2201 1287 in
2224 1255 2340 1287 sanetis
2367 1256 2442 1287 viris
2470 1265 2539 1287 non
2562 1262 2609 1287 est

411 1306 498 1346 genti
521 1314 597 1335 suae
621 1303 761 1335 eveniret
777 1307 996 1342 cognosceret.
1020 1301 1107 1342 Ergo
1123 1301 1226 1333 sancti
1247 1301 1368 1332 mortui
1392 1306 1481 1331 actus
1537 1300 1754 1336 obtenebrata,
1771 1300 1854 1331 sicut
1869 1305 1917 1331 est
1931 1300 1965 1330 in
1981 1300 2213 1339 peccatoribus.
2238 1299 2314 1331 Non
2333 1304 2442 1331 autem
2464 1300 2609 1340 loquitur

411 1355 537 1381 nostros
568 1358 636 1380 non
666 1351 877 1387 cognoscunt.
913 1346 954 1376 Et
983 1346 1027 1377 ita
1049 1355 1117 1377 non
1147 1345 1329 1385 intelligunt
1358 1349 1482 1375 nostras
1497 1358 1520 1379 ες
1537 1344 1576 1375 de
1601 1345 1787 1384 cognitione
1811 1353 1894 1384 quae
1911 1349 1958 1374 est
1979 1344 2013 1375 in
2036 1344 2156 1380 Verbo,
2173 1353 2272 1384 quam
2288 1349 2414 1375 constat
2435 1344 2608 1380 Abraham,

412 1395 581 1425 orationes.
1538 1397 1578 1420 eo
1593 1394 1742 1429 tempore
1758 1398 1825 1429 quo
1842 1388 1921 1420 haec
1945 1387 2029 1419 dicta
2045 1393 2120 1419 sunt
2142 1397 2200 1428 per
2216 1388 2339 1424 Isaiam,
2355 1398 2425 1420 non
2439 1389 2607 1420 habuisse:

469 1438 497 1468 3.
522 1438 717 1471 Punicam,
735 1440 857 1475 quanto
882 1433 997 1474 aliquis
1021 1439 1068 1465 est
1090 1434 1124 1465 in
1149 1434 1276 1465 caritate
1299 1433 1481 1474 perfectior,
1538 1442 1614 1463 cum
1637 1438 1710 1463 ante
1734 1432 1852 1463 Christi
1875 1433 2060 1473 passionem
2083 1433 2191 1463 nullus
2215 1432 2254 1463 ad
2272 1433 2431 1463 visionem
2454 1433 2515 1464 Dei
2537 1441 2610 1473 per-

411 1488 499 1514 tanto
523 1481 624 1521 magis
647 1480 796 1520 proximo
821 1479 854 1510 in
877 1478 1027 1519 periculis
1050 1478 1207 1510 subvenit.
1239 1477 1302 1510 Sed
1325 1478 1426 1509 sancti
1449 1478 1482 1508 in
1537 1477 1660 1509 venerit
1675 1478 1701 1508 *.
2158 1493 2161 1497 »

413 1535 505 1559 carne
521 1526 664 1557 viventes
681 1523 844 1564 proximis,
862 1528 894 1554 et
909 1523 1048 1555 maxime
1064 1523 1123 1554 sibi
1140 1523 1332 1558 coniunctis,
1349 1523 1383 1553 in
1399 1522 1482 1562 peri—
1593 1522 1644 1552 An
1661 1530 1824 1553 secuuntur
1839 1531 1999 1553 mesanum
2016 1520 2106 1561 quod
2121 1522 2232 1558 sancti,
2245 1521 2320 1553 licet
2330 1527 2406 1562 post
2416 1522 2500 1553 hanc
2511 1523 2610 1554 vimm

413 1571 491 1603 culis
508 1575 539 1602 et
563 1569 735 1601 consulunt
752 1573 780 1598 et
799 1567 990 1599 auxiliantur
1006 1566 1183 1599 manifeste.
1209 1566 1296 1598 Cum
1317 1576 1393 1607 ergo
1409 1572 1484 1607 post
1498 1579 1523 1600 ιο
1539 1571 1738 1606 cognoscant
1761 1575 1798 1597 ea
1822 1574 1906 1606 quae
1929 1566 1982 1597 hic
2004 1571 2168 1605 geruntur,
2190 1575 2258 1597 non
2282 1571 2390 1598 tamen
2414 1565 2611 1598 credendum

412 1620 549 1647 mortem
565 1614 627 1645 sint
649 1612 754 1645 multo
778 1612 908 1643 maioris
925 1612 1070 1647 caritatis,
1088 1611 1114 1641 si
1138 1610 1220 1642 facta
1235 1616 1343 1642 nostra
1360 1621 1482 1651 cogno·
1539 1616 1585 1642 est
1609 1610 1699 1651 quod
1722 1609 1899 1642 afficiantur
1921 1609 2102 1646 doloribus,
2128 1611 2264 1650 cognitis
2287 1609 2526 1643 adversitatibus
2555 1620 2610 1643 eo·-

412 1664 544 1695 scerent,
561 1657 665 1689 multo
689 1656 825 1697 amplius
849 1657 914 1688 suis
938 1656 1017 1687 caris
1040 1655 1100 1686 sibi
1124 1656 1304 1688 coniunctis
1335 1656 1482 1687 consule·
1537 1663 1611 1687 rum
1627 1663 1710 1695 quos
1733 1655 1767 1687 in
1782 1655 1847 1686 hoc
1862 1654 1992 1686 saeculo
2017 1653 2204 1686 dilexerunt.
2230 1654 2275 1686 Ita
2297 1655 2384 1686 enim
2408 1655 2522 1696 repleti
2535 1660 2612 1687 sunt

412 1708 481 1735 rent
505 1708 536 1734 et
559 1702 785 1734 auxiliarentur
808 1701 840 1732 in
869 1700 1120 1732 necessitatibus.
1157 1699 1257 1738 Quod
1287 1699 1392 1731 facere
1414 1709 1483 1732 non
1537 1699 1656 1740 gaudio
1679 1698 1883 1730 beatitudinis
1907 1698 1997 1739 quod
2014 1698 2108 1731 dolor
2130 1700 2164 1730 in
2188 1699 2232 1730 eis
2255 1699 2366 1731 locum
2386 1708 2455 1731 non
2478 1699 2610 1732 invenit.

411 1747 568 1779 videntur.
593 1747 678 1786 Ergo
702 1755 769 1777 non
786 1744 911 1776 videtur
934 1744 1025 1785 quod
1049 1750 1137 1776 actus
1157 1750 1286 1776 nostros
1310 1750 1341 1776 et
1364 1745 1482 1776 oratio·
1538 1744 1652 1780 Unde,
1677 1745 1735 1775 etsi
1759 1749 1957 1784 cognoscant
1986 1753 2120 1774 suorum
2150 1743 2325 1775 infortunia
2349 1749 2423 1784 post
2449 1749 2609 1780 mortem,

411 1802 468 1823 nes
491 1796 614 1824 nostras
638 1795 846 1830 cognoscant.
1499 1801 1520 1822 ις
1537 1789 1747 1820 nihilominus
1778 1788 1883 1819 dolori
1915 1797 2030 1820 eorum
2060 1788 2238 1819 consulitur
2267 1789 2294 1819 si
2322 1793 2395 1819 ante
2423 1787 2612 1821 huiusmodi

466 1846 497 1875 4.
521 1836 717 1870 Prummu,
735 1835 817 1865 sicut
831 1834 933 1865 sancti
955 1839 1030 1874 post
1048 1838 1188 1865 mortem
1203 1832 1313 1865 vident
1328 1834 1482 1870 Verbum,
1537 1832 1713 1865 infortunia
1736 1831 1776 1864 de
1799 1833 1863 1864 hoc
1885 1832 2014 1864 saeculo
2038 1832 2271 1863 subtrahantur.
2296 1831 2360 1864 Sed
2379 1832 2461 1864 forte
2485 1833 2611 1865 animae

411 1883 454 1911 ita
485 1886 515 1911 et
544 1880 666 1920 angeli,
691 1878 731 1909 de
762 1879 879 1919 quibus
910 1877 1042 1914 dicitur,
1068 1878 1180 1909 Matth.
1205 1887 1280 1909 xvm
1296 1878 1331 1909 *:
1363 1878 1482 1920 Angeli
1537 1887 1605 1909 non
1618 1876 1823 1918 glorificatae
1847 1876 1994 1908 dolorem
2017 1877 2159 1917 aliquem
2177 1877 2330 1908 sentirent
2352 1878 2379 1908 si
2401 1876 2612 1909 incommoda

412 1935 524 1956 eorum
546 1932 670 1964 semper
693 1923 801 1955 vident
814 1923 941 1965 faciem
964 1922 1072 1954 Patris
1095 1922 1166 1953 mei.
1191 1921 1254 1954 Sed
1277 1922 1380 1962 angeli
1403 1923 1481 1954 Ver·
1538 1931 1686 1953 carorum
1701 1931 1835 1953 suorum
1851 1922 2060 1962 perciperent.
2081 1921 2122 1952 Et
2137 1922 2213 1961 quia
2228 1922 2334 1952 anima
2349 1921 2451 1952 Iosiae
2465 1931 2535 1953 non
2549 1926 2611 1954 sta-

412 1971 490 2002 bum
512 1968 655 2000 videntes
678 1977 745 1999 non
775 1973 908 2008 propter
929 1967 993 1998 hoc
1017 1967 1127 1998 omnia
1159 1973 1374 2007 cognoscunt:
1407 1977 1482 1998 cum
1537 1967 1594 1997 tim
1617 1965 1793 2007 glorificata
1813 1965 1873 1996 fuit
1897 1975 1915 1996 a
1938 1975 2074 2006 corpore
2099 1975 2232 2005 egressa,
2249 1970 2407 2006 quantum
2431 1965 2472 1997 ad
2492 1966 2557 1997 hoc
2572 1975 2612 1997 ex

413 2025 430 2044 a
454 2013 627 2046 nescientia
643 2013 784 2045 minores
801 2022 818 2042 a
835 2011 1052 2052 superioribus
1068 2017 1255 2051 purgentur,
1272 2017 1308 2042 ut
1323 2017 1410 2052 patet
1426 2021 1483 2052 per
1497 2022 1523 2042 4ο
1537 2012 1597 2042 hac
1621 2011 1744 2042 ratione
1768 2010 1967 2050 Augustinus
1983 2011 2000 2026 ⁴*
2024 2009 2218 2041 concludere
2239 2010 2350 2041 nititur
2373 2009 2464 2050 quod
2486 2010 2611 2042 animae

414 2058 616 2099 Dionysium,
629 2058 661 2088 in
679 2067 722 2087 vn
738 2066 807 2097 cap.
821 2057 837 2073 ⁴*
852 2056 941 2088 Cael.
957 2055 1053 2088 Hier.
1067 2056 1153 2096 Ergo
1170 2065 1230 2086 nec
1246 2057 1356 2092 sancti,
1370 2065 1483 2096 quam-
1537 2060 1741 2087 mortuorum
1762 2055 1983 2094 cognitionem
2003 2063 2071 2085 non
2094 2054 2231 2085 habeant
2245 2054 2286 2085 de
2310 2053 2400 2085 factis
2423 2055 2610 2087 viventium.

413 2104 460 2135 vis
482 2102 625 2135 Verbum
648 2101 785 2137 videant,
810 2101 843 2131 in
867 2110 907 2132 eo
931 2105 1055 2132 nostras
1078 2101 1239 2132 orationes
1263 2106 1482 2140 cognoscunt,
1594 2100 1645 2130 An
1669 2109 1803 2130 ris-nrum
1832 2108 1991 2129 mmmmm
2015 2098 2106 2139 quod
2128 2098 2253 2130 animae
2285 2103 2470 2130 sanctorum
2493 2099 2612 2131 habent

414 2153 445 2179 et
468 2147 527 2179 alia
550 2156 633 2187 quae
657 2146 740 2177 circa
762 2155 823 2176 nos
846 2150 992 2185 aguntur.
1538 2144 1738 2176 voluntatem
1767 2143 1908 2184 plenarie
1939 2142 2142 2174 conformem
2173 2142 2298 2174 divinae
2326 2143 2484 2175 voluntati
2515 2144 2610 2175 etiam

471 2192 499 2223 5.
523 2191 719 2226 Pmnnu,
736 2190 824 2221 solus
847 2190 936 2222 Deus
959 2195 1006 2221 est
1022 2189 1184 2230 inspector
1206 2189 1352 2220 cordium
1369 2191 1395 2220 “.
1421 2188 1484 2221 Sed
1538 2190 1572 2221 in
1583 2189 1695 2220 volito.
1721 2188 1763 2220 Et
1784 2187 1869 2224 ideo,
1883 2188 2030 2228 quamvis
2048 2186 2199 2218 affectum
2215 2187 2350 2219 caritatis
2366 2187 2407 2219 ad
2426 2188 2612 2228 proximum

415 2237 515 2267 oratio
539 2236 711 2276 praecipue
734 2235 767 2265 in
799 2233 895 2265 corde
925 2234 1078 2264 consistit.
1115 2234 1201 2274 Ergo
1225 2234 1324 2265 solius
1353 2233 1414 2265 Dei
1437 2239 1484 2264 est
1498 2245 1521 2264 ις
1538 2234 1705 2269 retineant,
1717 2242 1786 2264 non
1801 2238 1910 2263 tamen
1927 2232 1972 2263 eis
1987 2232 2078 2263 aliter
2092 2231 2248 2263 auxilium
2260 2231 2366 2263 ferunt
2381 2241 2481 2273 quam
2495 2241 2611 2264 secun-

415 2281 575 2313 orationes
599 2288 805 2320 cognoscere.
841 2278 917 2311 Non
941 2288 1018 2318 ergo
1042 2279 1142 2310 sancti
1169 2283 1293 2310 nostras
1323 2279 1484 2309 orationes
1539 2277 1617 2309 dum
1637 2277 1778 2309 divinam
1793 2277 1945 2308 iustitiam
1968 2276 2077 2308 vident
2092 2285 2161 2307 esse
2176 2275 2378 2318 dispositum.
2394 2294 2417 2299 —
2440 2277 2481 2309 Et
2503 2282 2612 2309 tmen

416 2329 625 2365 cognoscunt.
1540 2321 1736 2354 credendum
1760 2326 1807 2352 est
1830 2320 1920 2362 quod
1954 2321 2094 2352 multum
2128 2321 2294 2360 proximos
2317 2321 2447 2358 iuvant,
2471 2330 2532 2362 pro
2565 2322 2612 2353 eis

471 2369 533 2400 San
555 2378 689 2404 corz-rm,
707 2377 803 2408 super
826 2366 904 2398 illud
921 2367 980 2398 Iob
1003 2377 1055 2398 xxv
1071 2368 1098 2403 ἵ
1115 2367 1189 2398 Sive
1212 2367 1335 2398 nobiles
1351 2367 1487 2409 fuerint
1539 2366 1626 2407 apud
1650 2366 1757 2398 Deum
1779 2364 2018 2396 intercedendo.

405 2414 475 2455 filii
498 2414 566 2445 eius
585 2413 652 2444 sive
668 2412 838 2454 ignobiles,
855 2421 920 2443 non
943 2412 1110 2453 intelliget,
1127 2411 1203 2442 dicit
1226 2410 1411 2451 Gregorius,
1427 2411 1484 2442 XII
1595 2411 1646 2441 An
1671 2419 1819 2441 ovantum
1843 2419 2002 2440 mcunnuu
2026 2409 2126 2449 quod,
2144 2410 2290 2450 quamvis
2309 2409 2453 2441 videntes
2467 2409 2612 2442 Verbum

416 2458 469 2490 lib.
494 2458 614 2490 Moral.
633 2458 666 2488 ἐ
691 2456 767 2487 Ηοε
790 2456 829 2488 de
852 2456 1022 2488 animabus
1043 2456 1165 2488 sanctis
1194 2456 1395 2487 sentiendum
1418 2465 1484 2487 non
1501 2469 1527 2489 ςο
1540 2465 1608 2487 non
1632 2456 1672 2487 sit
1694 2455 1910 2486 necessarium
1932 2454 1966 2485 in
1989 2454 2098 2485 Verbo
2114 2455 2224 2485 omnia
2246 2453 2364 2490 videre,
2380 2453 2490 2485 vident
2504 2460 2612 2486 tamen

417 2508 471 2533 est.
498 2502 583 2539 Quia
606 2511 689 2542 quae
713 2502 799 2533 intus
822 2501 1049 2541 omnipotentis
1070 2501 1134 2532 Dei
1156 2501 1338 2532 claritatem
1361 2500 1485 2537 rident,
1541 2510 1579 2531 ea
1601 2508 1684 2540 quae
1708 2499 1748 2530 ad
1770 2496 2002 2539 perfectionem
2024 2499 2185 2539 pertinent
2208 2497 2411 2530 beatitudinis
2435 2508 2560 2535 eorum,
2575 2504 2612 2530 ut
2640 2537 2650 2548 .

418 2547 507 2578 nullo
538 2546 633 2578 modo
664 2545 858 2577 credendum
889 2550 936 2577 est
958 2545 1045 2586 quod
1073 2545 1117 2576 sit
1129 2545 1224 2586 foris
1253 2544 1378 2585 aliquid
1400 2544 1487 2586 quod
1541 2544 1664 2576 dictum
1687 2549 1735 2575 est
1750 2544 1776 2574 *-

418 2592 579 2633 ignorent.
603 2591 689 2631 Ergo
713 2590 774 2631 ipsi
798 2590 958 2622 orationes
981 2594 1105 2621 nostras
1128 2594 1351 2630 cognoscunt.>
1596 2588 1647 2620 An
1665 2597 1806 2619 anxurim
1828 2597 1990 2619 »remouit
2013 2586 2103 2628 quod
2127 2587 2338 2627 cogitationes
2354 2586 2502 2619 cordium
2524 2587 2614 2619 solus

474 2644 502 2666 2.
527 2634 729 2671 pantenu,
754 2633 939 2675 Gregorius,
963 2634 997 2666 in
1021 2633 1048 2666 11
1071 2634 1206 2676 Dialog.
1223 2634 1256 2665 ἐ
1281 2633 1418 2664 Animae
1441 2633 1487 2664 vi·
1542 2633 1631 2665 Deus
1653 2641 1711 2673 per
1734 2633 1876 2673 seipsum
1899 2632 2006 2664 novit:
2031 2630 2087 2663 sed
2110 2636 2218 2663 tamen
2241 2631 2294 2662 alii
2318 2641 2515 2672 cognoscere
2537 2641 2612 2673 pos—

418 2679 504 2711 denti
518 2680 704 2711 Creatorem
721 2683 862 2720 angusta
879 2683 926 2710 est
940 2678 1045 2710 omnis
1060 2683 1222 2710 creatura.
1247 2677 1489 2714 Quantumlibet
1503 2690 1525 2710 55
1542 2682 1616 2709 sunt
1640 2682 1798 2718 quatenus
1822 2677 1867 2708 eis
1899 2675 2075 2712 revelatur,
2100 2676 2151 2707 vel
2173 2685 2231 2717 per
2252 2676 2411 2707 visionem
2434 2676 2532 2707 Verbi
2561 2676 2613 2708 vel

419 2724 502 2755 enim
525 2724 563 2754 de
586 2724 656 2755 luce
682 2723 849 2755 Creatoris
872 2723 1044 2764 aspexerit,
1061 2722 1209 2764 brevefit
1231 2722 1260 2753 ei
1284 2731 1379 2754 omne
1401 2722 1488 2763 quod
1543 2730 1754 2762 quocumque
1777 2721 1840 2753 alio
1864 2720 1975 2753 modo.

419 2773 561 2799 creatum
585 2773 639 2799 est.
674 2767 737 2798 Sed
766 2768 830 2798 hoc
853 2767 991 2798 maxime
1022 2766 1178 2808 impedire
1207 2766 1366 2798 videretur
1397 2766 1488 2807 quod

419 2813 541 2844 animae
564 2818 748 2844 sanctorum
772 2812 933 2844 orationes
953 2817 984 2843 et
999 2811 1060 2843 alia
1076 2821 1160 2852 quae
1175 2812 1258 2843 circa
1274 2821 1334 2843 nos
1350 2817 1488 2851 aguntur

420 2862 624 2897 cognoscant,
642 2857 716 2896 quia
739 2867 757 2887 a
779 2856 874 2888 nobis
897 2856 1022 2888 distant.
1054 2855 1141 2888 Cum
1165 2865 1241 2896 ergo
1265 2855 1411 2887 distantia
1433 2855 1487 2886 illa

1629 2792 1729 2823 ART.
1754 2790 1791 2822 11.
1823 2801 1927 2823 uranu
1952 2801 2112 2822 nausimus
2136 2800 2271 2822 smeros
2294 2801 2524 2822 munatium

1871 2846 1913 2867 AD
1937 2846 2088 2867 omnuim
2111 2845 2171 2866 pao
2195 2845 2285 2866 notus

418 2911 485 2932 non
508 2900 678 2941 impediat,
703 2906 737 2931 ut
768 2908 806 2932 ex
829 2899 990 2941 praedicta
1021 2901 1208 2932 auctoritate
1238 2905 1338 2941 patet,
1363 2899 1487 2931 videtur
1500 2909 1528 2930 σο
1857 2890 1877 2912 ¹¹
1891 2890 1966 2918 S“‘⁹
1981 2890 2034 2912 ⁶5⁸¹·
2051 2896 2124 2917 ¹¹'¹¹¹
2140 2894 2182 2913 ω·
2197 2890 2220 2917 ⁶·
2235 2890 2264 2912 ¹⁶¹
2279 2895 2299 2912 ²·

421 2945 509 2986 quod
533 2946 655 2976 animae
679 2950 864 2977 sanctorum
894 2950 1093 2985 cognoscant
1123 2945 1284 2977 orationes
1310 2950 1433 2976 nostras
1456 2950 1488 2975 et
1606 2953 1627 2974 n
1651 2952 1814 2974 ssctmnm«
1838 2951 1885 2974 stc
1907 2951 2112 2973 uocantum.
2137 2940 2271 2973 Videtur
2293 2940 2383 2982 quod
2405 2950 2474 2972 non
2497 2939 2612 2972 debea-

421 2999 458 3020 ea
481 2999 562 3029 quae
585 2990 636 3020 hic
660 2994 805 3030 aguntur.
1543 2956 1679 3019 Ainus
1695 2992 1824 3019 sanctos
1845 2986 2046 3027 interpellare
2062 2985 2102 3017 ad
2117 2985 2276 3018 orandum
2295 2993 2356 3026 pro
2375 2985 2479 3016 nobis.
2495 2984 2613 3016 Nullus

477 3033 506 3065 3.
530 3034 733 3070 Pani-anu,
758 3034 784 3064 si
807 3043 845 3064 ea
868 3043 952 3074 quae
981 3034 1065 3066 circa
1086 3042 1148 3065 nos
1179 3038 1317 3074 aguntur
1338 3042 1408 3065 non
1431 3042 1487 3064 co·
1543 3032 1631 3064 enim
1653 3032 1775 3063 amicos
1797 3031 1932 3062 alicuius
1955 3030 2134 3071 interpellat
2156 3029 2196 3061 ad
2225 3029 2384 3061 orandum
2407 3038 2467 3069 pro
2493 3038 2528 3060 se
2550 3029 2613 3060 nisi

422 3083 620 3117 gnoscerent‚
637 3087 697 3110 nec
720 3087 779 3118 pro
801 3078 895 3109 nobis
919 3083 1062 3110 orarent:
1087 3078 1163 3118 quia
1194 3077 1338 3109 defectus
1360 3082 1488 3108 nostros
1543 3082 1702 3117 quatenus
1725 3074 1824 3107 credit
1857 3074 1943 3116 apud
1966 3084 2023 3107 eos
2054 3074 2178 3106 facilius
2199 3074 2333 3114 gratiam
2358 3073 2513 3104 obtinere.
2548 3072 2613 3105 Sed

423 3122 612 3161 ignorarent.
648 3121 711 3153 Sed
739 3122 791 3152 hic
815 3127 862 3153 est
896 3131 983 3154 error
1005 3122 1184 3162 Vigilantii:
1209 3127 1245 3153 ut
1268 3122 1488 3163 Hieronymus
1501 3130 1526 3156 ες
1543 3121 1631 3152 Deus
1654 3125 1702 3152 est
1724 3120 1758 3151 in
1780 3119 1943 3151 infinitum
1974 3119 2075 3159 magis
2105 3119 2284 3150 misericors
2313 3117 2458 3158 quolibet
2481 3122 2610 3149 sancto:

423 3165 507 3201 dicit,
524 3167 557 3196 in
580 3166 723 3206 Epistola
740 3171 850 3197 contra
874 3176 948 3197 eum
966 3168 992 3196 *.
1018 3167 1103 3207 Ergo
1120 3167 1219 3198 sancti
1237 3176 1275 3198 ea
1298 3176 1381 3207 quae
1406 3167 1488 3198 circa
1544 3171 1575 3196 et
1590 3166 1635 3196 sic
1652 3165 1800 3195 voluntas
1824 3165 1892 3195 eius
1915 3163 2038 3194 facilius
2054 3163 2224 3194 inclinatur
2239 3161 2279 3192 ad
2298 3171 2360 3192 nos
2376 3161 2613 3193 exaudiendum

423 3219 483 3239 nos
506 3215 641 3250 aguntur
665 3216 874 3250 cognoscunt.
1544 3219 1642 3250 quam
1665 3209 1814 3240 voluntas
1837 3208 1971 3240 alicuius
2002 3207 2112 3239 sancti.
2146 3207 2233 3246 Ergo
2264 3205 2389 3237 videtur
2412 3205 2613 3246 superfluum

478 3254 665 3284 Respommo
689 3262 849 3284 mesanum
866 3254 955 3295 quod
972 3254 1078 3285 divina
1101 3255 1235 3286 essentia
1259 3260 1306 3285 est
1328 3253 1489 3286 sufficiens
1544 3254 1739 3286 constituere
1760 3252 1953 3285 mediatores
1967 3252 2049 3283 inter
2071 3258 2133 3282 nos
2155 3255 2187 3282 et
2202 3250 2319 3286 Deum,
2335 3255 2371 3281 ut
2394 3251 2455 3291 ipsi
2477 3259 2537 3291 pro
2552 3259 2613 3282 no-

424 3297 566 3328 medium
591 3298 806 3337 cognoscendi
836 3298 961 3329 omnia:
995 3298 1084 3339 quod
1115 3304 1201 3340 patet
1233 3308 1270 3330 ex
1303 3298 1367 3330 hoc
1400 3298 1490 3339 quod
1543 3299 1591 3330 bis
1614 3297 1821 3330 intercedant.

425 3341 512 3372 Deus
523 3341 661 3373 videndo
673 3351 763 3374 suam
780 3343 947 3374 essentiam
965 3343 1075 3374 omnia
1089 3344 1231 3375 intuetur
1242 3345 1269 3374 *.
1289 3343 1366 3375 Non
1381 3348 1490 3375 tamen
1503 3357 1530 3378 7⁰
1601 3352 1632 3374 a.
1657 3342 1854 3377 Pani-unu,
1870 3341 1897 3372 si
1913 3349 1970 3372 eos
1985 3339 2026 3371 ad
2041 3338 2199 3370 orandum
2215 3348 2274 3379 pro
2298 3339 2392 3370 nobis
2412 3338 2613 3379 interpellare

426 3386 568 3424 sequitur
601 3385 689 3425 quod
722 3386 920 3426 quicumque
948 3388 1116 3418 essentiam
1139 3388 1201 3419 Dei
1230 3387 1356 3424 vident,
1380 3388 1490 3419 omnia
1544 3386 1710 3423 debemus,
1726 3386 1790 3418 hoc
1813 3394 1881 3417 non
1900 3390 1947 3416 est
1969 3384 2030 3415 nisi
2053 3384 2130 3423 quia
2152 3384 2271 3415 scimus
2294 3393 2409 3415 eorum
2431 3383 2614 3415 orationem

427 3435 630 3468 cognoscant,
647 3429 702 3459 sed
718 3430 823 3460 solum
840 3431 895 3470 qui
912 3432 1080 3463 essentiam
1096 3431 1383 3472 comprehendit':
1408 3432 1491 3463 sicut
1545 3440 1614 3463 esse
1637 3430 1708 3462 Deo
1733 3434 1906 3470 acceptam.
1931 3428 1994 3460 Sed
2017 3433 2140 3468 quanto
2163 3433 2210 3459 est
2234 3428 2348 3468 aliquis
2371 3428 2510 3459 sanctior
2530 3427 2613 3458 inter

426 3481 486 3502 nec
517 3473 550 3503 in
582 3473 740 3513 principio
774 3473 882 3513 aliquo
914 3476 1044 3514 cognito
1080 3485 1282 3516 consequens
1305 3482 1352 3507 est
1381 3476 1491 3508 omnia
1545 3480 1688 3511 sanctos,
1712 3479 1802 3505 tanto
1826 3473 1894 3504 eius
1929 3473 2030 3503 oratio
2054 3477 2101 3503 est
2123 3472 2224 3512 magis
2247 3472 2318 3503 Deo
2351 3477 2491 3512 accepta.
2526 3471 2612 3511 Ergo

428 3517 579 3555 cognosci
603 3525 685 3556 quae
709 3526 747 3548 ex
769 3518 927 3557 principio
952 3525 1203 3559 consequuntur,
1219 3521 1280 3551 nisi
1302 3525 1370 3552 tota
1393 3521 1491 3551 virtus
1545 3528 1672 3559 semper
1694 3517 1883 3550 deberemus
1899 3517 2079 3557 superiores
2095 3526 2154 3557 pro
2177 3516 2272 3548 nobis
2287 3517 2512 3548 intercessores
2535 3523 2612 3546 con-

427 3560 574 3599 principii
598 3559 894 3600 comprehendatur.
923 3562 1034 3599 Unde,
1061 3573 1135 3594 cum
1159 3565 1284 3595 animae
1305 3570 1490 3595 sanctorum
1505 3576 1530 3597 75
1546 3564 1676 3595 statuere
1699 3561 1739 3593 ad
1762 3562 1878 3598 Deum,
1896 3566 1927 3592 et
1950 3568 2118 3601 nunquam
2140 3561 2290 3592 minores.

2632 419 2642 429 ·
2657 417 2691 440 cf.
2708 423 2755 445 urg.
2770 424 2794 444 4.

2635 640 2643 650 '¹
2654 639 2691 660 Au
2709 653 2715 660 .
2724 639 2760 661 De
2769 638 2845 666 Tria„

2633 665 2673 687 lib.
2710 665 2750 693 111,
2762 671 2813 693 cap.
2821 671 2844 687 v.

2635 952 2645 962 ·
2662 952 2671 978 ⁵
2685 957 2706 973 2.
2723 961 2735 967 -
2750 950 2787 973 Cf.
2801 950 2847 978 m,

2634 977 2707 1005 Ioan„
2723 983 2783 1000 ven.
2798 977 2820 1000 8.

2636 1475 2697 1499 ’(Ζὶ-
2719 1475 2781 1499 Pan.
2802 1476 2849 1502 m,

2636 1508 2756 1552 atr*
2771 1506 2813 1525 “²-
2829 1509 2851 1531 ⁵⁷

2640 2011 2650 2022 ·
2667 2009 2704 2031 De
2723 2007 2788 2031 Cara
2803 2013 2853 2036 pro

2637 2037 2706 2059 nort.
2746 2034 2851 2064 agend„

2638 2069 2706 2092 capp.
2720 2067 2765 2084 ιιιι
2781 2067 2832 2090 sqq.
