2918 4088
28 914 31 931 :
53 899 66 910 ·
86 898 134 925 Qu.
154 897 268 920 secunda.

32 947 34 949 ’
53 948 67 959 “
80 946 128 975 Qu.
143 946 230 970 Tertia.

30 1031 241 1066 J‘Ctnnmxi.

3 1075 197 1107 ⁴*ova-5⁵4·

957 206 1219 253 QUAESTIO
1248 207 1407 254 LXXX,
1437 207 1729 247 ARTICULUS
1758 211 1823 247 XII

296 289 420 320 nesque
443 281 657 318 ecclesiarum,
682 282 805 313 videtur
828 283 999 314 servandus
1018 286 1052 315 in
1068 286 1208 325 qualibet
1226 286 1359 316 ecclesia

297 333 369 354 mos
391 324 426 354 in
449 333 486 354 ea
509 325 548 354 ab
572 326 705 365 antiquo
729 332 887 362 servatus,
912 329 938 358 si
961 327 1066 359 debita
1088 335 1285 360 sacramento
1309 339 1358 360 re-

296 368 437 399 verentia
467 373 535 398 tuta
557 375 604 399 est
626 370 686 406 ibi,
717 380 777 401 nec
808 372 948 402 novitate
978 373 1085 413 aliqua
1114 373 1355 413 perturbandus.

297 411 568 452 Praesumptionis
581 414 739 454 siquidem
751 416 828 446 vitio
844 425 912 446 non
924 422 1042 447 careret
1053 417 1255 448 introducere
1267 427 1357 448 com-

296 456 487 486 munionem
503 457 562 487 sub
578 463 712 498 utraque
728 460 834 499 specie
850 460 905 490 ubi
920 470 988 491 non
1004 467 1050 492 est
1066 467 1228 492 consueta.
1253 462 1356 493 Immo

296 509 315 530 a
330 500 506 530 schismatis
529 507 606 532 nota
624 512 692 533 non
708 509 789 533 esset
805 503 962 534 alienum:
983 511 1151 545 propterea
1167 505 1256 545 quod
1271 506 1358 546 apud

296 544 383 618 εφὲοε
395 545 612 576 schismaticos
628 547 661 576 in
676 548 817 587 partibus
837 547 1086 580 occidentalibus
1101 550 1153 580 hic
1167 559 1239 580 mos
1251 551 1355 590 vigere

296 597 328 618 vr
351 594 430 618 etur.
1279 593 1290 599 ·

296 674 510 715 Quaestio
537 679 693 719 prima.
707 697 732 702 —
753 679 835 712 An
858 683 1109 714 communio
1132 683 1214 714 sub
1236 684 1355 716 utra-

385 730 473 761 que
495 724 645 762 specie
667 724 723 755 sit.
743 724 789 756 in
812 727 1067 766 praeoepto.

298 818 500 883 occuram·
523 810 574 841 hic
598 811 680 841 circa
703 813 970 844 communionem
999 814 1057 844 sub
1089 819 1224 855 utraque
1248 816 1354 855 specie

370 854 483 893 triplex
502 855 647 894 quaestio
676 857 898 896 perspicaciter
922 856 1118 888 discutienda
1142 864 1274 899 propter
1295 869 1354 890 no-

295 897 423 927 vitates:
457 898 577 928 scilicet
599 898 639 929 de
662 901 865 937 necessitate,
889 900 929 932 de
951 901 1085 932 utilitate
1101 903 1134 938 ³,
1160 908 1192 933 et
1214 902 1254 933 de
1277 912 1354 934 con-

296 941 441 980 gruentia
455 943 482 971 ἦ

350 984 523 1022 Quaeritur
557 986 643 1016 enim
677 987 796 1026 primo,
830 999 870 1019 an
904 989 1092 1020 communio
1126 990 1185 1020 sub
1219 996 1354 1031 utraque

296 1029 402 1068 specie
425 1029 465 1059 sit
487 1029 520 1059 in
543 1036 726 1070 praecept0.
750 1031 883 1063 Videtur
906 1034 992 1064 enim
1015 1033 1105 1073 quod
1126 1035 1180 1064 sic.
1204 1034 1314 1065 Primo
1326 1036 1353 1071 ἢ

297 1081 335 1103 ex
350 1072 453 1102 verbis
469 1073 611 1109 Domini,
629 1074 716 1105 Ioan.
733 1085 764 1105 v1
778 1077 810 1106 *2
836 1077 909 1107 Nisi
931 1077 1201 1109 manducaveritis
1224 1088 1354 1109 carnem

294 1115 373 1146 Filii
395 1116 534 1147 hominis
557 1122 589 1147 et
610 1117 750 1149 biberitis
777 1120 845 1150 eius
874 1122 1084 1162 sanguinem,
1109 1132 1173 1152 non
1202 1123 1354 1153 habebitis

295 1159 394 1190 vitam
418 1161 450 1190 in
475 1161 582 1192 vobis:
605 1162 661 1192 ubi
682 1163 848 1194 manifeste
864 1164 903 1195 de
919 1166 1104 1196 necessitate
1127 1166 1234 1197 salutis
1255 1167 1354 1207 expli-

295 1209 385 1235 catur
401 1214 469 1235 esse
484 1205 676 1236 manducare
700 1217 827 1238 carnem
844 1214 875 1240 et
890 1209 997 1240 bibere
1020 1210 1208 1250 sanguinem
1225 1210 1352 1242 Christi.

363 1247 396 1278 Si
419 1248 541 1279 dicatur
564 1249 654 1290 quod
676 1256 779 1282 textus
802 1253 861 1282 iste
884 1263 951 1283 non
969 1253 1112 1294 loquitur
1127 1253 1166 1285 de
1182 1254 1355 1286 manduca-

294 1292 383 1323 tione
406 1294 633 1330 sacramentali,
658 1294 714 1325 sed
736 1296 902 1335 spirituali:
927 1297 1060 1328 habetur
1081 1298 1290 1329 nihilominus
1305 1300 1353 1330 in-

294 1341 446 1379 tentum„
465 1337 630 1375 Quoniam
659 1339 852 1370 manducare
882 1341 1083 1381 spiritualiter
1113 1342 1231 1373 claudit
1260 1343 1294 1373 in
1320 1353 1354 1374 se

293 1385 408 1411 votum
430 1380 644 1412 manducandi
660 1385 940 1421 sacramentaliter;
965 1391 996 1416 et
1011 1385 1153 1416 similiter
1168 1387 1275 1417 bibere
1290 1388 1354 1427 spi-

293 1424 446 1455 ritualiter
465 1425 583 1456 claudit
598 1426 632 1456 in
647 1436 680 1457 se
696 1433 810 1458 votum
828 1428 956 1459 bibendi
972 1431 1245 1460 sacramentaliter.
1268 1431 1354 1461 Hinc

295 1469 382 1500 enim
404 1468 570 1500 manifeste
593 1472 736 1510 sequitur
759 1472 859 1512 quod,
883 1473 909 1503 si
925 1478 972 1504 est
991 1473 1030 1504 de
1045 1475 1230 1505 necessitate
1246 1475 1354 1505 salutis

293 1512 487 1544 manducare
503 1519 534 1543 et
549 1514 657 1545 bibere
671 1515 735 1546 hoc
751 1521 984 1547 sacramentum
999 1518 1209 1557 spiritualiter,
1227 1523 1354 1558 oportet

268 1580 270 1582 ,
294 1556 336 1588 de
364 1557 550 1588 necessitate
581 1567 714 1598 quoque
744 1560 851 1590 salutis
882 1570 950 1591 esse
973 1561 1166 1592 manducare
1193 1568 1224 1592 et
1246 1563 1353 1592 bibere

293 1600 374 1633 illud
403 1602 684 1633 sacramentaliter:
717 1604 861 1644 alioquin
891 1604 1004 1635 frustra
1035 1611 1139 1636 essent
1168 1606 1354 1636 huiusmodi

293 1650 369 1677 vota
387 1655 444 1676 seu
461 1644 623 1682 desideria,
644 1656 725 1686 quae
741 1658 908 1688 nunquam
924 1653 1086 1689 oporteret
1100 1649 1244 1689 implere.
1267 1668 1291 1673 -—
1313 1650 1354 1680 Et

293 1688 470 1721 declaratur
491 1690 538 1719 vis
561 1690 656 1720 huius
670 1701 846 1730 vprocessus
876 1702 913 1723 ex
937 1693 1031 1724 simili
1060 1694 1094 1724 in
1116 1694 1274 1734 baptismo
1298 1693 1354 1724 fla-

293 1733 400 1770 minis,
417 1732 506 1773 quod
522 1733 639 1764 claudit
653 1735 687 1764 in
703 1745 736 1765 se
751 1742 864 1767 votum
880 1737 1028 1776 baptismi
1043 1736 1200 1768 fluminis:
1217 1743 1253 1768 ut
1267 1743 1354 1778 patet

294 1777 476 1818 applicanti.

349 1821 497 1853 Secundo
513 1823 541 1857 *‚
561 1831 598 1852 ex
619 1829 789 1863 praecepto
807 1825 948 1861 Domini,
964 1825 1043 1855 Luc.
1060 1834 1124 1855 xxn
1139 1826 1186 1855 ”z
1210 1825 1287 1856 Hoc
1292 1826 1353 1867 fa-

294 1865 355 1897 cite
377 1866 410 1896 in
435 1875 538 1896 meam
564 1868 907 1899 commemorationem.
942 1869 1099 1899 Monstrat
1126 1870 1212 1900 enim
1237 1869 1270 1910 ly
1293 1870 1353 1900 hoc

295 1909 385 1951 quod
406 1911 475 1950 ipse
494 1910 653 1941 Dominus
670 1911 753 1948 fecit,
773 1912 893 1943 scilicet
911 1922 1096 1943 consecrare
1112 1918 1143 1943 et
1157 1913 1278 1944 tradere
1294 1914 1352 1944 sub

294 1959 430 1994 utraque
453 1955 569 1994 specie.

353 1999 461 2029 Tertio
481 1999 514 2035 ᾗ,
547 2008 585 2029 ex
610 1998 807 2039 perfectione
833 2001 1029 2031 sacramenti.
1065 1999 1159 2031 Cadit
1185 2002 1271 2032 enim
1294 2002 1352 2032 sub

292 2041 404 2074 divino
426 2048 597 2083 praecepto
621 2043 775 2082 perfectio
799 2045 995 2075 sacramenti.
1020 2043 1154 2075 Constat
1176 2050 1283 2075 autem
1306 2055 1354 2075 sa-

293 2092 494 2119 cramentum
516 2087 579 2117 hoc
601 2087 748 2127 integrari
772 2098 809 2118 ex
832 2093 967 2128 utraque
990 2089 1112 2128 specie:
1137 2090 1292 2129 quoniam
1308 2095 1354 2120 est

293 2140 397 2163 unum
420 2136 654 2161 sacramentum
676 2132 796 2162 unitate
819 2131 1041 2172 perfectionis3
1066 2142 1104 2162 ex
1125 2133 1197 2163 cibo
1221 2133 1307 2164 enirn
1323 2139 1354 2164 et

293 2180 375 2216 potu
399 2180 523 2205 constat
546 2175 734 2206 alimentum
756 2175 944 2216 perfectum.

349 2219 383 2250 Si
406 2219 528 2250 dicatur
551 2218 657 2259 quod,
682 2220 827 2259 quamvis
854 2221 912 2250 sub
936 2219 1045 2250 divino
1068 2225 1240 2260 praecepto
1264 2220 1355 2251 cadat

292 2263 447 2304 perfectio
471 2263 669 2299 sacramenti,
692 2273 760 2294 non
776 2269 883 2294 tamen
897 2263 1052 2304 perfectio
1068 2274 1155 2300 usuS‚
1178 2265 1234 2295 ubi
1252 2274 1353 2295 sacra—

263 2308 266 2310 ’
291 2313 440 2341 mentiim
464 2307 667 2347 distinguitur
690 2308 728 2338 ab
751 2308 835 2338 illius
858 2318 929 2344 usu,
953 2314 989 2338 ut
1012 2309 1168 2348 contingit
1185 2309 1219 2338 in
1233 2318 1354 2349 propo-

291 2352 374 2383 sito:
394 2369 418 2374 -
441 2357 561 2382 contra.
586 2351 827 2382 Sacramentum
842 2352 906 2382 hoc
921 2358 967 2382 est
982 2358 1112 2392 propter
1127 2353 1226 2392 ipsius
1241 2362 1352 2383 usum:

290 2395 483 2428 alimentum
496 2396 592 2437 enim
616 2401 663 2426 est
685 2401 816 2435 propter
839 2395 999 2426 alendum.
1023 2397 1127 2436 Ergo,
1151 2397 1178 2426 si
1200 2396 1353 2436 perfectio

290 2440 482 2471 sacramenti
505 2445 552 2470 est
574 2445 753 2480 praecepta,
777 2440 880 2470 multo
903 2441 1003 2480 magis
1025 2446 1194 2480 praecepta
1215 2446 1261 2471 est
1283 2450 1354 2481 per-

293 2483 391 2515 fectio
413 2484 514 2524 ipsius
537 2493 632 2514 usus:
661 2489 782 2524 quanto
805 2485 906 2524 magis
929 2483 1000 2515 finis
1024 2490 1070 2514 est
1092 2485 1191 2524 magis
1214 2485 1354 2515 intentus

292 2537 392 2568 quam
414 2527 448 2558 id
471 2527 560 2568 quod
584 2533 631 2558 est
653 2527 694 2558 ad
715 2527 824 2558 finem.

347 2571 387 2602 In
412 2572 592 2612 oppositum
614 2577 660 2602 est
683 2573 865 2602 communis
888 2572 1058 2603 doctorum
1081 2573 1259 2608 auctoritas,
1279 2582 1355 2603 cum

293 2615 527 2647 consuetudine
549 2616 715 2646 Romanae
742 2617 919 2653 Ecclesiae,
944 2626 1020 2647 cum
1039 2617 1188 2647 omnibus
1211 2616 1276 2646 fere
1300 2626 1355 2647 oc-

293 2660 504 2692 cidentalibus
528 2660 678 2690 ecclesiis.

349 2704 386 2734 ΙΙ.
411 2704 446 2735 ln
469 2705 530 2734 hac
553 2705 741 2744 quaestione
764 2714 818 2734 sex
841 2709 915 2735 sunt
938 2704 1074 2744 agenda:
1104 2705 1226 2744 primo,
1250 2714 1354 2735 narra-

292 2748 378 2779 bitur
400 2749 486 2779 varia
516 2749 598 2779 circa
620 2749 684 2779 hoc
708 2749 904 2785 observatio;
936 2748 1095 2785 secundo,
1119 2748 1355 2788 vdistinguentur

292 2791 495 2824 difficultates
519 2798 658 2832 quatuor
680 2793 763 2823 circa
785 2793 848 2823 hoc
864 2794 897 2829 *;
922 2793 1025 2829 tertio,
1049 2793 1230 2823 tractabitur
1252 2794 1355 2833 prima

293 2836 461 2869 difficultas
476 2837 510 2873 Ἠ
535 2842 660 2877 quarto,
676 2837 859 2867 tractabitur
874 2836 1014 2867 secunda
1029 2837 1076 2873 Η;
1102 2837 1226 2877 quinto,
1243 2842 1355 2867 tracta-

292 2881 377 2912 bitur
400 2881 492 2911 tertia
506 2882 537 2917 *3
561 2886 662 2917 sexto,
685 2881 868 2912 tractabitur
887 2886 998 2921 quarta
1013 2882 1057 2911 *³2

350 2924 469 2963 Quoad
491 2925 643 2965 primum,
660 2925 826 2955 Nestorius
845 2931 876 2956 et
891 2925 1046 2965 Pelagius,
1064 2934 1138 2955 cum
1154 2925 1354 2964 sequacibus,

292 2968 515 3001 adstruxerunt
543 2969 761 3000 universaliter
790 2969 975 3000 servandam
1004 2969 1270 2999 communionem
1295 2970 1354 2999 sub

259 3018 265 3024 ’
284 3018 428 3054 -utraque
457 3014 580 3054 specie,
605 3013 728 3044 diversa
749 3019 856 3044 tamen
879 3014 1001 3043 ratione
1023 3014 1104 3043 moti
1127 3014 1154 3043 *.
1189 3013 1355 3043 Nestorius

254 3060 265 3088 Ζ
292 3058 379 3098 enim
394 3058 518 3098 putavit
533 3058 592 3088 sub
609 3058 715 3098 specie
737 3058 828 3098 panis
848 3067 965 3098 corpus
988 3062 1112 3087 tantum
1128 3056 1245 3087 Christi
1269 3067 1354 3094 esse,

258 3115 264 3126 ν
283 3107 325 3133 -et
339 3102 398 3133 sub
414 3102 522 3142 specie
543 3102 611 3132 vini
634 3103 822 3142 sanguinem
844 3107 979 3137 tantum,
996 3102 1071 3141 quia
1090 3102 1123 3131 in
1144 3106 1248 3131 morte
1264 3101 1355 3132 Chri-

291 3146 332 3177 sti
346 3146 473 3186 sanguis
496 3145 557 3177 fuit
571 3151 734 3186 separatus
750 3156 768 3176 a
784 3155 929 3186 corpore.
953 3145 994 3175 Et
1012 3150 1182 3185 propterea
1196 3145 1255 3175 sub
1271 3150 1355 3176 utra-

292 3199 356 3230 que
380 3191 487 3230 specie
505 3190 674 3230 oportebat
699 3195 932 3221 sacramentum
955 3190 1048 3225 sumi,
1062 3194 1098 3219 ut
1119 3190 1240 3229 integer
1264 3189 1355 3220 Chri-

291 3239 359 3266 stus
381 3239 569 3271 sumeretur,
593 3235 627 3265 in
649 3235 840 3265 memoriam
862 3234 973 3264 mortis
997 3234 1074 3264 eius.

335 3278 482 3319 Pelagius
498 3284 617 3315 autem,
633 3284 742 3309 motus
758 3288 795 3308 ex
811 3279 914 3309 verbis
931 3278 1073 3313 Domini,
1090 3277 1177 3307 Ioan.
1193 3287 1226 3308 vx
1241 3278 1267 3314 θ,
1281 3277 1355 3308 Nisi

291 3322 564 3354 manducaveritis
587 3331 718 3353 carnem
732 3322 810 3353 Filii
824 3322 963 3352 hominis
985 3326 1016 3352 et
1038 3321 1178 3352 biberitis
1198 3321 1266 3352 eius
1280 3331 1355 3352 san-

290 3366 435 3408 guinem,
452 3376 517 3397 non
536 3366 689 3397 habebitis
704 3367 803 3397 vitam
820 3366 851 3396 in
869 3366 967 3403 vobis,
984 3371 1153 3406 utramque
1168 3366 1358 3396 sacramenti

291 3411 434 3451 speciem
450 3411 546 3442 etiam
561 3410 601 3441 ad
611 3409 748 3441 infantes
759 3411 936 3451 baptizatos
948 3409 1097 3446 extendit,
1110 3409 1355 3449 dogmatizando

293 3454 393 3494 quod,
418 3455 444 3485 si
466 3454 571 3485 infans
593 3464 661 3485 non
680 3460 789 3496 posset
812 3454 1071 3485 sacramentalem
1086 3463 1203 3494 panem
1219 3463 1355 3490 sumere,

292 3497 423 3530 deberet
445 3499 536 3538 panis
556 3499 712 3530 contritus
736 3508 811 3529 cum
827 3499 980 3538 sanguine
1004 3497 1129 3528 infundi
1152 3498 1186 3528 in
1202 3507 1238 3528 os
1254 3497 1356 3528 infan-

291 3542 342 3579 tis,
363 3547 404 3579 et,
421 3542 448 3572 si
464 3541 631 3583 quidpiam
646 3542 785 3573 eiectum
802 3548 893 3579 esset,
911 3551 978 3573 esse
994 3541 1073 3572 illud
1089 3541 1356 3578 comburendum,

2396 216 2469 262 245

1413 286 1500 316 iuxta
1521 293 1729 327 praeceptum
1749 290 1918 328 antiquum
1941 290 1980 320 de
2003 300 2086 331 agno
2103 292 2252 331 paschali,
2270 292 2306 322 Si
2328 293 2405 333 quid
2421 303 2470 323 re-

1412 329 1540 360 siduum
1553 331 1673 371 fuerit,
1699 332 1774 373 igne
1797 333 1988 364 comburetis
2000 335 2026 364 θ.

1467 374 1508 412 Et
1530 374 1605 405 hinc
1628 374 1710 405 forte
1734 376 1812 406 olim
1836 376 2032 408 Graecorum
2048 378 2176 409 illorum
2201 389 2281 419 quos
2298 380 2420 411 Auctor
2435 381 2468 411 in

1412 417 1514 448 littera
1528 420 1607 448 noni
1624 420 1746 450 articuli
1758 421 1775 436 θ
1790 422 1977 457 nominavit,
1991 427 2021 452 et
2037 422 2177 452 similiter
2193 424 2289 463 paulo
2306 430 2378 455 ante
2394 434 2468 455 cen-

1412 466 1481 492 tum
1505 472 1606 493 annos
1628 463 1850 495 Bohemorum
1865 465 1982 495 abusus
1999 466 2032 495 in
2049 467 2317 498 communicando
2333 468 2467 498 infantes

1412 511 1500 536 ortus
1524 512 1579 543 est,
1605 507 1747 547 quodam
1770 508 1929 539 Iacobello
1952 510 2127 540 novitatem
2148 512 2384 542 communionis
2408 512 2466 542 sub

1411 554 1547 590 utraque
1569 551 1676 591 specie
1706 552 1858 583 Bohemis
1880 559 2068 593 suggerente
2084 554 2110 583 *ἦ
2133 572 2155 576 —·
2178 555 2266 585 Haec
2290 555 2328 585 de
2352 556 2467 595 primo.

1466 594 1518 624 111.
1543 594 1660 633 Quoad
1682 596 1860 627 secundum
1876 598 1902 633 ἕ,
1926 602 1988 627 tres
2011 603 2085 627 sunt
2108 597 2300 629 differentiae
2324 599 2468 630 conside-

1411 637 1544 669 randae:
1576 639 1679 679 prima
1702 645 1748 670 est
1770 641 1851 671 inter
1873 640 2008 672 infantes
2032 646 2062 671 et
2085 640 2229 678 adult0s;
2260 642 2399 673 secunda
2423 649 2469 673 est

1411 682 1492 713 inter
1507 682 1685 714 sacerdotes
1701 689 1732 714 et
1747 684 1826 714 alios
1841 684 1984 721 adultos;
2001 685 2091 715 tertia
2106 691 2153 716 est
2167 686 2248 716 inter
2264 686 2468 717 conficientes

1410 726 1473 756 hoc
1497 733 1730 758 sacramentum
1749 733 1780 758 et
1795 738 1861 759 non
1878 728 2093 759 conficientes.
2118 729 2294 770 Emergunt
2309 730 2467 770 siquidem

1411 779 1449 800 ex
1479 771 1528 800 his
1562 771 1661 802 tribus
1691 771 1873 802 differentiis
1908 778 2046 813 quatuor
2075 773 2226 813 speciales
2260 773 2467 806 difficultates.

1410 814 1514 844 Prima
1537 820 1593 851 est,
1617 825 1658 846 an
1677 817 1864 846 communio
1881 817 1939 847 sub
1956 822 2090 857 utraque
2105 818 2210 857 specie
2234 818 2274 848 sit
2295 819 2469 849 necessaria

1411 859 1570 894 omnibus,
1584 859 1886 899 comprehendendo
1900 861 1995 891 etiam
2006 860 2142 891 infantes
2151 862 2178 891 ’ἦ
2198 861 2344 892 Secunda
2361 867 2416 898 est,
2428 873 2468 893 an
2495 879 2506 888 ·

1410 902 1449 932 sit
1463 904 1638 933 necessaria
1654 904 1804 934 omnibus
1820 904 1933 935 adultis
1943 906 1969 935 *.
1987 905 2095 935 Tertia
2110 911 2166 942 est,
2183 915 2223 936 an
2239 906 2278 936 sit
2292 907 2467 937 necessaria

1410 947 1559 977 omnibus
1575 947 1790 978 sacerdotibus
1801 949 1828 978 ἦ
1852 948 1972 987 Quarta
1987 954 2042 985 est,
2057 959 2097 980 an
2112 950 2152 980 sit
2166 950 2341 980 necessaria
2364 951 2468 981 omni-

1410 991 1469 1021 bus
1492 990 1735 1022 conficientibus
1750 993 1776 1022 *.
1805 992 1975 1030 Quaelibet
2004 994 2090 1024 enim
2112 994 2225 1024 harum
2249 993 2469 1025 difficultatum

1409 1035 1504 1065 habet
1527 1035 1696 1075 opinantes
1723 1045 1782 1076 pro
1812 1042 1946 1077 utraque
1968 1042 2066 1077 parte.
2090 1055 2112 1060 —
2134 1038 2223 1068 Haec
2246 1037 2285 1068 de
2315 1037 2468 1069 secundo.

1465 1078 1517 1109 IV.
1543 1079 1660 1117 Quoad
1682 1081 1820 1116 tertium,
1841 1081 1923 1111 circa
1946 1082 2081 1121 primam
2105 1080 2332 1117 difficultatem,
2349 1092 2390 1112 an
2408 1083 2468 1112 sci-

1409 1123 1483 1153 licet
1499 1124 1686 1154 communio
1703 1125 1761 1154 sub
1778 1129 1912 1164 utraque
1935 1125 2041 1164 specie
2057 1125 2096 1155 sit
2111 1126 2286 1156 necessaria
2309 1127 2404 1156 etiam
2419 1126 2467 1156 in-

1410 1165 1547 1197 fantibus
1558 1168 1574 1183 *
1584 1178 1590 1197 :
1602 1186 1627 1190 -
1638 1167 1795 1208 quidquid
1809 1169 1924 1208 garrire
1938 1169 2062 1208 possint
2076 1169 2224 1200 haeretici
2239 1175 2382 1200 tenentes
2397 1179 2468 1210 par-
2495 1176 2505 1185 ·

1409 1215 1474 1240 tem
1490 1210 1724 1248 affirmativam3
1749 1217 1803 1242 aut
1826 1212 2024 1253 quicumque
2040 1218 2176 1243 errantes
2193 1214 2467 1244 communicantes

1409 1255 1467 1284 sub
1492 1265 1556 1285 una
1578 1260 1703 1286 tantum
1729 1257 1835 1296 specie
1865 1256 2020 1293 infantes;
2052 1257 2134 1287 clara
2160 1257 2232 1287 luce
2262 1257 2467 1288 manifestum

1410 1303 1456 1329 est
1478 1298 1651 1329 infantibus
1674 1305 1789 1330 neutro
1812 1300 1912 1330 modo
1945 1306 2178 1331 sacramentum
2201 1301 2263 1331 hoc
2290 1311 2358 1332 esse
2382 1302 2469 1332 exhi-

1410 1342 1561 1373 bendum.

1467 1387 1547 1417 Tum
1571 1388 1647 1427 quia
1669 1387 1914 1418 fundamentum
1937 1398 1976 1419 ex
1999 1388 2159 1428 Scriptura
2181 1394 2346 1429 sumptum
2370 1399 2388 1419 a
2410 1389 2468 1419 Pe-

1408 1430 1511 1470 lagi0,
1535 1431 1608 1462 Nisi
1630 1431 1900 1462 manducaveritis
1922 1442 2052 1462 carnem
2074 1433 2152 1463 Filii
2174 1433 2312 1464 hominis
2335 1438 2366 1463 et
2387 1433 2469 1464 bibe-

1391 1474 1480 1505 .ritis
1505 1475 1579 1505 eius
1607 1476 1818 1516 sanguinem,
1843 1486 1907 1506 non
1931 1476 2083 1507 habebitis
2106 1477 2203 1507 vitam
2227 1477 2259 1507 in
2284 1477 2387 1512 vobis,
2408 1487 2467 1517 pro

1410 1519 1453 1548 eis
1476 1528 1545 1549 non
1568 1518 1651 1557 facit.
1676 1519 1850 1557 Quoniam,
1874 1521 2071 1550 intellectum
2092 1520 2131 1551 de
2147 1521 2363 1551 sacramentali
2378 1531 2468 1551 man-

1409 1561 1589 1598 ducatione,
1613 1563 1768 1594 haeresim
1791 1563 1914 1594 inducit
1936 1563 2145 1601 manifestam,
2169 1565 2288 1595 scilicet
2310 1564 2400 1605 quod
2415 1566 2468 1595 ba-

1408 1606 1543 1645 ptismus
1559 1616 1626 1636 non
1639 1606 1772 1637 sufficiat
1787 1607 1960 1638 infantibus
1976 1607 2015 1638 ad
2026 1609 2123 1638 vitam
2140 1614 2309 1639 aeternam.
2333 1609 2366 1639 Si
2382 1609 2468 1640 enim

1409 1649 1448 1680 ad
1471 1650 1647 1690 baptizatos
1665 1650 1801 1681 infantes
1825 1651 1949 1688 dicitur,
1965 1652 2038 1682 Nisi
2060 1653 2259 1692 sumpseritis
2280 1652 2341 1683 hoc
2358 1662 2469 1683 sacra-

1408 1699 1548 1724 mentum
1570 1694 1805 1730 Eucharistiae,
1831 1705 1895 1726 non
1919 1696 2071 1726 habebitis
2094 1696 2192 1726 vitam
2216 1696 2248 1726 in
2269 1696 2366 1732 vobis,
2391 1706 2469 1727 con—

1408 1747 1544 1778 sequens
1575 1744 1622 1769 est
1652 1738 1742 1779 quod
1772 1749 1810 1769 ex
1836 1740 1995 1779 baptismo
2025 1749 2094 1770 non
2122 1740 2259 1770 habeant
2286 1741 2402 1771 vitam:
2438 1746 2469 1771 et

1409 1787 1652 1822 consequenter,
1676 1783 1703 1812 si
1725 1792 1800 1813 cum
1823 1783 1893 1814 solo
1916 1784 2075 1824 baptismo
2100 1783 2298 1820 decederent,
2322 1793 2390 1814 non
2412 1784 2468 1815 ha-

1407 1826 1518 1856 berent
1540 1827 1637 1857 vitam
1660 1832 1837 1864 aeternam;
1871 1827 1961 1867 quod
1984 1833 2108 1858 constat
2137 1828 2292 1858 haeresim
2323 1837 2391 1859 esse
2414 1827 2467 1859 da-

1407 1875 1549 1900 mnatam
1563 1871 1591 1901 ⁴⁶.

1467 1915 1548 1944 Tum
1571 1915 1647 1954 quia
1669 1920 1902 1946 sacramentum
1925 1915 2140 1946 Eucharistiae
2164 1915 2256 1946 datur
2277 1921 2314 1946 ut
2336 1915 2468 1947 alimen-

1407 1963 1477 1988 tum
1493 1959 1632 1988 animae:
1650 1963 1819 1999 propterea
1835 1960 1922 1990 enim
1937 1959 2029 1990 datur
2043 1960 2102 1990 sub
2119 1960 2224 2000 specie
2239 1960 2330 2000 panis
2346 1965 2378 1991 et
2388 1961 2463 1991 vini.

1407 2002 1607 2033 Alimentum
1629 2008 1746 2039 autem,
1771 2003 1853 2033 sicut
1874 2013 1943 2034 non
1962 2003 2053 2034 datur
2067 2004 2128 2034 nisi
2143 2004 2262 2034 viventi
2285 2003 2366 2044 (non
2382 2005 2468 2034 enim

1407 2051 1513 2086 potest
1536 2047 1619 2076 sumi
1642 2056 1661 2077 a
1677 2047 1836 2087 mortuis),
1860 2047 1903 2078 ita
1917 2057 1985 2078 non
2001 2047 2092 2078 datur
2109 2048 2171 2078 nisi
2185 2048 2314 2078 habenti
2329 2048 2468 2088 aliquam

1408 2091 1630 2131 operationem
1651 2090 1798 2121 vitalem:
1831 2090 1944 2122 frustra
1972 2092 2059 2122 enim
2085 2091 2272 2122 alimentum
2294 2098 2469 2132 poneretur

1407 2135 1441 2164 in
1464 2144 1501 2164 os
1523 2135 1709 2174 impotentis
1731 2134 1787 2164 illo
1812 2136 1927 2175 quovis
1941 2134 2041 2166 modo
2058 2136 2114 2172 uti,
2138 2145 2214 2166 nam
2236 2136 2316 2166 nihil
2337 2135 2469 2176 prodest

1407 2179 1595 2208 alimentum
1618 2178 1712 2208 alicui
1736 2179 1793 2218 qui
1815 2178 1855 2209 ad
1877 2179 1957 2210 illud
1978 2184 2015 2209 ut
2036 2185 2184 2210 mortuus
2207 2189 2241 2210 se
2264 2179 2368 2210 habet.
2404 2179 2467 2211 Sed

1407 2221 1510 2252 infans
1529 2222 1705 2262 baptizatus
1720 2222 1841 2253 nullam
1856 2223 1951 2253 habet
1967 2224 2188 2263 operau‘onem
2202 2223 2332 2254 vitalem
2354 2233 2468 2254 secun-

1408 2265 1486 2296 dum
1515 2266 1614 2296 vitam
1646 2266 1851 2306 spiritualem.
1886 2267 1971 2307 Ergo
2003 2268 2032 2298 ei
2061 2276 2129 2298 non
2162 2268 2313 2298 convenit
2342 2277 2468 2299 sumere

1408 2310 1595 2340 alimentum
1618 2310 1788 2350 spirituale.

1462 2354 1505 2384 At
1527 2354 1553 2384 si
1577 2359 1688 2384 contra
1709 2354 1792 2384 hanc
1806 2355 1963 2384 rationem
1984 2355 2151 2385 obiiciatur
2166 2354 2281 2385 falsum
2296 2365 2467 2391 assumere,

1408 2398 1484 2438 quia
1506 2397 1649 2428 Ecclesia
1677 2399 1844 2428 consuevit
1870 2397 2004 2429 infirmis
2027 2397 2140 2429 adultis
2163 2399 2196 2429 in
2220 2404 2362 2429 extremo
2385 2399 2468 2430 vitae

1407 2441 1628 2472 insensibiliter
1651 2442 1845 2478 constitutis,
1869 2442 1919 2472 vel
1943 2443 2039 2473 etiam
2065 2443 2247 2483 phrenesim
2276 2444 2468 2483 patientibus

1408 2486 1639 2516 Eucharistiam
1658 2486 1806 2522 tn'buere,
1819 2486 1887 2516 sine
1903 2487 1993 2517 omni
2008 2487 2196 2526 operatione
2210 2487 2296 2517 vitali
2311 2487 2468 2518 interioris

1408 2530 1553 2570 spiritus:
1569 2548 1591 2552 -
1607 2529 1698 2560 facile
1711 2530 1888 2560 excluditur
1904 2531 2053 2566 obiectio,
2070 2530 2351 2561 animadvertendo
2368 2531 2467 2571 quod.

1407 2574 1482 2604 licet
1503 2573 1580 2604 tales
1604 2573 1703 2604 adulti
1725 2575 1758 2604 in
1775 2579 1916 2604 extremo
1933 2575 2098 2605 constituti
2112 2575 2234 2605 nullam
2249 2575 2386 2605 habeant
2408 2585 2467 2615 pro

1407 2623 1485 2648 tunc
1507 2617 1636 2648 vitalem
1658 2618 1785 2658 spiritus
1809 2619 2043 2658 operationem,
2066 2619 2246 2649 habuerunt
2267 2624 2375 2650 tamen
2398 2629 2468 2650 eam

1408 2667 1490 2698 ante,
1514 2661 1654 2702 petendo
1677 2662 1830 2702 implicite
1853 2662 1904 2693 vel
1920 2662 2065 2703 explicite
2081 2663 2144 2693 hoc
2160 2668 2403 2694 sacramentum.
2427 2663 2468 2694 Et

1407 2711 1576 2746 propterea
1590 2711 1724 2746 negatur
1739 2707 1917 2746 amentibus
1933 2716 1951 2736 a
1962 2707 2132 2743 nativitate,
2146 2707 2227 2737 sicut
2243 2712 2273 2737 et
2284 2706 2467 2744 infantibus,

1408 2750 1562 2790 quoniam
1584 2750 1712 2790 utrique
1735 2759 1796 2780 nec
1818 2760 1877 2790 pro
1901 2755 1978 2780 tunc
2000 2760 2061 2781 nec
2084 2757 2177 2781 antea
2198 2756 2305 2782 actum
2329 2751 2468 2792 aliquem

1407 2794 1535 2834 spiritus
1557 2794 1746 2825 habuerunt.

1463 2837 1496 2868 Si
1518 2847 1595 2868 vero
1619 2838 1772 2869 obiecerit
1802 2839 1962 2878 quispiam
1985 2837 2100 2868 falsum
2129 2839 2163 2869 in
2185 2837 2321 2869 adducta
2347 2839 2468 2870 ratione

1408 2882 1568 2918 subsumi,
1601 2891 1640 2912 eo
1665 2881 1754 2922 quod
1776 2882 1913 2913 infantes
1935 2882 2054 2912 habent
2075 2882 2184 2912 vitales
2207 2883 2333 2922 spiritus
2357 2892 2469 2923 opera-

1407 2926 1521 2962 tiones,
1546 2925 1666 2956 scilicet
1687 2925 1818 2956 credere
1842 2931 1873 2957 et
1895 2925 2124 2956 abrenuntiare
2145 2926 2296 2962 Satanae,
2321 2927 2379 2957 etsi
2401 2936 2468 2957 non

1408 2970 1520 3010 spiritu
1543 2970 1685 3010 proprio,
1709 2970 1821 3010 spiritu
1843 2975 1951 3000 tamen
1974 2970 2145 3006 Ecclesiae,
2169 2975 2205 3000 ut
2220 2975 2308 3011 patet
2323 2980 2398 3001 cum
2414 2971 2468 3002 ba-

1408 3014 1582 3054 ptizantur:
1607 3032 1630 3036 -
1654 3013 1744 3044 facile
1768 3023 1901 3054 quoque
1916 3014 1995 3044 haec
2010 3014 2148 3044 obiectio
2166 3014 2352 3045 excluditur.
2377 3014 2469 3053 Quo-

1408 3058 1504 3093 niam,
1529 3058 1555 3087 si
1570 3057 1616 3087 sic
1632 3063 1723 3094 esset,
1747 3057 2021 3088 accommodasset
2035 3058 2178 3088 Ecclesia
2192 3059 2248 3088 has
2267 3059 2469 3099 operationes

1408 3101 1518 3132 vitales
1541 3102 1648 3142 pueris
1669 3102 1704 3132 in
1727 3102 1930 3142 susceptione
1946 3101 2172 3138 Eucharistiae,
2188 3103 2270 3133 sicut
2284 3112 2469 3133 accommo-

1409 3145 1494 3176 davit
1517 3146 1562 3175 eis
1584 3146 1619 3176 in
1640 3146 1845 3186 susceptione
1867 3146 2026 3186 baptismi.
2049 3146 2090 3176 Et
2114 3155 2189 3176 cum
2211 3146 2397 3177 huiusmodi
2417 3156 2469 3177 ac-

1410 3189 1629 3220 commodatio
1652 3189 1767 3220 nullibi
1792 3189 1874 3220 facta
1897 3190 1936 3220 sit
1958 3195 2104 3230 respectu
2127 3189 2359 3227 Eucharistiae,
2391 3200 2469 3222 con-

1409 3243 1546 3274 sequens
1577 3238 1624 3263 est
1653 3238 1689 3264 ut
1718 3243 1787 3264 non
1815 3234 1877 3264 nisi
1906 3234 2034 3274 propria
2059 3234 2223 3264 voluntate
2253 3233 2399 3274 fingatur.
2433 3234 2469 3265 In

1408 3282 1564 3318 promptu
1587 3278 1674 3308 enim
1695 3278 1775 3308 ratio
1800 3283 1847 3308 est
1869 3287 1966 3318 quare
1989 3278 2023 3308 in
2041 3277 2199 3319 baptismo
2222 3278 2336 3309 habeat
2358 3278 2469 3309 locum

1408 3320 1594 3352 huiusmodi
1617 3321 1884 3358 accommodatio,
1909 3327 1940 3352 et
1961 3331 2030 3352 non
2050 3327 2158 3362 potest
2179 3322 2294 3353 habere
2310 3322 2421 3354 locum
2435 3323 2469 3353 in

1409 3365 1616 3396 Eucharistia.
1650 3365 1711 3396 Per
1732 3365 1928 3406 baptismum
1951 3366 2037 3396 enirn
2059 3371 2227 3406 generatur
2249 3365 2352 3397 infans
2375 3367 2409 3397 in
2432 3365 2469 3397 fi-

1408 3409 1489 3440 lium
1512 3409 1592 3446 Dei;
1615 3410 1778 3450 generatio
1794 3415 1902 3440 autem
1924 3419 1992 3440 non
2008 3410 2103 3450 exigit
2122 3411 2384 3450 cooperationem
2401 3411 2469 3442 eius

1409 3454 1465 3494 qui
1488 3458 1673 3493 generatur;
1699 3459 1730 3484 et
1752 3459 1922 3494 propterea
1944 3453 2201 3485 accommodatio
2217 3454 2378 3485 Ecclesiae
2401 3464 2469 3486 non

1408 3498 1613 3534 necessitatis,
1637 3497 1693 3528 sed
1708 3497 1916 3529 solemnitatis
1933 3498 2172 3529 caeremonialis
2188 3504 2235 3530 est
2249 3499 2283 3530 in
2298 3499 2467 3539 baptismo.

1407 3541 1468 3572 Per
1490 3542 1720 3573 Eucharistiam
1743 3547 1850 3573 autem
1880 3542 2017 3573 nutritur
2044 3552 2173 3574 sumens
2202 3543 2306 3580 illam;
2336 3544 2468 3574 nutritio

2496 342 2506 351 ·
2518 341 2593 363 Exod.
2603 348 2653 368 cap.
2665 349 2707 370 xn,

2495 373 2555 389 vers.
2572 374 2606 390 ιο.

2495 433 2505 442 ·
2521 432 2587 460 Resp.
2602 435 2630 456 ad
2646 441 2666 463 3.

2495 564 2505 573 '¹
2521 563 2556 584 Cf.
2570 563 2660 586 Maur-it.
2678 565 2706 586 de

2494 589 2575 616 praga,
2582 590 2707 620 contra-Ia-

2494 616 2704 667 ἓῖδυῐῐὲιεέἕεῐὶῗίυιῐὸῐῗῖ

2494 671 2559 689 tract.
2584 675 2594 690 2
2624 669 2705 694 (Manu

2497 694 2629 717 XXVIII.
2652 702 2705 723 447

2495 726 2615 768 ῗέοἳῖεὲεήῐ.
2643 748 2705 770 Sess.

2494 772 2556 799 XIII,
2571 774 2631 794 decr.
2647 773 2706 795 Mar-

2495 799 2536 820 tini
2563 799 2585 819 V
2615 800 2704 822 ‹Mansi

2495 825 2589 850 xxvn,
2596 826 2673 853 726-72
2677 827 2706 850 8).

2495 853 2505 862 ·
2514 851 2548 873 Cf.
2557 858 2620 874 num.
2630 858 2704 878 praec.

2527 878 2562 899 Cf.
2579 884 2641 899 num.
2657 885 2706 907 seq.

2495 914 2505 924 ·
2520 912 2556 935 Cf.
2571 919 2635 935 num.
2649 920 2671 935 v.

2496 958 2505 967 ·
2520 957 2555 979 Cf.
2570 963 2634 979 num.
2649 963 2679 979 ιι.

2495 1003 2505 1012 ·
2520 1001 2556 1022 Cf.
2570 1007 2634 1023 num.
2649 1008 2672 1023 x.

2611 721 2703 744 Concil.

2495 1200 2500 1205 .
2520 1174 2564 1205 ,Εἰ
2588 1181 2653 1196 num.
2677 1181 2706 1202 n,

2494 1205 2557 1227 imm
2572 1207 2636 1223 num.
2651 1208 2685 1223 m.

2494 1874 2505 1884 ·
2511 1872 2535 1893 In
2542 1872 2704 1894 Conc.Vienn.

2493 1911 2504 1916 -
2513 1898 2584 1920 clem.
2593 1905 2620 1920 ca
2638 1914 2643 1920 .
2652 1899 2704 1920 Fid.

2496 1925 2571 1952 Cath„
2582 1925 2612 1946 de
2638 1931 2704 1946 umm.

2496 1951 2561 1973 Trin.
2571 1953 2593 1972 et
2602 1951 2654 1973 Fid.
2664 1951 2707 1972 Ca-

2495 1978 2550 1999 thot.
2566 1977 2601 1999 Cf.
2616 1977 2704 1999 Concil.

2494 2004 2595 2025 Florem.
2611 2004 2704 2025 Decret.

2491 2036 2538 2058 pro
2551 2031 2645 2052 Armen.
