2918 4088
837 169 1205 217 QUAESTIONES
1233 171 1303 207 DE
1333 170 1500 208 CAUSA
1527 170 2003 210 INDULGENTIARUM

388 249 441 280 VI.
466 248 513 281 Ex
537 248 654 289 quibus
676 254 784 289 potest
799 248 928 279 formari
948 249 1017 279 talis
1033 249 1122 279 ratio.
1147 249 1330 279 Thesaurus
1345 249 1393 279 in-

333 293 568 333 dulgentiarum
590 301 659 323 non
681 298 788 333 potest
809 293 960 323 veraciter
979 294 1089 333 attingi
1105 303 1123 323 a
1138 297 1293 333 potestate
1308 293 1393 322 Pon-

332 337 430 368 tiflda
450 337 512 367 nisi
535 342 607 367 actu
630 346 722 367 verae
738 337 990 377 dispensationis.
1015 337 1100 377 Ergo
1116 342 1181 367 tam
1196 336 1393 376 indulgentia

333 386 432 422 'quam
454 386 540 411 tanta
562 379 769 421 indulgentia,
794 380 866 411 data
887 381 955 411 sine
979 390 1073 411 causa
1088 380 1266 411 rationabili
1288 386 1392 411 tantae

331 425 560 465 indulgentiae,
585 430 633 455 est
654 424 813 455 invalida.‘

387 468 589 500 Antecedens
622 469 794 509 probatum
825 474 890 500 est:
926 475 957 500 et
988 469 1181 510 supponitur
1213 467 1392 499 secundum

332 522 541 544 communem
565 512 753 544 doctrinam.

387 557 629 598 Consequentia
643 566 731 593 vero,
756 557 864 597 quoad
879 556 1053 588 secundam
1071 562 1204 597 partem,
1227 557 1390 596 probatur.

331 601 420 632 Tum
443 602 518 642 quia
542 601 685 632 eiusdem
707 601 838 632 rationis
860 606 908 632 est
930 606 1019 631 actus
1042 600 1119 631 dans
1142 600 1390 640 indulgentiam,

332 651 363 676 et
386 645 464 676 dans
486 645 718 686 indulgentiam
741 650 869 676 tantam.
895 645 944 675 Ac
967 653 1025 685 per
1046 645 1120 679 hoc,
1144 645 1170 674 si
1193 644 1279 674 solus
1302 649 1391 675 actus

330 699 423 720 verae
447 689 690 731 dispensationis
712 694 819 729 potest
841 690 993 728 attingere
1015 689 1200 718 thesaurum
1222 687 1391 727 indulgen-

330 735 411 770 tiae,
438 734 526 764 solus
549 734 644 764 etiam
666 742 759 763 verae
782 732 1025 773 dispensationis
1047 737 1136 762 actus
1158 732 1276 772 poterit
1299 733 1390 762 attin-

330 787 404 818 gere
427 778 612 808 thesaurum
627 778 733 808 tantae
747 775 973 817 indulgentiae.
996 793 1020 799 —
1042 775 1129 806 Tum
1145 776 1230 816 quia,
1247 776 1273 806 si
1289 785 1390 816 quan-

330 823 402 852 titas
425 821 640 862 indulgentiae
658 821 821 860 attingitur
843 820 932 850 aliter
955 829 1052 860 quarn
1067 829 1126 860 per
1139 829 1247 850 veram
1263 819 1390 860 dispen-

330 866 502 902 san‘onem,
527 869 655 905 oportet
678 864 776 896 alium
800 869 907 894 actum
930 863 1067 904 fingere,
1095 869 1173 903 puta
1196 869 1303 894 actum
1330 865 1390 895 im-

329 909 409 950 perii
432 918 489 940 seu
511 908 628 939 liberae
650 908 843 943 donationis,
866 913 1013 948 respectu
1036 907 1105 938 talis
1129 908 1321 948 quantitatis.
1349 909 1391 938 Et

328 959 423 989 tunc,
453 958 507 983 aut
528 953 587 982 iste
610 957 698 983 actus
721 952 845 992 attingit
867 952 1052 982 thesaurum
1075 953 1125 982 via
1149 952 1238 988 facti,
1263 957 1317 982 aut
1340 953 1390 983 via

327 997 414 1028 iuris.
438 996 514 1027 Non
536 997 587 1027 via
609 995 700 1027 facti:
725 996 800 1036 quia
823 995 864 1026 ad
885 997 983 1026 istum
1005 997 1190 1027 thesaurum
1212 996 1320 1027 nullus
1343 1002 1390 1027 est

327 1041 488 1072 humanus
511 1050 655 1071 accessus
678 1050 735 1080 per
757 1041 841 1070 viam
865 1040 948 1071 facti.
973 1041 1041 1071 Nec
1064 1041 1115 1071 via
1134 1041 1226 1071 iuris:
1251 1041 1327 1081 quia
1350 1040 1389 1071 de

325 1085 395 1116 iure
418 1085 485 1116 sola
508 1084 701 1125 dispensatio
726 1084 844 1116 credita
867 1090 914 1115 est
936 1085 1050 1125 Papae.

2430 173 2503 211 365

1501 249 1591 280 Sicut
1618 254 1692 279 sunt
1719 258 1795 289 ergo
1818 249 1974 280 invalidae
1997 250 2214 292 indulgentiae
2244 261 2326 292 quae
2350 263 2388 284 ex
2412 263 2506 284 causa

1445 293 1623 323 rationabili
1645 303 1714 324 non
1737 292 1828 328 fiunt,
1851 293 1895 323 ita
1917 303 1984 324 non
2008 300 2055 324 est
2076 295 2179 325 valida
2196 301 2282 326 tanta
2298 297 2504 337 indulgentia,

1445 341 1523 377 puta
1545 337 1632 367 mille
1655 346 1834 373 annorum,
1862 337 1923 367 nisi
1946 337 2001 367 fiat
2023 347 2061 368 ex
2085 348 2179 369 causa
2201 340 2379 371 rationabili
2401 346 2506 372 tantae

1446 382 1639 421 quantitatis,
1663 381 1783 412 scilicet
1804 381 1892 411 mille
1916 390 2085 412 annorum.

1499 425 1567 455 VII.
1584 424 1636 456 Ad
1647 425 1788 465 primum
1804 429 1912 455 autern
1923 425 1958 455 in
1969 426 2158 465 oppositum
2170 427 2187 443 ⁴'
2203 426 2317 457 dicitur
2333 428 2423 468 quod
2434 438 2506 459 sen-

1443 469 1542 499 tentia
1564 469 1627 505 illa,
1651 469 1780 505 scilicet,
1804 468 2034 510 Indulgentiae
2056 469 2247 500 indiscretae
2272 477 2348 501 sunt
2369 472 2505 508 validae,

1444 512 1624 544 verificatur
1651 513 1692 544 de
1713 512 1890 544 indiscretis
1914 513 2022 553 quoad
2046 519 2214 550 eventum,
2245 524 2313 544 non
2336 521 2443 546 autem
2467 515 2506 547 de

1443 556 1619 588 indiscretis
1635 557 1744 598 quoad
1760 566 1898 588 causam.
1923 557 2005 587 Sunt
2021 558 2108 587 enim
2123 557 2340 598 indulgentiae
2354 559 2506 590 indiscre-

1444 605 1494 631 tae
1517 602 1639 632 ratione
1663 606 1805 638 eventus,
1830 601 1960 641 quando
1984 601 2199 642 indulgentiae
2226 602 2301 632 alias
2325 603 2406 632 bene
2429 613 2506 633 con-

1445 654 1550 675 cessae
1565 646 1702 685 patiunt,
1719 650 1850 685 propter
1865 654 1975 675 earum
1990 645 2239 682 multitudinem,
2257 647 2347 686 quasi
2363 652 2506 677 contem-

1443 693 1537 728 ptum
1560 694 1615 719 aut
1636 690 1778 730 ipsarum
1802 693 1857 719 aut
1880 689 2131 720 satisfactionum
2154 690 2442 730 poenitentialium.
2466 691 2508 721 Et

1443 732 1521 763 tales
1544 738 1619 763 sunt
1640 732 1772 763 validae.
1796 751 1820 755 -
1841 733 1905 764 Sed
1934 734 1960 763 si
1983 739 2057 764 sunt
2079 734 2267 764 indiscretae
2298 735 2373 774 quia
2401 740 2508 765 carent

1443 777 1622 807 rationabili
1645 786 1749 813 causa,
1774 782 1830 807 aut
1852 777 1987 808 omnino
2011 783 2066 808 aut
2089 777 2197 818 quoad
2212 783 2332 808 tantam
2348 779 2506 818 quantita-

1443 825 1519 856 tem,
1543 826 1617 851 sunt
1639 820 1805 851 invalidae.

1498 864 1550 894 Ad
1572 865 1750 895 secundum
1765 866 1829 895 iam
1852 870 1939 905 patet
1954 866 2120 906 responsio
2138 876 2176 896 ex
2192 865 2282 898 dictis
2295 867 2324 907 ῥ’.
2348 866 2432 897 Nam
2447 867 2508 897 mi-

1443 908 1570 939 nisteria
1593 914 1668 939 sunt
1689 909 1723 939 in
1747 909 1809 939 alio
1832 919 1948 949 genere
1977 909 2253 950 dispensabilium:
2286 916 2317 941 et
2338 910 2507 951 indulgen-

1442 953 1504 983 tiae
1527 957 1602 983 sunt
1624 953 1658 983 in
1681 953 1743 983 alio
1768 953 2029 993 dispensabilium
2051 964 2177 995 genere.
2203 955 2335 985 Illorum
2351 956 2437 985 enim
2460 954 2506 985 ef-

1442 996 1552 1027 ficacia
1583 1007 1620 1027 ex
1648 997 1719 1027 solo
1749 997 1868 1037 pendet
1894 998 2046 1038 imperio:
2083 999 2201 1029 horum
2227 1005 2334 1030 autem
2366 998 2506 1030 efficacia

1442 1042 1562 1081 absque
1585 1051 1659 1071 vera
1681 1040 1917 1082 dispensatione
1941 1052 2008 1073 esse
2031 1044 2154 1083 nequit.
2186 1043 2226 1073 Et
2248 1049 2416 1084 propterea
2438 1053 2507 1074 non

1445 1091 1491 1116 est
1515 1085 1625 1116 similis
1648 1086 1738 1116 ratio.

1079 1242 1412 1292 QUAESITUM
1443 1241 1759 1284 SECUNDUM

375 1360 380 1361 γ
415 1355 422 1357 Δ
439 1337 532 1368 ’(ΑΝ
553 1338 612 1368 EX
633 1337 727 1369 HOC
752 1337 844 1375 IPSO
868 1337 992 1376 QUOD
1017 1337 1060 1368 IN
1084 1337 1229 1368 BULLA
1252 1337 1520 1368 EXPRIMITUR
1543 1337 1722 1375 ALIQUID
1746 1338 1831 1369 PRO
1856 1339 2000 1370 CAUSA
2022 1339 2362 1376 INDULGENTIAE,

857 1382 923 1413 SIT
946 1381 1250 1413 RATIONABILIS
1274 1381 1417 1413 CAUSA
1440 1382 1620 1413 TANTAE
1645 1383 1974 1414 INDULGENTIAE

391 1490 464 1510 mea
497 1480 676 1511 secundum
707 1480 746 1511 de
777 1490 872 1511 causa
907 1480 1085 1511 rationabili
1117 1479 1405 1519 indulgentiarum-

55 1539 57 1542 ⁴
84 1524 300 1579 ἕψω-ι,
329 1490 574 1565 Cquaesitum
590 1525 617 1561 ⁴⁶,
635 1534 675 1555 an
691 1534 729 1555 ex
750 1525 814 1555 hoc
829 1525 901 1564 ipso
925 1524 1015 1564 quod
1037 1525 1071 1554 in
1092 1524 1179 1554 bulla
1201 1524 1388 1564 exprimitur

58 1653 271 1686 “etam-w.

326 1568 447 1609 aliquid
469 1578 529 1609 pro
553 1578 648 1599 causa
662 1568 889 1609 indulgentiae,
905 1569 945 1598 sit
960 1567 1153 1598 rationabilis
1170 1577 1264 1598 causa
1283 1573 1386 1598 tantae

324 1613 550 1653 indulgentiae,
573 1622 634 1653 pro
649 1618 737 1653 parte
753 1611 936 1643 affirmativa
960 1612 1098 1643 occurrit
1112 1612 1278 1652 multiplex
1295 1621 1386 1651 argu-

324 1662 471 1689 mentum
486 1658 512 1688 ’ἱ

379 1701 500 1738 Primo,
518 1701 593 1741 quia
616 1700 705 1731 aliter
727 1696 919 1740 praedicatio
943 1700 1104 1730 Ecclesiae
1129 1705 1210 1730 esset
1233 1699 1318 1730 falsa.

379 1745 546 1781 Secundo,
577 1745 653 1786 quia
680 1744 823 1775 doctrina
845 1745 1009 1775 Romanae
1037 1744 1199 1775 Ecclesiae
1228 1745 1385 1784 periclita-

317 1787 419 1822 tetur.

381 1834 500 1871 Tertio,
520 1834 596 1874 quia
613 1843 681 1863 non
697 1838 778 1863 esset
797 1833 1015 1864 universaliter
1034 1843 1108 1864 vera
1129 1833 1183 1864 illa
1203 1834 1386 1864 communis

323 1879 495 1911 sententia:
512 1877 742 1919 Indulgentiae
764 1882 888 1908 tantum
912 1878 1020 1908 valent
1042 1883 1198 1918 quantum
1213 1883 1342 1908 sonant.

379 1923 516 1960 Quarto,
549 1922 624 1963 quia
647 1922 736 1952 aliter
762 1921 962 1962 deciperetur
983 1922 1126 1963 populus
1155 1923 1194 1952 ab
1224 1922 1384 1959 Ecclesia,

322 1966 455 1999 audiens
475 1972 596 1998 tantam
618 1965 849 2006 indulgentiam
871 1976 931 2006 pro
954 1966 1009 1996 tali
1032 1975 1144 2006 opere,
1170 1972 1201 1997 et
1224 1976 1385 2007 exequens

321 2011 402 2043 illud
423 2017 460 2043 ut
482 2011 597 2042 habeat
618 2010 860 2051 indulgentiam,
885 2016 917 2041 et
939 2015 1047 2041 tamen
1069 2020 1137 2041 non
1153 2012 1330 2051 acquireret
1348 2011 1385 2041 il-

321 2055 387 2087 lam
408 2057 443 2087 in
465 2057 605 2086 veritate.

377 2100 414 2131 ΙΙ.
439 2100 594 2139 Quaestio
617 2100 696 2130 haec
727 2108 796 2129 non
819 2103 867 2129 est
891 2103 980 2129 mota
1009 2105 1140 2139 propter
1166 2098 1385 2143 difficultatem

323 2153 421 2187 quam
443 2145 478 2175 in
501 2145 604 2184 seipsa
626 2143 750 2179 habeat,
774 2142 830 2173 sed
845 2141 885 2172 ad
901 2143 1087 2173 excitandos
1106 2143 1178 2174 illos
1202 2143 1258 2184 qui
1281 2144 1386 2174 sciunt

82 2194 295 2224 ·05.1··11··,qn.
321 2189 356 2220 in
370 2188 542 2220 universali
557 2193 589 2218 et
604 2186 758 2218 deficiunt
772 2187 806 2217 in
822 2187 973 2227 singulari
988 2186 1014 2217 *.
1035 2187 1139 2223 Unde,
1159 2187 1384 2228 distinguendo

81 2227 171 2250 mvn,
183 2225 228 2244 ιη.
242 2227 264 2244 a.

45 2275 46 2278 Ἰ
81 2247 215 2272 warum.
224 2254 275 2276 κς.

323 2233 363 2265 de
384 2232 563 2264 rationabili
585 2236 792 2272 praesumpto
807 2231 859 2261 vel
881 2240 968 2267 vero,
986 2230 1051 2261 duo
1076 2231 1209 2262 dicenda
1224 2237 1298 2262 sunt
1312 2232 1339 2262 *.

376 2277 531 2308 Primum.
556 2275 662 2307 Causa
676 2275 892 2315 indulgentiae
916 2285 1061 2316 expressa
1075 2276 1110 2306 in
1131 2276 1228 2312 bulla,
1241 2277 1302 2307 nisi
1317 2286 1384 2307 ma-

321 2321 455 2353 nifestus
479 2322 518 2352 sit
541 2330 637 2357 error,
655 2325 702 2350 est
723 2329 850 2360 semper
867 2320 1071 2355 rationabilis,
1088 2320 1254 2360 loquendo
1279 2320 1318 2351 de
1336 2331 1384 2351 ra-

320 2366 467 2397 tionabili
478 2370 695 2407 praesumpto.
712 2365 805 2401 Nam,
818 2365 900 2394 sicut
915 2365 1070 2395 sententia
1085 2374 1103 2394 a
1117 2364 1224 2395 iudice
1239 2365 1310 2402 lata,
1323 2365 1384 2396 nisi

321 2420 462 2442 errorem
477 2410 640 2441 contineat
654 2408 869 2445 manifestum,
885 2409 1097 2448 praesumitur
1111 2409 1211 2445 iusta;
1231 2410 1274 2439 ita
1289 2419 1384 2440 causa

321 2465 340 2486 a
362 2455 507 2495 principe
531 2463 676 2494 expressa
697 2453 731 2484 in
747 2452 1036 2493 dispensationibus
1058 2454 1270 2493 praesumitur
1288 2455 1384 2484 ratio-

320 2499 445 2536 nabilis,
468 2499 538 2534 nisi,
562 2503 599 2528 ut
622 2497 743 2528 dictum
767 2502 822 2534 est,
847 2507 932 2527 error
955 2498 994 2528 sit
1016 2497 1212 2528 manifestus.

377 2543 428 2574 111.
452 2542 638 2574 Secundum
662 2547 718 2572 est.
743 2541 882 2572 Causam
899 2540 1115 2581 indulgentiae
1130 2547 1235 2572 tantae
1258 2552 1383 2583 expres-

321 2597 389 2618 sam
411 2588 446 2618 in
469 2587 556 2618 bulla
579 2596 647 2617 non
665 2590 793 2626 oportet
809 2595 876 2616 esse
891 2585 1112 2616 rationabilem
1129 2587 1163 2617 in
1179 2587 1319 2617 veritate.
1342 2587 1384 2618 Et

320 2633 401 2664 ratio
431 2632 466 2662 in
488 2636 643 2672 promptu
673 2635 719 2660 est
741 2629 918 2670 multiplex.
954 2629 1042 2660 Tum
1068 2631 1143 2670 quia
1169 2631 1255 2671 Papa
1277 2637 1383 2671 potest

319 2677 355 2707 in
377 2677 443 2707 istis
467 2685 585 2706 errare:
618 2683 693 2705 cum
720 2683 787 2704 non
811 2674 850 2704 sit
876 2674 955 2704 haec
981 2675 1136 2705 sententia
1160 2674 1315 2706 iudicialis
1343 2675 1383 2707 de

320 2722 369 2752 his
393 2730 476 2761 quae
499 2725 573 2751 sunt
596 2718 680 2749 fidei.
706 2719 768 2749 Ubi
791 2718 871 2748 scito
896 2718 995 2758 quod,
1019 2718 1093 2748 licet
1115 2728 1259 2750 accessus
1279 2719 1319 2750 ad
1333 2721 1382 2750 in-

321 2765 514 2806 dulgentiaS,
540 2770 571 2795 et
599 2772 708 2794 earum
735 2763 912 2802 susceptio,
944 2763 983 2792 sit
1006 2762 1163 2802 quaedam
1186 2762 1383 2795 Christianae

319 2809 396 2841 fidei
419 2808 595 2850 professio,
623 2807 702 2838 fides
725 2812 833 2837 tamen
857 2806 1035 2837 Christiana
1058 2816 1098 2837 eo
1121 2806 1221 2837 modo
1246 2816 1312 2847 quo
1337 2814 1383 2839 est

321 2854 361 2885 de
383 2853 600 2893 indulgentiis,
624 2862 693 2882 non
716 2856 763 2881 est
786 2851 826 2881 de
848 2851 908 2881 hac
930 2851 982 2881 vel
1003 2851 1056 2881 illa
1077 2851 1284 2891 indulgentia.
1308 2852 1381 2888 Sed,

320 2899 403 2930 sicut
424 2897 504 2928 fides
519 2902 628 2927 nostra
648 2897 731 2926 circa
745 2895 961 2926 Eucharistiae
976 2901 1209 2925 sacramentum
1228 2901 1274 2926 est
1293 2896 1383 2936 quod

320 2943 380 2973 sub
403 2942 507 2973 hostia
529 2942 587 2971 rite
612 2945 794 2971 consecrata
818 2940 1001 2970 continetur
1023 2949 1140 2979 corpus
1163 2939 1291 2975 Christi,
1314 2950 1382 2970 non

321 2992 429 3018 autem
452 2991 499 3016 est
523 2985 612 3026 quod
634 2986 693 3015 ista
716 2985 819 3015 hostia
842 2985 882 3014 sit
903 2984 961 3014 rite
985 2988 1182 3020 consecrata,
1206 2993 1312 3023 neque
1336 2989 1383 3014 est

321 3030 411 3072 quod
434 3031 492 3061 sub
508 3031 567 3060 hac
583 3030 687 3060 hostia
710 3038 792 3069 quae
808 3028 1000 3068 proponitur
1015 3027 1184 3064 adoranda,
1201 3028 1383 3058 continetur

320 3084 438 3116 corpus
462 3074 589 3110 Christi,
607 3074 761 3113 quoniam
784 3078 958 3112 utrumque
982 3081 1095 3102 eorum
1113 3077 1220 3112 potest
1242 3081 1310 3102 esse
1325 3071 1382 3102 fal-

320 3128 403 3155 sum,
427 3118 502 3149 fidei
525 3124 633 3148 autem
657 3117 854 3148 Christianae
877 3127 945 3147 non
968 3122 1075 3156 potest
1097 3116 1226 3146 subesse
1249 3115 1380 3146 falsum:

319 3163 364 3193 ita
387 3163 470 3193 circa
491 3162 718 3203 indulgentias,
752 3171 819 3191 non
844 3160 985 3191 curando
1015 3170 1074 3201 pro
1098 3169 1185 3190 nunc
1213 3160 1381 3200 quomodo

320 3212 465 3247 spectent
487 3206 527 3237 ad
549 3206 656 3242 fidem,
681 3205 760 3236 fides
783 3211 890 3236 nostra
914 3211 960 3236 est
983 3204 1072 3245 quod
1094 3204 1309 3244 indulgentiae
1323 3205 1382 3234 rite

321 3250 412 3282 datae
435 3257 509 3282 sunt
531 3243 668 3286 validae;
694 3256 725 3281 et
747 3260 815 3280 non
838 3255 958 3290 spectat
974 3249 1014 3279 ad
1029 3248 1126 3279 fidem
1149 3258 1189 3278 an
1204 3249 1262 3278 ista
1277 3248 1381 3278 indul-

320 3295 427 3335 gentia
450 3295 490 3326 sit
511 3295 570 3326 rite
593 3294 678 3331 data,
703 3304 743 3325 an
766 3295 824 3324 ista
843 3304 938 3324 causa
961 3294 1028 3323 eius
1052 3293 1091 3322 sit
1113 3292 1316 3328 rationabilis,
1341 3302 1381 3322 an

319 3339 380 3369 ista
401 3338 599 3379 indulgentia
621 3340 661 3370 sit
683 3338 795 3369 valida.
831 3339 872 3368 Et
895 3337 996 3368 simile
1020 3342 1067 3367 est
1090 3336 1128 3367 de
1153 3336 1220 3366 aliis
1243 3336 1380 3376 singula-

320 3383 426 3413 ribus:
458 3384 612 3424 quoniam
640 3383 719 3414 haec
742 3383 851 3413 omnia
879 3387 1014 3422 possunt
1037 3391 1105 3411 esse
1128 3380 1220 3416 falsa3
1253 3386 1284 3410 et
1306 3390 1381 3420 pro-

320 3432 429 3467 pterea
450 3437 518 3458 non
541 3433 684 3468 spectant
702 3427 742 3457 ad
765 3426 862 3457 fidem
885 3432 1044 3461 nostram,
1068 3424 1123 3455 sed
1146 3424 1185 3454 ad
1208 3425 1380 3455 humanam

320 3471 510 3512 opinionem
533 3481 590 3502 seu
613 3471 842 3507 credulitatem,
867 3480 949 3511 quae
966 3477 1012 3500 est
1035 3469 1074 3500 de
1092 3470 1140 3499 his
1160 3469 1379 3509 singularibus,

1443 1485 1474 1510 et
1495 1485 1602 1519 potest
1625 1479 1700 1511 falli.
1736 1481 1777 1511 Et
1798 1487 1968 1521 propterea
2000 1491 2144 1512 accessus
2174 1481 2214 1512 ad
2236 1481 2448 1522 indulgentias
2471 1483 2505 1513 in

1442 1525 1609 1554 communi
1625 1525 1757 1564 quidem
1773 1531 1819 1555 est
1835 1525 1992 1565 quaedam
2007 1525 2083 1556 fidei
2098 1526 2272 1566 professio:
2290 1526 2346 1557 sed
2361 1536 2506 1557 accessus

1441 1567 1481 1598 ad
1496 1568 1588 1598 istam
1612 1568 1843 1609 indulgentiam
1866 1569 2011 1609 procedit
2027 1580 2065 1600 ex
2081 1569 2145 1600 fide
2171 1575 2325 1610 tanquam
2350 1581 2388 1601 ex
2411 1580 2506 1601 causa

1441 1617 1580 1648 remota,
1605 1618 1636 1643 et
1659 1613 1799 1643 humana
1823 1613 2006 1644 credulitate
2034 1615 2129 1644 huius
2152 1614 2385 1654 indulgentiae,
2409 1615 2505 1645 huius

1442 1665 1566 1692 causae,
1584 1662 1615 1687 et
1630 1657 1826 1693 huiusmodi,
1844 1663 1997 1697 tanquam
2014 1667 2052 1688 ex
2071 1667 2165 1688 causa
2184 1659 2338 1698 proxima.
2365 1659 2407 1688 Et
2429 1659 2506 1698 quia

1441 1699 1572 1730 effectus
1587 1701 1732 1741 sequitur
1750 1701 1970 1732 conditionem
1997 1711 2110 1732 causae
2130 1703 2304 1742 proximae,
2324 1703 2406 1733 sicut
2426 1712 2505 1733 con-

1441 1744 1542 1774 clusio
1568 1745 1729 1775 minorem
1755 1755 1812 1776 seu
1839 1745 2029 1776 deteriorem
2055 1747 2273 1786 praemissam,
2298 1746 2372 1777 ideo
2399 1752 2506 1787 potest

1440 1798 1616 1819 concursus
1634 1789 1692 1819 iste
1715 1788 1780 1820 falli
1803 1790 1924 1830 absque
1940 1790 2137 1821 Christianae
2160 1790 2235 1821 fidei
2258 1790 2459 1822 detrimento.

1496 1833 1583 1863 Tum
1607 1834 1682 1873 quia
1705 1843 1773 1864 non
1789 1834 1896 1864 solum
1914 1840 2021 1874 potest
2038 1835 2124 1875 Papa
2140 1844 2241 1865 errare
2256 1836 2290 1865 in
2306 1835 2503 1872 huiusmodi,

1440 1876 1496 1908 sed
1519 1878 1614 1908 etiam
1638 1877 1730 1908 facile
1752 1883 1859 1918 potest
1882 1888 2000 1915 errare,
2031 1879 2112 1909 sicut
2140 1884 2172 1909 et
2194 1879 2227 1909 in
2254 1879 2321 1910 aliis
2348 1879 2503 1911 similibus

1439 1922 1571 1952 actibus.
1596 1922 1679 1952 Dare
1694 1922 1852 1962 siquidem
1869 1923 2080 1963 indulgentias
2104 1924 2248 1954 consistit
2262 1924 2296 1954 in
2312 1924 2433 1954 actibus
2449 1925 2503 1954 ab·

1439 1966 1609 1996 solutionis
1625 1972 1656 1996 et
1672 1966 1931 2007 dispensationis:
1957 1967 2166 1998 absolvuntur
2181 1968 2267 1998 enim
2282 1977 2340 2008 per
2356 1978 2407 1998 eas
2423 1977 2502 2008 poe-

1438 2011 1575 2041 nitentes
1599 2010 1638 2040 ab
1661 2011 1811 2041 iniunctis
1834 2012 2048 2051 poenitentiis,
2074 2017 2105 2042 et
2123 2011 2322 2052 dispensatur
2336 2012 2502 2043 thesaurus

1438 2055 1627 2095 meritorum
1651 2054 1768 2085 Christi
1791 2060 1823 2085 et
1845 2060 2038 2086 sanctorum.
2063 2055 2125 2086 Sed
2148 2061 2213 2086 tam
2229 2057 2262 2086 in
2278 2061 2351 2086 actu
2374 2057 2502 2087 absolu-

1422 2099 1536 2129 -tionis
1559 2108 1658 2139 quam
1679 2099 1714 2129 in
1736 2104 1810 2129 actu
1833 2098 2077 2139 dispensat-ionis
2100 2099 2193 2130 facile
2216 2101 2374 2131 committi
2396 2106 2503 2140 potest

1426 2151 1536 2179 error,
1563 2143 1660 2173 etiam
1683 2152 1721 2173 ex
1744 2144 1930 2183 proposito:
1962 2149 1998 2174 ut
2019 2149 2107 2184 patet
2128 2145 2162 2174 in
2185 2143 2421 2184 dispensatione
2443 2155 2501 2176 vo-

1438 2192 1561 2223 torum,
1585 2193 1617 2217 et
1638 2188 1672 2217 in
1695 2186 1932 2227 dispensatione
1955 2188 2117 2218 bonorum
2139 2188 2366 2228 temporalium
2389 2189 2500 2220 Eccle-

1439 2232 1503 2262 siae
1522 2237 1553 2262 et
1567 2232 1816 2262 ministeriorum
1836 2232 2132 2268 ecclesiasticorum,
2150 2238 2182 2262 et
2195 2233 2229 2263 in
2245 2233 2500 2264 absolutionibus

1438 2286 1456 2306 a
1472 2277 1613 2306 censuris
1629 2281 1660 2306 et
1674 2277 1859 2306 iuramentis
1874 2277 1907 2306 in
1923 2276 2154 2317 praeiudicium
2171 2277 2317 2314 aliorum,
2330 2283 2389 2308 etc.
2414 2278 2499 2318 Ergo

1437 2321 1471 2350 in
1494 2321 1558 2350 hoc
1582 2329 1715 2363 quoque
1738 2321 1888 2360 singulari
1910 2320 1995 2351 facto
2020 2330 2086 2361 quo
2111 2320 2164 2351 dat
2185 2321 2426 2361 indulgentiam,
2443 2332 2500 2353 seu

1439 2365 1586 2404 exprimit
1608 2365 1704 2395 talem
1723 2374 1852 2395 causam
1875 2374 1934 2405 pro
1950 2370 2037 2395 tanta
2051 2365 2258 2406 indulgentia,
2283 2375 2384 2396 errare
2407 2366 2499 2398 facile

1437 2414 1553 2449 potest.

1492 2453 1561 2484 Nec
1585 2459 1631 2484 est
1646 2452 1874 2484 recurrendum
1897 2453 1936 2484 ad
1952 2453 2086 2494 Spiritus
2110 2453 2217 2484 Sancti
2233 2455 2451 2492 assistentiam,
2469 2461 2500 2486 et

1436 2503 1606 2538 propterea
1624 2498 1677 2538 pie
1697 2497 1813 2528 debere
1838 2497 1924 2528 credi
1946 2498 2035 2538 quod
2057 2508 2125 2528 non
2141 2503 2247 2538 potest
2269 2499 2355 2539 Papa
2377 2501 2411 2530 in
2433 2500 2499 2530 istis

1438 2551 1548 2572 errare.
1573 2542 1656 2572 Nam
1672 2542 1706 2572 in
1727 2542 1840 2572 maiori
1856 2551 1951 2572 causa
1966 2543 2109 2583 permisit
2134 2542 2268 2583 Spin‘tus
2285 2543 2418 2574 Sanctus
2433 2544 2499 2575 Ro-

1437 2596 1550 2616 manos
1573 2585 1745 2616 Pontifices
1761 2596 1872 2622 errare,
1897 2587 2017 2617 scilicet
2031 2586 2064 2617 in
2087 2596 2181 2617 causa
2203 2592 2365 2627 spectante
2388 2587 2428 2618 ad
2451 2598 2499 2618 sa-

1437 2636 1636 2661 cramentum
1666 2631 1880 2667 matrimonii,
1911 2632 1944 2661 in
1975 2640 2057 2671 qua,
2090 2636 2127 2661 ut
2153 2631 2287 2661 habetur
2316 2632 2428 2668 Extra,
2460 2632 2499 2663 de

1437 2675 1563 2715 Sponsa
1585 2674 1735 2710 duorum,
1759 2675 1793 2704 in
1809 2684 1878 2715 cap.
1895 2675 1993 2710 Licet,
2009 2674 2188 2706 Alexander
2204 2675 2244 2705 ΙΙΙ
2261 2675 2350 2706 dicit:
2378 2676 2499 2712 Quam-

1437 2719 1485 2749 vis
1507 2719 1605 2749 aliter
1633 2728 1654 2748 a
1680 2719 1869 2759 quibusdam
1890 2719 2194 2759 praedecessoribus
2223 2720 2343 2750 nostris
2371 2720 2414 2750 sit
2438 2721 2499 2751 ali-

1436 2762 1566 2803 quando
1590 2763 1776 2794 iudicatum.
1800 2763 1900 2800 Quod
1914 2763 2011 2803 longe
2026 2763 2099 2803 plus
2115 2769 2162 2793 est
2185 2773 2282 2803 quam
2304 2764 2377 2794 dare
2392 2764 2498 2794 indul-

1435 2808 1576 2847 gentiam
1597 2806 1799 2837 indiscretam
1823 2817 1861 2837 ex
1885 2816 1994 2837 causa:
2019 2812 2089 2838 tum
2113 2808 2188 2847 quia
2203 2813 2268 2838 erat
2287 2817 2382 2838 causa
2396 2818 2497 2838 sacra-

1435 2851 1597 2887 mentalis;
1628 2856 1698 2881 tum
1728 2852 1804 2891 quia
1833 2850 2021 2881 iudicialiter
2050 2856 2157 2881 actum
2188 2857 2244 2881 est.
2279 2851 2496 2891 Indulgentiae

1436 2901 1543 2925 autem
1572 2900 1708 2935 possunt
1731 2894 1797 2925 dari
1819 2896 1937 2935 passim
1965 2896 2032 2925 sine
2056 2895 2190 2925 consilio
2219 2901 2250 2925 et
2273 2896 2340 2926 sine
2363 2895 2496 2926 medita-

1435 2940 1534 2975 tione,
1559 2949 1595 2969 ac
1618 2948 1675 2979 per
1697 2939 1770 2975 hoc,
1795 2939 1863 2969 sine
1886 2939 2087 2969 discretione.

1491 2983 1646 3020 Quamvis
1677 2983 1772 3023 igitur
1801 2992 1869 3013 non
1898 2988 2019 3023 spectet
2049 2982 2088 3013 ad
2111 2982 2255 3013 subditos
2285 2982 2441 3014 discutere
2465 2989 2496 3014 et

1434 3026 1575 3057 iudicare
1598 3026 1638 3057 de
1660 3026 1836 3057 Pontificiis
1858 3026 2063 3066 indulgentiis
2091 3032 2146 3057 aut
2169 3037 2335 3058 causarum
2357 3028 2493 3064 meritis,

1436 3070 1570 3101 dubium
1593 3076 1700 3101 tamen
1722 3080 1790 3101 non
1806 3076 1853 3101 est
1875 3080 1970 3111 posse
1985 3071 2080 3101 etiam
2095 3080 2152 3111 per
2166 3071 2286 3111 Papam
2309 3071 2375 3102 dari
2389 3071 2494 3102 indul-

1435 3115 1556 3155 gentias
1578 3115 1761 3145 indiscretas
1794 3120 1826 3145 et
1848 3114 1957 3155 quoad
1980 3124 2108 3145 causam
2139 3120 2171 3145 et
2200 3114 2309 3155 quoad
2332 3121 2493 3146 eventum.

1492 3159 1544 3190 IV.
1569 3159 1619 3190 Ad
1634 3159 1779 3199 primum
1795 3168 1871 3199 ergo
1887 3160 1921 3189 in
1937 3160 2124 3199 oppositum
2136 3160 2153 3176 ⁴*
2169 3159 2284 3190 dicitur
2300 3159 2388 3199 quod
2404 3169 2494 3200 prae—

1435 3203 1552 3234 dicatio
1575 3203 1737 3234 Ecclesiae
1767 3202 1876 3243 quoad
1902 3202 2114 3243 indulgentias
2143 3203 2306 3243 tripliciter
2328 3213 2362 3234 se
2388 3205 2492 3235 habet.

1434 3248 1553 3284 Primo,
1570 3248 1741 3278 narrative:
1759 3253 1856 3287 prout
1871 3248 1990 3277 scilicet
2005 3253 2108 3277 narrat
2124 3253 2274 3278 contenta
2289 3248 2323 3278 in
2339 3248 2434 3278 bulla.
2452 3249 2494 3278 Et

1434 3292 1486 3321 hic
1497 3291 1585 3322 nulla
1597 3296 1644 3322 est
1658 3291 1790 3322 falsitas:
1809 3292 1963 3332 quoniam
1979 3292 2115 3322 narratio
2132 3297 2179 3322 est
2194 3301 2277 3322 vera.
2294 3309 2315 3314 -
2331 3292 2492 3329 Secundo,

1434 3335 1658 3366 doctrinaliter.
1682 3336 1723 3366 Et
1745 3336 1796 3366 hic
1820 3335 2091 3376 subdistinguitur.
2121 3336 2180 3366 Vel
2203 3335 2351 3366 docendo
2376 3336 2492 3367 doctri-

1434 3389 1508 3410 nam
1531 3379 1616 3410 fidei.
1652 3380 1692 3410 Et
1716 3380 1760 3410 sic
1784 3380 1879 3410 etiam
1905 3380 2032 3410 nullum
2061 3385 2108 3410 est
2131 3380 2311 3420 periculum
2333 3380 2490 3411 falsitatis:

1434 3425 1606 3464 quoniam,
1630 3424 1712 3454 sicut
1734 3423 1812 3454 fides
1839 3433 1907 3454 non
1930 3434 1963 3454 se
1987 3423 2126 3454 extendit
2148 3423 2188 3454 ad
2210 3425 2302 3455 istam
2324 3424 2492 3464 indulgen-

1433 3469 1510 3498 tiam
1533 3474 1588 3498 aut
1602 3469 1694 3499 istam
1710 3477 1838 3499 causam
1853 3469 1942 3499 istius
1959 3467 2183 3508 indulgentiae,
2200 3469 2243 3498 ita
2265 3478 2325 3499 nec
2349 3468 2493 3499 doctrina

2533 434 2543 443 ·
2557 432 2628 454 Num.
2641 438 2657 455 1.

2534 872 2545 883 ·
2559 871 2630 894 Num.
2644 877 2673 899 iv,
2689 879 2710 894 v.

2521 3170 2531 3179 ·
2545 3168 2616 3191 Num.
2631 3175 2649 3191 1.
