2918 4088
453 206 526 242 358

822 209 1085 255 QUAESTIO
1115 208 1184 244 DE
1214 206 1467 244 MINISTRO
1498 203 1836 241 SACRAMENTI
1866 203 2260 241 POENITENTIAE

661 518 771 572 DE
809 514 1199 571 MINISTRO
1239 429 1775 566 ὃΑὲῙΙζῇῗίῗῖξῖΙΤΟΙ
1811 511 2425 570 ΡΟΕΝΙΤΕΝΤΙΑΕ

1211 639 1581 690 QUAESITUM
1618 640 1872 682 UNICUM

523 747 583 778 AN
608 747 813 778 MINISTER
837 744 1118 777 SACRAMENTI
1141 742 1469 773 POENITENTIAE
1492 742 1640 773 POSSIT
1665 743 1766 774 ESSE
1791 743 2016 775 SACERDOS
2040 745 2212 783 ABSQUE
2237 745 2561 778 IURISDICTIONE

519 854 589 873 mm
612 843 792 874 ministrum
823 842 1009 872 sacramenti
1030 839 1263 880 poenitentiae,
1288 839 1450 879 quaeritur
1473 849 1513 870 an

455 855 617 929 Cpossit
641 898 708 918 esse
731 887 877 918 sacerdos
904 887 1023 926 absque
1047 885 1276 916 iurisdictione.

507 934 547 964 Et
563 940 609 964 est
625 934 703 963 ratio
721 933 808 963 dubii
821 934 847 968 ἦ,
861 938 930 962 tum
946 932 1020 970 quia
1037 929 1200 960 confessor
1216 929 1334 960 summi
1350 927 1514 959 pontificis

451 979 607 1008 ministrat
630 978 659 1007 ei
682 982 917 1008 secramentum
945 977 1160 1015 poenitentiae
1191 976 1259 1006 sola
1282 980 1440 1016 potestate
1464 984 1515 1005 or-

452 1021 552 1051 dinis:
579 1032 654 1052 cum
677 1028 867 1062 potestatem
884 1022 1109 1052 iurisdictionis
1125 1031 1221 1062 super
1237 1031 1312 1052 eum
1329 1021 1443 1051 habere
1459 1030 1515 1050 ne-

452 1073 557 1106 queat.

506 1112 591 1142 Tum
624 1112 698 1150 quia
721 1111 846 1141 videtur
876 1112 1091 1141 communiter
1121 1110 1184 1140 dici
1212 1110 1301 1150 quod
1331 1110 1399 1140 sola
1422 1115 1515 1150 pote-

450 1161 511 1186 stas
531 1156 650 1186 ordinis
673 1156 788 1187 sufficit
804 1157 843 1187 ad
859 1156 1091 1187 absolvendum
1107 1166 1125 1186 a
1141 1157 1279 1196 peccatis
1294 1156 1471 1186 venialibus
1487 1156 1513 1185 θ’.

506 1201 592 1230 Tum
616 1202 691 1241 quia
706 1201 831 1231 videtur
847 1203 942 1232 etiam
959 1203 1175 1232 communiter
1190 1201 1252 1232 dici
1269 1201 1359 1241 quod
1375 1206 1515 1242 potestas

450 1245 568 1275 ordinis
593 1254 630 1274 ex
654 1255 686 1275 se
710 1255 743 1276 se
760 1246 942 1277 extenderet
957 1246 997 1277 ad
1013 1257 1126 1278 omnes
1142 1247 1365 1283 absolvendos,
1382 1247 1443 1276 nisi
1459 1256 1516 1287 per

449 1290 625 1320 Ecclesiam
650 1296 754 1320 essent
777 1291 928 1323 limitatae
951 1292 1187 1323 iurisdictiones
1202 1293 1229 1322 ’ἢ

502 1334 542 1364 In
567 1335 747 1375 oppositum
780 1341 826 1366 est
850 1337 1013 1368 decretum
1041 1337 1153 1368 Omnis
1177 1337 1344 1377 utriusque
1366 1345 1464 1366 sexus
1487 1337 1514 1366 ’ἦ

504 1380 541 1410 ΙΙ.
565 1380 617 1410 Ad
633 1381 824 1412 evidentiam
840 1383 946 1419 huius,
966 1382 1133 1413 sciendum
1150 1388 1196 1413 est
1212 1381 1312 1422 quod,
1325 1382 1399 1412 licet
1414 1381 1515 1411 multa

449 1423 620 1455 doctorum
636 1427 731 1457 verba
749 1436 863 1458 sonare
878 1429 1045 1460 videantur
1068 1428 1170 1458 solam
1186 1427 1306 1458 ordinis
1322 1432 1514 1466 potestatem

449 1469 645 1510 quandoque
658 1471 803 1502 sufficere
819 1472 858 1503 ad
874 1474 937 1504 hoc
953 1479 1198 1508 sacramentum,
1212 1471 1391 1503 secundum
1407 1478 1514 1502 tamen

447 1514 492 1544 rei
516 1516 680 1547 veritatem
703 1527 872 1557 nunquam
895 1518 1021 1555 sufficit,
1043 1517 1099 1548 sed
1122 1527 1249 1558 semper
1273 1517 1416 1557 exigitur,
1434 1517 1515 1548 ultra

448 1564 639 1598 potestatem
663 1561 799 1597 ordinis,
828 1564 998 1594 auctoritas
1021 1563 1246 1594 iurisdictionis
1270 1562 1379 1602 aliquo
1402 1562 1514 1593 modo.

449 1604 489 1634 Et
512 1606 575 1636 hoc
599 1606 731 1646 quidem
761 1617 828 1637 non
852 1608 959 1639 solum
982 1619 1040 1649 per
1063 1608 1240 1639 Ecclesiam
1267 1607 1514 1638 determinatum

449 1654 504 1685 est,
529 1650 585 1680 sed
608 1660 645 1681 ex
669 1652 737 1691 ipsa
759 1654 947 1684 sacramenti
963 1659 1075 1684 natura
1090 1654 1233 1684 habetur.
1258 1652 1410 1692 Legimus
1427 1653 1514 1683 enim

347 1703 395 1725 pro
447 1695 482 1724 in
505 1693 655 1725 Concilio
679 1696 866 1727 Florentino
883 1698 899 1714 ⁴*
923 1698 982 1734 sub
1006 1699 1153 1739 Eugenio
1178 1698 1230 1733 IV,
1256 1696 1346 1737 quod
1369 1697 1516 1728 minister

447 1738 543 1769 huius
565 1741 761 1771 sacramenti
786 1747 834 1772 est
854 1743 1007 1774 sacerdos
1034 1744 1153 1774 habens
1176 1743 1402 1773 auctoritatem
1426 1742 1515 1773 ordi-

449 1784 578 1814 nariam
601 1787 652 1816 νεὶ
674 1786 866 1828 delegatam.
891 1788 938 1817 Ex
962 1797 1029 1828 quo
1053 1794 1140 1828 patet
1163 1787 1252 1828 quod
1275 1787 1423 1818 sacerdos
1446 1787 1515 1818 sola

449 1829 568 1860 ordinis
592 1837 749 1872 potestate
773 1831 872 1863 fultus
895 1842 962 1862 non
979 1838 1026 1863 est
1045 1834 1189 1864 minister
1204 1833 1300 1863 huius
1315 1833 1514 1863 sacramenti.

449 1875 490 1904 Et
513 1884 589 1905 cum
612 1877 645 1908 in
669 1878 836 1917 proposito
860 1887 928 1908 non
951 1878 1065 1908 habeat
1087 1878 1198 1908 locum
1222 1877 1382 1908 distinctio
1406 1877 1459 1907 illa
1475 1876 1514 1907 de

448 1920 593 1950 ministro
627 1933 665 1953 ex
688 1922 796 1952 officio
823 1922 874 1952 vel
900 1923 934 1952 in
964 1922 1098 1953 articulo
1126 1923 1339 1958 necessitatis,
1372 1922 1514 1953 sicut.in

209 1964 422 2012 'Cf-P³‘{·¹¹¹·qu·
448 1965 607 2004 baptismo
624 1968 657 2003 ἢ
683 1972 811 2007 oportet
834 1966 939 1998 dicere
964 1968 1064 2008 quod,
1084 1968 1110 1997 si
1133 1967 1280 1998 sacerdos
1304 1967 1371 1997 sola
1394 1966 1514 1997 ordinis

209 1997 356 2020 txvn‚ar.3
371 1998 423 2019 ψ’
447 2016 605 2050 potestate
629 2012 787 2047 absolvat,
812 2018 1046 2043 sacramentum
1069 2013 1195 2043 nullum
1220 2018 1282 2048 est,
1308 2013 1383 2052 quia
1407 2011 1515 2042 deficit

447 2056 601 2086 minister.

503 2101 560 2131 Est
583 2109 717 2140 quoque
741 2105 975 2131 sacramentum
999 2101 1062 2131 hoc
1086 2111 1124 2131 ex
1140 2111 1197 2131 sua
1212 2107 1325 2132 natura
1347 2100 1512 2131 iudiciale:

448 2146 602 2185 quoniam
625 2144 729 2175 forma
752 2146 820 2176 eius
844 2146 988 2175 consistit
1010 2146 1043 2176 in
1063 2151 1136 2176 actu
1152 2146 1266 2177 iudicis
1282 2152 1318 2177 ut
1333 2147 1388 2177 sic.
1413 2146 1514 2176 Actus

448 2196 555 2221 autem
571 2189 737 2226 iudicialis,
751 2190 847 2220 etiam
863 2190 888 2220 si
904 2189 1045 2230 fingendi
1062 2190 1155 2220 detur
1170 2191 1307 2226 licentia,
1323 2200 1391 2221 non
1407 2196 1515 2230 potest

446 2236 579 2275 intelligi
602 2235 740 2265 exerceri
762 2235 823 2264 nisi
846 2235 879 2264 in
900 2234 1073 2265 subditum.
1098 2235 1197 2275 Igitur
1211 2245 1279 2265 non
1296 2245 1334 2266 ex
1350 2235 1513 2266 Ecclesiae

447 2280 697 2315 constitutione,
727 2278 783 2309 sed
811 2289 849 2309 ex
876 2279 976 2319 ipsius
999 2280 1188 2310 sacramenti
1214 2279 1370 2310 iudicialis
1401 2285 1513 2311 natura

448 2326 582 2365 exigitur
603 2329 744 2364 potestas
766 2323 993 2354 iurisdictionis
1016 2325 1049 2354 in
1071 2325 1135 2354 hoc
1159 2330 1367 2355 sacramento.

502 2369 554 2399 III.
579 2369 756 2409 Dupliciter
780 2374 887 2399 autem
911 2369 1068 2408 contingit
1090 2369 1199 2399 haberi
1214 2374 1405 2409 potestatem
1421 2369 1514 2399 iuris-

448 2414 605 2445 dictionis.
639 2413 768 2448 Primo,
796 2423 833 2443 ex
856 2418 944 2453 parte
968 2413 1115 2453 principii
1138 2413 1318 2449 iudicandi,
1351 2414 1394 2444 ita
1423 2412 1513 2453 quod

447 2464 586 2499 potestas
610 2459 677 2498 ipsa
699 2457 925 2488 iurisdictionis
949 2458 988 2487 sit
1011 2458 1205 2498 principium
1229 2458 1356 2488 iudicii:
1382 2458 1464 2488 sicut
1479 2458 1513 2488 in

447 2503 642 2534 naturalibus
666 2502 752 2532 calor
771 2507 818 2533 est
833 2503 1027 2542 principium
1043 2502 1258 2538 calefaciendi,
1279 2508 1310 2533 et
1325 2503 1358 2533 in
1374 2502 1513 2542 politicis

448 2553 588 2588 potestas
610 2547 762 2587 principis
787 2552 833 2577 est
855 2547 1049 2586 principium
1073 2546 1237 2586 puniendi,
1263 2553 1294 2577 et
1316 2548 1349 2577 in
1366 2547 1513 2577 ecclesia-

448 2593 533 2622 sticis
548 2597 688 2632 potestas
702 2590 868 2632 pontificia
884 2596 931 2621 est
945 2591 1140 2631 principium
1157 2591 1468 2627 excommunicandi,
1483 2597 1514 2622 et

448 2635 644 2667 huiusmodi.
668 2653 689 2659 -
712 2636 786 2666 Alio
802 2635 902 2666 modo
918 2636 1078 2666 invenitur
1093 2635 1269 2666 iurisdictio
1286 2646 1324 2666 ex
1339 2642 1428 2676 parte
1444 2637 1513 2667 eius

449 2681 504 2721 qui
528 2679 716 2711 iudicandus
741 2686 802 2710 est:
832 2680 914 2711 sicut
937 2680 1094 2720 contingit
1116 2680 1149 2710 in
1172 2680 1293 2711 iudicio
1321 2681 1512 2712 arbitrorum

448 2735 467 2755 a
486 2725 627 2765 partibus
642 2730 767 2755 tanturn
786 2730 977 2764 potestatem
993 2725 1181 2754 habentium
1201 2735 1238 2755 ex
1254 2726 1317 2755 hoc
1333 2726 1404 2765 ipso
1422 2725 1512 2766 quod

447 2769 508 2800 illis
531 2779 564 2799 se
588 2770 779 2799 submittunt
803 2770 835 2799 in
859 2769 912 2799 illa
936 2778 1039 2799 causa.

503 2813 539 2843 In
554 2814 699 2844 ministro
716 2823 792 2844 vero
809 2813 996 2843 sacramenti
1019 2814 1245 2853 poenitentiae,
1263 2823 1338 2844 cum
1355 2814 1512 2846 ordinaria

447 2858 499 2888 vel
515 2857 656 2898 delegata
672 2868 690 2888 a
705 2858 862 2898 superiori
877 2863 1033 2898 potestate
1050 2863 1096 2888 est
1111 2859 1263 2893 minister.
1281 2859 1355 2889 licet
1370 2860 1512 2890 invenia-

447 2907 499 2932 mr
512 2907 652 2942 potestas
668 2902 894 2932 iurisdictionis
909 2903 1014 2942 primo
1030 2902 1141 2938 modo,
1155 2903 1194 2933 ad
1210 2904 1454 2934 ministrandum
1466 2910 1512 2935 ta-

447 2955 523 2976 men
539 2952 771 2977 sacramentum
795 2947 1011 2986 poenitentiae
1027 2946 1143 2977 sufficit
1158 2953 1298 2987 potestas
1321 2948 1512 2979 iurisdictio-

448 2991 496 3020 nis
513 2990 654 3021 secundo
678 2991 788 3021 modo.
813 2991 854 3021 Et
869 2991 948 3020 ratio
970 2996 1025 3027 est,
1044 2992 1119 3031 quia
1135 2993 1368 3023 sacramentalis
1384 2994 1512 3024 absolu-

448 3035 544 3065 tionis
567 3036 761 3075 principium
780 3044 847 3065 non
864 3040 911 3065 est
926 3041 1066 3075 potestas
1089 3036 1325 3073 iurisdictionis,
1343 3037 1398 3068 sed
1421 3044 1512 3078 pote-

449 3084 510 3108 stas
527 3079 662 3109 ordinis:
687 3085 826 3119 potestas
850 3085 957 3109 autem
981 3080 1207 3110 iurisdictionis
1226 3083 1388 3112 concurrit
1404 3082 1513 3122 quoad

449 3123 511 3153 hoc
535 3123 641 3153 solum
665 3124 753 3163 quod
778 3123 851 3154 facit
874 3124 913 3154 de
936 3130 1104 3164 peccatore
1128 3125 1302 3162 subditum,
1319 3126 1368 3156 vel
1392 3127 1512 3167 simpli-

210 940 221 950 *
237 939 272 960 Cf.
288 945 351 959 num.
367 944 397 959 iv.

212 1164 221 1173 '
237 1162 272 1184 Cf.
288 1167 350 1183 num.
366 1167 387 1182 v.

211 1296 220 1304 ·
235 1293 270 1315 Cf.
286 1299 348 1314 num.
364 1299 394 1315 vi.

211 1344 220 1352 ·
243 1342 277 1362 De
295 1341 384 1363 Poenit.
400 1343 422 1362 el

210 1369 306 1391 Rerniss.

209 1701 219 1708 ·
238 1698 328 1719 Decrex.

209 1724 227 1746 A
232 1725 326 1746 rme-nis.

1568 840 1644 870 citer
1667 841 1718 871 vel
1742 840 1850 881 quoad
1877 842 1950 872 talia
1976 848 2117 882 peccata.
2149 843 2190 873 Et
2212 843 2287 874 hinc
2314 843 2350 874 fit
2373 850 2408 874 ut
2435 845 2634 885 quicumque

1567 890 1674 925 potest
1689 895 1723 916 se
1739 886 1895 916 subiicere
1910 887 1943 917 in
1960 887 2031 918 foro
2055 888 2276 928 poenitentiali
2292 889 2345 919 cui
2365 889 2443 925 vult,
2459 899 2528 920 non
2544 896 2635 930 egeat

1567 929 1695 960 aliunde
1715 931 1933 962 iurisdictione
1949 932 1983 962 in
1998 933 2195 964 ministrante
2219 935 2278 964 sibi
2301 935 2365 965 hoc
2388 940 2634 966 sacramentum.

1623 975 1675 1005 IV.
1700 975 1741 1006 Et
1764 985 1821 1016 per
1844 977 1906 1006 hoc
1928 983 2016 1016 patet
2038 979 2205 1018 responsio
2229 979 2269 1009 ad
2292 980 2433 1019 primum
2448 981 2475 1010 ff.
2499 980 2547 1010 Ex
2570 981 2634 1011 hoc

1569 1021 1655 1050 enim
1679 1020 1768 1063 quod
1792 1021 1944 1053 Summus
1967 1022 2115 1053 Pontifex
2138 1024 2219 1054 nulli
2242 1024 2275 1054 in
2296 1025 2384 1055 terris
2407 1024 2553 1055 subditus
2576 1030 2633 1061 est,

1567 1070 1674 1104 potest
1701 1066 1843 1105 seipsum
1873 1066 2008 1097 subdere
2038 1067 2072 1097 in
2095 1067 2167 1098 foro
2190 1069 2412 1108 poenitentiali
2434 1070 2564 1100 cuilibet
2586 1080 2635 1100 sa-

1568 1109 1699 1140 cerdoti.
1724 1110 1792 1140 Nec
1815 1110 1981 1141 confessor
2003 1111 2056 1142 ille
2079 1112 2190 1147 habet,
2214 1115 2343 1154 proprie
2366 1114 2551 1154 loquendo,
2574 1125 2635 1155 po-

1567 1160 1713 1185 testatem
1729 1155 1956 1186 iurisdictionis
1979 1166 2075 1197 super
2090 1157 2176 1197 Papa
2192 1160 2379 1197 poenitente
2395 1170 2413 1190 a
2429 1159 2568 1196 Christo,
2583 1160 2636 1190 vel

1568 1199 1721 1236 Ecclesia,
1745 1199 1797 1231 vel
1820 1200 1859 1230 ab
1883 1200 1954 1240 ipso
1978 1201 2065 1241 Papa
2087 1208 2241 1242 tanquam
2264 1213 2282 1233 a
2305 1205 2489 1244 superiore:
2517 1204 2574 1235 sed
2596 1214 2636 1236 ex

1567 1245 1631 1274 hoc
1655 1245 1726 1283 ipso
1751 1244 1841 1284 quod
1864 1245 1950 1285 Papa
1973 1255 2006 1276 se
2029 1246 2137 1277 subdit
2159 1247 2214 1278 illi.
2239 1248 2280 1278 Et
2302 1249 2354 1278 hic
2377 1248 2495 1279 modus
2510 1248 2636 1280 iurisdi-

1569 1289 1684 1320 ctionis
1693 1289 1856 1320 reductive
1868 1295 1989 1329 spectat
2001 1290 2041 1321 ad
2052 1291 2305 1322 iurisdictionem
2318 1292 2509 1333 delegatam:
2523 1303 2637 1334 quam-

1568 1336 1615 1365 vis
1638 1335 1767 1374 proprie
1791 1344 1858 1364 non
1881 1335 1921 1365 sit
1944 1334 2096 1374 delegata.

1622 1379 1661 1410 V.
1686 1378 1738 1409 Ad
1761 1378 1940 1410 secundum
1955 1379 2070 1410 dicitur
2093 1380 2193 1420 quod,
2210 1381 2287 1421 quia
2311 1382 2420 1422 quoad
2435 1388 2566 1422 peccata
2582 1393 2636 1414 ve-

1567 1424 1663 1455 nialia
1686 1424 1820 1464 quilibet
1844 1429 1890 1455 est
1913 1425 1992 1455 liber
2018 1431 2166 1464 respectu
2189 1428 2378 1457 sacramenti
2401 1428 2636 1467 poenitentiae,

1568 1479 1608 1500 eo
1633 1469 1722 1509 quod
1745 1470 1853 1500 nullus
1876 1475 2002 1500 tenetur
2025 1469 2171 1501 confiteri
2189 1472 2338 1508 venialia;
2362 1472 2436 1503 ideo
2452 1473 2526 1503 satis
2541 1474 2637 1504 ratio-

1567 1515 1672 1545 nabile
1696 1520 1743 1545 est
1767 1514 1856 1554 quod
1880 1515 2014 1555 quilibet
2037 1521 2143 1555 potest
2166 1526 2200 1547 se
2223 1516 2358 1547 subdere
2382 1518 2435 1548 cui
2451 1518 2520 1548 vult
2535 1527 2637 1549 sacer-

1567 1559 1635 1589 doti
1659 1569 1717 1599 pro
1742 1566 1940 1590 sacramento
1965 1562 2182 1600 poenitentiae
2206 1562 2390 1592 venialium.
2415 1562 2456 1592 Et
2479 1563 2524 1594 sic
2547 1563 2637 1595 inve-

1566 1605 1653 1634 nitur
1676 1605 1727 1635 hic
1750 1614 1818 1635 non
1842 1605 1910 1635 sola
1934 1610 2074 1645 potestas
2097 1605 2235 1642 ordinis,
2268 1606 2324 1637 sed
2347 1612 2488 1647 potestas
2511 1607 2637 1639 iurisdi-

1568 1649 1682 1679 ctionis
1705 1648 1877 1679 reductive.
1902 1649 1995 1687 Quae
2019 1650 2094 1690 quia
2117 1660 2185 1680 non
2201 1656 2248 1681 est
2267 1652 2397 1691 proprie
2413 1651 2567 1693 delegata,
2590 1658 2637 1684 ta-

1567 1694 1628 1724 cita
1651 1693 1775 1724 videtur
1798 1704 1816 1724 a
1839 1694 2018 1725 dicentibus
2042 1695 2132 1735 quod
2155 1696 2224 1726 sola
2246 1701 2387 1736 potestas
2404 1696 2525 1728 ordinis
2540 1698 2636 1729 mini·

1567 1743 1642 1768 strat
1665 1744 1898 1769 sacramentum
1921 1739 2112 1770 venialibus:
2138 1750 2214 1771 cum
2237 1746 2355 1777 tamen,
2378 1741 2559 1773 secundum
2579 1745 2636 1774 ve-

1566 1784 1701 1819 ritatem,
1718 1785 1744 1814 si
1758 1784 1850 1814 nullo
1865 1783 1965 1814 modo
1982 1785 2157 1815 iurisdictio
2174 1786 2389 1822 interveniret,
2410 1787 2537 1818 nullum
2553 1793 2636 1819 esset

1567 1834 1812 1864 sacramentum,
1837 1834 1873 1859 ut
1896 1829 2018 1859 dictum
2042 1835 2089 1860 est
2104 1831 2131 1860 ἕ.

1623 1872 1710 1903 Cave
1733 1879 1841 1904 tamen
1865 1883 1905 1904 ne
1929 1874 2115 1904 huiusmodi
2138 1874 2393 1906 iurisdictionem
2421 1877 2572 1908 extendas
2595 1877 2636 1909 ad

1567 1918 1804 1948 absolutionem
1823 1918 1862 1948 ab
1879 1919 2213 1950 excommunicatione
2229 1921 2357 1957 minori,
2375 1922 2471 1952 etiam
2486 1931 2544 1961 per
2558 1931 2635 1962 pec-

1568 1968 1675 1993 catum
1698 1963 1821 1993 veniale
1845 1960 1981 1994 incursa.
2005 1963 2098 2000 Nam,
2123 1965 2199 2004 quia
2220 1966 2513 1996 excommunicatio
2528 1968 2637 1998 minor

1566 2007 1733 2038 vinculum
1757 2013 1803 2038 est
1825 2007 2046 2039 introductum
2070 2019 2088 2038 a
2111 2014 2267 2048 potestate
2290 2010 2528 2048 iurisdictionis,
2552 2021 2636 2053 quae

1567 2058 1614 2082 est
1637 2053 1832 2092 principium
1854 2052 1983 2089 iudicii,
2015 2054 2213 2093 impossibile
2237 2059 2285 2084 est
2315 2055 2404 2095 quod
2431 2057 2499 2087 sine
2525 2057 2636 2088 huius·

1566 2096 1656 2127 modi
1679 2103 1836 2137 potestate
1861 2098 2096 2135 iurisdictionis,
2122 2107 2206 2138 quae
2229 2104 2276 2129 est
2291 2101 2487 2141 principium
2503 2107 2637 2134 actuum

1566 2141 1782 2178 iudicialium,
1814 2143 1958 2173 absolvat
1985 2143 2056 2183 quis
2083 2144 2122 2173 ab
2147 2146 2483 2176 excommunicatione
2506 2147 2635 2179 minori.

1566 2186 1670 2222 Unde,
1696 2188 1842 2227 quamvis
1866 2188 1985 2218 habens
2009 2189 2143 2219 venialia
2167 2194 2292 2220 tantum
2315 2191 2417 2231 possit
2439 2201 2457 2221 a
2476 2200 2636 2231 quocum-

1566 2241 1630 2272 que
1654 2232 1818 2263 sacerdote
1841 2233 2058 2273 poenitentiae
2082 2241 2317 2266 sacramentum
2340 2236 2502 2276 suscipere
2518 2246 2556 2267 ex
2570 2237 2636 2268 hoc

1566 2278 1637 2317 ipso
1655 2278 1744 2317 quod
1759 2288 1792 2308 se
1809 2278 1916 2308 subdit
1930 2278 1985 2314 illi,
1998 2286 2066 2308 non
2081 2284 2188 2319 potest
2202 2285 2310 2311 tamen
2326 2290 2344 2310 a
2360 2288 2572 2322 quocumque
2586 2291 2636 2313 sa·

1566 2321 1695 2353 cerdote
1719 2323 1842 2353 absolvi
1857 2323 1896 2352 ab
1914 2324 2249 2355 excommunicatione
2272 2325 2407 2355 minori:
2424 2326 2489 2363 sed,
2507 2326 2532 2356 si
2547 2326 2635 2358 illam

1566 2367 1671 2401 habet,
1692 2372 1820 2407 oportet
1843 2367 1931 2407 prius
1948 2377 1966 2397 a
1976 2368 2115 2408 proprio
2138 2368 2307 2399 sacerdote
2322 2370 2339 2387 ⁴*
2362 2370 2400 2400 ab
2423 2370 2478 2401 illa
2501 2371 2634 2403 absolvi.
2661 2371 2780 2421 ''lgm-
2793 2373 2880 2396 ΟΜΝ*

1621 2411 1675 2441 Vl.
1699 2411 1751 2441 Ad
1774 2412 1903 2442 tertium
1927 2411 2042 2442 dicitur
2074 2412 2165 2452 quod
2187 2413 2267 2444 illud
2296 2413 2418 2444 dictum
2445 2421 2554 2455 potest
2575 2416 2636 2448 du·
2662 2405 2880 2458 αςὲἶὲιιωιῶἰχέἷί

1566 2456 1691 2496 pliciter
1713 2456 1862 2496 intelligi:
1887 2456 1938 2486 vel
1962 2461 1997 2486 ut
2021 2466 2134 2487 omnes
2157 2457 2338 2488 sacerdotes
2361 2468 2379 2488 a
2401 2460 2572 2500 principio,
2596 2471 2636 2493 ex
2661 2458 2727 2476 ’'⁸¹⁸’'

1566 2501 1630 2530 hoc
1644 2501 1716 2540 ipso
1740 2500 1830 2540 quod
1846 2506 1934 2531 erant
1949 2501 2139 2538 sacerdotes,
2157 2508 2305 2542 poterant
2321 2512 2436 2534 omnes
2452 2505 2634 2544 absolvere3

1566 2545 1617 2575 vel
1641 2544 1731 2585 quod
1754 2554 1868 2575 omnes
1891 2544 2072 2576 sacerdotes
2094 2547 2342 2578 instituebantur
2364 2557 2432 2578 non
2455 2549 2563 2581 solum
2586 2560 2636 2583 sa-

1567 2589 1713 2620 cerdotes
1736 2599 1941 2625 communes,
1965 2591 2021 2621 sed
2043 2591 2166 2622 iudices
2190 2601 2380 2624 communes
2403 2594 2436 2623 in
2461 2593 2532 2625 foro
2555 2604 2635 2635 poe-

1566 2635 1731 2665 nitentiali.
1767 2635 1892 2665 Primus
1922 2645 2033 2666 sensus
2064 2641 2111 2667 est
2141 2636 2255 2667 falsus:
2285 2638 2361 2677 quia
2385 2637 2424 2668 de
2446 2640 2635 2672 necessitate

1566 2682 1754 2711 sacramenti
1781 2680 1936 2711 iudicialis
1967 2686 2014 2711 est
2040 2681 2225 2712 iurisdictio.
2261 2681 2429 2713 Secundus
2453 2692 2564 2714 sensus
2588 2690 2636 2716 est

1566 2734 1669 2760 verus,
1694 2726 1860 2765 supposita
1883 2726 2013 2756 veritate
2035 2725 2127 2756 dicti:
2153 2726 2309 2766 quoniam
2325 2732 2398 2758 ante
2414 2727 2635 2760 distinctiones

1565 2770 1799 2809 parochiarum,
1818 2775 1888 2806 etc„
1909 2770 2088 2801 sacerdotes
2104 2777 2274 2811 utramque
2289 2777 2481 2812 potestatem
2497 2773 2634 2813 accipie·

1566 2815 1651 2850 bant,
1676 2815 1719 2844 ita
1742 2814 1831 2854 quod
1853 2821 1931 2845 tunc
1955 2820 2044 2845 erant
2067 2821 2099 2845 et
2121 2816 2301 2847 sacerdotes
2325 2826 2515 2847 communes
2537 2822 2570 2848 et
2583 2818 2634 2849 iu-

1566 2859 1651 2889 dices
1676 2869 1875 2890 communes.
1901 2859 2015 2890 Postea
2039 2865 2147 2890 autem
2170 2860 2358 2892 ordinantur
2381 2861 2512 2901 quidam
2530 2871 2633 2893 sacer-

1566 2903 1657 2934 dotes
1682 2913 1890 2939 communes,
1915 2903 1997 2934 fiunt
2019 2910 2127 2935 autem
2151 2904 2273 2936 iudices
2296 2906 2418 2946 proprii
2441 2906 2632 2946 assignando

1567 2949 1611 2978 eis
1634 2949 1744 2988 plebes
1763 2949 1916 2988 proprias.
1941 2949 1982 2979 Et
1998 2949 2091 2979 multi
2106 2949 2332 2990 relinquuntur
2346 2949 2526 2980 sacerdotes
2542 2961 2632 2982 com-

1566 3002 1681 3023 munes
1710 2994 1766 3033 qui
1794 3003 1961 3033 nunquam
1991 2993 2074 3024 fiunt
2101 2994 2222 3025 iudices
2254 3003 2315 3024 nec
2349 3003 2541 3025 communes
2570 3005 2632 3027 nec

1567 3038 1706 3078 proprii:
1733 3044 1767 3068 ut
1790 3043 1877 3078 patet
1900 3037 1939 3068 de
1963 3038 2011 3071 his
2035 3039 2090 3079 qui
2110 3048 2177 3069 non
2193 3044 2267 3069 sunt
2282 3039 2418 3079 expositi
2441 3038 2480 3069 ad
2499 3039 2632 3071 audien-

1566 3083 1642 3112 tiam
1667 3082 1926 3119 confessionum,
1958 3092 2018 3113 nec
2046 3083 2160 3123 aliquis
2183 3093 2217 3113 se
2240 3082 2346 3114 subdit
2369 3084 2414 3114 eis
2445 3084 2553 3124 quoad
2577 3094 2632 3116 ve-

1566 3127 1670 3162 nialia,
1696 3133 1756 3157 etc.
2011 3142 2015 3146 ·

2661 983 2671 993 ·
2687 981 2757 1003 Num.
2772 986 2789 1003 1.

2661 1835 2672 1846 ·
2687 1833 2757 1856 Num.
2772 1839 2797 1856 u.

1377 3301 1691 3380 *Qa-
