2918 4088
958 209 1221 256 QUAESTIO
1250 209 1388 256 LXIV,

1418 208 1711 246 ARTICULUS
1739 210 1788 246 VI
2408 222 2460 258 47

282 288 472 319 elusionem.
506 287 618 318 Omnis
641 288 728 318 enim
751 288 895 328 quaestio
919 293 965 318 est
987 287 1092 323 medii,
1116 293 1153 318 ut
1175 286 1290 318 dicitur
1311 287 1346 316 in
1371 293 1375 319 Ι
1399 287 1501 317 taliter
1524 292 1690 327 operatur;
1715 293 1746 317 et
1768 288 2015 318 instrumentum
2038 298 2105 319 non
2128 290 2271 329 propria,
2295 289 2351 320 sed
2373 290 2460 329 prin-

146 343 200 376 lect'
213 333 234 376 ,5-
246 332 310 362 ·11
325 333 448 364 Poster.
465 333 499 362 *z
525 338 556 362 et
578 332 750 372 praecipue
775 331 906 372 quando
923 332 1140 362 conclusionis
1154 331 1267 361 veritas
1290 330 1346 360 ha-

282 376 375 407 betur
395 385 455 417 pro
480 375 636 412 evidente,
661 382 697 406 ut
720 381 766 406 est
788 377 822 406 in
845 377 1022 416 proposito.
1057 375 1099 405 Et
1120 380 1289 414 propterea
1311 374 1345 404 in

281 420 384 451 littera
406 420 545 460 neglexit
566 420 690 450 Auctor
713 421 899 450 subsumere
923 419 962 450 de
985 420 1127 450 bonitate
1144 419 1196 448 vel
1215 418 1344 454 malitia,

282 469 315 494 et
336 464 478 495 ascendit
500 464 540 494 ad
562 464 775 495 universalem
797 465 954 494 rationem
972 462 1191 494 instrumenti:
1215 467 1261 498 ut,
1284 462 1345 492 hac

281 508 388 538 habita
410 509 583 539 summaria
609 509 739 544 notitia,
763 513 895 548 propter
918 507 996 547 quid
1019 507 1094 537 mali
1111 507 1246 536 ministri
1270 515 1345 546 pos-

281 557 357 583 sunt
379 552 524 583 conferre
547 558 752 589 sacramenta,
775 553 953 583 haberetur.

336 597 378 627 Et
399 602 448 627 est
469 597 503 627 in
526 602 680 637 promptu
708 597 956 636 consequentiae
979 595 1058 625 ratio
1083 594 1122 624 ad
1144 599 1344 634 praesentem

281 641 456 672 materiam.
480 641 646 679 Quoniam
661 641 787 671 bonitas
802 640 853 671 vel
867 639 988 670 malitia
1002 638 1131 669 moralis
1147 639 1206 669 hac
1222 639 1345 669 ratione

282 683 322 715 ad
344 685 524 716 ministrum
547 690 819 716 sacramentorum
833 683 1010 714 necessaria
1026 682 1172 718 creditur,
1193 683 1219 712 si
1235 692 1345 713 neces-

0 329 128 381 ,51611

281 729 362 759 saria
385 734 467 760 esset
489 729 565 769 quia
588 739 680 759 nemo
704 728 761 759 dat
782 728 869 769 quod
893 737 957 758 non
981 727 1083 757 habet.
1108 726 1200 764 Quae
1217 727 1296 757 ratio
1312 728 1346 757 in

281 773 384 803 littera
406 774 439 804 in
462 774 568 814 primo
591 778 780 812 argumento
804 771 945 802 affertur:
970 777 1002 801 et
1025 771 1140 801 dicitur
1162 770 1260 801 fuisse
1281 771 1346 812 Cy-

282 817 385 857 priani
409 817 563 858 Martyris.
599 817 647 847 Ex
671 817 735 847 hoc
765 816 852 847 enim
875 815 965 856 quod
987 816 1132 845 minister
1153 815 1347 846 instrumen-

312 1244 339 1271 ..ᾗ
364 1240 378 1264 51
394 1240 467 1282 ‘JK'

410 1252 467 1336 x}
491 1277 583 1315 mali
610 1277 867 1314 ministrantes
890 1282 1128 1312 sacramenta
1147 1287 1229 1311 non
1255 1286 1344 1324 pec-

273 1420 276 1421 .
329 1401 349 1417 1
462 1360 750 1428 ἱ55ειεῑιὲεέιῐῐιιεῐιῒί5,
770 1382 821 1419 ita
839 1394 909 1432 per
927 1393 1045 1431 opera
1063 1380 1242 1418 caritatis:
1273 1392 1343 1417 un-

279 1437 330 1474 de
356 1435 496 1474 dicitur
521 1438 621 1474 Heb.
651 1435 762 1473 ult*
771 1449 779 1472 ε
817 1436 1092 1484 Beneficentiae
1118 1440 1151 1470 et
1178 1446 1343 1470 commu-

279 1491 402 1527 niom‘s
429 1490 540 1527 nolite
567 1490 751 1527 oblivisci:
777 1489 909 1526 talibus
936 1489 1035 1524 enim
1055 1488 1179 1524 hostiis
1191 1498 1344 1536 prome-

279 1548 383 1580 retur
408 1543 521 1580 Deus.
552 1542 631 1580 Sed
658 1541 750 1579 mali
776 1553 858 1578 non
885 1547 1045 1599 peccant
1071 1539 1103 1576 si
1129 1539 1345 1576 ministrent

255 1596 364 1634 ·Deo
401 1595 442 1633 in
480 1595 662 1645 operibus
698 1593 881 1631 caritatis:
919 1592 1139 1641 quinimmo
1176 1592 1253 1628 hoc
1289 1599 1345 1628 est

37 1686 51 1698 ,
135 1659 154 1677 ⁶
278 1647 565 1687 consulendum
585 1653 614 1693 α,
644 1647 861 1684 secundum
888 1645 982 1682 illud
1003 1645 1101 1681 Dan.
1122 1656 1156 1680 iv
1175 1643 1212 1680 *ε
1246 1645 1344 1681 Con-

46 1684 182 1735 -v‘n'u'
276 1701 399 1739 silium
428 1713 552 1737 meum
581 1701 666 1750 regi
685 1700 855 1749 placeat:
876 1703 1033 1748 peccata
1059 1703 1123 1734 tua
1146 1697 1344 1745 eleemosy-

278 1755 336 1792 nis
363 1754 514 1791 redime.
545 1753 647 1812 Ergo
666 1752 818 1789 videtur
836 1751 944 1800 quod
963 1749 1054 1787 mali
1081 1761 1162 1786 non
1185 1756 1345 1799 peccent

277 1806 318 1845 in
345 1805 591 1844 sacramentis
619 1805 885 1843 ministrando.

332 1870 368 1897 2.
398 1861 640 1906 PRAETEREA,
670 1857 909 1908 quicumque
941 1855 1204 1893 communicat
1232 1855 1344 1893 alicui

277 1911 320 1950 in
344 1920 516 1963 peccato,
545 1911 661 1949 etiam
689 1911 770 1961 ipse
807 1918 863 1947 est
895 1922 983 1947 reus
1010 1908 1173 1958 peccati:
1208 1920 1343 1945 secun-

277 1966 376 2006 dum
393 1965 487 2004 illud
504 1967 616 2003 Rom.
637 1964 703 2002 1³¹²:
733 1965 882 2025 Dignus
905 1969 956 2000 est
974 1968 1093 2000 morte
1120 1975 1195 1999 non
1223 1962 1343 1999 solum

135 2022 151 2058 β
277 2021 345 2070 qui
362 2025 559 2070 peccatum
596 2020 695 2078 agit,
723 2018 789 2054 sed
823 2018 933 2054 etiam
962 2018 1026 2065 qui
1051 2013 1261 2053 consentitss
1285 2016 1344 2062 fa-

277 2073 464 2110 cientibus.
490 2071 567 2110 Sed
586 2071 618 2108 si
636 2070 728 2108 mali
747 2069 908 2107 ministri
926 2076 1086 2118 peccent
1107 2075 1344 2105 sacramenta

277 2123 543 2172 ministrando,
564 2123 615 2161 illi
634 2123 702 2173 qui
721 2123 770 2160 ab
799 2123 853 2160 eis
881 2129 1119 2159 sacramenta
1142 2121 1342 2180 recipiunt,

278 2178 333 2217 eis
369 2178 409 2216 in
445 2185 604 2228 peccato
641 2176 942 2214 communicant.
981 2176 1083 2234 Ergo
1121 2174 1237 2211 etiam
1271 2173 1344 2223 ipsi

277 2239 491 2282 peccarent.
522 2230 643 2278 Quod
669 2230 822 2266 videtur
848 2228 1137 2266 inconveniens.

334 2285 369 2322 3.
395 2286 636 2330 ΡκΑΕτΕῐιΕΑ,
666 2283 795 2320 nullus
821 2282 975 2319 videtur
1002 2293 1084 2318 esse
1116 2281 1341 2330 perplexus:

277 2338 370 2389 quia
397 2338 451 2375 sic
478 2338 600 2374 homo
629 2343 829 2384 cogeretur
862 2335 1084 2384 desperare,
1114 2333 1225 2382 quasi
1261 2345 1343 2369 non

133 2396 151 2423 t
276 2399 407 2442 posset
423 2396 441 2420 Υ
467 2397 671 2440 peccatum
707 2388 881 2426 evadere
924 2387 1001 2425 Sed
1029 2387 1060 2424 si
1088 2386 1178 2423 mali
1212 2398 1343 2435 pecca-

277 2451 363 2482 rent
380 2450 619 2482 sacramenta
645 2441 844 2489 tradendo,
873 2448 999 2478 essent
1026 2438 1215 2489 perplexi.
1252 2439 1344 2488 quia

278 2497 394 2535 etiam
431 2497 668 2546 quandoque
700 2501 903 2544 peccarent
931 2492 962 2530 si
990 2500 1228 2530 sacramenta
1262 2504 1343 2529 non
1364 2526 1366 2528 .

277 2549 480 2596 traderent,
508 2556 602 2598 puta
629 2560 721 2585 cum
749 2547 802 2584 eis
830 2559 878 2584 ex
905 2546 1034 2584 officio
1062 2545 1251 2582 incumbit
1277 2557 1342 2581 ne—
1356 2557 1360 2560 ·

278 2601 451 2648 cessitas;
481 2601 619 2639 dicitur
646 2600 751 2637 enim
778 2601 792 2637 I
824 2601 911 2637 Cor.
931 2612 966 2636 ix
984 2599 1022 2636 *z
1051 2601 1128 2636 Vae
1149 2599 1244 2635 mihi
1260 2606 1311 2635 est
1329 2596 1342 2620 δ

276 2657 310 2693 si
342 2657 417 2693 non
455 2654 780 2704 evangelizavero:
814 2655 1007 2690 necessitas
1035 2654 1134 2688 enim
1170 2653 1262 2688 mihi
1288 2653 1343 2687 in-

277 2710 424 2746 cumbit.
455 2707 703 2756 Quandoque
723 2705 838 2743 etiam
855 2713 1012 2755 propter
1029 2704 1266 2754 periculum:
1296 2703 1343 2740 si-

278 2769 343 2799 cut
361 2761 392 2798 si
410 2773 518 2810 puer,
539 2760 579 2797 in
606 2759 778 2809 periculo
797 2758 931 2795 mortis
956 2758 1130 2804 existens,
1159 2757 1343 2794 offeratur

136 2817 148 2834 ⁸
277 2814 391 2852 alicui
409 2813 600 2863 peccatori
619 2811 913 2862 baptizanduS.
889 2816 902 2832 ε
943 2812 1045 2858 Ergo
1063 2810 1216 2847 videtur
1234 2810 1342 2859 quod

243 2892 250 2895 ι
277 2867 370 2905 mali
396 2879 477 2905 non
505 2873 664 2916 peccent
692 2871 929 2902 sacramenta
955 2863 1220 2900 ministrando.

332 2921 406 2959 SED
427 2931 569 2957 CONTRA
590 2930 656 2956 EST
674 2917 782 2967 quod
801 2915 1011 2966 Dionysius
1025 2915 1124 2962 dicit,
1140 2927 1150 2952 1
1167 2927 1249 2964 cap.
1270 2917 1341 2952 Ec-

277 2973 362 3011 cles.
380 2975 491 3010 Hier.
510 2972 541 3020 ²¹²,
571 2971 679 3021 quod
706 2971 814 3008 malis
842 2983 916 3007 non
945 2974 996 3006 est
1024 2969 1086 3015 fas
1118 2980 1236 3017 neque
1261 2974 1341 3005 tan-

276 3039 370 3078 gere
394 3026 587 3076 symbola,
617 3024 714 3062 idest
744 3021 1031 3060 sacramentalia
1063 3021 1178 3069 signa.
1220 3021 1268 3057 Et
1302 3020 1342 3057 in

59 3079 250 3110 mmm-⁵²·
278 3079 449 3130 Epistola
483 3079 534 3117 ad
569 3077 832 3127 Demophilum
857 3075 877 3097 ²¹⁶
905 3074 1008 3112 dicit:
1047 3075 1167 3120 Talis,
1203 3073 1343 3111 scilicet

276 3140 467 3184 peccator,
487 3131 617 3169 audax
634 3131 777 3169 videtur
794 3128 1081 3167 sacerdotalibus
1099 3139 1255 3164 manum
1276 3128 1341 3163 im-

132 3180 151 3214 ’ζ
271 3185 467 3236 Ροηεηςῑ;
496 3191 530 3222 et
558 3197 632 3222 non
651 3185 752 3221 timet
779 3194 897 3232 neque
914 3180 1196 3226 verecundatur,
1217 3180 1343 3217 divina

39 1445 52 1456 ·
67 1443 132 1466 Vm.
148 1443 183 1466 ¹6.

22 1950 180 1998 &vm-32.

5 2965 52 3001 b

0 3021 51 3155 ξ

7 3167 15 3184 O

2 3220 21 3344 Ξ

11 3690 25 3756 i

331 3317 359 3352 α)
377 3317 576 3344 consulendum.
593 3331 613 3336 -
631 3317 668 3342 eis
686 3315 875 3342 consulendum
894 3315 935 3340 ΡΙ.
952 3328 972 3333 -
989 3314 1039 3338 Pro
1058 3313 1124 3346 regi,
1144 3312 1193 3337 tibi
1210 3312 1240 3337 P.
1367 3311 1371 3339 Ι

331 3353 358 3388 β)
377 3354 484 3387 Dignus
502 3356 568 3379 est...
582 3355 722 3385 peccatum
741 3351 826 3385 agit...
840 3352 1010 3376 consentit-
1024 3349 1109 3382 D1'gni
1127 3351 1215 3373 sunt...
1230 3351 1344 3380 peccata

222 3419 229 3426 ,
271 3389 408 3425 faciunt...
426 3389 594 3414 consentiunt
613 3388 658 3419 P1;
673 3391 786 3420 peccata
804 3386 883 3412 etiam
903 3386 942 3411 bc.

330 3427 509 3484 {.posset-
522 3427 619 3456 potens
637 3423 677 3448 ΡΙ.

375 3463 423 3486 est.
440 3474 460 3479 —
477 3457 678 3488 Om.P1-:F‚et
695 3458 781 3483 ceteri.

375 3496 559 3529 baptizandus.
576 3508 596 3513 -
613 3494 676 3519 DFa
694 3499 720 3519 et
736 3494 823 3523 tertia;
843 3492 1043 3526 baptizandum.

331 3496 358 3566 3
377 3531 521 3564 imponens.
538 3544 558 3550 -
575 3537 711 3563 apponens
729 3529 769 3555 Pl.
787 3529 838 3570 Pro
857 3529 1025 3562 dignitatem,
1044 3526 1212 3552 divinitatem
1233 3525 1261 3550 P.

11 3870 24 3919 we

23 4076 25 4078 .
7 3951 28 4049 man-4,

831 1144 865 1169 lV
884 1143 967 1172 Sent„
986 1143 1045 1169 dist.
1063 1151 1088 1174 ν,
1108 1150 1152 1176 qu.
1171 1150 1198 1174 11,
1219 1147 1265 1167 art.
1286 1149 1309 1173 2,
1329 1142 1379 1175 qu⁸

1400 331 1509 371 cipalis
1526 331 1646 371 agentis
1662 331 1776 361 virtute
1792 331 1903 362 efficit:
1921 341 2121 372 consequens
2134 338 2180 362 est
2192 333 2357 364 manifeste
2370 333 2460 374 quod

1401 374 1441 405 ad
1464 374 1626 405 efficacem
1650 375 1855 405 collationem
1878 377 2066 406 sacramenti
2095 385 2163 406 non
2186 378 2318 416 exigitur
2344 378 2377 407 in
2400 378 2460 408 mi-

1400 419 1499 449 nistro
1522 419 1657 454 bonitas,
1682 428 1746 459 qua
1761 425 1994 449 sacramentum
2011 419 2120 449 efficax
2136 419 2286 450 conferat.
2310 420 2398 451 Idem
2414 427 2461 451 est

1400 463 1487 493 enim
1510 463 1663 493 malitiam
1686 463 1821 492 ministri
1843 463 1998 503 impedire
2028 464 2214 494 sacramenti
2246 464 2404 500 effectum,
2430 471 2461 495 et

1398 507 1580 537 ministrum
1607 516 1698 547 agere
1728 507 1856 546 propria
1879 507 2010 543 virtute,
2036 517 2118 547 quae
2144 517 2202 547 per
2224 508 2376 538 malitiam
2399 509 2460 539 tol-

1400 551 1525 581 leretur.

1454 595 1551 625 Nulla
1573 600 1620 625 est
1643 604 1719 634 ergo
1742 595 1854 635 petitio
1880 595 2045 635 principii:
2079 595 2134 625 sed
2162 596 2283 626 claritas
2312 598 2461 628 materiae

1399 639 1579 669 breviorem
1602 638 1706 669 effecit
1728 648 1914 679 processum
1937 639 2076 676 litterae;
2101 640 2134 670 in
2151 650 2214 680 qua
2236 641 2369 676 Auctor,
2386 643 2461 681 quia

1399 684 1478 713 ratio
1501 684 1570 723 ipsa
1593 693 1610 713 a
1634 683 1727 713 sacris
1750 683 1944 713 Doctoribus
1967 684 2071 723 posita
2094 683 2205 720 fuerat,
2227 690 2262 714 ut
2284 689 2371 724 patet
2392 686 2426 716 in
2441 696 2461 715 v

1400 727 1470 758 dist.
1484 727 1527 757 IV
1539 727 1636 763 Sent.,
1652 727 1775 757 vacavit
1790 728 1972 767 probationi
1987 728 2086 768 ipsius
2102 729 2242 764 rationis,
2255 729 2374 759 scilicet
2388 731 2461 760 uni-

1399 772 1511 802 versali
1539 771 1655 802 rationi
1684 772 1904 807 instrumenti,
1935 777 1972 802 ut
2001 773 2150 812 antiquae
2176 772 2353 803 traditionis
2379 774 2460 804 ratio

1399 816 1578 846 haberetur.

1094 969 1415 1011 ARTICULUS
1445 968 1655 1010 SEXTUS

784 1065 940 1096 UTRUM
964 1064 1070 1094 MALI
1094 1063 1415 1095 MINISTRANTES
1438 1063 1736 1094 SACRAMENTA
1759 1063 1962 1094 PECCENT

1398 1149 1429 1173 43
1449 1142 1507 1168 dist.
1526 1150 1592 1172 xxxv,
1611 1150 1655 1176 qu.
1673 1150 1691 1174 1,
1710 1148 1757 1167 art.
1778 1143 1801 1174 3,
1821 1143 1869 1175 qu*
1891 1142 1914 1168 5.

491 1237 513 1262 D
538 1237 681 1262 SEXTUM
709 1235 761 1260 SIC
790 1234 1026 1260 PROCEDITUR.
1055 1221 1217 1259 Videtur
1236 1221 1343 1271 quod
1391 1227 1545 1270 praeter
1563 1222 1778 1271 dignitatem
1797 1234 1993 1271 exequens,
2008 1228 2041 1258 et
2059 1223 2181 1259 Deum
2194 1229 2332 1272 putans
2355 1225 2460 1274 igno-

1397 1287 1486 1311 rare
1504 1275 1603 1324 quod
1620 1276 1696 1324 ipse
1714 1276 1752 1311 in
1775 1277 1893 1324 seipso
1912 1277 2103 1325 cognovit;
2131 1282 2163 1312 et
2188 1276 2356 1326 decipere
2383 1279 2458 1314 exi-

1396 1329 1518 1365 stimat
1539 1328 1645 1376 salso
1674 1329 1824 1365 nomine
1849 1329 2000 1365 Patrem
2028 1330 2076 1365 ab
2104 1330 2182 1378 ipso
2214 1330 2460 1379 appellatum;

1396 1386 1430 1417 et
1457 1381 1566 1417 audet
1593 1381 1803 1418 immundas
1837 1382 2031 1428 infamias,
2062 1394 2136 1418 non
2165 1382 2287 1419 dicam
2322 1385 2458 1421 oratio-

1397 1445 1472 1479 nes,
1496 1446 1607 1483 super
1633 1434 1759 1471 divina
1785 1435 1896 1484 signa
1925 1435 2230 1484 Christiformiter
2254 1438 2457 1473 enuntiare.

1450 1487 1674 1523 RESPONDEO
1706 1498 1888 1524 mcENDnM
1925 1488 2032 1535 quod
2066 1487 2202 1537 aliquis
2236 1487 2275 1525 in
2309 1489 2458 1536 agendo

1380 1534 1529 1587 *peccat
1547 1551 1594 1575 ex
1613 1540 1689 1576 hoc
1707 1539 1814 1589 quod
1834 1548 2015 1588 operatur
2034 1553 2108 1577 non
2135 1541 2336 1578 secundum
2362 1542 2462 1591 quod

1398 1597 1558 1640 oportet:
1584 1598 1627 1628 ut
1644 1598 1746 1640 patet
1764 1603 1834 1640 per
1861 1592 2155 1641 Philosophum,
2175 1593 2215 1630 in
2242 1593 2338 1631 libro
2358 1596 2458 1631 Ethi-

1397 1655 1528 1680 corum
1547 1643 1577 1679 ⁵⁸.
1607 1643 1761 1680 Dictum
1784 1651 1839 1680 est
1857 1652 1987 1681 autem
2001 1644 2042 1666 *²¹²
2060 1645 2295 1683 conveniens
2315 1659 2398 1683 esse
2417 1655 2460 1684 ut

1398 1703 1728 1733 sacramentorum
1756 1696 1917 1733 ministri
1945 1697 2019 1734 sint
2046 1697 2150 1734 iusti:
2181 1698 2272 1747 quia
2299 1698 2460 1736 ministri

1397 1749 1539 1786 debent
1565 1749 1737 1786 Domino
1766 1750 2009 1797 conformari,
2035 1751 2250 1788 secundum
2278 1751 2371 1788 illud
2390 1754 2496 1789 Le-

1396 1804 1456 1839 vit.
1477 1814 1537 1839 iux
1554 1802 1594 1838 *ε
1624 1804 1752 1839 Sancti
1778 1804 1887 1849 eritzsss
1908 1805 2084 1852 quoniam
2104 1815 2175 1853 ego
2193 1810 2341 1841 sanctus
2358 1817 2460 1850 sum;

1397 1862 1434 1892 et
1460 1855 1574 1892 Eccli.
1595 1867 1619 1892 x
1636 1855 1674 1892 *ε
1704 1856 1914 1892 Secundum
1933 1857 2090 1893 iudicem
2103 1857 2246 1906 populi,
2265 1859 2318 1894 sic
2341 1863 2374 1894 et
2392 1860 2459 1895 mi-

1398 1909 1504 1945 nistri
1529 1910 1616 1945 eius.
1650 1885 1699 1945 Et
1725 1908 1814 1945 ideo
1842 1920 1923 1946 non
1957 1917 2013 1946 est
2040 1909 2205 1946 dubium
2240 1909 2335 1958 quin
2369 1911 2460 1948 mali

1397 1961 1618 1998 exhibentes
1647 1974 1687 1998 se
1714 1961 1908 1999 ministros
1935 1962 2008 1999 Dei
2035 1970 2072 1999 et
2099 1962 2290 1999 Ecclesiae
2318 1963 2357 2000 in
2386 1963 2460 2000 dis-

1396 2014 1621 2063 pensatione
1649 2022 1990 2062 sacramentorum,
2010 2023 2179 2064 peccent.
2209 2016 2257 2052 Et
2275 2015 2366 2065 quia
2384 2017 2460 2054 hoc

1396 2075 1597 2117 peccatum
1622 2067 1785 2116 pertinet
1812 2068 1861 2104 ad
1889 2067 2176 2105 irreverentiam
2203 2068 2276 2105 Dei
2303 2076 2340 2105 et
2367 2081 2458 2106 con-

1396 2120 1688 2157 taminationem
1707 2128 1929 2157 sanctorum
1944 2126 1973 2168 η,
2003 2129 2194 2170 quantum
2212 2129 2268 2158 est
2286 2133 2333 2158 ex
2351 2130 2457 2171 parte

1396 2173 1516 2223 ipsius
1535 2173 1704 2211 hominis
1732 2173 1952 2222 peccatoris,
1972 2173 2058 2210 licet
2085 2181 2214 2211 sancta
2241 2175 2458 2212 secundum

1396 2226 1521 2276 seipsa
1539 2226 1891 2263 incontaminabilia
1909 2226 1999 2263 sint:
2020 2239 2261 2276 consequens
2281 2234 2336 2264 est
2350 2228 2458 2276 quod

1395 2281 1469 2317 tale
1497 2287 1699 2329 peccatum
1727 2291 1774 2316 ex
1801 2291 1938 2327 genere
1967 2291 2039 2316 suo
2067 2287 2123 2316 est
2150 2281 2309 2316 mortale
2327 2280 2358 2316 ³⁸.

1449 2334 1506 2369 AD
1535 2344 1670 2369 PRIMUM
1698 2344 1796 2369 ERGO
1817 2344 1999 2376 DICENDUM
2024 2332 2132 2382 quod
2151 2344 2270 2382 opera
2297 2332 2457 2370 caritatis

1395 2397 1477 2423 non
1505 2393 1594 2422 sunt
1621 2384 1749 2434 aliqua
1785 2385 2071 2422 consecratione
2108 2385 2359 2432 sanctificata,
2390 2386 2458 2422 sed

1396 2439 1479 2488 ipsa
1496 2437 1687 2488 pertinent
1706 2438 1755 2474 ad
1773 2437 1934 2475 iustitiae
1949 2438 2184 2475 sanctitatem
2199 2435 2211 2459 θ
2231 2438 2327 2475 sieut
2341 2451 2458 2488 quae-

1396 2492 1488 2528 dam
1515 2491 1676 2528 iustitiae
1703 2498 1840 2540 partes,
1870 2492 1919 2528 Et
1946 2490 2034 2528 ideo
2054 2492 2175 2528 homo
2204 2490 2271 2540 qui
2294 2503 2334 2528 se
2354 2491 2458 2528 exhi-

1395 2545 1460 2581 bet
1491 2545 1576 2581 Deo
1611 2543 1830 2580 ministrum
1857 2543 1897 2580 in
1925 2544 2107 2593 operibus
2135 2543 2296 2581 caritatis
2311 2573 2320 2590 ,
2354 2544 2385 2581 si
2413 2544 2459 2581 sit

1396 2597 1528 2645 iustus,
1558 2596 1723 2646 amplius
1751 2596 2049 2634 sanctificabitur
2067 2603 2092 2634 ²:
2122 2597 2152 2633 si
2180 2609 2274 2634 vero
2302 2596 2348 2633 sit
2369 2609 2457 2646 pec-

1396 2658 1520 2698 cator,
1549 2662 1620 2700 per
1655 2651 1731 2687 hoc
1763 2650 1812 2686 ad
1840 2649 2075 2686 sanctitatem
2112 2649 2337 2699 disponitur.
2381 2650 2458 2687 Sed

1396 2711 1634 2741 sacramenta
1661 2702 1700 2739 in
1728 2702 1861 2752 seipsis
1888 2702 2228 2740 sanctificationem
2260 2703 2458 2752 quandam

1397 2757 1539 2794 habent
1565 2768 1636 2806 per
1670 2755 1872 2805 mysticam
1907 2756 2245 2793 consecrationem.
2285 2756 2334 2792 Et
2369 2755 2456 2793 ideo

1396 2809 1650 2859 praeexigitur
1667 2808 1707 2845 in
1726 2808 1899 2845 ministro
1919 2808 2093 2845 sanctitas
2113 2807 2286 2855 iustitiae,
2306 2816 2349 2844 ut
2366 2820 2457 2845 con-

1395 2870 1505 2911 gruat
1532 2874 1604 2899 suo
1632 2861 1854 2898 ministerio.
1884 2862 1932 2898 Et
1960 2861 2047 2898 ideo
2075 2860 2284 2908 incongrue
2320 2860 2394 2908 agit
2421 2868 2458 2897 et

1394 2922 1538 2964 peccat,
1559 2915 1590 2951 si
1617 2914 1657 2951 in
1684 2921 1842 2963 peccato
1861 2914 2024 2951 existens
2043 2914 2092 2950 ad
2110 2915 2182 2950 tale
2201 2912 2456 2950 ministerium

1396 2967 1560 3005 accedat.

1448 3021 1506 3056 An
1534 3031 1724 3057 SECUNDUM
1750 3031 1932 3056 mensuum
1960 3018 2068 3067 quod
2094 3018 2154 3055 ille
2174 3018 2241 3067 qui
2259 3018 2308 3055 ad
2333 3030 2456 3055 sacra-

1396 3080 1527 3109 menta
1559 3072 1718 3119 accedit,
1739 3071 1895 3121 suscipit
1927 3071 2086 3120 quidem
2123 3078 2406 3108 sacramentum
2434 3084 2456 3108 a

1396 3125 1570 3162 ministro
1599 3124 1802 3171 Ecclesiae,
1822 3136 1903 3161 non
1931 3123 2162 3173 inquantum
2190 3131 2245 3161 est
2271 3123 2353 3160 talis
2371 3135 2456 3173 per-

1397 3191 1504 3225 sona,
1533 3178 1601 3215 sed
1629 3177 1860 3227 inquantum
1888 3185 1944 3214 est
1971 3176 2162 3214 Ecclesiae
2189 3176 2371 3214 minister.
2409 3177 2458 3214 Et

1448 3310 1475 3343 η)
1494 3313 1655 3336 sanctorum.
1674 3323 1693 3328 -
1709 3313 1937 3335 sacramentorum
1957 3309 2055 3338 PDFsI.
2072 3308 2113 3333 vel
2132 3311 2284 3333 sanctorum
2307 3315 2458 3333 sacramen-

1396 3350 1485 3372 torum
1504 3347 1536 3371 sI.
1554 3360 1573 3365 —
1591 3346 1641 3370 Pro
1659 3348 1796 3378 quantum,
1815 3345 1887 3377 quod
1905 3351 1988 3376 neque
2006 3343 2128 3369 videlicet
2146 3344 2184 3369 bc.
2197 3357 2217 3363 ·-
2235 3343 2348 3368 hominis
2366 3351 2420 3368 om.
2433 3344 2457 3368 H

1397 3388 1422 3407 et
1440 3382 1574 3407 editiones.
1592 3396 1611 3400 —
1630 3382 1680 3406 Pro
1698 3383 1800 3408 sancta,
1818 3383 1987 3405 sacramenta
2003 3379 2055 3409 Psl,
2069 3380 2111 3404 vel
2129 3382 2298 3404 sacramenta
2315 3382 2410 3404 sancta
2424 3379 2458 3403 sl.

1449 3416 1474 3451 θ)
1493 3417 1540 3443 sed
1559 3418 1644 3449 ipsa...
1664 3416 1843 3441 sanctitatem.
1855 3430 1874 3434 -
1893 3416 1955 3440 Om.
1968 3415 2024 3445 GH,
2045 3415 2097 3440 nisi
2115 3415 2240 3440 editiones
2247 3422 2254 3444 ;
2274 3422 2364 3446 margo
2378 3414 2397 3438 P
2411 3421 2458 3447 per

1396 3453 1710 3523 A1.[1)=ts::{.tficafflur·
1727 3501 1747 3505 -
1764 3486 1946 3520 sanctificatur
1963 3485 2002 3511 ΡΙ.

2487 1649 2532 1671 'Li
2535 1650 2557 1671 b.
2565 1650 2594 1676 11,
2606 1655 2656 1677 cap.
2664 1655 2702 1675 ni,

2489 1708 2515 1723 ιο
2487 1682 2548 1728 ”Ji
2554 1682 2604 1724 'ca-p
2608 1682 2697 1724 Sv¹²1'h:

2487 1718 2539 1750 lect.
2554 1735 2588 1754 ιιι,
2603 1735 2635 1750 vn.

2498 1756 2572 1777 ‘.Art
2587 1761 2608 1783 5,
2622 1755 2650 1776 ad
2663 1761 2683 1783 3.

2487 1813 2582 1835 ‘.Vers
2598 1819 2617 1835 2.
2635 1813 2698 1836 -Cf.

2486 1840 2495 1861 1
2517 1840 2585 1865 Petr„
2610 1846 2659 1867 cap.
2682 1846 2700 1867 i,

2487 1866 2613 1914 wiser-3532.

2484 2286 2495 2294 ·
2508 2284 2536 2306 D.
2551 2285 2601 2312 892.
