2878 4088
6 523 28 607 ,ὲ

26 1437 200 1488 ‘wer

80 541 91 551 ·
105 539 141 562 Cf.
157 544 223 574 com·

80 583 90 593 ·
101 580 154 603 {ad
164 580 218 604 Cor.

80 613 113 636 vi,
126 613 185 629 ven.
203 585 292 633 &fw-

80 939 90 948 ·
153 942 192 965 qu.
206 941 241 965 ι-ι,
256 936 292 958 ln-

81 1382 297 1438 &iamim

83 1475 152 1514 ιιι-ἰ.
161 1479 203 1512 ιν“
236 1471 237 1475 ’
253 1463 296 1516 ’ἶι

82 1516 138 1539 din.
152 1522 209 1542 xur.
219 1519 266 1545 w..
274 1522 295 1544 7.

1038 192 1302 240 QUAESTlO
1331 191 1443 238 LVII,
1464 190 1758 228 ARTICULUS
1786 192 1799 227 I

318 273 393 303 tiae.
418 271 595 312 Spiritualis
619 278 727 303 autem
751 273 901 313 cognatio
924 278 971 303 est
994 273 1121 302 alterius
1144 272 1267 312 generis
1291 280 1387 311 quarn

319 316 464 347 carnalis.
489 317 530 346 Et
546 316 619 347 ideo
636 326 703 347 non
719 317 752 347 in
769 316 884 347 eodem
901 316 1000 357 gradu
1017 317 1128 347 attinet
1143 316 1227 346 filius
1243 316 1389 356 spiritua-

319 361 358 391 lis
373 359 442 391 filio
459 361 594 391 naturali
613 362 709 401 patris
725 361 775 391 sui
791 361 970 402 spiritualis,
987 362 1020 391 in
1037 370 1104 401 quo
1121 361 1232 390 attinet
1256 361 1285 390 ei
1301 365 1390 400 pater

320 405 399 441 eius,
417 414 484 445 quo
508 405 668 436 mediante
692 406 842 445 cognatio
863 405 1032 445 spiritualis
1055 406 1174 435 transit.
1199 405 1240 435 Et
1255 405 1298 434 ita
1321 413 1390 434 non

320 454 449 490 oportet
473 449 562 489 quod
586 450 755 489 spiritualis
779 450 929 490 cognatio
953 450 1067 479 habeat
1089 449 1233 489 gradum.

374 494 425 524 An
450 503 614 524 SECUNDUM
635 504 796 524 memnon
813 493 903 534 quod
926 493 1020 524 frater
1043 503 1110 524 non
1127 498 1174 523 est
1193 492 1314 533 aliquid
1329 492 1390 522 fra-

318 539 384 574 tris,
406 538 488 568 sicut
511 537 595 568 filius
619 543 666 568 est
689 538 812 579 aliquid
829 538 937 578 patris
952 539 978 568 ’ἃ
1013 537 1075 568 Sed
1098 547 1180 568 uxor
1204 542 1250 567 est
1270 536 1391 576 aliquid

318 583 387 618 viri,
405 592 480 613 cum
505 592 572 622 quo
589 583 702 623 effecta
726 588 773 613 est
789 593 887 613 unum
912 592 1031 622 corpus
1046 583 1072 612 ³.
1098 582 1138 612 Et
1158 581 1232 611 ideo
1256 592 1275 611 a
1297 580 1390 611 fratre

319 628 353 658 in
369 626 497 657 fratrem
513 636 581 657 non
596 628 716 663 transit,
733 627 799 657 sive
816 627 855 657 sit
871 632 943 657 ante
963 627 1089 666 genitus
1112 626 1177 656 sive
1193 631 1267 665 post
1282 624 1390 655 frater-

319 672 453 702 nitatem
477 671 684 712 spiritualem.

398 760 652 805 QUAEsrlo
677 759 1315 804 QmNQUAGEsmASEPnMA

369 819 414 844 DE
434 818 661 844 COGNATIONE
681 818 816 847 LEGALI,
830 817 923 848 QUAE
944 818 1008 842 EST
1028 818 1095 842 PER
1114 817 1343 842 ADOPTIONEM

325 899 478 965 Dumna
499 889 768 921 considerandum
791 895 838 920 est
853 888 893 920 de
910 889 1103 929 cognatione
1121 889 1224 929 legali,
1239 899 1322 930 quae
1345 895 1392 920 est
1407 901 1416 914 ι

383 945 442 976 per
464 934 674 975 adoptionem
690 935 717 964 ’ἢ

322 979 416 1010 Circa
439 978 530 1019 quod
553 983 751 1018 quaeruntur
773 978 841 1008 tria.

375 1023 501 1054 Primo:
527 1022 605 1063 quid
628 1023 668 1053 sit
690 1022 833 1063 adoptio.
887 1031 890 1032 ⁷

378 1066 547 1099 Secundo:
572 1073 681 1098 utrum
712 1077 749 1097 ex
774 1077 811 1097 ea
835 1067 1040 1098 contrahatur
1069 1067 1203 1108 aliquod
1226 1067 1392 1098 vinculum

408 1111 588 1152 impediens
611 1112 865 1142 matrimonium.

376 1156 504 1187 Tertio:
529 1157 611 1187 inter
634 1165 713 1197 quas
736 1165 889 1196 personas
913 1157 1128 1187 contrahatur.

410 1222 510 1253 ART.
527 1222 550 1253 Ι.
574 1232 680 1252 urium
703 1232 940 1252 eonvzmmrna
963 1232 1100 1253 anoni-10
1117 1233 1304 1253 nermurrua

386 1299 408 1320 n
431 1299 550 1326 mmm!
576 1299 623 1320 stc
650 1299 855 1319 PROCRDITUR.
887 1288 1021 1319 Videtur
1049 1289 1139 1329 quod
1161 1290 1393 1320 inconvenien-

323 1300 435 1365 Ater
450 1333 583 1374 adoptio
605 1332 791 1364 definiatur:
813 1333 951 1374 Adoptio
969 1339 1016 1364 est
1037 1339 1213 1364 extraneae
1229 1344 1394 1375 personae

323 1378 356 1409 in
369 1378 483 1420 filium
507 1378 558 1409 vel
581 1383 736 1418 nepotem,
758 1378 808 1408 vel
831 1378 986 1418 deinceps,
1005 1379 1149 1420 legitima
1173 1379 1349 1419 assumptio
1365 1380 1392 1409 *.

322 1422 422 1454 Filius
436 1423 534 1453 <enim
556 1422 652 1454 debet
671 1432 739 1453 esse
762 1422 907 1453 subditus
923 1423 1014 1463 patri.
1039 1422 1102 1453 Sed
1119 1423 1316 1463 quandoque
1340 1423 1393 1454 ille

323 1468 380 1508 qui
402 1466 582 1507 adoptatur,
599 1477 668 1497 non
690 1467 800 1497 transit
816 1467 849 1496 in
871 1472 1064 1508 potestatem
1087 1468 1183 1507 patris
1200 1467 1398 1508 adoptantis.

323 1511 409 1552 Ergo
432 1521 499 1542 non
524 1521 651 1552 semper
673 1521 731 1552 per
754 1510 963 1551 adoptionem
987 1511 1102 1552 aliquis
1132 1512 1164 1542 in
1174 1513 1287 1553 filium
1307 1522 1394 1543 assu-

323 1556 431 1587 mitur.

379 1610 410 1631 2.
434 1600 640 1636 PRAnrnnnA,
666 1605 821 1640 parentes
853 1599 966 1630 debent
984 1600 1071 1641 filiis
1103 1601 1339 1642 thesaurizare,
1368 1601 1395 1631 II

326 1644 404 1676 Cor.
420 1654 464 1675 111
479 1645 506 1674 *.
530 1643 594 1675 Sed
615 1649 706 1684 pater
729 1643 885 1684 adoptans
908 1654 974 1675 non
1000 1650 1129 1684 oportet
1152 1644 1242 1684 quod
1270 1654 1397 1685 semper

323 1688 477 1730 adoptato
501 1689 707 1719 thesaurizet:
733 1689 809 1728 quia
832 1688 1030 1728 quandoque
1046 1688 1216 1729 adoptatus
1239 1699 1307 1719 non
1324 1699 1396 1719 suc-

323 1732 408 1764 cedit
423 1733 457 1763 in
473 1733 567 1763 bonis
583 1732 774 1772 adoptantis.
799 1732 885 1773 Ergo
903 1732 1035 1773 adoptio
1059 1743 1127 1763 non
1148 1739 1195 1764 est
1218 1734 1395 1774 assumptio

323 1777 459 1808 alicuius
483 1777 515 1807 in
529 1777 654 1818 filium.

379 1821 410 1853 3.
434 1821 640 1857 PRAzrnRssA,
658 1820 801 1861 adoptio,
818 1830 876 1861 per
900 1830 998 1861 quam
1022 1822 1137 1862 aliquis
1160 1822 1194 1852 in
1222 1821 1325 1852 filium
1349 1831 1396 1852 as-

323 1866 470 1902 sumitur,
487 1866 642 1896 similatur
665 1866 863 1905 generationi
886 1866 1032 1902 naturali,
1048 1876 1106 1906 per
1125 1876 1223 1906 quam
1246 1866 1395 1897 naturali-

322 1916 371 1942 ter
392 1910 583 1951 producitur
597 1909 692 1940 filius.
717 1910 803 1950 Ergo
824 1910 877 1940 cui
893 1911 1050 1950 competit
1064 1911 1215 1941 naturalis
1233 1911 1396 1951 generatio

323 1954 391 1991 filii,
408 1955 564 1995 competit
586 1954 729 1995 adoptio.
755 1954 818 1985 Sed
840 1955 904 1985 hoc
928 1961 975 1986 est
998 1955 1129 1986 falsum:
1164 1956 1239 1996 quia
1262 1955 1315 1988 ille
1341 1955 1397 1995 qui

322 2009 391 2030 non
415 2005 461 2030 est
482 1999 535 2030 sui
558 1999 640 2030 iuris
655 2000 682 2036 ³,
703 2004 734 2030 et
758 1999 813 2039 qui
838 2005 885 2029 est
907 2000 1014 2030 minor
1037 2000 1149 2040 viginti
1173 2000 1317 2040 quinque
1342 2010 1397 2030 an-

253 2071 259 2079 ,
280 2044 296 2054 ‘'
323 2045 374 2075 nis
389 2045 416 2081 ⁵,
433 2049 465 2075 et
487 2043 603 2075 mulier
618 2044 663 2080 *⁴5
679 2053 748 2074 non
766 2049 903 2083 possunt
918 2044 1085 2084 adoptare;
1111 2045 1167 2084 qui
1189 2050 1298 2074 tamen
1321 2054 1397 2084 pos-

85 2401 126 2451 ἷίξῖ
142 2428 151 2450 1
177 2443 183 2453 .
198 2407 299 2454 riom,

87 2757 98 2768 '
112 2756 166 2786 θὶς.
180 2756 199 2784 1,
213 2762 255 2784 vn,
270 2755 300 2777 de

173 2783 235 2806 οκὲὸ.
247 2787 300 2808 ete..

82 2854 214 2893 piloni'bu,
227 2871 250 2892 4.

88 3064 143 3087 ·Ad
159 3065 226 3088 Rou-
248 3071 299 3094 etp.

88 3097 234 3146 zamam:
248 3098 300 3141 02⁵5

89 3150 257 3200 &affe-⁵3.
278 3144 303 3197 ,Ἴ

89 3203 149 3220 vm.
164 3204 184 3227 5.

91 3246 301 3275 'mutet-Physic.

90 3273 301 3324 ¹¹⁶:s¹¹›n·;?r.·.¹.¹.·.¹.·:

89 3306 174 3350 z‘nvih.
185 3333 212 3349 en
231 3342 237 3348 .
251 3332 302 3353 vm,

90 3359 114 3376 ιι.
121 3353 190 3383 5.·8.
234 3369 240 3375 .
249 3355 301 3375 lect.

90 3386 142 3402 ιιιι.

90 3408 101 3419 “
110 3406 162 3435 Dig-
171 3406 191 3434 1,
202 3413 218 3432 ι,
226 3406 256 3429 de
265 3406 302 3428 Ιιι-

90 3434 140 3456 rat.
153 3435 178 3455 et
189 3433 252 3460 Iure,
270 3440 288 3455 ι.

291 2096 298 2130 ζ
323 2093 399 2120 sunt
420 2088 525 2119 filium
548 2088 732 2119 naturaliter
746 2097 908 2128 generare.
933 2089 1019 2128 Ergo
1039 2088 1172 2129 adoptio
1188 2098 1265 2119 non
1281 2088 1396 2119 dicitur

290 2151 296 2162 .
323 2133 453 2174 proprie
476 2133 652 2173 assumptio
677 2132 817 2163 alicuius
840 2132 872 2162 in
895 2133 1011 2170 filium.

379 2187 411 2217 4.
435 2177 642 2213 PRAETEREA‚
666 2176 843 2217 assumptio
867 2182 1034 2207 extraneae
1056 2186 1213 2218 personae
1237 2178 1270 2207 in
1293 2176 1397 2207 filium

323 2221 450 2252 videtur
473 2231 541 2252 esse
564 2222 741 2252 necessaria
764 2220 804 2251 ad
829 2221 1048 2262 supplendum
1078 2221 1240 2252 defectum
1270 2227 1397 2251 natura-

323 2266 405 2297 lium
428 2265 580 2296 filiorum.
605 2265 668 2296 Sed
683 2265 736 2295 ille
761 2267 817 2305 qui
839 2275 908 2296 non
931 2271 1038 2306 potest
1059 2276 1220 2306 generare,
1238 2271 1274 2296 ut
1296 2265 1396 2306 spado

324 2310 376 2341 vel
398 2309 541 2350 frigidus,
558 2311 696 2340 maxime
718 2311 837 2350 patitur
860 2309 1022 2341 defectum
1038 2311 1071 2340 in
1095 2310 1167 2340 filiis
1189 2311 1396 2341 naturalibus.

325 2355 412 2395 Ergo
443 2355 472 2385 ei
503 2355 642 2385 maxime
673 2356 829 2394 competit
851 2364 1012 2385 assumere
1044 2355 1185 2395 aliquem
1215 2356 1248 2385 in
1283 2354 1396 2385 filium.

326 2398 390 2430 Sed
412 2408 481 2429 non
497 2392 654 2439 competit
677 2399 706 2429 ei
723 2399 874 2440 adoptare
890 2400 917 2429 “.
941 2399 1027 2439 Ergo
1043 2399 1176 2440 adoptio
1195 2409 1263 2430 non
1284 2405 1330 2429 est
1346 2409 1397 2430 as-

289 2466 299 2471 .
325 2443 465 2484 sumptio
489 2444 628 2474 alicuius
652 2443 684 2474 in
698 2444 821 2484 filium.

384 2488 413 2518 5.
437 2487 642 2524 PRAssrnRaA,
666 2488 700 2518 in
723 2488 878 2528 spirituali
906 2489 1116 2528 cognatione,
1141 2488 1197 2519 ubi
1226 2488 1340 2528 aliquis
1363 2489 1398 2518 in

326 2531 430 2563 filium
454 2533 625 2562 assumitur
647 2533 715 2562 sine
739 2534 842 2563 carnis
871 2533 1119 2573 propagatione,
1143 2538 1250 2573 potest
1272 2532 1397 2563 indiffe-

325 2581 432 2607 renter
459 2577 563 2607 maior
593 2581 694 2607 aetate
727 2576 809 2607 effici
838 2583 929 2618 pater
958 2578 1092 2608 minoris
1123 2583 1154 2607 et
1177 2587 1194 2607 e
1223 2586 1395 2608 converso:

327 2621 403 2662 quia
435 2621 560 2651 iuvenis
583 2626 690 2661 potest
719 2631 831 2652 senem
860 2622 1038 2662 baptizare,
1063 2627 1094 2652 et
1118 2631 1136 2652 e
1160 2631 1327 2652 converso.
1364 2622 1397 2652 Si

327 2675 403 2706 ergo
419 2674 477 2705 per
492 2665 702 2705 adoptionem
718 2666 831 2706 aliquis
847 2667 1018 2697 assumitur
1033 2667 1066 2696 in
1082 2665 1185 2696 filium
1206 2667 1274 2696 sine
1296 2667 1397 2697 carnis

326 2710 568 2750 propagatione,
585 2710 728 2740 similiter
743 2716 852 2750 posset
868 2710 1089 2741 ⁴indifferenter
1104 2711 1211 2741 senior
1225 2711 1396 2747 iuniorem,

326 2754 377 2784 vel
400 2755 507 2784 minor
529 2755 690 2784 seniorem
713 2754 876 2795 adoptare.
901 2754 1000 2793 Quod
1023 2765 1091 2785 non
1115 2760 1162 2785 est
1178 2765 1289 2785 verum
1305 2756 1331 2785 ’ἢ
1357 2755 1398 2785 Et

327 2799 372 2837 sic
396 2798 482 2829 idem
506 2798 596 2839 quod
619 2800 716 2839 prius.

383 2843 413 2873 6.
438 2843 642 2880 PRAETEREA‚
667 2843 837 2884 adoptatus
851 2853 920 2874 non
936 2842 1039 2874 differt
1062 2843 1240 2874 secundum
1256 2843 1398 2884 aliquem

326 2887 461 2928 gradum
485 2888 523 2917 ab
548 2887 731 2928 adoptante.
763 2889 848 2928 Ergo
873 2888 1007 2928 quilibet
1030 2888 1200 2928 adoptatus
1228 2888 1398 2929 adoptatur

325 2932 361 2962 in
383 2931 497 2962 filium.
533 2932 574 2962 Et
597 2933 641 2962 sic
671 2933 935 2963 inconvenienter
965 2931 1081 2963 dicitur
1108 2931 1198 2973 quod
1228 2932 1398 2973 adoptatur

327 2976 360 3007 in
385 2982 540 3017 nepotem.
741 2978 744 2982 '

383 3030 414 3061 7.
438 3021 635 3057 Palmum,
652 3021 784 3061 adoptio
809 3031 846 3051 ex
871 3020 1042 3052 dilectione
1065 3021 1227 3061 procedit:
1256 3020 1342 3052 unde
1367 3027 1398 3052 et

327 3065 416 3096 Deus
438 3065 554 3096 dicitur
576 3075 637 3095 nos
660 3075 717 3106 per
740 3066 902 3096 caritatem
924 3066 958 3095 in
981 3065 1065 3096 filios
1093 3065 1261 3106 adoptasse
1276 3066 1303 3096 ’ἦ
1335 3066 1397 3097 Sed

327 3110 439 3140 caritas
454 3110 556 3140 maior
570 3110 717 3140 habenda
733 3116 780 3140 est
803 3109 843 3140 ad
865 3111 1030 3150 proximos
1047 3119 1145 3150 quam
1164 3109 1203 3140 ad
1220 3115 1396 3141 extraneos.

327 3153 413 3194 Ergo
437 3163 505 3184 non
521 3153 616 3184 debet
639 3164 707 3185 esse
723 3154 854 3194 adoptio
879 3159 1056 3185 extraneae
1065 3164 1238 3195 personae,
1255 3154 1311 3185 sed
1331 3165 1397 3185 ma—

327 3198 375 3238 gis
397 3199 610 3239 propinquae.

383 3241 573 3273 Rnsronnzo
597 3253 758 3273 nremntm
781 3243 870 3284 quod
893 3253 950 3274 ars
973 3243 1120 3273 imitatur
1143 3248 1295 3273 naturam
1311 3244 1342 3279 *‚
1367 3249 1399 3273 et

328 3285 457 3326 supplet
472 3285 635 3318 defectum
658 3293 789 3318 naturae
807 3288 841 3318 in
857 3287 918 3318 illis
937 3288 969 3318 in
987 3288 1103 3328 quibus
1119 3293 1231 3318 natura
1247 3287 1355 3318 deficit
1370 3288 1396 3318 ἦ

329 3329 433 3366 Unde,
450 3330 532 3360 sicut
547 3340 604 3371 per
623 3332 801 3363 naturalem
816 3332 1058 3372 generationem
1074 3332 1187 3372 aliquis
1203 3331 1307 3362 filium
1323 3341 1398 3372 pro-

329 3373 427 3410 ducit,
442 3374 486 3404 ita
508 3384 565 3415 per
586 3376 637 3406 ius
659 3377 844 3416 positivum,
867 3376 956 3417 quod
980 3382 1027 3406 est
1045 3386 1101 3406 ars
1123 3376 1199 3407 boni
1215 3381 1246 3407 et
1260 3377 1355 3417 aequi
1370 3377 1397 3412 ἡ

329 3423 436 3458 potest
459 3418 572 3459 aliquis
595 3419 694 3450 alium
709 3421 769 3451 sibi
793 3430 953 3451 assumere
976 3421 1010 3451 in
1025 3420 1139 3457 filium,
1156 3420 1196 3451 ad
1219 3420 1398 3451 similitudi-

329 3471 406 3492 nem
428 3461 486 3493 filii
508 3463 670 3500 naturalis,
687 3470 718 3495 et
741 3464 781 3495 ad
803 3464 1021 3506 supplendum
1044 3465 1186 3495 filiorum
1217 3464 1398 3505 deperdito-

330 3516 402 3537 rum
425 3506 597 3544 defectum,
614 3514 745 3548 propter
768 3509 857 3549 quod
880 3510 1052 3550 praecipue
1074 3509 1205 3550 adoptio
1230 3515 1276 3540 est
1299 3510 1398 3539 intro-

331 3550 436 3581 ducta.
460 3551 501 3582 Et
524 3552 599 3591 quia
622 3554 798 3593 assumptio
821 3554 972 3594 importat
991 3554 1164 3584 terminum
1188 3564 1206 3584 a
1230 3563 1307 3595 quo,
1324 3563 1399 3594 pro-

1406 680 1431 694 10

1407 1122 1433 1136 20

1408 1346 1430 1366 ²5

1410 1566 1435 1585 30

1412 1786 1434 1807 ³5

1412 2233 1435 2252 45

1413 2453 1438 2474 50

1413 2677 1435 2697 55

1411 2892 1438 2913 6ο

1411 3113 1435 3139 ⁶5

1412 3338 1439 3359 70

1414 3563 1438 3584 75

2442 195 2510 231 115

1445 275 1515 310 pter
1531 269 1621 310 quod
1637 280 1801 300 assumens
1817 280 1884 300 non
1901 277 1947 301 est
1963 279 2162 313 assumptum
2173 275 2198 310 ἢ
2213 280 2341 314 oportet
2357 274 2446 314 quod
2462 274 2514 303 ille

1447 315 1502 354 qui
1526 315 1696 345 assumitur
1719 314 1753 344 in
1776 314 1890 351 filium,
1907 316 1946 345 sit
1969 325 2105 355 persona
2129 324 2284 349 extranea.
2313 319 2409 358 Ergo,
2434 319 2515 348 sicut

1445 358 1595 389 naturalis
1618 359 1781 398 generatio
1805 359 1901 389 habet
1920 361 2092 391 terminum
2116 362 2154 391 ad
2179 372 2286 402 quem,
2303 363 2422 393 scilicet
2435 363 2514 404 for-

1445 413 1540 438 mam,
1556 413 1639 443 quae
1656 409 1703 433 est
1707 403 1792 444 finis
1806 405 2029 444 generationis
2041 406 2074 440 *;
2096 411 2126 435 et
2144 407 2316 437 terminum
2333 417 2350 436 a
2366 417 2443 447 quo,
2456 407 2514 436 sci-

1445 447 1520 478 licet
1543 447 1680 477 formam
1705 448 1911 477 contrariam:
1944 449 1986 477 ita
2009 450 2171 488 generatio
2199 451 2306 490 legalis
2336 451 2431 481 habet
2454 456 2514 480 ter-

1445 492 1572 522 minum
1588 491 1627 522 ad
1647 501 1756 532 quem,
1774 491 1877 522 filium
1894 492 1944 522 vel
1960 498 2131 532 nepotem;
2157 500 2187 524 et
2211 496 2382 524 terminum
2402 505 2514 534 aquo,

1445 545 1617 576 personam
1634 541 1825 566 extraneam.
1846 537 1887 566 Et
1902 537 1947 566 sic
1963 542 2050 577 patet
2066 537 2155 576 quod
2171 538 2330 577 praedicta
2346 540 2514 578 assignatio

1446 580 1691 620 comprehendit
1713 590 1815 620 genus
1838 580 2036 620 adoptionis,
2061 583 2136 621 quia
2159 582 2273 612 dicitur
2297 583 2440 623 legitima
2463 593 2515 613 as-

1445 625 1604 664 sumptio;
1628 630 1659 654 et
1681 625 1855 655 terminum
1879 635 1896 654 a
1921 634 1998 665 quo,
2016 626 2091 665 quia
2115 625 2229 656 dicitur
2247 632 2422 657 extraneae
2439 637 2515 667 per-

1445 676 1566 705 sonae,·
1589 674 1620 699 et
1643 669 1818 699 terminum
1842 669 1881 699 ad
1905 679 2013 709 quem,
2038 670 2114 709 quia
2138 670 2251 700 dicitur
2281 671 2312 700 in
2327 671 2439 711 filium
2467 672 2517 701 vel

1446 718 1602 753 nepotem.

1501 758 1552 787 An
1576 767 1693 787 ramum
1724 767 1807 788 meo
1839 767 2000 788 nrcmnuM
2031 757 2120 797 quod
2136 757 2247 788 filiatio
2272 758 2454 798 adoptionis
2471 764 2517 789 est

1447 801 1605 842 quaedam
1629 801 1765 831 imitatio
1789 801 1951 832 filiationis
1974 802 2135 832 naturalis.
2168 803 2208 833 Et
2231 802 2305 833 ideo
2330 803 2447 843 duplex
2472 808 2517 833 est

1447 845 1631 886 adoptionis
1655 846 1788 886 species.
1820 846 1892 876 Una
1916 856 1998 886 quae
2021 847 2162 887 perfecte
2191 847 2368 878 naturalem
2392 846 2517 877 filiatio-

1446 900 1523 920 nem
1546 890 1703 920 imitatur:
1729 895 1760 920 et
1775 891 1854 920 haec
1870 896 2003 921 vocatur
2022 891 2209 933 adrogatio,
2225 902 2283 932 per
2298 901 2396 932 quam
2412 891 2517 922 tradu-

1447 935 1529 966 citur
1545 934 1714 974 adoptatus
1730 935 1763 964 in
1779 941 1971 975 potestatem
1988 935 2167 976 adoptantis
2180 937 2206 966 ’ἢ
2231 937 2271 966 Et
2288 937 2332 966 sic
2348 935 2518 976 adoptatus

1448 979 1590 1010 succedit
1605 980 1686 1020 patri
1698 978 1864 1019 adoptanti
1881 989 1917 1010 ex
1934 981 2082 1010 intestato
2094 981 2126 1010 *t
2147 990 2207 1010 nec
2219 986 2326 1020 potest
2338 990 2413 1011 eum
2429 985 2518 1020 pater

1447 1025 1516 1055 sine
1547 1023 1641 1063 culpa
1671 1024 1795 1063 privare
1820 1030 1931 1064 quarta
1954 1030 2042 1064 parte
2076 1024 2258 1055 hereditatis
2274 1026 2300 1055 *ἃ
2332 1025 2384 1055 Sic
2408 1030 2517 1055 autern

1448 1068 1594 1109 adoptari
1616 1077 1684 1098 non
1700 1074 1807 1108 potest
1830 1069 1890 1098 nisi
1913 1069 1966 1099 ille
1991 1070 2046 1109 qui
2071 1075 2118 1100 est
2137 1070 2187 1099 sui
2210 1070 2297 1105 iuris,
2315 1070 2371 1110 qui
2394 1069 2516 1099 scilicet

1447 1123 1515 1144 non
1539 1112 1634 1143 habet
1649 1118 1790 1152 patrem;
1811 1118 1876 1149 aut,
1893 1114 1918 1143 si
1934 1114 2038 1150 habet,
2057 1119 2103 1144 est
2120 1114 2350 1154 emancipatus.
2375 1114 2416 1144 Et
2435 1114 2514 1144 haec

1448 1157 1580 1198 adoptio
1604 1166 1671 1187 non
1696 1156 1732 1186 fit
1754 1157 1815 1187 nisi
1839 1158 2026 1188 auctoritate
2049 1159 2202 1198 principis
2219 1159 2245 1188 *.

1475 1208 1478 1211 '
1503 1202 1574 1232 Alia
1605 1201 1737 1241 adoptio
1769 1207 1815 1231 est
1839 1211 1921 1242 quae
1949 1203 2091 1233 imitatur
2119 1203 2296 1233 naturalem
2327 1202 2516 1233 filiationem

1447 1245 1651 1287 imperfecte:
1677 1255 1759 1286 quae
1775 1252 1909 1276 vocatur
1932 1247 2065 1287 simplex
2082 1247 2222 1287 adoptio,
2240 1257 2297 1287 per
2320 1256 2418 1287 quam
2442 1246 2519 1277 ado-

1447 1297 1553 1332 ptatus
1574 1300 1642 1320 non
1659 1291 1767 1320 transit
1782 1291 1815 1320 in
1831 1296 2021 1330 potestatem
2043 1291 2222 1331 adoptantis
2241 1293 2268 1322 ⁴&
2301 1291 2395 1322 Unde
2418 1292 2519 1331 magis

1449 1341 1495 1367 est
1527 1335 1693 1374 dispositio
1726 1334 1883 1374 quaedam
1908 1335 1947 1365 ad
1974 1335 2149 1376 perfectam
2180 1336 2389 1376 adoptionem
2422 1345 2519 1375 quam

1449 1379 1581 1419 adoptio
1598 1378 1748 1419 perfecta.
1774 1379 1814 1409 Et
1830 1379 2007 1410 secundum
2031 1380 2114 1410 hanc
2130 1386 2236 1420 potest
2259 1379 2404 1420 adoptari
2423 1381 2519 1410 etiam

1448 1424 1500 1455 ille
1525 1424 1581 1464 qui
1604 1433 1672 1453 non
1697 1429 1743 1453 est
1759 1423 1808 1453 sui
1830 1424 1923 1460 iuris;
1950 1430 1981 1454 et
2004 1424 2072 1454 sine
2093 1426 2279 1455 auctoritate
2302 1425 2464 1464 principis,
2482 1434 2519 1454 ex

1450 1468 1637 1499 auctoritate
1660 1468 1859 1507 magistratus
1875 1469 1902 1498 ’ἢ
1931 1468 1972 1498 Et
1988 1469 2032 1499 sic
2049 1468 2218 1509 adoptatus
2238 1479 2306 1499 non
2321 1468 2463 1499 succedit
2486 1469 2519 1498 in

1449 1513 1543 1543 bonis
1567 1512 1763 1552 adoptantis:
1788 1522 1849 1542 nec
1864 1518 1991 1542 tenetur
2007 1514 2035 1543 ei
2050 1513 2207 1553 adoptans
2231 1513 2351 1553 aliquid
2367 1513 2406 1543 de
2425 1514 2519 1543 bonis

1450 1557 1515 1588 suis
1538 1557 1571 1587 in
1595 1561 1787 1586 testamento
1812 1556 1969 1587 dimittere
1992 1558 2052 1587 nisi
2075 1558 2151 1588 velit
2167 1559 2193 1588 θ’.

1505 1601 1547 1631 Et
1569 1610 1626 1641 per
1649 1601 1712 1630 hoc
1737 1606 1823 1640 patet
1846 1601 1965 1631 solutio
1990 1601 2029 1632 ad
2052 1601 2240 1632 secundum.

1505 1645 1556 1675 An
1589 1655 1724 1674 ‘sitarum
1753 1655 1913 1675 memnon
1945 1645 2034 1685 quod
2062 1647 2224 1686 generatio
2255 1646 2406 1676 naturalis
2435 1645 2519 1676 ordi-

1450 1695 1544 1719 natur
1567 1688 1607 1719 ad
1630 1689 1771 1728 speciem
1795 1689 2074 1729 consequendam:
2100 1695 2131 1720 et
2153 1690 2227 1720 ideo
2252 1691 2402 1720 omnibus
2431 1699 2519 1720 corn-

1450 1734 1531 1773 petit
1553 1742 1648 1773 posse
1679 1733 1863 1763 naturaliter
1889 1743 2040 1773 generare
2070 1735 2103 1764 in
2128 1735 2244 1774 quibus
2267 1739 2379 1764 natura
2402 1734 2520 1774 speciei

1450 1787 1519 1808 non
1550 1783 1597 1807 est
1626 1777 1789 1817 impedita.
1825 1777 1887 1808 Sed
1918 1778 2050 1818 adoptio
2080 1778 2244 1809 ordinatur
2272 1778 2311 1809 ad
2340 1778 2520 1808 hereditatis

1452 1822 1706 1852 successionem:
1732 1827 1763 1851 et
1786 1821 1859 1852 ideo
1882 1822 1943 1852 illis
1967 1823 2043 1852 solis
2063 1824 2219 1863 competit
2242 1824 2298 1863 qui
2321 1823 2438 1852 habent
2461 1832 2520 1862 po-

1451 1872 1598 1897 testatem
1623 1865 1816 1906 disponendi
1840 1866 1878 1897 de
1899 1866 2072 1897 hereditate
2096 1877 2162 1898 sua.
2188 1867 2281 1898 Unde
2305 1868 2361 1907 qui
2384 1877 2451 1897 non
2475 1872 2522 1897 est

1452 1911 1501 1941 sui
1524 1911 1611 1947 iuris,
1634 1910 1685 1940 vel
1710 1916 1757 1940 est
1779 1911 1886 1940 minor
1908 1911 2166 1952 vigintiquinque
2189 1913 2294 1948 annis,
2319 1917 2374 1942 aut
2395 1911 2520 1947 mulier,

1451 1965 1519 1986 non
1540 1961 1647 1995 potest
1670 1955 1822 1995 adoptare
1846 1955 1997 1995 aliquem,
2014 1956 2075 1986 nisi
2099 1966 2136 1986 ex
2159 1957 2289 1996 speciali
2312 1956 2521 1986 concessione

1425 2008 1438 2021 ⁰
1451 2000 1604 2040 principis
1620 2001 1646 2030 *.

1507 2044 1558 2074 An
1583 2054 1730 2074 unaarum
1753 2054 1913 2074 memnon
1937 2044 2027 2084 quod
2042 2054 2099 2084 per
2123 2054 2198 2075 eum
2222 2045 2278 2085 qui
2301 2045 2397 2075 habet
2418 2045 2521 2084 impe-

1452 2088 1632 2119 dimentum
1655 2094 1848 2128 perpetuum
1872 2088 1911 2118 ad
1933 2088 2162 2128 generandum,
2179 2099 2246 2119 non
2269 2094 2376 2129 potest
2398 2088 2521 2119 heredi-

1451 2139 1498 2163 tas
1521 2134 1652 2163 transire
1675 2133 1708 2163 in
1732 2138 1908 2173 posterum.
1934 2133 2027 2164 Unde
2051 2143 2088 2163 ex
2112 2134 2175 2163 hoc
2198 2134 2269 2173 ipso
2301 2134 2365 2163 iam
2389 2132 2521 2163 debetur

2542 281 2551 289 '
2566 278 2602 300 Cf.
2618 280 2652 301 111
2672 278 2753 305 Seni,

2542 305 2594 326 dist.
2604 312 2625 330 v,
2636 311 2675 333 qu.
2685 311 2699 329 ι,
2710 309 2754 326 nrt.

2543 339 2562 358 ι,
2577 332 2620 360 qun
2636 338 2657 360 3.

2543 414 2551 422 ·
2558 411 2655 433 Aristot.
2660 410 2752 438 Physic.

2543 438 2581 459 lib.
2597 438 2631 464 11,
2646 443 2697 486 qag.
2708 443 2754 485 Η,

2542 471 2600 513 &01³3
2610 470 2643 512 ‚aa
2693 479 2699 485 ·
2747 480 2752 484 ·

2545 941 2555 951 ·
2564 940 2615 968 Dig.
2625 941 2670 961 loc.
2680 940 2727 967 cit,
2736 947 2755 962 2.

2545 986 2554 995 ”
2560 984 2755 1009 Cod.V111‚xx.vu.

2545 1011 2748 1039 deAdoptionibus
2753 1028 2758 1037 ,

2545 1045 2637 1090 Plbid„
2651 1070 2671 1085 2.

2545 1163 2554 1171 ·
2569 1160 2643 1181 lmtit.
2655 1160 2673 1185 l,
2685 1166 2716 1185 xi,
2729 1160 2758 1181 de

2543 1186 2757 1215 Adoption.,=;Dig.

2544 1214 2562 1239 1,
2574 1219 2614 1239 vn,
2630 1213 2659 1235 de
2671 1214 2758 1241 Adopt.

2545 1244 2598 1267 erm,
2613 1246 2634 1261 2.

2546 1298 2556 1308 ·
2568 1297 2642 1319 Instit.
2653 1298 2697 1318 loc.
2708 1297 2757 1322 cit..

2545 1329 2565 1344 2.

2545 1472 2555 1481 ⁸
2570 1470 2623 1497 Dig.
2637 1470 2654 1495 1,
2670 1475 2716 1497 vu,
2731 1476 2755 1495 2:

2545 1497 2621 1518 Instit.
2636 1496 2654 1519 l.
2668 1502 2701 1521 ιι,
2718 1504 2735 1518 ι.

2547 1560 2556 1570 ·
2572 1558 2639 1585 Cod.‚
2652 1558 2697 1579 loc.
2709 1558 2758 1584 cin,

2548 1591 2583 1607 ιο.

2548 2001 2558 2010 ·
2575 1999 2624 2027 nig.
2640 1999 2658 2025 1,
2676 2005 2716 2025 vn,
2731 1998 2759 2020 de

2547 2025 2697 2053 Adoptionib.
2706 2029 2759 2052 etc„

2548 2058 2582 2074 21.

1451 2178 1512 2208 illis
1537 2178 1592 2218 qui
1616 2177 1788 2208 succedere
1811 2178 1839 2207 ei
1865 2177 1982 2207 debent
2004 2178 2072 2208 iure
2096 2178 2354 2217 propinquitatis.
2383 2177 2424 2207 Et
2446 2176 2519 2207 ideo
2561 2179 2568 2190 ³

1452 2223 1481 2252 ei
1502 2232 1570 2252 non
1591 2222 1747 2262 competit
1770 2221 1938 2262 adoptare:
1964 2223 2045 2252 sicut
2068 2231 2128 2252 nee
2154 2222 2336 2252 naturaliter
2358 2231 2519 2262 generare.

1507 2267 1548 2297 Et
1570 2272 1733 2306 praeterea
1755 2266 1858 2296 maior
1882 2272 1928 2296 est
1951 2266 2045 2296 dolor
2068 2266 2108 2296 de
2131 2265 2202 2296 filiis
2219 2267 2340 2296 amissis
2365 2275 2462 2306 quam
2479 2265 2518 2296 de

1451 2311 1511 2342 illis
1536 2312 1591 2351 qui
1614 2320 1782 2350 nunquam
1806 2316 1880 2340 sunt
1902 2311 2010 2341 habiti.
2042 2311 2082 2341 Et
2104 2310 2178 2341 ideo
2202 2311 2354 2341 habentes
2385 2310 2520 2350 impedi-

1451 2361 1599 2386 mentum
1629 2355 1842 2395 generationis
1871 2365 1938 2385 non
1962 2355 2106 2395 indigent
2134 2355 2248 2385 solatio
2273 2360 2383 2385 contra
2412 2364 2520 2385 caren-

1451 2401 1529 2430 tiam
1553 2400 1693 2430 filiorum
1724 2400 1806 2430 sicut
1836 2399 1882 2430 issi
1906 2400 1961 2439 qui
1992 2400 2172 2430 habuerunt
2196 2405 2227 2429 et
2249 2400 2439 2436 amiserunt;
2469 2398 2520 2429 vel

1453 2446 1548 2475 etiam
1573 2445 1630 2485 qui
1653 2445 1768 2474 habere
1791 2449 1978 2484 potuerunt,
2000 2444 2056 2474 sed
2079 2443 2187 2484 aliquo
2211 2443 2444 2484 impedimento
2468 2453 2520 2474 ac-

1453 2489 1602 2520 cidentali
1626 2494 1743 2519 carent.

1507 2534 1559 2564 An
1585 2543 1725 2563 aumrum
1747 2542 1907 2562 memnon
1929 2532 2019 2572 quod
2035 2533 2204 2572 spiritualis
2221 2533 2371 2572 cognatio
2395 2537 2520 2562 contra-

1451 2579 1538 2609 hitur
1561 2588 1618 2618 per
1633 2583 1868 2608 sacramentum
1884 2586 1951 2617 quo
1975 2576 2084 2607 fideles
2107 2582 2316 2607 renascuntur
2331 2577 2364 2606 in
2381 2576 2519 2612 Christo,

1452 2623 1486 2653 in
1510 2632 1577 2663 quo
1601 2632 1668 2662 non
1693 2621 1797 2652 differt
1820 2622 1983 2652 masculus
2006 2626 2037 2652 et
2049 2621 2191 2663 femina,
2208 2631 2320 2651 servus
2343 2626 2374 2651 et
2397 2621 2478 2651 liber
2492 2622 2518 2657 *,

1452 2668 1576 2698 iuvenis
1593 2673 1624 2697 et
1639 2676 1746 2697 senex.
1771 2666 1812 2696 Et
1827 2666 1901 2696 ideo
1925 2665 2140 2696 indifferenter
2161 2666 2295 2706 quilibet
2310 2671 2416 2705 potest
2439 2664 2520 2695 effici

1451 2717 1541 2752 pater
1557 2711 1727 2751 spiritualis
1743 2711 1880 2741 alterius.
1906 2710 1967 2740 Sed
1992 2710 2123 2750 adoptio
2140 2709 2175 2740 fit
2199 2710 2238 2740 ad
2254 2710 2433 2740 hereditatis
2450 2720 2520 2740 suc-

1452 2757 1643 2791 cessionem,
1660 2761 1691 2786 et
1707 2755 1869 2795 quandam
1893 2755 2127 2785 subiectionem
2143 2754 2285 2794 adoptati
2304 2754 2343 2784 ad
2367 2754 2520 2794 adoptan-

1451 2806 1528 2831 tem.
1553 2801 1629 2830 Non
1653 2806 1761 2830 autem
1782 2805 1828 2830 est
1851 2800 2047 2830 conveniens
2071 2799 2160 2839 quod
2179 2799 2340 2839 antiquior
2363 2799 2471 2828 iuveni
2487 2799 2519 2828 in

1453 2855 1529 2876 cura
1551 2845 1596 2875 rei
1619 2844 1781 2875 familiaris
1810 2843 1972 2874 subdatur.
2008 2844 2049 2874 Et
2080 2843 2153 2874 ideo
2177 2844 2284 2873 minor
2315 2853 2382 2873 non
2414 2848 2520 2883 potest

1452 2889 1605 2929 adoptare
1628 2890 1805 2919 seniorem:
1838 2888 1894 2919 sed
1917 2894 2063 2928 oportet,
2091 2887 2269 2918 secundum
2301 2887 2405 2927 leges,
2430 2886 2519 2927 quod

1452 2933 1622 2974 adoptatus
1646 2934 1685 2963 sit
1700 2934 1733 2963 in
1756 2938 1882 2963 tantum
1898 2933 2070 2972 adoptante
2093 2933 2200 2962 iunior
2216 2931 2304 2972 quod
2327 2937 2436 2971 posset
2452 2932 2519 2961 eius

1452 2988 1519 3008 esse
1542 2977 1627 3008 filius
1651 2977 1800 3008 naturalis
1816 2978 1843 3007 *.

1506 3023 1557 3052 An
1581 3032 1700 3052 snxrum
1723 3032 1882 3052 n1emn1ffl
1898 3021 1997 3061 quod,
2014 3022 2096 3051 sicut
2124 3021 2279 3060 contingit
2302 3020 2402 3051 amitti
2425 3019 2518 3056 filios,

1451 3068 1495 3097 ita
1518 3072 1549 3097 et
1571 3072 1717 3106 nepotes.
1748 3066 1789 3096 Et
1811 3066 1897 3102 ideo,
1914 3076 1990 3096 cum
2013 3065 2144 3105 adoptio
2168 3065 2207 3094 sit
2229 3064 2358 3094 inducta
2381 3065 2413 3094 in
2437 3064 2519 3094 sola-

1451 3111 1533 3141 tium
1557 3110 1698 3141 filiorum
1730 3111 1937 3146 amissorum,
1969 3111 2050 3140 sicut
2080 3110 2193 3149 aliquis
2223 3118 2279 3148 per
2309 3108 2518 3148 adoptionem

1451 3161 1557 3195 potest
1588 3155 1752 3195 subrogari
1775 3155 1808 3185 in
1831 3155 1942 3185 locum
1972 3154 2045 3190 filii,
2069 3155 2112 3184 ita
2135 3155 2167 3183 in
2191 3154 2301 3183 locum
2330 3153 2457 3193 nepotis
2488 3158 2518 3182 et

1452 3199 1603 3240 deinceps
1619 3200 1645 3229 *.

1507 3244 1558 3273 An
1583 3253 1735 3273 sap-rmum
1757 3253 1917 3273 nxcmnum
1942 3243 2031 3284 quod
2061 3243 2263 3283 propinquus
2286 3242 2354 3271 iure
2385 3241 2517 3281 propin-

1453 3288 1581 3328 quitatis
1603 3287 1698 3317 debet
1713 3287 1884 3318 succedere
1900 3289 1926 3318 θ’.
1963 3288 2003 3318 Et
2018 3287 2091 3317 ideo
2115 3296 2182 3317 non
2199 3286 2352 3326 competit
2376 3286 2405 3315 ei
2429 3285 2518 3325 quod

1453 3341 1511 3372 per
1533 3331 1743 3372 adoptionem
1767 3331 1807 3362 ad
1829 3333 2067 3362 successionem
2090 3331 2273 3361 deducatur.
2298 3330 2338 3360 Et
2359 3330 2384 3360 si
2404 3330 2517 3370 aliquis

1452 3377 1656 3416 propinquus
1686 3377 1738 3406 cui
1762 3385 1829 3406 non
1853 3381 2015 3416 competat
2043 3376 2202 3406 successio
2226 3374 2416 3410 hereditatis,
2441 3373 2517 3404 ado-

1453 3426 1569 3461 ptetur,
1591 3430 1658 3450 non
1682 3419 1852 3460 adoptatur
1874 3421 2067 3460 inquantum
2091 3425 2137 3450 est
2159 3419 2370 3459 propinquus.
2394 3418 2449 3448 sed
2469 3418 2516 3448 in-

1454 3470 1611 3506 quantum
1635 3470 1682 3494 est
1705 3470 1870 3495 extraneus
1894 3475 1912 3495 a
1934 3466 2002 3495 iure
2032 3464 2241 3495 successionis
2265 3464 2297 3493 in
2321 3463 2414 3493 bonis
2440 3462 2516 3493 ado-

1454 3509 1580 3550 ptantiS.

2548 2622 2556 2630 ·
2565 2619 2600 2640 Ad
2606 2619 2688 2641 Galat.
2707 2624 2758 2646 cap.

2548 2652 2581 2670 ιιι,
2597 2652 2657 2667 vers.
2674 2635 2709 2667 25.

2547 2973 2556 2982 ·
2571 2971 2621 2998 Dig.
2640 2971 2658 2997 1,
2673 2977 2711 2996 νιι,
2729 2971 2758 2992 de

2545 2998 2629 3026 Adopt.
2645 3001 2704 3025 ete.,
2723 2998 2756 3020 ¹6.

2546 3194 2554 3203 ·
2562 3192 2612 3223 Dig.
2622 3191 2756 3222 ibid.,a,43;

2546 3219 2671 3240 1nsnt.1oc.
2679 3222 2728 3244 cn..
2737 3226 2755 3240 ι.

2546 3287 2554 3296 ·
2566 3285 2616 3311 Dia.
2626 3283 2754 3309 XXXVIII,

2544 3318 2590 3333 xvi.
2614 3310 2644 3331 de
2659 3310 2709 3331 suis
2733 3311 2757 3331 et

2544 3337 2609 3365 legit.
2623 3336 2714 3358 Hercu.
