2918 4088
45 303 142 358 ἑιΑρι-ἰιῑνο
143 302 255 352 tncfteg.
282 304 371 340 bens
389 302 409 324 *

59 2800 61 2802 ’
98 2795 213 2820 mmm.
218 2792 240 2815 6.

8 3292 15 3330 '2
53 3311 72 3337 ,ψ’
88 3290 90 3292 V
119 3311 199 3333 nun.
210 3307 240 3334 6;

12 3345 15 3397 ἑ
65 3339 214 3383 Tit-nicet...
200 3367 238 3389 xv,

933 226 1196 273 QUAESTIO
1225 228 1415 274 LXXVII,
1445 227 1736 265 ARTICULUS
1764 230 1809 264 III

450 303 498 340 Et
516 302 604 340 ideo
623 303 752 352 potius
771 305 961 353 quantitas
989 305 1204 343 dimensiva
1221 312 1346 354 potest

281 367 365 393 esse
406 331 624 393 subiectum
664 356 826 394 aliorum
870 357 1125 397 accidentium
1166 370 1286 407 quam
1323 369 1344 396 e

280 420 482 446 converso.

335 462 392 498 AD
420 473 556 499 ptumum
582 475 680 500 ERGO
707 475 888 501 mcssNDUM
921 464 1028 513 quod
1065 463 1241 501 accidens
1275 474 1345 512 per

280 526 321 550 se
349 526 429 551 non
457 522 581 563 potest
608 528 690 552 esse
714 516 931 554 subiectum
949 516 1101 553 alterius
1121 515 1341 553 accidentis.

280 567 373 616 quia
400 579 479 604 non
507 580 577 617 per
604 581 644 605 se
673 576 738 605 est.
779 569 1004 606 Secundum
1031 581 1125 606 vero
1153 568 1261 618 quod
1289 575 1344 604 est

280 619 320 656 in
348 620 441 667 alio,
477 633 603 658 unum
636 621 811 659 accidens
846 621 983 659 dicitur
1016 634 1098 658 esse
1127 621 1343 658 subiectum

280 672 452 719 alterius,
481 674 713 723 inquantum
740 686 867 711 unum
894 674 1069 711 accidens
1097 674 1276 723 recipitur
1303 673 1343 709 in

280 725 452 763 subiecto
480 726 554 764 alio
582 727 795 764 mediante:
832 726 929 763 sicut
955 726 1178 776 superficies
1206 726 1343 763 dicitur

279 790 361 815 esse
390 779 606 816 subiectum
634 779 782 816 coloris.
818 779 941 826 Unde,
971 780 1129 828 quando
1157 778 1342 816 accidenti

280 831 392 868 datur
418 831 599 868 divinitus
627 838 670 868 ut
695 843 766 880 per
784 843 824 868 se
853 831 908 878 sit,
937 838 1061 880 potest
1080 831 1194 868 etiam
1212 843 1283 879 per
1301 843 1341 867 se

279 883 432 923 alterius
459 883 664 921 accidentis
692 896 774 920 esse
802 883 1030 920 subiectum.

329 937 388 973 An
423 948 613 973 SECUNDUM
648 948 830 974 mci-:NDUM
864 936 975 985 quod
1010 935 1083 972 alia
1119 935 1340 983 accidentia,

275 987 393 1026 etiam
421 988 639 1027 secundum
665 989 775 1038 quod
798 996 905 1026 erant
932 988 971 1026 in
990 988 1200 1026 substantia
1217 988 1339 1038 panis,

273 1040 618 1080 individuabantur
651 1041 844 1079 mediante
878 1041 1085 1090 quantitate
1114 1041 1340 1088 dimensiva,

274 1093 373 1133 sicut
400 1094 546 1131 dictum
572 1102 630 1132 est
647 1093 678 1131 ²¹².
717 1095 766 1132 Et
792 1094 880 1132 ideo
908 1093 1036 1143 potius
1067 1094 1257 1143 quantitas
1285 1094 1340 1131 di-

275 1147 451 1188 mensiva
479 1155 534 1184 est
561 1147 778 1184 subiectum
806 1146 972 1184 aliorum
999 1146 1256 1184 accidentium
1284 1159 1340 1184 re-

275 1199 518 1237 manentium
545 1200 585 1237 in
603 1201 680 1238 hoc
698 1208 938 1239 sacramento
958 1213 1078 1250 quam
1096 1212 1118 1238 e
1138 1212 1338 1238 converso.

327 1329 353 1367 ο)
373 1332 418 1358 ne.
433 1346 453 1351 —
471 1332 508 1358 Ee
524 1332 585 1358 ideo
603 1332 633 1358 Ρ.

2385 246 2455 282 197

1452 307 1509 343 An
1532 318 1691 344 TERTIUM
1718 318 1897 344 DICENDUM
1927 309 2033 356 quod
2065 322 2194 348 rarum
2227 320 2263 348 et
2290 312 2456 350 densum

1399 366 1488 396 sunt
1520 359 1713 407 quaedam
1751 359 1948 407 qualitates
1982 371 2258 411 consequentes
2293 377 2455 414 corpora

1398 423 1446 448 ex
1483 412 1559 448 hoc
1599 411 1708 460 quod
1749 411 1890 448 habent
1931 415 2097 453 multum
2134 417 2195 452 vel
2231 428 2369 464 parurn
2406 418 2454 455 de

1398 464 1557 501 materia
1588 464 1661 501 sub
1690 463 2013 501 dimensionibus.
2050 466 2145 503 sicut
2180 468 2290 505 etiam
2325 470 2455 507 omnia

1398 516 1471 553 alia
1503 516 1711 553 accidentia
1743 525 2033 565 consequuntur
2065 530 2110 555 ex
2142 520 2334 569 principiis
2366 522 2453 558 sub-

1399 569 1566 606 stantiae.
1597 570 1645 606 Et
1667 567 1680 590 ⁰
1709 568 1816 613 sicut,
1853 570 2042 606 subtracta
2079 571 2296 618 substantia,
2326 573 2454 611 divina

1397 622 1534 658 virtute
1571 630 1849 658 conservantur
1884 622 1956 658 alia
1993 622 2219 670 accidentia;
2259 624 2328 670 ita,
2367 626 2454 662 sub-

1396 682 1513 711 tracta
1541 674 1710 719 materia,
1739 674 1870 711 divina
1895 674 2033 711 virtute
2061 685 2335 714 conservantur
2362 690 2454 726 qua-

1397 726 1515 763 litates
1551 726 1752 763 materiam
1789 735 2088 776 consequentes,
2127 729 2221 765 sicut
2258 742 2387 766 rarum
2420 739 2455 767 et

1397 779 1574 816 densum.

1449 833 1506 868 AD
1535 843 1707 874 QUARTUM
1735 844 1917 870 DICENDUM
1949 833 2056 882 quod
2093 834 2281 882 quantitas
2309 836 2453 872 mathe-

1397 883 1560 920 11131103ι
1588 896 1669 920 11011
1697 884 1878 921 abstrahit
1906 897 1928 922 a
1951 886 2108 923 materia
2132 886 2361 935 intelligibili,
2388 889 2455 925 sed

1395 949 1419 973 a
1450 936 1609 975 materia
1646 936 1822 984 sensibili,
1856 945 1898 974 ut
1932 938 2069 976 dicitur
2102 940 2168 976 VII
2201 942 2414 989 Metaphys.
2435 940 2455 962 ’¹‘
2482 945 2525 991 's
2573 951 2608 966 -0
2633 953 2692 994 ξ·

1395 988 1544 1026 Dicitur
1577 997 1708 1027 autem
1745 990 1903 1028 materia
1939 991 2123 1028 sensibilis
2160 1004 2206 1029 ex
2239 993 2315 1029 hoc
2348 994 2455 1042 quod
2482 1003 2504 1024 ¹2
2520 1003 2533 1018 ¹¹
2559 1004 2566 1019 ¹

1393 1041 1594 1081 subiicitur
1621 1042 1861 1080 sensibilibus
1889 1044 2144 1093 qualitatibus.
2182 1046 2231 1082 Et
2258 1045 2345 1082 ideo
2374 1058 2454 1083 ma-

1396 1094 1575 1134 nifestum
1603 1103 1659 1132 est
1686 1096 1790 1145 quod
1821 1096 2009 1146 quantitas
2029 1097 2242 1135 dimensiva
2270 1111 2369 1147 quae
2397 1111 2454 1136 re-

1394 1155 1525 1184 manet
1552 1147 1592 1184 in
1620 1149 1696 1185 hoc
1724 1158 1962 1187 sacramento
1991 1150 2071 1187 sine
2093 1151 2274 1199 subiecto,
2298 1163 2380 1189 non
2399 1160 2454 1189 est

1395 1201 1584 1249 quantitas
1612 1202 1891 1240 mathematica.

1450 1332 1468 1366 ι)
1488 1334 1685 1359 mathematica.
1702 1348 1722 1352 -
1739 1334 1826 1359 Tertia
1853 1340 1953 1367 praeter
1971 1336 1995 1365 1;
2021 1336 2176 1362 dimensiva.
2194 1351 2213 1356 -
2237 1337 2287 1362 Pro
2313 1338 2453 1366 abstrahit,

1392 1368 1561 1394 abstrahitur
1579 1369 1685 1399 GHabc,
1704 1370 1818 1395 obstabit
1837 1371 1866 1396 C.

1076 1496 1397 1568 ART1cULUs
1426 1525 1656 1568 TERTlUS

720 1619 878 1651 UTRUM
902 1618 1074 1651 SPECIES
1097 1619 1219 1657 QUAE
1241 1619 1486 1650 REMANENT
1510 1619 1554 1649 IN
1577 1618 1671 1650 HOC
1695 1619 2004 1657 SACRAMENTO,

863 1663 1043 1694 POSSINT
1067 1663 1302 1695 IMMUTARE
1325 1663 1524 1701 ALIQUOD
1548 1663 1860 1695 EXTRINSECUM

739 1743 773 1767 lV
791 1742 878 1772 Sext„
899 1743 959 1768 dist.
976 1750 1019 1773 111,
1038 1750 1084 1775 qu.
1102 1750 1120 1774 1,
1139 1749 1185 1769 art.
1205 1749 1230 1773 α,
1250 1743 1300 1776 qu*
1321 1749 1395 1774 1‚2;
1414 1743 1512 1776 Rapp.
1531 1743 1569 1768 ad
1587 1744 1692 1769 Lector.
1715 1743 1816 1773 Venet.,
1835 1752 1904 1777 resp.
1922 1753 1994 1770 xxxV.

310 1851 331 1860 ·>
359 1850 364 1860 ·
387 1849 436 1875 ε,
481 1844 504 1869 1)
523 1843 684 1869 TERTlUM
703 1843 756 1869 510
770 1831 1038 1870 PROCEDITUR*.
1053 1831 1216 1869 Videtur
1230 1831 1337 1881 quod

235 1882 243 1890 ⁶
267 1925 274 1929 ,
300 1869 457 1952 ’β’·]..ῑ-’;ρ“
482 1884 628 1937 species
666 1896 767 1935 quae
802 1892 1003 1923 remanent
1038 1885 1079 1922 in
1106 1885 1183 1922 hoc
1215 1897 1337 1922 sacra-

291 1941 406 1979 Ῑῖῠν
427 1942 631 1986 (11101110,
660 1950 742 1983 non
768 1937 917 1989 possint
944 1938 1150 1976 immutare
1179 1938 1337 1988 aliquod

270 1986 425 2028 11⁴³*ss
442 1982 472 2023 *N*
489 1991 751 2028 xtrinsecum.
779 1991 970 2028 Probatur
993 1991 1099 2029 enim
1119 1991 1159 2029 in
1173 1993 1240 2029 VII
1253 1994 1337 2030 Me-

47 2090 58 2096 *
164 2045 244 2089 1''¹··
191 2043 412 2095 Qphysic.
427 2041 448 2064 ²⁸⁸
466 2044 574 2096 quod
591 2044 738 2082 formae
757 2057 857 2094 quae
881 2052 971 2083 sunt
988 2044 1029 2082 in
1047 2044 1217 2092 materia,
1238 2044 1338 2082 fiunt

72 2105 74 2109 .
95 2098 120 2116 n.
133 2099 146 2122 5
159 2066 234 2122 ιιᾳι.

270 2108 294 2133 3
310 2095 445 2136 formis
473 2109 573 2149 quae
601 2104 690 2134 sunt
708 2097 748 2134 in
767 2097 938 2144 materia,
962 2109 1044 2135 non
1071 2105 1202 2137 autem
1221 2110 1244 2135 a
1261 2098 1336 2136 for-

267 2148 344 2187 mis
362 2161 464 2200 quae
493 2157 582 2188 sunt
607 2149 688 2188 sine
707 2150 887 2188 materia:
918 2163 964 2188 eo
984 2151 1092 2200 quod
1120 2150 1242 2188 simile
1262 2150 1336 2200 agit

268 2201 342 2241 sibi
361 2202 494 2241 simile.
511 2203 588 2242 Sed
606 2203 752 2278 speeies
771 2205 1063 2241 sacramentales
1083 2211 1172 2242 sunt
1190 2204 1335 2254 species

268 2253 352 2295 sine
369 2255 547 2295 materia:
569 2254 693 2306 quia‘*
711 2264 912 2294 remanent
931 2257 1013 2294 sine
1031 2257 1217 2303 subiecto,
1232 2265 1274 2294 ut
1288 2269 1335 2296 ex

268 2307 415 2349 dictis*
441 2317 556 2359 patet.
586 2310 678 2347 Non
698 2321 788 2358 ergo
807 2317 970 2359 possunt
988 2310 1194 2347 immutare
1216 2318 1334 2348 mate-

267 2360 367 2402 riam
394 2362 634 2409 exteriorem,
654 2362 875 2400 inducendo
903 2363 1074 2423 aliquam
1100 2363 1279 2400 formam.

322 2426 359 2453 2.
388 2416 621 2463 Pmmkm,
646 2423 817 2453 cessante
841 2415 990 2454 actione
1013 2416 1129 2466 primi
1143 2415 1158 2446 β
1177 2416 1332 2465 agentis,

268 2479 424 2507 necesse
452 2476 508 2506 est
531 2468 638 2518 quod
666 2476 787 2506 cesset
813 2469 911 2507 actio
935 2468 1195 2507 instrumenti:
1226 2469 1332 2516 sicut,

268 2520 489 2573 quiescente
522 2522 630 2560 fabro
643 2551 652 2569 ,
685 2534 767 2559 non
793 2530 975 2563 movetur
1006 2523 1212 2560 martellus,
1255 2523 1334 2563 ,Sed

268 2586 407 2612 omnes
428 2574 575 2612 formae
594 2575 844 2615 accidentales
863 2583 981 2624 agunt
998 2575 1334 2614 instrumentaliter

267 2627 309 2667 in
335 2627 475 2665 virtute
501 2628 648 2666 formae
685 2628 939 2667 substantialis
972 2637 1159 2679 tanquam
1194 2629 1333 2679 prinei·-

267 2680 363 2731 palis
391 2681 545 2730 agentis.
577 2681 680 2719 Cum
705 2693 797 2730 ergo
826 2682 866 2720 in
892 2682 969 2720 hoc
990 2690 1232 2722 sacramento
1251 2695 1333 2720 non

267 2736 465 2773 remaneat
491 2734 617 2772 forma
644 2734 899 2773 substantialis
926 2735 1036 2785 panis
1060 2743 1097 2774 et
1114 2735 1207 2783 vini,
1237 2736 1334 2776 sicut

267 2799 385 2839 supra
402 2787 423 2809 '¹‘
449 2787 627 2826 habitum
654 2795 722 2831 est,
750 2787 903 2827 videtur
929 2789 1037 2840 quod
1063 2788 1210 2827 formae
1239 2789 1333 2829 acci-

267 2840 437 2880 dentales
465 2849 707 2879 remanentes
742 2853 852 2890 agere
880 2853 962 2883 non
985 2849 1152 2894 possunt
1181 2843 1233 2881 ad
1261 2842 1332 2884 im-

265 2893 524 2936 mutationem
551 2893 745 2933 exterioris
773 2895 965 2933 materiae.

323 2946 357 2984 3.
386 2948 620 2990 PRAETEREA,
649 2947 744 2987 nihil
762 2947 837 2996 agit
857 2956 963 2989 extra
976 2953 992 2977 Υ
1011 2961 1124 2989 5113111
1142 2949 1329 2999 5Ρο010111;

267 2999 369 3060 quia
387 3000 544 3039 effectus
572 3013 653 3038 non
680 3009 805 3050 potest
832 3013 914 3039 esse
941 3001 1070 3051 potior
1096 3015 1223 3041 causa.
1254 3003 1332 3040 Sed

267 3052 413 3104 species
428 3055 720 3093 sacramentales
735 3066 872 3095 omnes
890 3063 980 3093 sunt
996 3055 1217 3096 accidentia.
1238 3057 1331 3094 Non

267 3117 358 3166 ergo
384 3114 548 3157 possunt
575 3107 803 3147 exteriorem
824 3108 1024 3147 materiam
1043 3108 1261 3157 immutare,
1281 3109 1331 3148 ad

266 3171 397 3201 minus
425 3160 475 3198 ad
501 3160 669 3199 formam
696 3161 996 3202 substantialem.

319 3212 395 3251 SED
424 3225 568 3253 CONTRA
596 3226 662 3253 EST
690 3214 809 3264 quod,
838 3213 870 3254 si
896 3227 978 3252 non
1005 3223 1163 3265 possent
1189 3215 1331 3253 immu-

266 3273 345 3303 tare
373 3266 560 3304 exteriora
587 3279 762 3317 corpora,
791 3279 872 3305 non
899 3276 1057 3318 possent
1075 3268 1218 3305 sentiri:
1249 3280 1330 3304 sen-

228 3318 357 3356 t.itur
375 3319 480 3356 enim
507 3319 651 3370 aliquid
678 3333 749 3371 per
766 3321 843 3359 hoc
870 3321 978 3371 quod
1002 3321 1228 3359 immutatur
1247 3333 1331 3357 sen-

266 3383 331 3409 sus
359 3383 382 3409 a
409 3371 588 3419 sensibili,
617 3381 660 3411 ut
685 3373 824 3412 dicitur
850 3375 880 3412 11
899 3374 945 3412 de
961 3375 1103 3412 Anima
1121 3374 1151 3411 ³¹⁶.

317 3503 347 3538 α)
364 3504 437 3536 quia.
454 3518 474 3523 --
491 3504 579 3530 Tertia
596 3511 698 3538 praeter
716 3506 756 3537 H;
775 3513 851 3540 quae.

318 3538 345 3574 β)
359 3540 453 3572 primi.
470 3555 491 3559 -
503 3541 664 3573 principalis
683 3541 723 3567 Pl.

1444 1833 1669 1870 RESPONDEO
1688 1845 1871 1872 01οΕΝοοΜ
1891 1835 2009 1884 quod,
2032 1835 2123 1884 quia
2141 1836 2453 1886 unumquodque

1391 1885 1465 1934 agit
1501 1885 1733 1937 inquantum
1762 1894 1817 1924 est
1849 1899 1917 1924 ens
1945 1887 2077 1926 actu*
2087 1918 2095 1934 ,
2129 1901 2371 1938 consequens
2399 1897 2454 1927 est

1390 1939 1498 1988 quod
1526 1940 1851 1991 unumquodque,
1882 1940 1978 1978 sicut
2005 1953 2045 1978 se
2068 1942 2184 1979 habet
2211 1942 2261 1979 ad
2280 1954 2373 1989 esse,
2403 1942 2453 1980 ita

1390 2004 1430 2029 se
1459 1992 1575 2030 habet
1602 1993 1652 2030 ad
1679 2004 1802 2041 agere.
1833 1993 1936 2041 Quia
1954 1993 2090 2042 igitur,
2106 1995 2321 2032 secundum
2343 2008 2452 2045 prae-

1390 2045 1489 2082 dicta
1508 2045 1538 2093 ²⁸,
1569 2045 1770 2095 speciebus
1798 2047 2135 2086 sacramentalibus
2163 2048 2297 2085 datum
2316 2056 2372 2086 est
2399 2048 2489 2085 di-

1390 2097 1480 2135 vina
1507 2098 1646 2136 virtute
1674 2106 1716 2136 ut
1743 2107 1967 2137 remaneant
1989 2100 2030 2138 in
2049 2113 2120 2139 suo
2141 2113 2235 2141 esse·
2251 2102 2358 2151 quod
2385 2102 2452 2139 ha-

1388 2151 1531 2188 bebant
1559 2151 1769 2189 substantia
1794 2152 1906 2212 panis
1934 2160 1970 2190 et
1988 2153 2068 2190 vini
2096 2153 2290 2201 existente,
2319 2167 2451 2192 conse-

1390 2216 1513 2253 quens
1542 2212 1598 2245 est
1630 2205 1738 2258 quod
1766 2205 1881 2243 etiam
1909 2215 2134 2244 remaneant
2161 2206 2201 2244 in
2229 2220 2300 2245 suo
2329 2220 2449 2257 agere.

1389 2257 1438 2295 Et
1464 2257 1553 2295 ideo
1583 2270 1743 2296 omnem
1771 2258 1963 2296 actionem
1991 2272 2111 2308 quam
2139 2268 2315 2310 poterant
2342 2273 2451 2309 agere

1389 2310 1599 2348 substantia
1624 2311 1735 2360 panis
1763 2319 1800 2348 et
1826 2311 1907 2349 vini
1935 2311 2128 2359 existente,
2157 2322 2319 2373 possunt
2338 2314 2451 2351 etiam

1388 2375 1498 2412 agere
1518 2364 1728 2401 substantia
1745 2365 1856 2414 panis
1875 2373 1911 2402 et
1925 2365 2004 2403 vini
2023 2373 2242 2404 transeunte
2257 2366 2296 2404 in
2311 2379 2451 2416 corpus

1389 2424 1425 2454 et
1452 2417 1681 2466 sanguinem
1710 2417 1850 2455 Christi
1868 2418 1898 2455 ²⁸.
1942 2419 2054 2458 Unde
2090 2432 2171 2457 non
2203 2428 2259 2457 est
2285 2420 2450 2458 dubium

1388 2471 1496 2521 quod
1523 2478 1686 2520 possunt
1712 2470 1918 2508 immutare
1947 2471 2133 2509 exteriora
2160 2485 2332 2522 corpora.

1440 2524 1498 2560 AD
1527 2536 1663 2561 PRIMUM
1690 2536 1788 2561 ERGO
1817 2537 1998 2562 111οΕΝοοΜ
2027 2525 2134 2574 quod
2155 2525 2299 2585 species
2328 2539 2448 2564 sacra-

1387 2578 1584 2622 mentales,
1614 2576 1699 2614 licet
1726 2576 1800 2613 sint
1826 2577 1972 2614 formae
2002 2577 2082 2615 sine
2103 2578 2262 2616 materia
2290 2579 2448 2617 existen-

1386 2637 1460 2677 tes,
1490 2629 1652 2670 retinent
1687 2638 1817 2667 tamen
1854 2630 1959 2669 idem
1997 2643 2078 2668 esse
2114 2632 2220 2683 quod
2257 2632 2449 2669 habebant

1386 2682 1493 2732 prius
1521 2682 1561 2721 in
1588 2683 1758 2721 materia.
1787 2684 1836 2720 Et
1862 2683 1950 2721 ideo
1978 2684 2194 2722 secundum
2222 2697 2338 2722 suum
2366 2697 2446 2725 0550

1387 2735 1646 2777 3551111113111111·
1671 2736 1805 2773 formis
1833 2749 1933 2785 quae
1962 2745 2050 2773 sunt
2077 2737 2117 2774 in
2145 2737 2313 2774 materia.

1440 2791 1497 2826 AD
1526 2802 1716 2827 SECUNDUM
1746 2802 1930 2828 DICENDUM
1962 2790 2068 2841 quod
2095 2789 2145 2827 ita
2177 2790 2273 2827 actio
2301 2791 2445 2828 formae

1386 2842 1628 2882 accidentalis
1655 2843 1847 2894 dependet
1873 2842 1922 2879 ab
1941 2842 2090 2880 actione
2108 2843 2253 2880 formae
2273 2843 2445 2880 substan-

1386 2895 1494 2942 tialis,
1524 2895 1620 2932 sicut
1647 2907 1729 2935 esse
1757 2894 1959 2932 accidentis
1979 2895 2170 2953 dependet
2188 2895 2236 2932 ab
2256 2907 2337 2933 esse
2356 2895 2444 2932 sub-

1386 2948 1555 2987 stantiae.
1584 2949 1634 2985 Et
1660 2948 1759 2995 ideo,
1789 2947 1885 2984 sicut
1912 2947 2041 2984 divina
2059 2947 2195 2984 virtute
2223 2947 2334 2984 datur
2361 2960 2444 2998 spe-

1388 3002 1520 3041 ciebus
1548 3000 1884 3041 sacramentalibus
1912 3007 1954 3037 ut
1980 2999 2127 3059 possint
2146 3012 2227 3036 esse
2255 3000 2336 3036 sine
2355 3000 2444 3038 sub-

1387 3054 1533 3099 stantia,
1562 3053 1613 3090 ita
1641 3053 1753 3091 datur
1771 3053 1824 3089 eis
1852 3061 1894 3092 ut
1920 3052 2066 3102 possint
2084 3063 2193 3100 agere
2222 3052 2302 3090 sine
2320 3052 2444 3092 forma

1387 3106 1642 3152 substantiali,
1672 3105 1809 3144 virtute
1843 3105 1934 3152 Dei,
1971 3118 1994 3142 a
2027 3117 2106 3154 quo
2143 3105 2240 3144 sicut
2264 3118 2289 3144 3
2315 3105 2442 3158 primo

1387 3167 1519 3209 agente
1548 3158 1740 3208 dependet
1767 3157 1893 3196 omnis
1917 3157 2013 3195 actio
2032 3158 2178 3198 formae
2206 3165 2242 3196 et
2269 3159 2442 3199 substan-

1386 3212 1480 3250 tialis
1509 3219 1545 3251 et
1572 3210 1822 3249 accidentalis.

1439 3267 1496 3302 Ar>
1518 3276 1677 3301 TERTIUM
1695 3276 1877 3300 DICENDUM
1896 3263 2003 3312 quod
2031 3262 2247 3301 immutatio
2269 3276 2368 3313 quae
2388 3272 2443 3301 est

1386 3319 1435 3355 ad
1462 3318 1628 3354 formam
1656 3316 1953 3362 substantialem,
1982 3328 2062 3353 non
2083 3316 2126 3353 fit
2153 3329 2176 3354 a
2202 3317 2326 3354 forma
2353 3317 2442 3354 sub-

1386 3370 1546 3408 stantiali
1573 3369 1805 3417 immediate,
1835 3369 1902 3406 sed
1925 3369 2182 3406 mediantibus
2201 3369 2442 3419 qualitatibus

1440 3505 1466 3536 γ)
1486 3505 1577 3527 extra.
1595 3517 1614 3521 -
1634 3503 1706 3526 ultra
1727 3502 1766 3527 Pl.

2480 1891 2545 1912 *rAi
2548 1891 2691 1913 noea-nur

2477 1917 2546 1945 phys.
2546 1918 2608 1965 uim
2629 1917 2690 1945 vm,

2480 1949 2530 1991 ἕῳ
2546 1950 2634 1993 Ψίῑιῗ,
2646 1951 2690 1998 ix,

2479 1971 2531 2018 1e'c.t
2546 1986 2586 2019 vix.

2477 2426 2487 2437 ·
2501 2425 2530 2446 D.
2545 2425 2578 2453 65.
