2918 4088
62 469 72 479 ·
88 467 153 488 loun.
173 471 225 494 cap.
244 471 276 492 vi,

2 499 12 519 j
62 499 122 515 vern.
131 498 207 523 14-59.
215 503 226 523 .-
237 493 274 515 Cf.

6 522 8 526 '
62 525 127 542 num.
142 525 175 546 vr,
190 523 239 541 init.

60 644 73 655 ⁶
87 642 154 665 ven.
167 649 181 670 7
195 649 247 671 sqq.

2 1178 5 1181 K
62 1191 66 1194 “
102 1194 274 1223 xxvflma.

53 2406 71 2419 '
89 2404 118 2429 Β
139 2405 255 2428 eun...

59 2505 72 2515 ..⁴
126 2474 209 2508 inim
216 2475 271 2508 flate

957 167 1222 213 QUAESTIO
1250 167 1413 214 LXXX,
1443 166 1737 204 ARTICULUS
1765 168 1831 204 XII

303 243 411 273 minus
442 243 620 273 necessaria
650 253 748 283 quam
774 245 828 275 illa
854 245 914 275 alia
936 245 1005 280 lex,
1038 246 1110 276 Nisi
1139 246 1210 286 quis
1238 250 1370 276 renatus

294 286 406 328 suerit
427 296 469 318 ex
491 296 577 327 aqua
600 292 632 318 et
652 288 786 328 Spiritu,
812 298 877 319 non
896 294 1004 329 potest
1027 289 1164 320 introire
1180 290 1212 320 in
1230 299 1368 330 regnum

302 330 374 361 Dei.
402 330 471 361 Nec
495 337 624 371 oportet
645 332 788 363 laborare
811 333 851 363 ad
874 333 937 363 hoc
960 333 1179 374 probandum:
1213 334 1368 374 quoniam

302 379 411 414 aperta
433 380 507 405 sunt
523 376 695 415 utrobique
711 377 806 407 verba
822 377 965 412 Domini,
989 383 1030 412 et,
1055 378 1094 408 ad
1116 378 1253 408 litteram
1275 378 1367 408 intel-

302 418 395 454 lecta,
419 419 498 449 haec
522 420 699 450 continent.

357 462 425 493 VII.
450 463 575 494 Deinde
591 465 744 504 probatur
759 465 823 495 hoc
839 465 924 495 idem
941 475 979 496 ex
995 471 1148 496 contextu
1163 466 1327 506 Evangelii
1338 467 1366 497 ἦ

302 506 366 537 Ubi
389 506 618 538 advertendum
642 514 689 539 est
711 508 801 548 quod
824 508 968 540 doctrina
990 511 1048 540 ista
1069 510 1202 540 Domini
1224 511 1367 550 incoepit

302 552 559 582 occasionaliter:
583 553 666 583 sicut
689 552 832 583 doctrina
855 562 954 593 quam
977 554 1137 584 Dominus
1155 553 1242 584 dedit
1257 554 1365 585 Sama-

300 595 420 625 ritanae
444 595 484 626 de
507 605 591 636 aqua
605 597 686 632 viva,
711 598 880 627 occasione
904 604 1031 637 sumpta
1054 607 1092 628 ex
1114 607 1197 638 aqua
1220 599 1365 635 naturali,

301 645 338 669 ut
351 645 440 679 patet
454 640 543 671 loan.
554 651 585 670 xv
596 641 624 671 *.
641 640 748 672 Iudaei
761 642 857 676 enim,
871 647 945 681 post
959 642 1150 672 miraculum
1165 642 1205 672 de
1221 643 1365 682 quinque

300 684 437 723 panibus
460 689 492 714 et
515 684 642 715 duobus
665 685 816 724 piscibus,
840 691 1029 726 quaerentes
1052 686 1173 722 Iesum,
1197 686 1366 717 audierunt

301 728 340 757 ab
363 728 452 767 ipso:
486 727 652 764 Quaeritis
673 738 724 759 me
755 730 830 769 quia
861 729 1079 760 manducastis
1107 740 1148 760 ex
1169 730 1310 770 panibus
1335 735 1366 762 et

299 772 441 802 saturati
455 772 539 803 estis.
563 772 604 802 Et
619 773 724 803 statim
739 772 878 803 subdidit
893 773 1068 804 Dominus:
1096 773 1283 814 Operamini
1299 785 1364 805 non

300 816 405 846 cibum
423 816 479 856 qui
495 817 593 856 perit,
617 816 674 847 sed
695 817 751 857 qui
767 823 940 856 permanet
962 818 994 847 in
1011 818 1109 848 vitam
1125 823 1300 849 aeternam.
1324 819 1366 849 Et

300 860 346 890 sic
365 860 518 890 inchoato
534 869 683 890 sermone
698 860 738 891 de
755 861 828 890 cibo
845 862 1009 901 spirituali,
1027 862 1230 901 quaesierunt
1246 862 1363 898 Iudaei,

299 903 512 943 intelligentes
542 913 600 944 per
626 905 735 935 cibum
766 905 962 944 spiritualem
993 915 1091 945 opera
1121 912 1244 936 sancta:
1278 906 1365 943 Quid

290 947 458 988 faciemus
474 952 510 978 ut
525 957 696 987 operemur
711 957 810 988 opera
825 949 913 979 Dei?
935 949 976 979 Et
991 949 1160 980 audierunt
1176 960 1194 979 a
1209 951 1363 987 Domino,

301 996 338 1022 ut
357 991 526 1022 crederent
548 992 581 1022 in
605 992 728 1032 ipsum:
757 991 948 1023 declarando
971 993 1061 1033 quod
1084 994 1173 1024 cibus
1196 995 1365 1034 spiritualis

299 1044 338 1066 ac
360 1044 444 1075 opus
467 1035 529 1066 Dei
552 1041 634 1067 esset
656 1036 784 1067 credere
806 1037 839 1067 in
862 1038 980 1077 ipsum.
1011 1037 1088 1075 Quo
1112 1038 1232 1073 audito,
1257 1039 1364 1070 ludaei

300 1080 507 1120 quaesierunt
529 1080 567 1110 ab
587 1089 628 1110 eo
651 1081 789 1120 signum,
813 1087 849 1111 ut
871 1082 916 1111 sic
939 1081 1104 1112 crederent
1126 1082 1197 1121 ipsI,
1221 1092 1364 1114 comme-

298 1129 461 1154 morantes
484 1125 612 1164 signum
634 1134 770 1156 mannae
794 1125 827 1155 in
843 1125 979 1162 deserto,
1003 1131 1157 1165 tanquam
1180 1127 1270 1166 panis
1294 1137 1364 1158 cae—

298 1167 401 1198 lestis:
426 1169 517 1208 quasi
541 1168 692 1204 dicerent,
716 1175 753 1199 ut
775 1170 974 1209 Augustinus
997 1171 1129 1209 exponit
1143 1171 1175 1200 *2
1201 1170 1236 1200 Si
1259 1171 1307 1201 vis
1330 1177 1366 1201 ut

298 1212 470 1243 credamus
490 1212 555 1248 tibi,
569 1213 636 1254 fac
651 1213 730 1253 plus
745 1214 836 1244 nobis
854 1223 950 1254 quam
957 1214 1204 1255 fueritsactum
1215 1215 1365 1255 patribus

299 1257 438 1292 nostris,
469 1257 525 1297 qui
546 1257 826 1288 manducaverunt
846 1268 966 1288 manna
990 1258 1022 1288 in
1047 1258 1182 1289 deserto.
1217 1259 1258 1289 Et
1286 1265 1364 1290 tunc

298 1301 478 1336 Dominus,
509 1301 566 1332 ubi
586 1302 676 1342 prius
699 1300 739 1332 de
762 1303 835 1332 cibo
858 1302 987 1333 locutus
1010 1301 1121 1338 fuerat,
1145 1302 1186 1332 ad
1208 1303 1271 1333 cibi
1293 1313 1365 1343 spe-

299 1346 383 1383 ciem
404 1343 580 1381 deseendit,
604 1354 790 1386 proponens
813 1355 931 1386 panem
953 1346 1160 1386 spiritualem.
1195 1347 1236 1376 Et
1258 1348 1363 1386 primo

299 1389 441 1430 quidem,
465 1390 620 1430 proponit
642 1399 760 1429 panem
782 1399 895 1420 verum
918 1400 996 1426 esse,
1020 1400 1089 1420 non
1112 1399 1363 1430 quemcumque,

298 1433 356 1464 sed
377 1443 454 1464 eum
477 1433 533 1474 qui
554 1433 594 1464 de
615 1434 707 1464 caelo
730 1433 894 1464 descendit
915 1439 947 1465 et
967 1434 1024 1464 dat
1046 1435 1145 1464 vitam
1167 1434 1299 1465 mundo.
1323 1435 1364 1465 Et

298 1477 406 1509 subdit
427 1487 462 1509 se
484 1487 552 1508 esse
568 1487 689 1518 panem
712 1478 798 1508 vitae
819 1483 851 1508 et
867 1478 907 1508 de
921 1478 1012 1508 caelo
1028 1477 1237 1508 descendisse.
1261 1479 1364 1508 Mani-

299 1521 457 1562 festatque
479 1522 598 1552 horum
613 1521 754 1552 duorum
776 1522 917 1561 primum
941 1531 979 1552 ex
994 1522 1116 1552 actibus
1132 1522 1362 1561 spiritualibus:

298 1565 421 1597 seilicet
443 1565 532 1606 quod
554 1565 663 1596 venire
686 1565 726 1595 ad
748 1566 865 1605 ipsum,
890 1570 922 1596 et
945 1565 1073 1595 credere
1090 1566 1125 1595 in
1140 1566 1257 1604 ipsum,
1281 1566 1365 1596 tollit

297 1609 438 1640 totaliter
459 1609 580 1640 famem
601 1613 633 1638 et
655 1609 740 1639 sitim
762 1609 889 1644 mentis,
907 1614 938 1639 et
953 1608 1082 1638 tandem
1099 1609 1194 1638 etiam
1209 1609 1370 1648 corporis>

297 1653 350 1690 Et,
371 1653 559 1693 interposita
581 1653 836 1683 murmuratione
859 1651 1052 1683 Iudaeorum
1071 1652 1111 1682 de
1126 1652 1280 1688 secundo,
1304 1653 1364 1682 sci-

296 1697 373 1729 lieet
395 1696 485 1737 quod
507 1694 680 1727 descendit
695 1695 735 1726 de
758 1696 860 1732 caelo,
884 1701 915 1726 et
938 1705 1053 1726 eorum
1067 1696 1277 1736 repressione,
1296 1706 1364 1726 ma-

296 1740 425 1773 nifestat
446 1739 636 1776 secundum,
655 1738 696 1770 de
711 1749 778 1780 quo
794 1745 1080 1775 murmuraverant,
1096 1749 1135 1770 ex
1150 1740 1364 1779 spiritualibus

297 1791 432 1827 quoque
455 1785 588 1818 actibus,
611 1783 731 1815 scilicet
753 1783 844 1824 quod
864 1783 996 1814 credere
1011 1783 1044 1813 in
1061 1784 1164 1824 ipsum
1187 1788 1235 1814 est
1248 1783 1366 1814 habere

296 1829 396 1862 vitam
410 1833 595 1864 aeternam,-
613 1833 644 1858 et
659 1837 698 1858 ex
713 1827 890 1858 differentia
905 1828 987 1858 inter
1001 1827 1232 1858 manducantes
1247 1837 1366 1858 manna

298 1878 338 1905 et,
350 1874 470 1914 ipsum,
494 1873 571 1913 quia
593 1872 644 1903 illi
665 1872 788 1903 mortui
808 1877 892 1907 sunt,
916 1872 945 1902 si
964 1872 1036 1912 quis
1058 1876 1166 1902 autem
1188 1871 1365 1902 manduca-

297 1918 382 1951 verit
402 1927 446 1949 ex
467 1917 556 1958 ipso,
581 1926 647 1947 non
669 1916 842 1952 morietur,
870 1916 927 1946 sed
949 1916 1033 1946 viret
1055 1915 1088 1946 in
1112 1921 1289 1946 aeternum.
1325 1916 1366 1946 Et

297 1962 333 1994 in
354 1962 456 1998 ealce,
480 1961 618 2002 amplius
641 1960 815 2001 explanans
837 1960 998 1990 Dominus
1021 1969 1140 1999 panem
1163 1959 1203 1990 de
1226 1969 1293 1999 quo
1316 1960 1366 1990 lo-

298 2006 474 2048 quebatur,
505 2005 546 2036 ad
567 2014 697 2037 carnem
719 2003 902 2040 descendit,
930 2004 1055 2035 dicens:
1086 2004 1131 2035 Et
1146 2004 1246 2044 panis
1271 2014 1365 2045 quem

383 2049 477 2086 dabo,
501 2059 581 2081 caro
604 2058 676 2080 mea
691 2054 740 2080 est
755 2058 821 2089 pro
837 2048 950 2079 mundi
964 2048 1041 2079 vita.
1066 2048 1144 2086 Quo
1160 2048 1281 2085 audito,
1301 2049 1365 2079 liti-

295 2095 422 2137 gabant
435 2093 551 2125 Iudaei
565 2093 609 2124 ad
627 2093 783 2124 invicem:
807 2092 979 2130 Quomodo
989 2097 1099 2133 potest
1112 2093 1164 2123 hic
1180 2093 1271 2123 nobis
1285 2092 1366 2123 dare

297 2148 429 2172 caman
449 2147 544 2170 suam
566 2137 610 2169 ad
631 2136 920 2169 manducandum?
942 2137 984 2168 Et
1005 2142 1083 2167 tunc
1099 2136 1177 2167 dixit
1193 2137 1238 2167 eis
1261 2137 1363 2167 Iesus:

296 2182 371 2215 Nisi
392 2182 666 2215 manducaveritis
687 2191 819 2213 carnem
840 2181 920 2212 Filii
933 2181 1074 2211 hominis
1096 2186 1128 2211 et
1142 2181 1283 2212 biberitis
1297 2182 1366 2212 eius

295 2227 500 2270 sangninem,
525 2236 591 2258 non
613 2226 767 2258 habebitis
789 2226 887 2257 vitam
910 2225 943 2256 in
967 2225 1066 2256 vobis.
1098 2225 1175 2261 Ubi,
1200 2224 1366 2265 diligenter

297 2271 503 2307 advertendo,
526 2271 610 2302 clara
632 2271 705 2301 luce
727 2275 816 2311 patet
838 2269 938 2310 quod,
962 2279 1039 2300 cum
1061 2275 1149 2300 totus
1171 2269 1365 2310 praecedens

295 2325 403 2348 sermo
433 2315 529 2346 fuerit
557 2314 598 2346 de
620 2315 744 2346 actibus
773 2324 855 2355 pure
880 2314 1116 2354 spiritualibus,
1148 2313 1188 2344 de
1211 2314 1366 2354 spirituali

296 2369 432 2402 quoque
457 2359 707 2391 manducatione
730 2364 762 2390 et
784 2359 953 2399 potatione
982 2359 1083 2399 ipsius
1114 2357 1233 2389 Christi
1264 2359 1365 2388 carnis

264 2423 271 2429 ·
297 2410 330 2437 et
349 2405 534 2444 sanguinis·
543 2413 650 2434 sermo
673 2413 838 2444 praesens,
861 2402 902 2433 ad
923 2403 1072 2438 litteram,
1096 2408 1153 2432 est.
1181 2403 1197 2419 ⁴*
1214 2402 1250 2432 In
1273 2403 1365 2433 cuius

296 2449 435 2490 signum,
458 2457 628 2488 nunquam
650 2448 685 2478 in
707 2453 778 2478 toto
801 2448 858 2478 illo
882 2447 1025 2488 capitulo
1045 2446 1082 2477 fit
1096 2447 1220 2477 mentio
1237 2446 1277 2477 de
1293 2456 1365 2486 spe-

297 2493 408 2525 ciebus
430 2491 728 2523 sacramentalibus:
751 2491 818 2528 sed,
834 2497 910 2532 post
930 2501 1031 2532 panes
1053 2491 1241 2527 materiales,
1258 2491 1363 2530 primo

297 2537 338 2569 de
361 2537 434 2568 cibo
465 2536 638 2577 spirituali3
668 2535 784 2567 deinde
807 2535 848 2567 de
870 2545 954 2575 pane
977 2535 1122 2571 caelesti,
1147 2535 1222 2575 quia
1246 2534 1363 2571 Iudaei,

296 2582 486 2613 obiicientes
500 2590 629 2616 manna,
645 2579 845 2611 adduxerunt
860 2579 1066 2620 Scripturam‚
1083 2580 1204 2610 Panem
1219 2579 1258 2609 de
1273 2579 1364 2609 caelo

296 2625 385 2658 dedit
406 2625 452 2656 eis
474 2625 696 2662 manducare‚·
718 2630 750 2655 et
762 2630 877 2664 postea
899 2623 939 2655 de
962 2633 1057 2654 carne
1081 2629 1112 2654 et
1135 2624 1300 2664 sanguine.
1324 2623 1366 2653 Et

296 2671 415 2702 iterum
436 2668 562 2700 rediens
585 2669 746 2701 Dominus
764 2668 804 2699 ad
819 2678 938 2709 panem
961 2669 1020 2708 qui
1034 2667 1074 2698 de
1090 2668 1180 2698 caelo
1201 2667 1366 2698 descendit

297 2720 330 2746 et
350 2714 451 2755 ipsius
474 2713 702 2744 excellentiam
717 2722 814 2754 supra
835 2722 964 2749 manna,
988 2712 1147 2743 conclusit
1170 2721 1364 2747 sermonem,

260 2768 270 2774 ·
297 2760 315 2777 ⁵
329 2764 367 2791 ut
381 2768 421 2790 ex
435 2758 507 2799 ipso
532 2763 686 2789 contextu
707 2757 899 2797 intelligeres
922 2756 1013 2797 quod
1027 2766 1096 2787 non
1111 2757 1259 2786 meminit
1274 2756 1364 2796 panis

263 2799 271 2808 ⁸
297 2807 335 2834 ut
362 2801 500 2834 traderet
531 2802 673 2842 speciem
702 2801 981 2837 sacramentalem,
1004 2800 1061 2831 sed
1092 2806 1128 2831 ut
1157 2799 1364 2840 responderet

297 2846 422 2880 Iudaeis
444 2846 484 2878 de
507 2855 591 2887 pane
614 2845 689 2877 dato
713 2845 753 2876 de
776 2845 878 2881 caelo,
901 2851 934 2876 et
955 2850 1146 2876 monstraret
1169 2854 1219 2880 se,
1243 2850 1275 2875 et
1297 2854 1364 2874 non

296 2900 426 2927 manna,
441 2900 511 2922 esse
532 2899 652 2931 panem
674 2899 787 2921 verum
811 2890 868 2930 qui
882 2889 923 2920 de
939 2890 1030 2920 caelo
1054 2888 1227 2920 descendit.
1253 2888 1365 2919 Carnis

297 2945 432 2978 quoque
455 2941 487 2966 et
501 2935 666 2975 sanguinis
687 2934 846 2970 meminit,
862 2935 879 2951 ⁴*
894 2943 963 2964 non
981 2939 1018 2964 ut
1040 2934 1164 2974 species
1187 2942 1364 2963 sacramen-

297 2980 376 3013 tales
397 2979 544 3015 traderet,
569 2979 736 3020 quoniam,
753 2984 789 3008 ut
811 2983 908 3018 patet,
932 2983 1167 3008 sacramentum
1190 2987 1259 3007 non
1282 2977 1364 3007 cele-

297 3025 406 3055 bratur
429 3024 488 3054 sub
511 3024 619 3064 specie
643 3023 746 3054 carnis
761 3028 793 3053 et
807 3022 989 3062 sanguinis:
1014 3022 1069 3053 sed
1093 3028 1128 3052 ut
1152 3022 1282 3052 doceret
1297 3030 1364 3051 non

297 3067 443 3101 sufficere
470 3067 511 3099 ad
535 3068 634 3098 vitam
663 3072 806 3098 nostram
835 3066 964 3098 credere
986 3067 1020 3097 in
1042 3067 1150 3106 ipsum
1181 3065 1362 3101 Christum,

297 3121 416 3154 panem
431 3113 489 3152 qui
504 3111 543 3143 de
559 3111 649 3142 caelo
665 3110 839 3147 descendit,
855 3111 919 3141 hoc
934 3116 991 3147 est,
1008 3111 1116 3141 Deum
1132 3115 1163 3140 et
1178 3110 1362 3146 hominem;

297 3156 356 3189 sed
369 3161 498 3196 oportet
513 3156 609 3187 etiam
632 3154 761 3186 credere
782 3156 882 3196 ipsius
897 3165 958 3196 pro
973 3154 1087 3185 mundi
1101 3155 1165 3184 vita
1180 3154 1363 3194 passionem

298 3206 332 3233 et
356 3205 505 3236 mortem,
531 3201 566 3231 in
592 3209 657 3240 qua
683 3200 811 3240 sanguis
837 3205 999 3240 separatus
1029 3198 1090 3229 fuit
1112 3208 1130 3228 a
1154 3207 1257 3228 carne.
1289 3197 1363 3227 Hoc

298 3245 387 3277 enim
409 3250 458 3277 est
471 3243 562 3285 quod
584 3249 693 3284 aperte
710 3243 871 3274 Dominus
893 3242 1033 3274 subdidit
1056 3252 1131 3274 cum
1155 3241 1242 3277 dixit,
1265 3241 1364 3271 Panis

263 3307 265 3309 ·
298 3298 392 3330 quem
407 3297 470 3330 ego
484 3288 579 3324 dabo,
595 3297 674 3319 caro
691 3296 762 3321 mea
784 3292 833 3319 est
847 3297 914 3328 pro
937 3286 1050 3318 mundi
1072 3286 1157 3317 vita:
1179 3295 1252 3316 caro
1276 3286 1363 3316 enim

298 3343 357 3365 sua
371 3341 432 3373 pro
447 3331 564 3363 mundi
576 3332 640 3362 vita
655 3331 715 3363 fuit
730 3340 804 3365 caro
825 3341 918 3372 passa
939 3337 972 3363 et
993 3331 1099 3362 occisa
1114 3340 1173 3370 pro
1190 3329 1303 3360 mundi
1318 3330 1364 3359 vi-

298 3383 341 3413 ta,
355 3382 461 3408 morte
484 3376 572 3407 enim
593 3385 652 3407 sua
674 3375 844 3408 vivificavit
865 3375 1036 3409 muudum.
1061 3374 1154 3406 Unde
1178 3379 1219 3410 et,
1239 3374 1363 3413 litigan-

298 3422 383 3453 tibus
406 3420 447 3452 de
469 3421 533 3453 hoc
556 3419 690 3457 ludaeis,
706 3421 811 3453 statim
834 3420 874 3451 de
898 3430 992 3450 carne
1015 3425 1047 3450 et
1069 3418 1233 3458 sanguine,
1250 3423 1281 3448 et
1296 3427 1364 3448 non

201 3484 206 3497 1
261 3482 267 3487 ·
298 3465 340 3497 de
361 3465 530 3506 speciebus
552 3464 846 3500 sacramentalibus,
870 3463 1025 3495 subdidit:
1055 3463 1128 3494 Nisi
1151 3462 1364 3492 manducave-

298 3509 371 3541 n‘n’s
393 3518 525 3540 carnem
538 3509 619 3540 Filii
627 3508 779 3541 ·hominis
794 3514 825 3540 et
838 3508 980 3540 biberitis
998 3508 1067 3539 eius
1082 3507 1286 3548 sanguinem,
1303 3512 1363 3537 etc.

2406 176 2481 214 247

1423 246 1464 276 Et
1482 246 1550 276 sine
1572 246 1737 276 intervallo
1762 245 1929 276 declaravit
1953 246 2029 286 quid
2052 248 2091 277 sit
2114 247 2304 277 manducare
2329 247 2396 277 eius
2416 254 2482 277 car-

1422 299 1498 320 nem
1521 295 1552 320 et
1575 290 1682 320 bibere
1706 291 1774 320 eius
1799 291 2002 330 sanguinem,
2026 290 2182 321 subdens:
2217 291 2281 327 Qui
2309 290 2482 321 manducat

1421 343 1525 364 meam
1556 343 1687 364 carnem
1717 339 1749 364 et
1777 334 1853 364 bibit
1884 343 1987 364 meum
2019 335 2228 375 sanguinem,
2259 335 2352 365 habet
2383 335 2480 364 vitam

1421 383 1596 414 aeternam,
1620 383 1651 408 et
1672 388 1734 419 ego
1759 378 1954 408 resuscitabo
1978 387 2050 408 eum
2073 379 2106 408 in
2130 379 2302 408 novissimo
2330 379 2403 408 die:
2425 379 2481 409 ubi

1421 423 1516 452 etiam
1532 423 1630 452 vitam
1645 423 1787 462 corporis
1804 421 2075 462 consequendam,
2099 432 2167 452 non
2188 428 2265 452 tunc
2284 428 2400 458 tamen,
2425 422 2481 452 sed

1419 467 1452 496 in
1474 467 1650 497 novissimo
1673 466 1735 502 die,
1751 476 1770 496 a
1784 465 2050 496 manducantibus
2073 467 2142 496 eius
2165 476 2292 496 carnem
2316 472 2346 496 et
2370 467 2480 496 biben-

1419 511 1503 545 tibus
1526 511 1596 541 eius
1619 511 1818 550 sanguinem,
1843 510 2031 550 explanavit.

1485 554 1664 592 Quocirca,
1688 564 1764 585 cum
1787 564 1826 584 ex
1848 554 1919 584 solo
1943 564 2038 584 sensu
2061 554 2186 584 litterali
2208 554 2347 584 trahatur
2370 553 2480 584 efficax

1419 604 1660 639 argumentum;
1694 604 1726 629 et
1751 608 1862 629 sensus
1888 598 2028 629 litteralis
2058 607 2096 628 ex
2127 603 2279 628 contextu
2309 597 2479 637 praecipue

1418 642 1571 682 pendeat3
1596 648 1637 678 et,
1661 642 1702 673 ad
1723 642 1869 678 litteram,
1889 647 1954 672 tam
1973 651 2011 672 ex
2034 647 2122 672 textu
2145 651 2243 682 quam
2267 651 2304 672 ex
2328 646 2480 672 contextu

1419 687 1458 718 de
1488 687 1702 727 spiritualibus
1729 687 1851 717 actibus
1879 686 2087 717 solummodo
2108 687 2124 703 *
2147 695 2253 716 sermo
2282 686 2339 715 sit:
2367 695 2480 715 conse·
2507 691 2516 700 ·

1419 740 1521 771 quens
1540 737 1587 762 est
1601 736 1638 761 ut
1652 736 1756 761 textus
1779 731 1837 761 iste
1861 729 1900 760 de
1923 730 2076 770 spirituali
2098 729 2346 760 manducatione
2363 729 2480 759 Christi

1418 775 1519 805 carnis
1543 780 1574 805 et
1596 775 1768 814 sanguinis,
1793 775 1855 804 hoc
1879 779 1935 810 est,
1953 774 1992 804 de
2015 773 2079 804 fide
2102 775 2135 804 in
2157 775 2265 814 ipsum
2287 778 2319 804 et
2341 778 2479 803 mortem

1418 819 1502 854 eius,
1526 819 1544 836 ³*
1559 824 1591 849 et
1618 828 1686 849 non
1715 818 1755 849 de
1784 819 1971 849 sacramenti
2002 818 2218 848 Eucharistiae
2248 817 2402 858 spirituali
2425 822 2480 847 aut

1418 863 1635 893 sacramentali
1657 862 1915 897 manducatione,
1939 872 2044 893 sermo
2068 862 2117 892 sit.

1472 907 1514 937 Et
1535 908 1562 937 si
1585 912 1756 946 quaeratur
1785 916 1883 946 quare
1910 906 2055 937 Christus
2077 911 2220 936 nostram
2250 906 2284 936 in
2310 905 2418 945 ipsum
2448 910 2480 934 et

1417 956 1555 981 mortem
1577 952 1646 981 eius
1669 950 1766 982 fidem
1790 951 1848 981 sub
1871 951 2059 990 metaphora
2081 949 2337 980 manducationis
2352 954 2384 979 et
2399 949 2479 978 bibi-

1417 995 1514 1025 tionis
1535 995 1691 1030 docuerit,
1715 996 1749 1025 in
1770 1000 1925 1038 promptu
1948 1000 1995 1024 est
2010 995 2090 1024 ratio
2106 994 2284 1034 multiplex.
2307 993 2426 1028 Primo,
2443 997 2479 1023 ut

1417 1045 1646 1070 monstraretur
1660 1038 1752 1079 quod
1766 1044 1874 1069 nostra
1884 1039 1918 1069 in
1931 1038 2095 1069 Christum
2110 1038 2297 1068 coniunctio
2312 1046 2370 1077 per
2380 1036 2479 1067 fidem

1417 1083 1585 1114 formatam
1609 1089 1691 1114 esset
1712 1083 1911 1123 participatio
1935 1082 2076 1112 caelestis
2100 1081 2322 1120 beatitudinis,
2351 1080 2390 1111 de
2414 1089 2479 1120 qua

1417 1128 1571 1167 scriptum
1594 1133 1640 1158 est
1655 1128 1686 1157 ἐ
1711 1127 1963 1158 Inebriabuntur
1984 1126 2024 1157 ab
2047 1126 2190 1156 ubertate
2212 1126 2326 1156 domus
2344 1130 2428 1160 tuae,
2447 1129 2480 1155 et

1417 1176 1561 1201 torrente
1583 1171 1756 1211 uoluptatis
1779 1176 1855 1202 tuae
1871 1171 2000 1210 potabis
2022 1180 2087 1200 eos.
2110 1188 2133 1192 —
2155 1169 2317 1205 Secundo,
2333 1174 2369 1199 ut
2383 1178 2478 1199 mon·
2521 1170 2526 1175 ‘

1416 1220 1564 1245 straretur
1575 1225 1608 1245 se
1621 1225 1688 1245 esse
1699 1215 1797 1245 Patris
1807 1215 2012 1255 Sapientiam,
2022 1224 2105 1254 quae
2117 1213 2245 1249 dixerat,
2253 1213 2442 1243 Prouerb.1x
2449 1213 2476 1242 ἐ

1423 1259 1538 1294 Venite,
1556 1259 1711 1290 comedite
1720 1268 1841 1299 panem
1856 1268 1971 1294 meum,
1987 1264 2018 1289 et
2032 1258 2126 1289 bibite
2140 1258 2249 1288 vinum
2264 1257 2351 1297 quod
2365 1257 2479 1287 miscui

1417 1303 1514 1334 vobis.
1537 1321 1561 1325 -
1584 1303 1705 1339 Tertio,
1729 1308 1765 1332 ut
1786 1308 2015 1333 monstraretur
2037 1301 2128 1342 quod
2150 1302 2245 1332 etiam
2261 1310 2335 1331 caro
2350 1310 2408 1331 sua
2423 1309 2478 1330 oc-

1417 1347 1490 1383 cisa,
1515 1353 1547 1376 et
1563 1347 1690 1386 sanguis
1705 1356 1782 1377 suus
1801 1347 1896 1376 etiam
1912 1351 2074 1386 separatus
2092 1356 2110 1376 a
2126 1355 2230 1381 carne,
2246 1345 2398 1375 haberent
2413 1345 2479 1374 vim

1417 1391 1592 1421 satiativam
1614 1391 1731 1420 mentis
1754 1391 1932 1420 humanae:
1956 1395 1987 1420 et
2009 1390 2084 1420 hinc
2107 1389 2300 1419 disceremus
2323 1389 2425 1418 carnis
2448 1394 2480 1418 et

1416 1435 1578 1474 sanguinis
1602 1434 1719 1464 Christi
1742 1434 2007 1464 coniunctionem
2030 1433 2070 1463 ad
2089 1433 2248 1468 deitatem,
2273 1442 2311 1462 ex
2327 1441 2392 1472 qua
2413 1432 2479 1462 vim

1400 1478 1591 1508 ·satiativam
1613 1478 1792 1507 intellectus
1816 1483 1847 1507 et
1870 1477 2000 1508 affectus
2022 1477 2150 1507 habent.
2172 1495 2196 1499 —
2218 1476 2352 1513 Quarto,
2376 1481 2413 1506 ut
2434 1477 2480 1506 sic

1416 1521 1625 1552 fundamenta
1654 1522 1831 1551 iacerentur
1861 1520 1901 1551 ad
1923 1520 2205 1551 manducationem
2236 1525 2267 1550 et
2290 1520 2480 1550 bibitionem

1416 1565 1688 1595 sacramentalem.
1712 1565 1795 1594 Nam
1819 1573 1856 1594 ex
1879 1565 1942 1594 hoc
1966 1564 2055 1604 quod
2074 1564 2202 1594 credere
2217 1564 2250 1594 in
2267 1563 2430 1593 Christum
2449 1569 2481 1594 et

1416 1614 1555 1639 mortem
1579 1609 1647 1638 eius
1670 1614 1717 1638 est
1740 1609 1865 1638 satietas
1887 1609 2013 1642 mentis,
2038 1613 2070 1637 et
2091 1607 2224 1637 refectio
2247 1607 2429 1646 sapientiae,
2449 1613 2481 1637 et

1416 1653 1616 1692 participatio
1640 1651 1800 1691 quaedam
1822 1651 1964 1681 caelestis
1979 1651 2146 1686 felicitatis,
2164 1650 2255 1680 facile
2270 1650 2390 1680 discere
2405 1660 2481 1690 pos-

1416 1705 1527 1726 sumus
1543 1695 1634 1735 quod
1649 1695 1744 1734 digne
1759 1705 1886 1725 sumere
1901 1701 2098 1725 sacramenta
2113 1695 2258 1734 corporis
2273 1700 2305 1724 et
2320 1695 2481 1733 sanguinis

1417 1740 1551 1770 Domini
1574 1744 1621 1769 est
1644 1745 1676 1769 et
1697 1739 1840 1769 caelestis
1863 1739 2064 1778 participatio
2087 1739 2238 1773 convivii,
2254 1743 2285 1767 et
2300 1738 2333 1768 in
2349 1738 2482 1778 Sapien-

1416 1784 1478 1813 tiae
1501 1793 1613 1813 mensa
1636 1783 1729 1813 edere
1754 1788 1785 1813 et
1807 1783 1926 1818 bibere,
1944 1788 2004 1813 etc.

1472 1827 1514 1858 Et
1543 1828 1620 1857 hinc
1653 1827 1810 1867 processit
1836 1832 1872 1856 ut
1902 1836 1920 1856 a
1947 1826 2135 1856 doctoribus
2169 1826 2264 1856 sacris
2296 1825 2483 1856 extendatur

1417 1871 1616 1911 quandoque
1638 1876 1743 1901 textus
1765 1871 1855 1901 istius
1879 1870 2011 1911 capituli
2037 1869 2078 1900 ad
2099 1875 2334 1900 sacramentum
2356 1870 2483 1900 Eucha-

1416 1916 1531 1952 ristiae,
1543 1921 1576 1946 et
1591 1914 1853 1946 manducandum
1865 1919 1896 1945 et
1911 1914 2087 1945 bibendum
2099 1914 2374 1950 sacramentaliter,
2387 1913 2482 1954 digne

1416 1966 1535 1995 tamen,
1560 1959 1725 1990 Christum
1747 1968 1805 1989 seu
1829 1968 1958 1989 carnem
1974 1964 2005 1988 et
2020 1958 2209 1998 sanguinem
2224 1958 2303 1988 eius.
2326 1957 2482 1995 Quamvis

1418 2010 1449 2035 et
1463 2004 1632 2044 multiplex
1649 2003 1710 2034 alia
1724 2004 1764 2033 sit
1778 2003 1875 2034 huius
1889 2003 1984 2033 ratio:
2001 2002 2132 2038 scilicet,
2145 2002 2221 2042 quia
2234 2011 2284 2032 res
2300 2001 2340 2032 de
2356 2011 2420 2041 qua
2435 2008 2483 2033 est

1417 2058 1522 2079 sermo
1545 2049 1579 2078 in
1602 2053 1691 2078 textu
1713 2048 1786 2083 isto,
1810 2052 1858 2077 est
1879 2056 1928 2077 res
1951 2045 2126 2086 significata
2141 2051 2339 2076 sacramento
2355 2046 2482 2077 Eucha-

1416 2093 1536 2128 ristiae;
1561 2091 1715 2122 familiare
1738 2096 1786 2121 est
1808 2091 1895 2121 enim
1918 2091 2032 2130 signati
2055 2089 2257 2120 conditiones
2280 2090 2372 2130 signo
2396 2091 2481 2120 attri-

1417 2138 1525 2167 buere.
1560 2136 1602 2166 Et
1625 2136 1700 2176 quia
1722 2145 1807 2166 unus
1837 2141 1933 2175 atque
1957 2134 2044 2165 idem
2070 2133 2249 2164 secundum
2274 2135 2482 2165 substantiam

1417 2187 1464 2211 est
1486 2181 1578 2220 panis
1600 2179 1771 2220 spiritualis
1794 2185 1826 2210 et
1848 2179 1938 2219 panis
1962 2178 2206 2209 sacramentalis.
2230 2178 2272 2208 Et
2288 2178 2482 2209 manducare

1417 2235 1454 2255 ac
1476 2225 1584 2255 bibere
1607 2223 1809 2264 spiritualiter
1831 2222 2012 2258 Christum,
2045 2227 2076 2252 et
2098 2221 2291 2253 manducare
2314 2231 2351 2252 ac
2374 2222 2481 2253 bibere

1416 2269 1619 2309 spiritualiter
1641 2272 1891 2303 sacramentum,
1915 2273 1990 2297 sunt
2012 2276 2116 2297 unum
2140 2272 2172 2296 et
2193 2266 2279 2297 idem
2302 2266 2482 2297 secundum

1417 2313 1635 2348 substantiam,
1663 2312 1731 2342 sola
1753 2311 1907 2342 relatione
1931 2310 1971 2341 ad
1994 2316 2228 2341 sacramentum
2250 2310 2398 2340 sensibile
2421 2310 2482 2341 dii-

1418 2357 1559 2388 ferentia.
1593 2357 1679 2386 Hinc
1704 2357 1790 2386 enim
1814 2355 1850 2385 fit
1873 2361 1924 2390 ut,
1949 2360 2014 2385 tam
2037 2355 2070 2384 in
2094 2355 2218 2394 scriptis
2241 2364 2339 2394 quam
2361 2354 2395 2384 in
2418 2364 2482 2385 ser-

1417 2402 1568 2432 monibus
1591 2401 1623 2430 in
1648 2400 1764 2440 quibus
1787 2399 1974 2430 huiusmodi
1997 2398 2173 2429 differentia
2195 2399 2398 2438 propositum
2413 2408 2482 2429 non

1417 2447 1524 2481 variat,
1549 2444 1808 2484 frequentissimo
1838 2453 1900 2474 usu
1930 2453 2034 2473 unum
2062 2452 2123 2483 pro
2151 2443 2214 2473 alio
2237 2452 2398 2482 ponamus
2427 2448 2483 2473 aut

1418 2498 1627 2530 exponamus.

1471 2534 1553 2564 VIII.
1578 2533 1700 2568 Tertio,
1716 2532 1870 2572 probatur
1884 2530 1971 2561 idem
1986 2531 2175 2561 auctoritate
2190 2530 2383 2562 Sanctorum
2398 2532 2425 2561 *.
2442 2531 2483 2561 Et

1417 2579 1531 2619 primo,
1548 2576 1638 2617 quod
1652 2577 1731 2606 haec
1746 2576 1786 2606 sit
1802 2576 1985 2606 communis
2001 2575 2193 2606 Sanctorum
2209 2580 2240 2605 et
2254 2575 2482 2615 theologorum

1418 2623 1591 2663 expositio:
1623 2621 1779 2661 quoniam
1810 2620 2026 2650 communiter
2056 2619 2227 2659 exponitur
2257 2618 2297 2649 de
2327 2619 2483 2659 spirituali

1417 2666 1665 2698 manducatione
1695 2665 1807 2700 carnis,
1832 2669 1863 2694 et
1886 2663 2039 2704 spirituali
2063 2669 2145 2702 potu
2168 2663 2329 2702 sanguinis
2353 2662 2480 2693 Christi.

1417 2713 1434 2728 ⁴*
1450 2711 1491 2741 Et
1513 2709 1603 2750 quod
1625 2718 1683 2749 per
1705 2709 1768 2738 hoc
1791 2707 1958 2738 intendant
1983 2707 2180 2747 spiritualem
2203 2707 2422 2747 sumptionem
2445 2712 2482 2737 ut

1417 2755 1566 2786 abstrahit
1582 2764 1599 2783 a
1614 2752 1834 2783 sacramentali
1856 2753 1890 2782 in
1912 2761 1947 2782 re
1968 2752 2019 2781 vel
2042 2752 2076 2782 in
2099 2757 2188 2787 voto,
2209 2751 2363 2791 probatur
2386 2760 2424 2781 ex
2440 2760 2480 2781 eo

1417 2798 1507 2840 quod
1529 2797 1604 2828 ideo
1628 2802 1795 2837 exponunt
1818 2795 1858 2826 de
1881 2795 2084 2836 spiritualiter
2106 2795 2299 2826 manducare
2315 2800 2347 2825 et
2361 2795 2479 2831 bibere,

1417 2850 1452 2874 ut
1468 2841 1554 2883 apud
1569 2847 1670 2872 totam
1686 2841 1863 2871 Ecclesiam
1886 2839 2081 2876 universalis,
2097 2839 2293 2869 indubitatus
2314 2843 2345 2868 et
2361 2838 2480 2878 effuga-

1417 2889 1500 2918 tivus
1516 2886 1743 2926 quaestionum
1758 2894 1869 2915 sensus
1883 2884 2025 2914 litteralis
2047 2884 2209 2913 habeatur.
2234 2882 2368 2914 Constat
2389 2892 2479 2913 nam-

1417 2941 1481 2972 que
1505 2930 1605 2970 quod,
1629 2931 1655 2960 si
1678 2929 1718 2959 de
1741 2928 1959 2959 sacramentali
1982 2928 2166 2967 sumptione
2185 2927 2216 2957 in
2234 2936 2268 2957 re
2283 2927 2386 2957 autin
2401 2931 2479 2956 voto

1418 2981 1605 3015 exponatur,
1621 2983 1682 3004 nec
1697 2972 1883 3003 universalis
1906 2981 1967 3002 nec
1983 2971 2178 3002 indubitatus
2201 2980 2313 3000 sensus
2334 2971 2478 3007 habetur,

1417 3020 1473 3051 sed
1495 3019 1614 3050 multae
1638 3022 1806 3056 emergunt
1819 3015 1895 3046 inde
1910 3016 2123 3056 quaestiones.
2147 3015 2312 3053 Quoniam
2335 3020 2389 3044 aut
2411 3024 2479 3045 non

1418 3063 1626 3094 includuntur
1653 3071 1766 3092 omnes
1790 3061 1957 3100 baptizati:
1989 3065 2044 3090 aut
2067 3059 2164 3089 dubia
2186 3058 2226 3089 de
2248 3058 2407 3098 baptismo
2430 3059 2479 3089 in-

1418 3108 1542 3138 fantum
1565 3111 1709 3146 surgunt.
1733 3105 1774 3135 Et
1796 3114 1914 3140 rursus,
1930 3105 2012 3134 aut*
2029 3113 2142 3133 omnes
2165 3108 2239 3133 sunt
2261 3102 2320 3132 sub
2344 3107 2478 3142 utraque

1417 3153 1524 3192 specie
1544 3148 1818 3182 communicandi:
1836 3154 1891 3179 aut
1906 3148 2013 3178 bibere
2036 3146 2302 3178 sacramentaliter
2324 3151 2371 3176 est
2392 3145 2479 3177 idem

1418 3195 1508 3236 quod
1523 3194 1693 3226 comedere
1711 3192 1986 3224 sacramentaliter.
2004 3191 2141 3232 Oportet
2159 3200 2311 3230 quaerere
2327 3196 2359 3220 et
2374 3189 2479 3221 discu-

1417 3246 1502 3271 tere:
1538 3245 1569 3270 et
1599 3238 1674 3269 inde
1703 3237 1808 3268 variae
1839 3237 2009 3277 opiniones
2041 3241 2096 3266 aut
2124 3240 2228 3266 sectae
2258 3233 2350 3265 fiunt.
2385 3234 2478 3272 Quae

1417 3284 1527 3315 omnia
1550 3293 1569 3313 a
1591 3283 1783 3313 Sanctorum
1806 3286 1839 3311 et
1861 3280 2029 3311 communi
2051 3279 2278 3319 theologorum
2300 3279 2478 3309 intentione

1417 3329 1514 3368 longe
1537 3333 1622 3358 sunt.

1472 3372 1635 3410 Quocirca
1657 3370 1791 3410 diligens
1814 3370 1915 3400 lector
1937 3367 2077 3399 attendat
2100 3366 2200 3408 quod,
2217 3368 2243 3397 si
2261 3367 2337 3406 legit
2359 3366 2478 3406 exponi

1417 3422 1540 3447 textum
1562 3417 1650 3446 hunc
1673 3414 1713 3445 de
1735 3413 1928 3444 manducare
1950 3418 1981 3443 et
1996 3413 2103 3442 bibere
2125 3411 2327 3451 spiritualiter
2350 3419 2477 3440 carnem

1418 3466 1450 3492 et
1465 3461 1655 3500 sanguinem
1677 3458 1805 3494 Christi,
1825 3458 1907 3488 clare
1929 3457 2062 3487 habetur
2077 3456 2199 3486 veritas.
2224 3454 2258 3485 Si
2276 3463 2352 3485 vero
2376 3463 2477 3494 quan·

1418 3505 1527 3545 doque
1549 3504 1627 3544 legit
1649 3503 1768 3543 exponi
1790 3502 1882 3532 illum
1897 3500 1936 3532 de
1952 3499 2144 3531 manducare
2159 3504 2192 3530 et
2206 3499 2315 3529 bibere
2331 3498 2477 3538 spiritua-

2546 689 2690 710 solummodo

2507 722 2555 737 om.
2570 716 2594 737 P.

2506 821 2516 830 ·
2531 822 2554 840 et
2566 825 2639 840 non...
2649 825 2717 840 man-

2505 846 2630 868 ducatione
2637 852 2685 867 om.
2693 846 2717 867 Ρ.

2504 1129 2515 1139 ·
2531 1128 2567 1149 Ρι.
2577 1133 2646 1154 ιιιν,
2656 1133 2716 1149 vers.

2504 1217 2514 1226 ·
2529 1215 2595 1236 Vei-s.
2623 1229 2629 1235 .

2508 2533 2577 2563 ·'‚Cf.
2601 2539 2665 2555 num.
2688 2539 2720 2558 vn.

2509 2564 2559 2582 init.

2507 2710 2517 2719 ·
2531 2708 2563 2729 Et
2579 2708 2668 2736 qnod...
2683 2714 2720 2729 se·

2506 2737 2552 2756 ctu
2567 2736 2611 2756 aut
2627 2735 2720 2763 opinio—

2507 2761 2574 2782 nibus
2583 2763 2645 2788 (post
2657 2761 2718 2783 med.

2507 2790 2580 2812 uum.)
2595 2793 2642 2809 om.
2657 2787 2682 2809 Ρ.

2506 3106 2516 3114 ·
2530 3104 2608 3131 Margo
2623 3110 2667 3125 aa:
2682 3104 2719 3125 vel
