2878 4088
88 816 98 826 ·
107 814 299 843 incon-patula.

91 1991 184 2039 rme..
197 2010 228 2034 aa
240 2015 261 2033 2.
278 2023 281 2026 -

93 2058 104 2070 ”
117 2055 178 2079 Ga.
190 2061 242 2085 cap.
257 2061 305 2084 xxi,

92 2090 152 2106 ven.
169 2089 196 2106 ιο
210 2088 263 2112 oqq.

964 159 1228 207 QUAESTIO
1258 158 1413 205 LXVII,
1434 156 1728 194 ARTICULUS
1756 157 1798 203 11,
1819 158 1864 194 111

323 239 374 270 nis
395 248 464 270 non
486 239 594 279 potuit
617 244 723 269 totum
747 238 863 269 auferri
886 238 976 279 quod
999 243 1111 268 contra
1129 238 1235 278 legem
1262 242 1394 267 naturae

291 306 297 311 .
325 288 400 315 erat.
425 283 500 314 Hoc
515 283 603 313 enim
627 283 687 313 soli
703 283 770 324 legi
791 283 924 323 spiritus
939 287 971 313 et
985 282 1070 313 vitae
1085 283 1102 299 ¹*
1122 286 1316 312 reservatum
1337 284 1393 310 est.

380 327 432 358 AD
465 337 628 358 sncrmmm
654 337 816 357 mmmmm
839 326 928 367 quod
959 326 1208 366 inseparabilitas
1240 324 1395 364 competit

324 371 532 403 matrimonio
548 371 728 402 secundum
752 370 842 411 quod
857 377 904 402 est
927 371 1055 411 signum
1070 375 1244 410 perpetuae
1259 369 1395 400 coniun-

326 416 442 446 ctionis
466 415 584 446 Christi
600 421 631 446 et
647 415 826 451 Ecclesiae;
851 419 882 445 et
905 414 1084 445 secundum
1100 414 1190 454 quod
1213 419 1261 444 est
1275 414 1309 444 in
1325 411 1395 442 offi-

291 478 298 485 ·
326 460 414 491 cium
435 465 567 490 naturae
583 459 623 490 ad
638 460 763 490 bonum
786 459 885 500 prolis
901 458 1094 495 ordinatum,
1109 464 1146 489 ut
1165 457 1287 488 dictum
1306 461 1353 487 est
1368 457 1394 486 ’ἱ

326 503 390 535 Sed
405 505 481 544 quia
496 504 653 544 separatio
665 503 862 534 matrimonii
877 503 978 543 magis
994 502 1112 533 directe
1127 507 1284 542 repugnat
1299 500 1396 540 signi-

326 547 469 579 ficationi
493 558 592 588 quam
614 548 713 588 prolis
730 548 829 584 bono,
847 548 900 578 cui
923 551 1158 587 consequenter
1178 549 1344 586 repugnat,
1361 550 1398 574 ut

291 613 299 620 ·
327 592 450 624 dictum
481 598 528 623 est
542 593 576 629 *3
608 591 858 632 inseparabilitas
890 591 1087 621 matrimonii
1114 591 1216 630 magis
1245 591 1279 620 in
1307 588 1397 620 bono

327 638 516 668 sacramenti
538 636 724 676 intelligitur
751 645 849 676 quam
871 636 906 666 in
929 635 1018 665 bono
1041 634 1151 674 prolis.
1184 633 1341 671 Quamvis
1363 632 1397 664 in

327 687 466 722 utroque
496 681 630 720 intelligi
660 680 771 720 possit.
805 679 847 710 Et
869 678 1049 709 secundum
1077 678 1167 718 quod
1198 678 1336 718 pertinet
1359 677 1398 708 ad

326 726 452 756 bonum
476 725 585 766 prolis,
602 725 661 755 erit
676 723 716 754 de
739 723 810 763 lege
825 728 975 754 naturae:
999 731 1068 753 non
1091 727 1199 752 autem
1219 722 1398 753 secundum

328 769 419 811 quod
441 770 579 810 pertinet
602 768 642 799 ad
664 768 791 798 bonum
813 767 1012 797 sacramenti.

382 814 434 844 An
457 822 593 844 ‘rna-rum
615 817 703 852 patet
725 811 845 842 solutio
870 820 908 840 ex
931 809 1023 840 dictis
1039 811 1066 840 ¹.

382 858 434 888 An
451 866 600 888 aum-run
622 865 784 886 mmmmm
799 854 890 895 quod
911 854 1155 884 matrimonium
1184 854 1400 895 principaliter

327 901 492 933 ordinatur
515 900 555 931 ad
581 901 707 930 bonum
739 907 915 930 commune
944 899 1068 928 ratione
1100 898 1284 938 principalis
1307 897 1398 934 finis,

327 946 384 986 qui
407 951 455 976 est
477 945 602 975 bonum
625 944 743 984 prolis:
769 943 915 983 quamvis
931 942 1027 973 eu‘am
1050 943 1173 972 ratione
1189 941 1262 972 finis
1285 952 1400 973 secun-

327 989 406 1020 darii
425 989 590 1020 ordinetur
605 988 645 1018 ad
659 988 785 1018 bonum
801 987 1044 1018 matrimonium
1060 987 1286 1023 contrahentis,
1303 992 1400 1027 prout

326 1043 385 1074 per
407 1043 442 1064 se
465 1039 512 1064 est
531 1034 565 1064 in
588 1031 767 1063 remedium
792 1031 1082 1072 concupiscentiae.
1107 1031 1149 1061 Et
1168 1030 1242 1061 ideo
1266 1031 1300 1062 in
1322 1031 1400 1071 legi-

325 1078 387 1111 bus
409 1077 605 1109 matrimonii
636 1077 737 1117 magis
760 1075 932 1107 attenditur
964 1075 1043 1115 quid
1073 1076 1224 1106 omnibus
1255 1075 1401 1116 expediat

327 1131 426 1162 quam
449 1121 529 1162 quid
546 1121 605 1152 uni
628 1126 813 1161 competere
828 1121 938 1160 possit.
963 1119 1120 1158 Quamvis
1136 1129 1212 1160 ergo
1236 1121 1401 1150 matrimo-

326 1167 373 1198 nii
389 1165 638 1207 inseparabilitas
653 1164 808 1206 impediat
823 1165 948 1195 bonum
963 1164 1063 1204 prolis
1078 1164 1113 1194 in
1131 1164 1240 1204 aliquo
1256 1164 1400 1200 homine,

326 1215 436 1242 tamen
452 1215 500 1241 est
515 1210 712 1241 conveniens
734 1209 774 1240 ad
790 1209 915 1240 bonum
930 1209 1029 1249 prolis
1050 1209 1244 1248 simpliciter.
1269 1209 1310 1239 Et
1326 1218 1401 1249 pro-

327 1259 399 1296 pter
421 1255 486 1287 hoc
507 1255 589 1289 ratio
611 1263 681 1285 non
704 1254 858 1294 sequitur.

373 1325 473 1357 ART.
492 1325 529 1356 11.
553 1334 659 1356 uranu
681 1317 809 1355 uxorum
823 1333 991 1354 murrum:
1014 1333 1073 1354 PER
1095 1333 1359 1355 mserum-nonan

669 1378 739 1399 assa
762 1378 888 1399 mamm
910 1378 1063 1398 porumzrr
1098 1368 1101 1369 ⁷

394 1441 415 1461 n
431 1440 596 1462 sacunmm
610 1439 657 1461 src
672 1439 878 1460 pnoczmwn.
891 1428 1025 1460 Videtur
1040 1427 1131 1469 quod
1145 1438 1281 1459 uxorem
1297 1429 1403 1460 dimit:

331 1443 461 1507 Atere
476 1484 534 1515 per
549 1474 821 1514 dispensationem
844 1483 912 1504 esse
927 1473 1052 1504 licitum
1066 1482 1134 1503 non
1149 1474 1300 1513 potuerit.
1321 1473 1403 1504 Illud

330 1520 418 1555 enim
446 1518 537 1560 quod
559 1524 608 1549 est
628 1518 663 1548 in
685 1518 893 1548 matrimonio
923 1522 1036 1548 contra
1065 1517 1189 1547 bonum
1216 1518 1330 1557 prolis,
1356 1523 1402 1549 est

292 1576 296 1581 ·
331 1569 443 1595 contra
464 1564 568 1604 prima
590 1567 760 1603 praecepta
789 1562 867 1602 legis
890 1567 1038 1597 naturae,
1064 1571 1147 1601 quae
1170 1561 1403 1593 indissolubilia

298 1628 305 1638 ‚
330 1613 406 1643 sunt
420 1609 448 1642 *.
471 1607 535 1638 Sed
557 1606 700 1638 dimissio
724 1607 833 1636 uxoris
856 1611 903 1636 est
925 1605 1123 1641 huiusmodi,
1139 1610 1176 1636 ut
1199 1615 1238 1636 ex
1261 1605 1352 1637 dictis
1367 1607 1402 1623 *⁴

329 1657 427 1693 patet.
450 1651 548 1691 Ergo,
565 1656 625 1681 etc.

387 1705 418 1726 2.
441 1695 638 1730 Puerum,
655 1694 837 1724 concubina
861 1693 964 1724 differt
987 1693 1026 1723 ab
1049 1702 1150 1723 uxore
1173 1694 1346 1734 praecipue
1368 1694 1402 1724 in

330 1741 396 1774 hoc
418 1739 509 1780 quod
531 1748 600 1769 non
623 1743 671 1769 eet
692 1738 942 1778 inseparabiliter
957 1738 1076 1768 iuncta.
1101 1736 1164 1768 Sed
1182 1738 1300 1768 habere
1323 1747 1401 1768 con·
1418 1747 1440 1767 ις

331 1784 464 1817 cubinas
487 1783 548 1814 fuit
570 1782 818 1823 indispensabile
841 1783 868 1812 ’ἢ
903 1782 990 1822 Ergo
1014 1786 1046 1812 et
1068 1780 1226 1812 dimittere
1255 1791 1401 1812 uxorem.

387 1828 418 1860 3.
440 1828 638 1863 Pnumn,
657 1827 806 1857 homines
828 1827 872 1857 ita
894 1831 970 1856 sunt
991 1825 1092 1856 modo
1115 1826 1317 1866 receptibiles
1340 1826 1402 1857 dis-

330 1873 528 1914 pensationis
551 1872 634 1902 sicut
650 1871 729 1902 olim
751 1870 892 1901 fuerunt.
916 1869 980 1901 Sed
995 1869 1096 1900 modo
1119 1879 1188 1901 non
1210 1875 1317 1910 potest
1341 1870 1402 1901 dis-

331 1917 459 1958 pensari
483 1926 559 1947 cum
582 1916 692 1956 aliquo
715 1921 751 1946 ut
773 1924 909 1946 uxorem
937 1914 1083 1945 dimittat.
1119 1914 1206 1955 Ergo
1229 1924 1290 1946 nec
1314 1915 1402 1945 olim.

2441 158 2511 207 139

1448 242 1580 268 naturae
1593 236 1760 266 contineri.
1781 236 2032 276 Inseparabilitas
2044 238 2130 267 enim
2142 238 2337 268 matrimonii
2352 248 2420 268 non
2432 238 2516 268 ordi-

1449 286 1543 311 natur
1566 280 1606 311 ad
1628 279 1727 321 prolis
1760 280 1900 315 bonum,
1927 280 2017 320 quod
2041 286 2087 310 est
2110 282 2291 322 principalis
2323 282 2517 312 matrimonii

1449 324 1532 361 finis,
1548 325 1611 355 nisi
1634 329 1792 364 quantum
1815 323 1855 354 ad
1878 324 1941 354 hoc
1965 323 2055 363 quod
2077 334 2134 364 per
2156 331 2301 365 parentes
2316 325 2389 356 filiis
2411 327 2518 366 provi-

1451 368 1517 400 deri
1548 368 1643 399 debet
1671 369 1705 399 in
1728 373 1830 398 totam
1862 368 1960 398 vitam
1990 377 2047 407 per
2076 368 2215 399 debitam
2245 371 2518 410 praeparationem

1418 422 1427 443 ς
1451 423 1566 444 eorum
1596 422 1680 453 quae
1710 417 1784 442 sunt
1814 412 1991 442 necessaria
2017 412 2051 441 in
2078 413 2150 442 vita.
2185 413 2381 444 Huiusmodi
2411 419 2518 444 autem

1451 467 1558 488 rerum
1582 457 1799 497 appropriatio
1822 465 1890 486 non
1915 460 1962 485 est
1985 454 2024 485 de
2047 456 2149 495 prima
2172 457 2349 487 intentione
2371 464 2518 494 naturae,

1451 500 1631 532 secundum
1648 509 1746 541 quam
1763 501 1873 530 omnia
1892 504 1966 530 sunt
1985 500 2181 529 communia.
2205 500 2246 530 Et
2261 500 2334 531 ideo
2350 511 2418 531 non
2433 502 2519 532 vide-

1451 551 1504 576 tur
1536 550 1647 576 contra
1678 545 1815 585 primam
1838 544 2053 574 intentionem
2084 549 2215 574 naturae
2247 544 2388 575 dimissio
2412 547 2520 576 uxoris

1453 599 1537 620 esse:
1563 594 1595 619 et
1616 598 1674 629 per
1697 597 1899 628 consequens
1921 597 1982 618 nec
2006 593 2117 617 contra
2139 588 2241 627 prima
2264 595 2442 628 praecepta,
2466 590 2521 620 sed

1413 642 1439 656 ¹⁰
1453 639 1565 664 contra
1580 632 1730 669 secunda,
1747 633 1825 672 legis
1840 637 1983 662 naturae.
2003 631 2097 662 Unde
2114 632 2209 662 etiam
2225 633 2330 672 primo
2347 633 2446 663 modo
2463 634 2521 663 sub

1453 677 1692 717 dispensatione
1715 676 1840 707 videtur
1862 685 1959 716 posse
1982 675 2104 706 cadere.

1508 721 1560 751 An
1583 730 1701 751 PRIMUM
1723 730 1807 751 anuo
1831 729 1992 750 mmmmm
2012 719 2102 759 quod
2124 720 2157 749 in
2173 720 2262 750 bono
2285 720 2393 760 prolis,
2410 730 2522 751 secun-

1454 764 1533 795 dum
1563 764 1654 804 quod
1686 769 1733 795 est
1765 764 1805 795 de
1827 765 1931 804 prima
1957 764 2136 794 intentione
2167 769 2312 800 naturae,
2339 764 2523 805 intelligitur

1453 809 1634 850 procreatio
1663 813 1694 839 et
1724 809 1856 839 nutritio
1889 814 1920 839 et
1949 808 2116 839 instructio
2151 817 2323 848 quousque
2355 809 2462 848 proles
2485 809 2524 840 ad

1415 861 1437 881 ¹5
1454 852 1630 893 perfectam
1659 858 1795 883 aetatem
1826 852 1970 883 ducatur.
2006 852 2069 883 Sed
2099 852 2189 892 quod
2212 853 2242 883 ei
2264 852 2469 893 provideatur
2491 854 2523 884 in

1454 902 1620 938 posterum
1636 906 1694 937 per
1716 896 1896 928 hereditatis
1913 902 1945 927 et
1960 896 2097 927 aliorum
2113 897 2275 927 bonorum
2295 896 2523 929 dimissionem.

1454 941 1580 972 videtur
1602 942 1761 982 pertinere
1785 941 1825 972 ad
1847 941 2021 972 secundam
2045 941 2123 981 legis
2146 946 2277 971 naturae
2300 942 2523 972 intentionem.

1510 986 1561 1016 An
1588 996 1750 1016 sncxmnuu
1781 995 1941 1016 mmmmm
1971 985 2061 1025 quod
2084 985 2202 1016 habere
2232 986 2448 1016 concubinam
2479 992 2525 1016 est

1456 1036 1568 1061 contra
1583 1031 1708 1061 bonum
1723 1030 1822 1070 prolis
1844 1035 2001 1069 quantum
2025 1029 2064 1060 ad
2083 1029 2116 1059 id
2140 1029 2230 1070 quod
2252 1035 2364 1060 natura
2379 1030 2413 1060 in
2429 1039 2469 1060 eo
2486 1030 2525 1061 de

1415 1082 1441 1097 ²⁰
1455 1075 1558 1115 prima
1573 1075 1752 1105 intentione
1767 1073 1913 1110 intendit,
1926 1074 2045 1104 scilicet
2061 1073 2286 1104 educationem
2298 1079 2329 1104 et
2344 1075 2526 1105 instructio-

1455 1129 1551 1155 nem,
1576 1128 1659 1159 quae
1681 1119 1814 1159 requirit
1837 1118 2021 1149 diuturnam
2044 1119 2322 1148 commansionem
2344 1124 2524 1159 parentum,

1457 1162 1548 1204 quod
1569 1173 1638 1194 non
1662 1169 1709 1194 est
1731 1164 1764 1193 in
1789 1163 1980 1198 concubina,
1997 1172 2080 1202 quae
2099 1162 2138 1193 ad
2161 1167 2289 1203 tempus
2312 1164 2483 1194 assumitur
2498 1164 2524 1194 ἦ
2554 1168 2563 1177 ”

1456 1208 1499 1239 Et
1520 1207 1595 1238 ideo
1618 1217 1687 1238 non
1711 1212 1757 1237 est
1780 1207 1893 1237 simile.
1910 1225 1932 1228 -
1957 1206 2084 1237 Tamen
2106 1212 2264 1247 quantum
2289 1206 2328 1237 ad
2351 1207 2525 1238 secundam

1458 1252 1729 1292 dispensationem
1745 1253 1772 1287 *,
1789 1252 1885 1281 etiam
1907 1251 2023 1281 habere
2044 1251 2259 1282 concubinam
2282 1252 2341 1282 sub
2365 1251 2526 1292 dispensa-

1418 1307 1441 1327 ις
1458 1297 1546 1327 n'one
1570 1295 1682 1326 cadere
1705 1301 1828 1336 potest:
1852 1301 1889 1326 ut
1911 1300 1999 1335 patet
2022 1295 2106 1326 Osee
2129 1305 2141 1325 1
2155 1296 2182 1326 *.

1512 1341 1564 1371 An
1588 1350 1723 1370 ran-rum
1746 1349 1906 1370 memma
1930 1338 2020 1379 quod
2042 1339 2301 1379 inseparabilitas,
2319 1341 2464 1380 quamvis
2487 1342 2527 1371 sit

1458 1383 1498 1415 de
1521 1384 1663 1415 secunda
1693 1384 1871 1414 intentione
1902 1384 2098 1414 matrimonii
2128 1389 2225 1423 prout
2248 1390 2295 1414 est
2322 1385 2355 1414 in
2383 1383 2527 1415 officium

1457 1434 1606 1465 naturae,
1634 1433 1742 1459 tamen
1766 1433 1813 1458 est
1845 1427 1884 1458 de
1907 1428 2010 1468 prima
2033 1429 2212 1458 intentione
2238 1429 2338 1469 ipsius
2361 1434 2459 1468 prout
2482 1435 2528 1459 est

1457 1478 1692 1503 sacramentum
1715 1472 1886 1503 Ecclesiae.
1911 1472 1953 1502 Et
1975 1472 2061 1508 ide0‚
2078 1482 2116 1502 ex
2135 1482 2203 1513 quo
2218 1473 2400 1503 institutum
2423 1478 2470 1503 est
2491 1479 2528 1503 ut

1418 1528 1443 1548 3⁰
1457 1517 1496 1547 sit
1519 1517 1681 1547 Ecclesiae
1705 1522 1958 1552 sacramentum,
1982 1521 2132 1547 manente
2156 1517 2210 1547 tali
2233 1517 2433 1547 institutione
2459 1527 2528 1547 non

1456 1566 1564 1601 potest
1587 1562 1647 1591 sub
1671 1560 1909 1601 dispensatione
1933 1560 2063 1591 cadere:
2088 1561 2148 1591 nisi
2165 1560 2246 1591 forte
2269 1561 2411 1591 secundo
2427 1561 2528 1592 modo

1456 1604 1701 1645 dispensationis
1716 1606 1743 1634 *.

1700 1683 1801 1714 ART.
1821 1683 1873 1714 111.
1894 1694 1999 1714 urium
2019 1694 2073 1714 sua
2093 1694 2173 1714 Leon
2192 1694 2284 1715 morsi

1687 1738 1797 1758 ronan·
1824 1738 1951 1758 ucri-tm
1977 1738 2105 1758 uxorum
2131 1738 2298 1758 mma-aaa

1546 1787 1578 1809 111
1593 1787 1660 1809 Cont.
1678 1786 1753 1813 Genu,
1769 1792 1837 1815 capp.
1852 1792 1934 1812 cxxiu.
1949 1792 2021 1812 cxxv
2037 1786 2122 1814 Quodl.
2136 1787 2166 1813 Π,
2181 1793 2220 1814 qu.
2235 1794 2249 1808 v
2272 1791 2314 1809 art.
2329 1794 2350 1815 ι,
2365 1788 2393 1809 ad
2410 1795 2432 1815 ις

1654 1813 1680 1835 Iu
1693 1813 1778 1835 Manen.
1793 1819 1861 1841 capp.
1876 1820 1898 1840 v,
1914 1819 1965 1839 ¹¹¹3
1979 1813 1990 1835 1
2004 1814 2037 1835 ad
2052 1813 2116 1841 Cor„
2131 1819 2182 1842 cap.
2198 1820 2237 1840 vu,
2251 1803 2305 1836 ieet.
2321 1820 2337 1836 1.

1523 1880 1544 1900 n
1561 1878 1697 1900 'rna-rnna
1712 1878 1758 1899 sm
1773 1878 1978 1899 pnoeanrrmz.
2003 1868 2138 1900 Videtur
2154 1869 2244 1909 quod
2265 1870 2324 1900 sub
2340 1870 2410 1910 lege
2427 1870 2533 1911 Moysi

1524 1913 1620 1945 fuerit
1652 1913 1776 1944 licitum
1808 1922 1944 1943 uxorem
1977 1913 2145 1944 dimittere.
2178 1914 2270 1944 Unus
2302 1915 2389 1944 enim
2415 1915 2532 1945 modus

388 1961 451 1993 San
475 1970 611 1997 comm,
626 1960 711 2000 Agar
727 1960 855 2000 cognita
878 1965 926 1990 est
948 1960 987 1989 ab
1006 1959 1167 1989 Abraham
1190 1960 1306 1989 uxorio
1330 1959 1405 1990 affe·
1419 1968 1446 1988 4⁰
1462 1957 1684 1989 consentiendi
1701 1963 1747 1988 est
1762 1967 1831 1988 non
1846 1958 2026 1998 prohibere,
2040 1967 2115 1988 cum
2130 1959 2300 1998 prohibere
2316 1959 2426 1998 possit.
2445 1958 2533 1989 Con-

333 2011 398 2042 σω,
414 2010 451 2036 ut
473 2004 596 2036 dictum
620 2010 667 2035 est
681 2005 709 2035 ⁴.
739 2003 803 2035 Sed
825 2004 894 2044 ipse
917 2013 989 2034 eam
1012 2008 1185 2043 praecepto
1206 2003 1316 2034 divino
1341 2005 1404 2034 eie-

333 2051 377 2082 cit
390 2050 420 2086 ⁴,
436 2055 468 2080 et
482 2059 551 2080 non
566 2049 721 2089 peccavit.
745 2049 832 2088 Ergo
848 2049 955 2088 potuit
978 2057 1035 2088 per
1050 2047 1322 2088 dispensationem
1338 2047 1407 2079 fieri

332 2094 457 2126 licitum
480 2093 571 2134 quod
593 2093 695 2124 homo
718 2101 854 2124 uxorem
877 2091 1059 2122 dimitteret.

387 2138 579 2169 Rnsponnno
612 2146 774 2167 memnon
807 2136 897 2176 quod
927 2135 1122 2176 dispensatio
1145 2136 1180 2166 in
1209 2137 1406 2176 praeceptis,

333 2183 507 2224 praecipue
531 2191 614 2222 quae
637 2186 713 2211 sunt
736 2181 845 2220 aliquo
868 2179 970 2211 modo
994 2180 1072 2220 legis
1094 2185 1236 2216 naturae,
1257 2185 1304 2210 est
1326 2181 1409 2211 sicut
1422 2193 1446 2213 45

333 2227 471 2258 mutatio
494 2235 606 2257 cursus
628 2226 675 2256 rei
697 2225 858 2255 naturalis.
883 2224 949 2262 Qui
973 2224 1105 2265 quidem
1131 2225 1249 2254 mutari
1272 2224 1408 2264 duplici-

334 2277 383 2302 ter
405 2276 522 2312 potest.
546 2270 622 2301 Uno
645 2269 757 2305 modo,
775 2278 814 2300 ex
836 2269 943 2309 aliqua
966 2278 1061 2299 causa
1075 2268 1221 2304 naturali,
1237 2278 1295 2308 per
1311 2278 1409 2308 quam

335 2315 396 2346 alia
418 2324 514 2349 causa
545 2314 696 2345 naturalis
727 2312 901 2354 impeditur
923 2323 942 2343 a
965 2323 1060 2344 cursu
1088 2322 1166 2343 suo:
1200 2313 1283 2343 sicut
1306 2319 1353 2343 est
1375 2314 1409 2344 in

337 2359 488 2390 omnibus
505 2363 588 2398 quae
603 2359 637 2388 in
652 2358 770 2388 minori
786 2362 874 2398 parte
894 2358 1060 2388 casualiter
1072 2356 1222 2388 accidunt
1236 2358 1270 2387 in
1285 2363 1408 2388 natura.

336 2403 400 2436 Sed
422 2413 480 2444 per
502 2403 590 2434 hunc
613 2402 750 2433 modum
772 2411 840 2432 non
863 2402 1002 2432 variatur
1025 2411 1135 2432 cursus
1151 2410 1259 2432 rerum
1281 2407 1409 2432 natura-
1425 2413 1450 2433 5⁰

336 2448 418 2480 lium
441 2456 524 2488 quae
547 2451 622 2477 sunt
645 2455 781 2487 semper,
798 2445 854 2477 sed
877 2455 960 2486 quae
983 2451 1058 2476 sunt
1079 2445 1273 2486 frequenter.
1289 2464 1312 2468 —
1334 2446 1409 2476 Alio

1461 2004 1577 2034 sentire
1601 2007 1710 2032 autem
1732 2002 1844 2032 illicito
1868 2007 1915 2032 est
1938 2002 2095 2032 illicitum.
2121 2002 2207 2033 Cum
2227 2011 2302 2043 ergo
2319 2003 2449 2044 Moyses
2464 2013 2532 2033 non

1461 2047 1662 2088 prohibuerit
1684 2046 1793 2076 uxoris
1815 2045 1988 2086 repudium
2011 2047 2047 2083 *;
2075 2056 2135 2077 nec
2159 2048 2357 2087 peccaverit,
2382 2048 2458 2088 quia
2481 2047 2534 2078 lex

1461 2097 1575 2122 sancta
1598 2096 1654 2126 est,
1678 2096 1715 2121 ut
1738 2089 1853 2121 dicitur
1874 2090 1968 2121 Rom.
1984 2100 2028 2121 vn
2043 2092 2077 2120 ἐ
2102 2090 2227 2121 videtur
2250 2091 2340 2131 quod
2362 2091 2534 2132 repudium

1462 2135 1558 2167 fuerit
1581 2134 1754 2175 aliquando
1778 2134 1913 2165 licitum.

1520 2189 1550 2210 2.
1575 2179 1779 2214 Prummu,
1810 2179 1988 2219 prophetae
2019 2179 2120 2209 locuti
2153 2185 2227 2210 sunt
2259 2179 2382 2220 Spiritu
2414 2180 2534 2210 Sancto

1464 2224 1653 2265 inspirante,
1678 2229 1714 2254 ut
1736 2228 1824 2263 patet
1847 2223 1873 2253 11
1893 2223 1960 2253 Pet.
1977 2233 1988 2252 1
2003 2224 2030 2253 ἦ
2066 2222 2128 2254 Sed
2152 2223 2287 2254 Malach.
2307 2234 2329 2254 11
2345 2225 2380 2241 *⁴*
2403 2224 2532 2254 dicitur:

1465 2268 1501 2299 Si
1524 2268 1600 2299 odio
1624 2267 1774 2298 habueris
1797 2277 1878 2303 eam,
1896 2267 2018 2298 dimitte
2041 2276 2121 2298 eam.
2146 2268 2243 2308 Ergo,
2261 2278 2336 2298 cum
2351 2269 2430 2299 illud
2446 2268 2535 2308 quod

1464 2313 1600 2353 Spiritus
1623 2312 1758 2343 Sanctus
1785 2312 1932 2351 inspirat,
1956 2321 2024 2341 non
2047 2312 2087 2342 sit
2110 2311 2274 2348 illicitum,
2298 2312 2423 2343 videtur·
2446 2313 2535 2352 quod

1463 2356 1636 2397 repudium
1659 2356 1767 2386 uxoris
1790 2365 1858 2386 non
1882 2365 2008 2396 semper
2030 2355 2126 2386 fuerit
2148 2357 2305 2387 illicitum.

1522 2401 1551 2432 3.
1576 2401 1780 2436 Prummu,
1806 2399 2058 2441 Chrysostomus
2082 2399 2157 2431 dicit
2173 2402 2190 2417 ⁴*
2213 2401 2317 2441 quod,
2342 2402 2423 2431 sicut
2445 2402 2536 2441 Apo-

1465 2445 1540 2476 stoli
1562 2445 1776 2485 permiserunt
1799 2444 1956 2475 secundas
1979 2445 2107 2485 nuptias
2123 2445 2150 2480 *,
2174 2445 2217 2475 ita
2241 2445 2370 2486 Moyses
2393 2446 2536 2485 permisit

2586 1167 2622 1189 cf.
2645 1173 2684 1195 qu.
2707 1173 2764 1193 exv,

2553 1197 2595 1216 art.
2609 1199 2631 1222 3.

2553 1256 2563 1266 ·
2578 1254 2613 1276 Cf.
2628 1260 2693 1282 corp.
2709 1259 2751 1276 art.

2553 1300 2563 1310 ·
2578 1299 2644 1321 Vers.
2659 1305 2681 1320 2.

2557 1609 2567 1620 ·
2581 1608 2617 1630 Cf.
2633 1613 2697 1635 corp.
2712 1611 2753 1629 art.

2561 2051 2644 2073 'Deut.
2652 2057 2701 2079 cap.
2710 2057 2772 2077 xxiv,

2561 2084 2619 2100 vers.
2637 2085 2684 2105 1-4.

2561 2106 2571 2116 ·
2586 2105 2652 2126 Vera.
2669 2111 2700 2127 η,

2562 2234 2572 2244 ·
2587 2234 2653 2254 vers.
2668 2238 2701 2254 21.

2562 2261 2584 2270 ··
2599 2260 2665 2281 Vere.
2683 2259 2714 2280 ¹6.

2563 2411 2573 2421 '¹
2589 2410 2610 2431 O
2627 2425 2633 2431 .
2644 2410 2740 2437 Imperf.
2751 2410 2775 2430 in

2562 2436 2604 2458 Ma
2616 2437 2664 2463 th„
2693 2436 2773 2458 homil.

336 2491 438 2524 modo
461 2501 519 2532 per
542 2500 671 2522 causam
694 2491 823 2532 penitus
838 2490 1128 2531 supernaturalem:
1153 2491 1236 2521 sicut
1258 2491 1292 2520 in
1315 2491 1410 2520 mira—
1464 2489 1610 2520 libellum
1625 2488 1760 2529 repudii.
1781 2488 1844 2519 Sed
1859 2488 2020 2519 secundae
2035 2489 2167 2528 nuptiae
2182 2499 2251 2519 non
2267 2495 2341 2520 sunt
2356 2494 2534 2530 peccatum.
2563 2462 2773 2538 ἒέτξΞ-Ῑέωωομ

338 2536 418 2567 culis
433 2535 557 2566 accidit.
582 2535 623 2566 Et
645 2536 709 2566 hoc
731 2534 832 2565 modo
855 2540 963 2575 potest
985 2535 1101 2565 mutari
1125 2544 1236 2565 cursus
1259 2534 1410 2565 naturalis
1465 2534 1552 2574 Ergo
1576 2543 1638 2564 nec
1660 2532 1832 2573 repudium
1855 2533 1963 2563 uxoris
1987 2533 2046 2563 sub
2069 2533 2140 2573 lege
2163 2533 2280 2574 Moysi.
2564 2522 2773 2572 vu,⁰ver⁸‘.’⁷3’9.⁰⁸⁹'

337 2590 406 2612 non
428 2580 536 2611 solum
559 2580 616 2620 qui
632 2585 679 2610 est
702 2579 866 2610 ordinatus
880 2584 918 2610 ut
940 2579 980 2609 sit
999 2578 1194 2619 frequenter,
1211 2578 1268 2609 sed
1291 2580 1347 2619 qui
1364 2584 1411 2609 est
1521 2578 1584 2609 San
1609 2587 1732 2608 coum
1755 2587 1810 2608 κεί·
1833 2577 1924 2617 quod
1950 2577 2112 2608 Dominus
2142 2576 2218 2607 dicit
2233 2579 2268 2614 *‚
2293 2578 2383 2618 quod
2411 2578 2537 2610 libellus
2564 2585 2775 2612 ·Mmh.cap.x1x,

339 2624 504 2656 ordinatus
527 2624 624 2654 etiam
646 2629 683 2654 ut
705 2624 744 2654 sit
771 2632 910 2663 semper:
942 2629 978 2654 ut
1007 2628 1095 2664 patet
1117 2623 1152 2653 in
1175 2623 1311 2654 statione
1334 2623 1410 2654 solis
1426 2634 1448 2655 55
1465 2622 1591 2663 repudii
1615 2621 1707 2653 'datus
1723 2627 1770 2652 est
1785 2631 1804 2651 a
1819 2621 1934 2662 Moyse
1957 2621 2082 2652 Iudaeis
2091 2627 2229 2662 propter
2252 2622 2406 2653 duritiam
2430 2624 2538 2654 cordis
2564 2618 2623 2633 ''ef'‘
2638 2612 2659 2634 ε’

96 2674 108 2686 ·
122 2673 194 2696 m
208 2678 252 2701 αν
273 2679 297 2701 ι,
338 2675 486 2709 tempore
510 2668 605 2699 Iosue
620 2669 647 2704 *,
664 2673 696 2698 et
718 2667 822 2698 reditu
845 2666 990 2698 eiusdem
1012 2673 1159 2708 tempore
1181 2667 1340 2698 Ezechiae
1355 2668 1410 2704 **‚
1466 2676 1590 2698 eorum.
1624 2666 1688 2698 Sed
1718 2665 1834 2696 duritia
1864 2665 1969 2696 cordis
1999 2675 2114 2696 eorum
2143 2675 2211 2696 non
2241 2667 2411 2697 excusabat
2441 2677 2497 2698 eos
2520 2678 2537 2698 a

97 2705 297 2754 fflffl'fflm‚
339 2719 371 2745 et
394 2713 434 2744 de
458 2713 568 2753 eclipsi
590 2712 782 2743 miraculosa
804 2717 951 2752 tempore
974 2712 1130 2752 passionis
1154 2711 1273 2742 Christi
1287 2713 1314 2742 *.
1465 2716 1610 2752 peccato.
1635 2711 1722 2751 Ergo
1745 2719 1806 2741 nec
1829 2710 1880 2740 lex
1905 2709 1946 2740 de
1969 2710 2077 2741 libello
2100 2710 2236 2750 repudii.

97 2758 204 2803 gum·
237 2758 290 2775 '⁸⁰
394 2757 484 2788 Haec
500 2762 609 2788 autem
623 2757 704 2787 ratio
721 2755 968 2796 dispensationis
982 2756 1016 2786 in
1031 2756 1209 2796 praeceptis
1224 2756 1303 2796 legis
1318 2761 1411 2786 natu-
1523 2765 1553 2786 2.
1582 2755 1785 2791 Pau-rann,
1818 2753 2070 2795 Chrysostomus
2107 2753 2199 2790 dicit,
2230 2764 2328 2795 super
2358 2755 2474 2786 Matth.
2502 2757 2519 2772 *
2530 2780 2537 2792 ,
2565 2763 2575 2772 ·
2590 2761 2661 2783 Hom.
2677 2762 2724 2788 cit,
2740 2762 2762 2783 in

97 2806 111 2818 ·
137 2805 220 2829 Μ
248 2811 301 2845 ⁶⁸⁹:
339 2811 393 2833 rae
417 2800 614 2842 quandoque
645 2806 691 2831 est
714 2801 748 2831 in
771 2801 874 2831 causis
902 2799 1116 2831 inferioribus.
1150 2800 1191 2830 Et
1214 2801 1259 2830 sic
1283 2799 1411 2840 dispen-
1467 2799 1558 2840 quod
1581 2800 1726 2840 Mqrses,
1750 2799 1859 2830 dando
1884 2799 2026 2829 libellum
2050 2798 2186 2839 repudii,
2211 2808 2276 2829 non
2301 2799 2455 2829 iustitiam
2475 2800 2539 2830 Dei
2565 2794 2612 2815 ⁸¹⁸*
2627 2794 2646 2810 ²·

97 2838 169 2885 m
183 2838 244 2887 ’ἕξ
258 2838 299 2885 2²⁵7:
339 2846 420 2877 satio
445 2845 557 2877 cadere
572 2850 680 2886 potest
702 2854 798 2885 supra
813 2843 954 2875 secunda
976 2849 1147 2884 praecepta
1161 2844 1240 2884 legis
1261 2849 1410 2875 naturae:
1425 2849 1452 2870 6ο
1466 2844 1682 2875 monstravit:
1711 2848 1748 2874 ut
1769 2843 1862 2884 quasi
1878 2852 1943 2885 per
1965 2843 2068 2884 legem
2092 2842 2262 2884 agentibus
2278 2848 2448 2883 peccatum
2472 2853 2537 2874 non

98 2890 224 2941 ἓξὲξ,
238 2884 299 2935 ,Ἐξ
340 2899 409 2921 non
432 2895 540 2921 autem
563 2899 659 2930 supra
681 2890 794 2930 prima,
811 2889 887 2929 quia
909 2888 963 2919 illa
985 2894 1060 2919 sunt
1083 2889 1175 2929 quasi
1197 2897 1324 2928 semper
1348 2889 1412 2919 exi-
1466 2888 1616 2920 videatur
1639 2897 1706 2919 esse
1722 2892 1903 2928 peccatum.

99 2943 190 2994 &4⁵-
224 2928 232 2940 ¹
340 2935 471 2966 stentia:
495 2940 532 2965 ut
547 2933 670 2965 dictum
686 2938 733 2964 est
748 2934 765 2950 ⁴*
781 2933 821 2964 de
836 2932 1016 2973 pluralitate
1032 2942 1181 2968 uxorum,
1199 2938 1230 2963 et
1246 2932 1286 2963 de
1301 2933 1412 2963 huius-
1521 2933 1712 2963 stponnuo
1735 2941 1896 2962 nrcnnnun
1920 2930 2010 2971 quod
2034 2931 2116 2961 circa
2134 2931 2198 2961 hoc
2214 2936 2261 2961 est
2276 2930 2394 2971 duplex
2414 2932 2537 2971 opinio.

101 2997 124 3015 ².
147 2967 299 3015 f'ff'ffi
341 2978 441 3010 modi.
456 2997 480 3002 —
502 2977 688 3019 Aliquando
712 2983 821 3008 autem
844 2982 892 3008 est
914 2982 1040 3007 tantum
1057 2977 1092 3007 in
1115 2977 1218 3007 causis
1240 2977 1412 3017 superiori·
1467 2976 1638 3015 Quidam*
1654 2977 1741 3007 enim
1762 2976 1874 3007 dicunt
1894 2975 1984 3015 quod
2004 2975 2049 3005 illi
2068 2975 2125 3015 qui
2140 2975 2199 3005 sub
2215 2975 2286 3015 lege
2301 2985 2446 3012 uxorem,
2463 2975 2537 3006 dato
2565 2986 2576 2996 .
2582 2985 2645 3016 Mag.
2655 2985 2687 3006 1v
2703 2985 2776 3011 Sem„

100 3017 217 3074 ¹5:25⁴ss
237 3023 301 3046 ω’»
341 3024 412 3054 bus.
436 3023 478 3054 Et
492 3028 571 3053 tunc
585 3028 693 3063 potest
713 3021 907 3062 dispensatio
924 3031 992 3052 esse
1016 3020 1166 3052 divinitus
1189 3021 1285 3051 etiam
1301 3026 1413 3051 contra
1467 3021 1577 3052 libello
1599 3020 1743 3060 repudii,
1768 3020 1983 3056 dimittebant,
2007 3029 2075 3050 non
2099 3020 2329 3050 excusabantur
2352 3029 2370 3049 a
2392 3025 2536 3059 peccato,
2565 3011 2775 3040 ‘¹¹³¹'¹¹¹¹¹¹·⁶”¹’·

2564 3038 2593 3060 Si
2601 3038 2668 3066 quib,-
2682 3038 2776 3060 Halens.

2564 3064 2650 3087 Swmm.
2663 3065 2743 3086 Theoi.
2753 3071 2775 3092 p.

2565 3091 2605 3118 111,
2614 3097 2654 3118 qu.
2666 3097 2728 3118 xxm,
2744 3097 2775 3122 gn.

2565 3119 2777 3175 {ffoffsssifflsstt

2565 3171 2604 3192 hb.
2625 3171 2672 3202 ly,
2694 3174 2723 3192 tr.
2747 3171 2777 3192 de

2565 3197 2778 3251 ‘'iiim‘'ass‘ssda‘f?

2565 3257 2585 3272 ι.
2603 3250 2729 3272 Bonnvent.
2744 3250 2776 3271 lv

2565 3276 2776 3303 Sent.,di³t.m1n,

341 3068 445 3108 prima
474 3072 645 3108 praecepta
675 3066 754 3106 legis
783 3071 932 3102 naturae,
959 3066 1082 3096 ratione
1106 3065 1240 3096 alicuius
1271 3066 1413 3106 mysterii
1426 3074 1452 3099 ες
1468 3065 1615 3105 quamvis
1631 3070 1857 3095 excusarentur
1872 3074 1891 3095 a
1905 3074 2012 3104 poena
2034 3063 2213 3094 secundum
2228 3063 2333 3104 legem
2355 3063 2536 3104 infligenda.

342 3111 442 3142 divini
465 3110 663 3152 significandi
686 3111 737 3141 vel
761 3109 969 3141 ostendendi:
1002 3110 1084 3140 sicut
1113 3114 1200 3150 patet
1223 3108 1262 3140 de
1286 3108 1414 3149 dispen-
1467 3109 1510 3140 Et
1524 3114 1656 3149 propter
1671 3109 1735 3139 hoc
1751 3108 1866 3139 dicitur
1882 3109 2013 3149 Moyses
2031 3108 2175 3138 libellum
2198 3107 2323 3148 repudii
2346 3109 2536 3148 permisisse.

343 3155 444 3186 sativo
459 3161 633 3196 praecepto
656 3155 803 3185 Abrahae
818 3154 904 3185 facto
928 3153 968 3184 de
992 3154 1155 3184 occisione
1178 3152 1234 3184 filii
1257 3154 1414 3184 innocen·
1468 3153 1510 3184 Et
1525 3154 1570 3183 sic
1585 3158 1715 3193 ponunt
1730 3158 1869 3193 quatuor
1883 3152 2001 3183 modos
2017 3152 2235 3193 permissionis
2245 3153 2271 3182 *.
2289 3152 2390 3187 Unus,
2402 3161 2460 3192 per
2474 3153 2538 3192 pri-

310 3218 316 3230 ,
343 3199 383 3229 tis
398 3200 426 3229 *.
449 3199 545 3230 Tales
567 3205 676 3230 autem
706 3199 959 3240 dispensationes
988 3208 1057 3229 non
1084 3197 1167 3229 fiunt
1199 3198 1415 3228 communiter
1469 3198 1634 3228 vationem
1660 3197 1914 3238 praeceptionis:
1947 3202 1999 3233 ut,
2029 3196 2160 3237 quando
2188 3197 2291 3226 maius
2319 3196 2443 3226 bonum
2470 3206 2538 3226 non

345 3242 386 3274 ad
408 3251 532 3279 omneS,
547 3243 604 3274 sed
626 3243 667 3274 ad
682 3243 804 3284 aliquas
827 3243 1001 3283 singulares
1016 3251 1188 3283 personas:
1213 3242 1296 3273 sicut
1319 3242 1415 3272 etiam
1468 3241 1672 3282 praecipitur,
1693 3242 1801 3272 minus
1823 3242 1950 3272 bonum
1972 3241 2113 3281 permitti
2136 3240 2269 3276 dicitur;
2293 3241 2374 3270 sicut
2396 3240 2538 3280 Aposto-

345 3287 380 3318 in
402 3287 562 3318 miraculis
585 3287 708 3318 accidit.
1428 3299 1456 3324 τᾳ
1469 3286 1530 3322 lus,
1553 3295 1622 3316 non
1646 3285 1874 3326 praecipiendo
1906 3286 2133 3326 virginitatem,
2157 3285 2399 3315 matrimonium
2421 3285 2538 3324 permi-

402 3330 435 3362 Si
459 3339 535 3371 ergo
550 3331 798 3371 inseparabilitas
820 3331 1017 3362 matrimonii
1032 3331 1114 3362 inter
1128 3331 1231 3371 prima
1246 3335 1416 3371 praecepta
1470 3331 1519 3366 sit,
1544 3329 1557 3360 1
1583 3329 1660 3360 Cor.
1675 3339 1720 3360 vn
1734 3330 1762 3360 *.
1786 3329 1964 3365 Secundus,
1980 3339 2038 3370 per
2059 3329 2272 3369 privationem
2294 3328 2537 3369 prohibitionis:
2565 3307 2645 3352 ῗῗόοὲἷ
2675 3309 2697 3355 u]
2711 3303 2776 3355 ίιῧίᾱῑῖἶ

346 3374 424 3415 legis
447 3379 579 3407 naturae
601 3375 819 3412 contineatur,
843 3376 951 3406 solum
973 3376 1037 3406 hoc
1061 3374 1204 3406 secundo
1232 3374 1333 3406 modo
1356 3374 1415 3405 sub
1470 3375 1553 3405 sicut
1582 3373 1718 3404 venialia
1747 3372 1897 3405 dicuntur
1925 3375 2095 3414 permissa,
2121 3374 2195 3413 quia
2229 3382 2297 3403 non
2326 3378 2401 3403 sunt
2429 3373 2538 3413 prohi-
2567 3359 2776 3404 ffucsln’sflibniiv.

347 3418 585 3459 dispensatione
609 3417 708 3449 cadet.
733 3418 767 3450 Si
789 3425 898 3450 autem
915 3420 956 3450 sit
978 3420 1060 3450 inter
1083 3418 1224 3450 secunda
1246 3423 1417 3459 praecepta
1470 3419 1545 3449 bita.
1569 3417 1709 3454 Tertius,
1725 3427 1783 3458 per
1803 3418 2017 3458 privationem
2040 3417 2263 3448 cohibitionis:
2288 3422 2319 3447 et
2342 3417 2386 3447 sic
2409 3422 2540 3457 peccata
2567 3409 2732 3457 ἧξοῗξίῗωε·
2748 3408 2777 3434 V‘

347 3462 426 3503 legis
448 3468 590 3499 naturae,
607 3463 703 3494 etiam
717 3463 823 3503 primo
846 3463 948 3495 modo
964 3463 1076 3495 cadere
1091 3464 1198 3504 potuit
1213 3463 1272 3494 sub
1289 3463 1417 3503 dispen-
1472 3462 1582 3493 omnia
1606 3461 1755 3493 dicuntur
1776 3462 1916 3502 permitti
1941 3472 1959 3493 a
1981 3462 2064 3498 Deo,
2081 3462 2273 3502 inquantum
2294 3470 2363 3491 non
2389 3460 2538 3501 impedit,
2567 3461 2657 3510 ;Ve¹·⁸-
2677 3468 2690 3489 7
2709 3467 2777 3489 mci-z

348 3507 482 3537 satione.
505 3505 640 3537 Videtur
655 3511 762 3538 autem
778 3508 878 3548 magis
901 3508 984 3538 inter
999 3508 1139 3539 secunda
1154 3513 1324 3548 praecepta
1339 3507 1416 3547 legis
1431 3520 1456 3541 π
1473 3516 1548 3538 cum
1564 3506 1719 3547 impedire
1742 3507 1852 3547 possit.
1877 3506 2028 3545 Quartus,
2044 3516 2102 3546 per
2123 3506 2336 3546 privationem
2351 3506 2549 3545 punitionis·
2579 3495 2590 3516 ⁵
2605 3494 2656 3516 'qq’
