2878 4088
100 1964 139 1989 cd
145 1955 181 1993 te:
188 1942 249 1988 :gc
294 1971 313 1988 c.

100 1991 226 2020 mat.

101 2130 116 2145 ‘
125 2130 167 2154 Οἳ·
178 2136 230 2160 ⁸¹¹1·
243 2136 264 2160 5·

106 2839 318 2869 ‘mv-mnan.

107 2971 165 2995 'Ad
175 2972 250 3000 Rom,
266 2978 318 2999 ew.

105 3003 151 3025 vu,
164 3005 226 3022 ven.
240 3005 262 3026 2,
277 3005 298 3028 3.

108 3063 238 3094 ’νει-..5.

108 3290 120 3301 ·
127 3288 184 3311 Can.
192 3287 212 3310 A
269 3293 321 3315 nos,

109 3320 175 3338 σευ.
225 3314 276 3342 xu,
282 3320 320 3343 qu.

110 3348 217 3395 z'elou.
231 3371 256 3394 in
270 3377 322 3394 ean.

109 3398 323 3448 {affl

110 3451 175 3501 ish?
203 3451 322 3506 ,ἶῖῖῗτιῗ

638 196 902 244 QUAESTIO
932 196 1031 240 LIII,
1058 192 1351 232 ARTICULUS
1380 193 1430 229 IV
1449 214 1474 218 -
1494 193 1755 239 QUAESTIO
1784 195 1880 240 LIV,
1902 196 2193 234 ARTICULUS
2222 197 2236 233 I
2260 230 2263 232 ,

337 280 368 305 et
391 280 587 305 sacramenta
613 280 762 311 tractant,
788 279 819 305 et
840 273 915 304 ideo
939 272 1056 304 decens
1084 277 1131 302 est
1154 277 1190 302 ut
1212 271 1404 301 munditiam

337 319 538 360 corporalem
561 329 619 359 per
640 319 872 350 continentiam
894 322 1028 348 servent.
1053 316 1116 347 Sed
1139 315 1229 356 quod
1251 314 1405 355 impediat

335 363 588 399 matn‘monium‚
620 373 659 394 ex
689 363 919 394 consfitutione
949 361 1111 392 Ecclesiae
1141 360 1246 390 habet.
1279 359 1403 389 Tamen

336 407 426 438 aliter
459 407 546 448 apud
579 408 712 438 Latinos
747 416 845 447 quam
884 405 970 446 apud
1005 404 1156 435 Graecos.
1195 404 1281 441 Quia
1318 403 1405 443 apud

337 451 479 482 Graecos
501 451 637 492 impedit
659 451 902 482 matrimonium
925 448 1181 480 contrahendum
1197 448 1304 478 solum
1320 457 1357 478 ex
1373 447 1405 477 vi

337 495 466 526 ordinis.
491 495 554 527 Sed
573 495 659 536 apud
678 496 809 526 Latinos
828 493 962 534 Impedit
978 503 1016 524 ex
1030 494 1062 523 vi
1079 492 1208 528 ordinis,
1226 497 1257 522 et
1273 491 1405 522 ulterius

337 549 375 570 ex
390 546 469 571 voto
493 541 720 576 continentiae,
737 539 826 580 quod
850 544 897 569 est
920 537 1085 568 ordinibus
1108 538 1202 567 sacris
1226 545 1403 566 annexum:

337 583 427 625 quod
451 585 546 615 etiam
570 585 595 615 si
619 585 691 625 quis
713 584 811 614 verbo
835 589 928 614 tenus
951 591 1019 612 non
1043 582 1175 617 emittat,
1193 591 1231 611 ex
1247 581 1310 610 hoc
1333 581 1404 620 ipso

337 628 428 669 quod
444 628 590 659 ordinem
609 628 741 668 suscipit
756 626 934 658 secundum
950 627 1047 656 ritum
1063 624 1278 656 Occidentalis
1294 624 1405 654 Eccle-

337 673 416 709 siae,
440 673 627 713 intelligitur
649 673 800 703 emisisse.
830 671 872 702 Et
894 670 968 701 ideo
997 669 1083 711 apud
1107 669 1248 700 Graecos
1272 674 1303 699 et
1327 669 1405 699 alios

338 716 515 748 Orientales
531 727 619 748 sacer
634 716 715 747 ordo
730 715 865 756 impedit
879 715 1122 745 matrimonium
1139 712 1404 748 contrahendum,

336 771 406 792 non
421 766 530 792 tamen
544 761 742 791 matrimonii
755 761 844 800 prius
860 759 1015 790 contracti
1030 768 1143 789 usum:
1168 762 1303 798 possunt
1320 757 1407 787 enim

337 806 544 836 matrimonio
567 806 655 845 prius
680 809 845 835 contracto
864 804 922 839 uti,
940 803 1086 844 quamvis
1109 812 1177 833 non
1200 802 1325 842 possint
1339 811 1405 831 ma-

336 850 527 880 trimonium
549 849 589 880 de
611 859 699 879 novo
723 849 920 879 contrahere.
956 847 1019 878 Sed
1050 846 1137 887 apud
1165 846 1406 877 Occidentalem

337 894 516 925 Ecclesiam
548 893 684 934 impedit
716 893 959 923 matrimonium
994 897 1026 922 et
1058 891 1255 922 matrimonii
1289 899 1405 921 usum:

336 938 399 969 nisi
417 937 510 974 forte,
533 937 700 978 ignorante
723 942 778 968 aut
801 936 1040 968 contradicente
1063 945 1174 972 uxore,
1190 936 1236 965 vir
1259 934 1407 965 ordinem

337 991 463 1013 sacrum
494 982 684 1022 susceperit;
717 982 793 1022 quia
820 991 858 1012 ex
885 982 948 1012 hoc
978 991 1047 1011 non
1077 985 1184 1021 potest
1215 980 1244 1010 ei
1275 978 1408 1019 aliquod

337 1025 570 1068 praeiudicium
593 1027 746 1067 generari.
778 1044 801 1048 —
831 1025 1010 1064 Quomodo
1035 1030 1142 1056 autem
1170 1023 1297 1055 ordines
1328 1024 1408 1054 sacri

338 1070 576 1111 distinguuntur
600 1080 618 1100 a
639 1080 707 1101 non
732 1070 837 1106 sacris,
853 1079 942 1101 nunc
965 1075 997 1100 et
1019 1070 1053 1100 in
1075 1069 1235 1110 primitiva
1253 1068 1406 1104 Ecclesia,

338 1114 462 1146 dictum
486 1120 533 1145 est
547 1116 574 1145 *.

393 1159 444 1190 An
467 1169 586 1189 ramum
611 1168 695 1189 aneo
723 1169 883 1189 nicannun
910 1158 1010 1199 quod,
1035 1158 1181 1198 quamvis
1212 1156 1292 1187 ordo
1320 1166 1408 1186 sacer

338 1212 407 1234 non
436 1203 551 1234 habeat
582 1204 838 1234 contrarietatem
868 1203 908 1234 ad
937 1203 1180 1233 matrimonium
1214 1202 1408 1241 inquantum

338 1253 588 1284 sacramentum,
622 1248 719 1278 habet
753 1253 860 1278 tamen
895 1247 1140 1288 repugnantiam
1174 1245 1336 1287 quandam
1368 1245 1408 1276 ad

338 1292 447 1332 ipsum
468 1292 593 1326 ratione
616 1297 705 1322 actus
728 1293 788 1328 sui,
813 1293 869 1332 qui
892 1292 1069 1332 spirituales
1092 1297 1180 1321 actus
1204 1289 1347 1330 impedit.

300 1343 319 1353 *ν
339 1337 446 1367 “‘sA‘n
470 1346 633 1367 secuuntur
655 1346 815 1366 mmmmm
838 1336 1008 1377 quodiam
1023 1337 1138 1376 patet*
1154 1335 1245 1375 quod
1267 1335 1407 1365 ObieCfiO

339 1379 486 1421 procedit
512 1390 551 1411 ex
575 1380 670 1411 falsis.
703 1380 793 1411 Ordo
821 1382 908 1411 enim
935 1381 1057 1420 ubique
1083 1379 1218 1420 impedit
1244 1379 1408 1409 matrimo-

339 1425 432 1456 nium
455 1424 725 1461 contrahendum,
750 1425 895 1465 quamvis
918 1434 987 1455 non
1009 1425 1132 1464 ubique
1159 1424 1273 1454 habeat
1294 1428 1409 1454 votum

341 1478 513 1500 annexum.

395 1513 446 1544 An
471 1523 606 1543 ‘ram-tun
627 1523 787 1544 nrcanntm
803 1512 893 1553 quod
915 1513 959 1543 illi
980 1513 1037 1553 qui
1059 1518 1134 1543 sunt
1156 1513 1190 1543 in
1213 1512 1308 1542 saeris
1324 1510 1408 1542 ordi-

339 1557 445 1594 nibus,
470 1556 650 1597 significant
673 1557 837 1588 Christum
860 1557 1073 1587 nobilioribus
1097 1557 1229 1592 actibus,
1250 1561 1347 1596 prout
1371 1565 1409 1586 ex

254 1620 261 1632 ‚
306 1619 312 1626 ·
340 1600 432 1632 dictis
455 1601 488 1631 in
512 1606 646 1632 tractatu
675 1601 715 1632 de
742 1601 854 1632 ordine
870 1602 887 1618 ⁴*
910 1607 1012 1641 patet,
1044 1610 1142 1641 quam
1173 1601 1218 1631 illi
1249 1600 1305 1640 qui
1335 1605 1410 1630 sunt

339 1645 547 1677 matrimonio
571 1646 748 1676 coniuncti.
772 1645 814 1675 Et
836 1644 910 1675 ideo
934 1646 1014 1675 ratio
1037 1655 1106 1675 non
1129 1645 1282 1685 sequitur.

394 1689 446 1720 An
471 1699 621 1719 auxarum
643 1699 803 1719 memnon
820 1689 910 1729 quod
929 1689 975 1719 illi
998 1689 1055 1729 qui
1078 1694 1153 1719 sunt
1175 1690 1208 1719 in
1231 1688 1410 1718 minoribus

341 1733 507 1764 ordinibus
531 1733 706 1770 constituti,
723 1743 762 1764 ex
779 1734 811 1763 vi
835 1733 955 1764 ordinis
978 1743 1046 1763 non
1069 1733 1281 1773 prohibentur
1303 1732 1410 1762 matri-

340 1778 490 1809 monium
513 1778 719 1808 contrahere:
745 1778 830 1818 quia,
848 1778 994 1818 quamvis
1011 1777 1138 1808 ordines
1154 1777 1200 1807 illi
1217 1777 1412 1817 deputentur

341 1821 382 1853 ad
401 1822 508 1863 aliqua
531 1822 716 1862 spiritualia,
732 1831 801 1852 non
824 1827 931 1852 tamen
955 1821 1140 1852 immediate
1163 1821 1282 1851 habent
1305 1830 1411 1851 acces-

340 1876 414 1898 sum
429 1866 469 1897 ad
484 1866 686 1898 tractandum
701 1876 798 1903 sacra,
811 1867 894 1897 sicut
908 1866 954 1896 illi
971 1867 1027 1906 qui
1043 1871 1117 1896 sunt
1132 1867 1165 1896 in
1181 1866 1276 1896 sacris
1292 1864 1411 1895 ordini-

341 1912 411 1942 bus.
431 1910 495 1942 Sed
506 1910 686 1942 secundum
698 1916 852 1941 statutum
865 1910 1080 1941 Occidentalis
1092 1910 1254 1941 Ecclesiae
1265 1910 1292 1945 ἕ,
1305 1910 1412 1940 matri-

340 1956 445 1987 monii
460 1965 537 1986 usus
553 1956 778 1986 executionem
795 1954 915 1986 ordinis
931 1964 999 1985 non
1015 1955 1094 1985 sacri
1109 1954 1259 1995 impedit:
1280 1959 1412 1994 propter

342 1999 532 2031 servandam
560 2000 717 2031 maiorem
745 2000 948 2030 honestatem
970 2000 1004 2030 in
1028 1998 1141 2030 officiis
1167 1998 1340 2029 Ecclesiae.
1372 1998 1413 2028 Et

343 2045 420 2086 quia
442 2044 556 2084 aliquis
575 2054 614 2075 ex
634 2043 794 2075 beneficio
811 2044 1026 2075 ecclesiastico
1049 2049 1176 2074 tenetur
1195 2042 1235 2073 ad
1250 2043 1412 2073 executio-

341 2098 419 2120 nem
449 2088 585 2125 ordinis,
610 2094 643 2119 et
669 2098 707 2119 ex
733 2089 797 2119 hoc
823 2089 895 2128 ipso
926 2088 1093 2128 privilegio
1118 2087 1255 2118 clericali
1277 2086 1411 2126 gaudet,

341 2132 416 2164 ideo
439 2133 519 2164 haec
542 2132 630 2174 apud
651 2133 785 2163 Latinos
809 2132 931 2163 clericis
954 2132 1094 2162 uxoratis
1117 2131 1305 2162 auferuntur
1319 2132 1346 2162 ἦ

398 2177 440 2208 Et
462 2187 520 2218 per
542 2178 607 2208 hoc
629 2182 717 2217 patet
740 2177 860 2207 solutio
884 2176 924 2206 ad
947 2176 1108 2207 ultimum.

499 2244 600 2275 ART.
625 2244 678 2275 IV.
702 2253 808 2274 trram«
830 2253 1028 2274 mrnmomo
1052 2252 1138 2273 onno
1163 2253 1259 2273 sacza

713 2297 921 2319 surenvnman
943 2297 1048 2318 Possrr

409 2364 430 2384 n
448 2363 597 2384 auxarum
619 2364 665 2384 s1c
688 2363 893 2384 Pnocnmwn.
921 2353 1055 2384 Videtur
1086 2352 1176 2393 quod
1205 2353 1412 2383 matrimonio

346 2365 492 2429 Aordo
515 2394 604 2428 sacer
626 2398 831 2438 supervenire
853 2407 922 2428 non
941 2398 1052 2438 possit.
1077 2397 1162 2435 Quia
1184 2396 1299 2428 fortius
1322 2406 1413 2437 prae-

345 2442 464 2473 iudicat
493 2443 601 2473 minus
630 2442 715 2473 forti.
747 2441 810 2473 Sed
841 2441 954 2473 fortius
981 2447 1028 2472 est
1053 2442 1220 2472 vinculum
1250 2442 1413 2482 spirituale

346 2496 445 2527 quam
475 2487 653 2527 corporale.
684 2487 770 2526 Ergo
783 2510 790 2523 ‚
817 2487 843 2517 si
869 2487 1076 2517 matrimonio
1106 2487 1235 2517 iunctus
1266 2486 1413 2517 ordinem

345 2531 507 2571 suscipiat,
534 2530 768 2571 praeiudicium
796 2531 999 2571 generabitur
1028 2531 1131 2565 uxori,
1158 2536 1195 2561 ut
1220 2540 1289 2561 non
1311 2531 1414 2571 possit

346 2575 491 2606 debitum
522 2575 665 2616 exigere:
698 2585 774 2606 cum
804 2575 885 2606 ordo
916 2575 956 2606 sit
984 2575 1152 2606 vinculum
1182 2575 1354 2615 spirituale,
1382 2581 1414 2606 et

346 2620 589 2650 matrimonium
616 2619 793 2660 corporale.
825 2620 866 2650 Et
888 2620 934 2650 sic
956 2619 1082 2650 videtur
1104 2619 1195 2660 quod
1216 2629 1284 2650 non
1312 2620 1414 2660 possit

346 2664 461 2705 aliquis
484 2663 632 2694 ordinem
655 2673 781 2694 sacrum
804 2665 965 2705 suscipere
988 2669 1062 2704 post
1076 2664 1319 2694 matrimonium
1335 2673 1414 2695 con-

346 2714 554 2739 summatum.

403 2762 433 2784 2.
457 2753 654 2789 Palmam,
678 2759 753 2792 post
775 2753 1018 2784 matrimonium
1045 2758 1307 2783 consummatum
1329 2762 1414 2783 unus

347 2797 524 2838 coniugum
548 2797 616 2827 sine
640 2806 800 2828 consensu
823 2797 951 2827 alterius
970 2807 1037 2827 non
1053 2802 1160 2837 potest
1183 2797 1414 2828 continentiam

345 2851 464 2872 vovere
479 2842 507 2872 ἦ
531 2841 595 2872 Sed
618 2841 699 2872 ordo
723 2851 811 2872 sacer
833 2842 929 2871 habet
952 2842 1169 2871 continentiae
1183 2846 1297 2871 votum
1317 2851 1415 2872 anne-

345 2895 434 2917 xum.
458 2885 555 2926 Ergo,
572 2886 598 2916 si
613 2886 661 2916 vir
684 2885 831 2916 ordinem
854 2895 980 2916 sacrum
1002 2886 1102 2916 invita
1123 2895 1223 2916 uxore
1247 2886 1414 2926 acciperet,
1428 2888 1456 2908 ⁶⁰

347 2935 515 2971 cogeretur
549 2939 631 2960 uxor
663 2930 762 2960 invita
797 2930 1028 2960 continentiam
1063 2939 1204 2960 servare:
1241 2930 1316 2970 quia
1347 2940 1415 2961 non

346 2979 456 3015 posset
479 2974 568 3005 alteri
590 2975 722 3009 nubere,
747 2974 871 3005 vivente
894 2974 965 3004 viro
982 2975 1009 3004 ἦ

404 3018 434 3050 3.
458 3018 655 3055 Pmnmm,
681 3019 777 3049 etiam
800 3018 840 3049 ad
863 3023 992 3059 tempus
1014 3027 1082 3048 non
1105 3023 1212 3058 potest
1234 3018 1282 3048 vir
1303 3028 1416 3049 vacare

347 3063 486 3094 orationi
509 3063 578 3093 sine
600 3072 761 3093 consensu
783 3063 902 3099 uxoris,
919 3068 956 3093 ut
977 3063 1112 3093 habetur
1127 3062 1140 3092 1
1158 3062 1235 3093 Cor.
1250 3064 1332 3093 vn'.
1353 3062 1416 3095 Sed

347 3106 435 3148 apud
454 3106 632 3138 Orientales
655 3107 701 3138 illi
724 3108 780 3148 qui
804 3113 879 3138 sunt
900 3108 934 3138 in
958 3107 1052 3137 sacris
1076 3107 1250 3143 constituti,
1266 3112 1416 3138 tenentur
1429 3108 1454 3134 ⁶⁵

349 3150 390 3182 ad
411 3151 644 3182 continentiam
666 3157 814 3192 tempore
837 3161 904 3192 quo
928 3156 1132 3191 exequuntur
1155 3150 1309 3182 officium.
1329 3152 1415 3192 Ergo

347 3204 409 3226 nec
430 3195 506 3269 ips}
514 3201 651 3235 possunt
673 3195 812 3227 ordinari
835 3197 903 3226 sine
927 3205 1087 3226 consensu
1109 3195 1227 3226 uxoris.
1252 3196 1294 3226 Et
1311 3196 1415 3227 multo

348 3239 457 3270 minus
507 3240 594 3270 atini.

405 3291 437 3322 4.
459 3282 663 3320 paam-naua,
686 3285 735 3315 vir
757 3290 789 3315 et
818 3294 901 3315 uxor
923 3284 963 3316 ad
986 3285 1073 3325 paria
1095 3283 1278 3315 iudicantur
1292 3285 1319 3315 *.
1353 3283 1416 3316 Sed

2451 194 2520 233 103

1458 275 1583 300 tantum
1606 280 1623 301 e
1648 280 1814 301 converso.
1847 271 1910 302 Sed
1933 272 2012 302 ordo
2036 273 2228 312 praecedens
2259 273 2394 314 impedit
2415 273 2523 303 matri-

1458 316 1607 345 monium
1630 324 1777 355 sequenS.
1802 315 1888 355 Ergo
1913 325 1930 345 e
1954 325 2119 347 converso.

1514 359 1576 389 San
1602 369 1739 395 CONTRA,
1764 359 1903 399 religiosi
1933 365 2081 390 tenentur
2111 361 2150 391 ad
2182 363 2411 392 continentiam
2442 362 2524 391 sicut

1459 403 1505 433 illi
1529 404 1585 443 qui
1612 409 1687 433 sunt
1709 404 1742 433 in
1766 404 1860 433 sacris
1887 403 2063 434 ordinibus.
2095 405 2157 435 Sed
2183 411 2257 446 post
2283 406 2523 436 matrimonium

1427 455 1436 476 5
1459 452 1565 487 potest
1587 447 1702 487 aliquis
1725 447 1912 487 religionem
1931 448 2056 483 intrare,
2074 448 2223 479 defuncta
2238 449 2288 479 vel
2305 450 2523 480 consentiente

1459 501 1570 521 uxore.
1596 492 1680 531 Ergo
1705 497 1736 522 et
1760 491 1907 522 ordinem
1930 492 2100 531 suscipere.

1516 545 1545 565 2.
1569 535 1766 572 PRAETBREA‚
1783 536 1897 575 aliquis
1913 541 2020 575 potest
2042 535 2110 566 fieri
2133 546 2242 567 servus
2265 537 2435 567 hominum
2451 542 2524 577 post

1459 580 1702 610 matrimonium
1720 581 1747 611 “.
1782 580 1868 620 Ergo
1898 585 1930 610 et
1959 589 2067 610 servus
2101 580 2162 610 Dei
2196 591 2253 621 per
2287 582 2524 621 susceptionem

1461 623 1590 654 ordinis.

1515 668 1704 698 Rnspommo
1729 678 1888 698 memnon
1916 667 2006 708 quod
2033 669 2276 699 matrimonium
2302 678 2370 698 non
2393 667 2527 708 impedit

1461 711 1581 742 ordinis
1611 713 1691 742 sacri
1721 713 1971 752 susceptionem.
2003 712 2089 750 Quia
2113 713 2138 743 si
2162 713 2368 743 matrimonio
2399 713 2527 742 iunctus

1461 755 1501 786 ad
1517 765 1623 786 sacros
1647 756 1774 787 ordines
1799 756 1927 787 accedat
1951 757 2046 787 etiam
2069 757 2262 787 reclamante
2285 766 2395 792 uxore,
2411 756 2527 786 nihilo-

1460 801 1567 830 minus
1584 801 1797 831 characterem
1821 801 1940 831 ordinis
1957 802 2106 841 suscipit:
2131 801 2187 832 sed
2203 802 2392 832 executione
2408 800 2528 831 ordinis

1461 850 1555 875 caret.
1581 844 1614 875 Si
1638 850 1745 875 autern
1768 845 1896 875 volente
1920 855 2030 882 uxore,
2054 845 2105 875 vel
2128 846 2196 885 ipsa
2220 845 2379 882 defuncta,
2403 854 2527 875 sacrum

1422 896 1445 916 ¹5
1461 888 1608 920 ordinem
1631 890 1775 930 accipiat,
1799 890 1912 930 recipit
1935 889 2082 920 ordinem
2106 895 2137 920 et
2160 890 2394 920 executionem.

1516 934 1568 963 An
1591 944 1709 964 ramma
1732 944 1815 964 naoo
1837 944 1996 964 nrcanntm
2012 933 2102 975 quod
2118 934 2283 965 vinculum
2300 933 2419 965 ordinis
2435 933 2529 964 solvit

1461 978 1631 1008 vinculum‘
1659 979 1855 1008 matrimonii
1885 979 2008 1009 ratione
2038 978 2225 1009 redditionis
2256 978 2371 1015 debiti,
2400 987 2437 1008 ex
2465 987 2529 1018 qua

1461 1027 1550 1062 parte
1573 1022 1669 1052 habet
1691 1023 1935 1063 repugnantiam
1959 1022 1999 1053 ad
2021 1023 2274 1059 matrimonium,
2291 1032 2329 1053 ex
2348 1028 2436 1063 parte
2460 1023 2528 1052 eius

1463 1067 1519 1106 qui
1546 1067 1678 1107 suscipit
1705 1066 1870 1097 ordinem:
1903 1068 1978 1107 quia
2004 1077 2072 1097 non
2098 1072 2204 1107 potest
2234 1073 2342 1107 petere
2373 1066 2527 1103 debitum,

1422 1121 1448 1135 ²⁰
1461 1120 1523 1141 nec
1545 1121 1627 1141 uxor
1651 1111 1680 1142 ei
1702 1116 1829 1141 tenetur
1854 1111 1995 1142 reddere.
2027 1111 2103 1141 Non
2129 1117 2237 1142 tamen
2260 1111 2356 1142 solvit
2379 1121 2416 1141 ex
2439 1116 2528 1151 parte

1463 1155 1607 1185 alterius:
1633 1156 1709 1196 quia
1731 1156 1799 1195 ipse
1822 1161 1948 1186 tenetur
1970 1156 2063 1186 uxori
2086 1155 2230 1186 debitum
2254 1155 2395 1191 reddere,
2411 1155 2438 1185 si
2460 1165 2527 1186 non

1462 1200 1563 1240 possit
1587 1209 1658 1230 eam
1680 1199 1832 1230 inducere
1856 1199 1895 1230 ad
1919 1200 2150 1230 continentiam
2166 1201 2192 1230 ’ἢ

1517 1244 1568 1274 An
1592 1254 1754 1274 sncrmntm
1771 1254 1928 1274 nxcnnntm
1944 1245 1961 1261 ³*
1985 1244 2084 1284 quod,
2101 1245 2127 1274 si
2150 1253 2231 1274 uxor
2254 1245 2331 1274 sciat
2351 1249 2382 1274 et
2398 1243 2436 1274 de
2461 1244 2529 1273 eius

1463 1298 1624 1319 consensu
1647 1289 1694 1318 vir
1717 1287 1864 1319 ordinem
1895 1298 2021 1319 sacrum
2051 1289 2239 1329 susceperit,
2263 1293 2389 1318 tenetur
2415 1297 2529 1328 perpe-

1423 1342 1446 1362 2ς
1462 1338 1552 1363 tuam
1568 1333 1799 1363 continentiam
1815 1342 1948 1363 vovere:
1973 1343 2039 1363 non
2063 1338 2171 1363 tamen
2194 1338 2320 1363 tenetur
2339 1332 2529 1372 religionem

1462 1377 1594 1412 intrare,
1619 1378 1643 1407 si
1669 1377 1727 1407 sibi
1750 1386 1817 1407 non
1841 1378 1952 1407 timeat
1975 1376 2014 1407 de
2037 1377 2182 1417 periculo
2209 1377 2374 1413 castitatis,
2398 1382 2530 1416 propter

1462 1421 1526 1451 hoc
1550 1420 1640 1461 quod
1663 1422 1710 1450 vir
1733 1421 1801 1451 eius
1828 1421 1973 1452 solemne
2003 1426 2116 1452 votum
2147 1421 2260 1451 emisit.
2292 1421 2390 1452 Secus
2421 1425 2529 1451 autern

1417 1467 1420 1470 ”
1464 1470 1546 1495 esset
1568 1466 1594 1495 si
1618 1466 1773 1495 emisisset
1803 1470 1916 1495 votum
1947 1465 2091 1505 simplex.
2118 1484 2140 1488 —
2168 1465 2200 1495 Si
2224 1471 2332 1496 autem
2362 1465 2431 1495 sine
2462 1465 2529 1495 eius

1463 1519 1624 1540 consensu
1648 1510 1797 1550 suscepit,
1814 1519 1881 1540 non
1905 1515 2048 1540 tenetur:
2075 1510 2150 1550 quia
2174 1519 2211 1540 ex
2234 1510 2298 1540 hoc
2322 1509 2381 1540 sibi
2403 1508 2529 1539 nullum

1424 1563 1449 1583 ³⁰
1463 1553 1697 1594 praeiudicium
1720 1559 1897 1594 generatur.

1519 1598 1570 1628 An
1594 1608 1729 1628 ”marum
1751 1608 1912 1628 mmmmm
1935 1597 2042 1638 quod,
2067 1598 2149 1628 sicut
2172 1598 2368 1638 probabilius
2390 1597 2529 1633 videtur,

1465 1642 1610 1682 quamvis
1627 1641 1758 1682 quidam
1773 1643 1790 1658 ¹*
1807 1642 2001 1672 contrarium
2025 1641 2181 1678 dixerunt,
2198 1642 2287 1682 quod
2304 1643 2400 1672 etiam
2416 1641 2531 1672 Graeci

1463 1695 1532 1716 non
1555 1686 1673 1716 debent
1696 1685 1847 1716 accedere
1863 1686 1902 1716 ad
1918 1695 2024 1716 sacros
2047 1686 2175 1716 ordines
2191 1687 2259 1716 sine
2275 1695 2435 1716 consensu
2450 1695 2531 1716 uxo-

1464 1739 1547 1760 rum.
1572 1730 1658 1768 Quia
1682 1729 1721 1760 ad
1744 1730 1851 1760 minus
1878 1735 2025 1770 tempore
2050 1731 2217 1760 ministerii
2240 1731 2290 1760 sui
2312 1729 2532 1760 fraudarentur

1426 1782 1448 1803 ις
1465 1773 1564 1804 debiti
1586 1773 1765 1804 redditione
1781 1775 1814 1804 *:
1840 1783 1907 1814 quo
1931 1773 2069 1804 fraudari
2094 1784 2162 1804 non
2183 1780 2328 1814 possunt,
2353 1773 2531 1804 secundum

1466 1818 1613 1848 ordinem
1639 1819 1731 1854 iuris,
1757 1819 1796 1854 si,
1822 1819 1867 1848 eis
1895 1818 2186 1849 contradicentibus
2215 1824 2269 1849 aut
2296 1818 2531 1858 ignorantibus,

1465 1863 1525 1893 viri
1548 1862 1676 1893 ordines
1699 1863 1898 1903 susceperint
1912 1864 1939 1892 *.

1520 1907 1571 1937 An
1589 1917 1737 1937 auxarum
1753 1917 1912 1937 mmmmm
1929 1906 2028 1947 quod,
2041 1907 2124 1937 sicut
2139 1906 2254 1937 dicitur
2263 1907 2290 1943 ἡ
2304 1915 2344 1937 eo
2360 1907 2431 1947 ipso
2443 1906 2533 1946 quod

1465 1951 1581 1982 mulier
1604 1952 1780 1988 consentit,
1804 1951 1891 1991 apud
1915 1951 2072 1987 Graecos,
2098 1950 2187 1991 quod
2210 1952 2257 1981 vir
2280 1960 2356 1981 suus
2386 1950 2531 1981 ordinem

1426 2004 1452 2024 ⁴⁰
1466 1996 1627 2036 suscipiat,
1652 1995 1772 2036 obligat
1787 2005 1820 2026 se
1837 1995 1876 2026 ad
1899 1996 1963 2026 hoc
1987 1995 2076 2035 quod
2099 1996 2167 2036 ipsa
2183 1996 2216 2026 in
2232 2001 2426 2036 perpetuum
2445 1995 2533 2025 alteri

1466 2050 1534 2070 non
1561 2041 1679 2070 nubat:
1713 2040 1788 2080 quia
1815 2039 2004 2080 significatio
2031 2040 2226 2070 matrimonii
2252 2049 2320 2070 non
2347 2044 2532 2075 servaretur,

1467 2093 1550 2124 quae
1565 2084 1598 2114 in
1614 2084 1821 2114 matrimonio
1838 2084 2009 2115 sacerdotis
2024 2084 2196 2124 praecipue
2212 2084 2355 2124 exigitur.
2376 2083 2410 2114 Si
2425 2089 2533 2114 autem

1467 2129 1536 2158 sine
1559 2138 1719 2158 consensu
1744 2129 1811 2158 eius
1837 2128 2010 2164 ordinatur,
2034 2138 2102 2158 non
2124 2127 2249 2158 videtur
2272 2127 2312 2158 ad
2333 2128 2398 2158 hoc
2421 2129 2532 2158 teneri.

1522 2173 1574 2202 An
1603 2182 1743 2202 oum‘rma
1771 2182 1931 2203 nicnnntm
1959 2172 2049 2213 quod
2075 2173 2318 2203 matrimonium
2348 2172 2444 2203 habet
2473 2182 2532 2213 pro

1427 2225 1451 2246 ⁴5
1468 2226 1563 2247 causa
1588 2222 1736 2247 nostrum
1763 2226 1978 2247 consensum:
2009 2226 2078 2247 non
2104 2222 2212 2247 autem
2240 2216 2336 2253 ordo,
2360 2216 2416 2247 sed
2438 2217 2534 2247 habet

1467 2270 1596 2291 causam
1620 2261 1880 2291 sacramentalem
1904 2261 2145 2291 determinatam
2169 2271 2187 2291 a
2210 2261 2292 2291 Deo.
2317 2261 2358 2291 Et
2375 2260 2449 2291 ideo
2465 2270 2533 2291 ma-

1467 2306 1655 2336 trimonium
1686 2311 1792 2346 potest
1821 2305 1969 2346 impediri
2003 2315 2040 2336 ex
2072 2305 2184 2336 ordine
2213 2304 2416 2345 praecedenti
2444 2305 2534 2345 quod

1466 2359 1535 2379 non
1558 2350 1598 2380 sit
1620 2359 1732 2380 verum
1755 2350 2015 2386 matrimonium,
2039 2359 2107 2380 non
2131 2355 2239 2380 autem
2263 2349 2344 2380 ordo
2368 2359 2406 2380 ex
2425 2351 2533 2380 matri-

1467 2394 1580 2424 monio
1612 2394 1702 2434 quod
1727 2404 1795 2424 non
1828 2395 1868 2424 sit
1893 2404 1987 2424 verus
2018 2393 2117 2424 ordo:
2155 2394 2230 2434 quia
2261 2399 2533 2424 sacramentorum

1428 2446 1454 2467 5⁰
1466 2439 1565 2469 virtus
1590 2444 1637 2469 est
1659 2438 1876 2475 immutabilis,
1893 2438 1949 2468 sed
1964 2444 2052 2469 actus
2068 2438 2201 2468 humani
2224 2444 2360 2478 possunt
2375 2437 2532 2478 impediri.

1544 2501 1799 2546 QUAESTIO
1828 2501 2455 2546 QmNQUAGEsmAQUARTA

1669 2556 1713 2581 DE
1734 2556 1972 2581 lMPEDIMENTO
1992 2555 2329 2582 CONSANGUINITATIS

1471 2624 1624 2688 Damna
1654 2613 1923 2645 considerandum
1947 2619 1995 2645 est
2017 2613 2057 2644 de
2080 2613 2312 2654 impedimento
2343 2615 2535 2654 consangui-

1429 2667 1451 2688 55

1530 2654 1636 2689 nitatis
1651 2659 1679 2689 *.

1469 2703 1563 2734 Circa
1586 2702 1676 2743 quod
1699 2708 1896 2743 quaeruntur
1919 2708 2068 2743 quatuor.

1523 2748 1565 2778 Et
1586 2748 1712 2788 primo:
1736 2753 1846 2778 utrum
1875 2747 2133 2787 consanguinitas
2164 2747 2392 2777 convenienter
2421 2757 2439 2776 a
2465 2747 2535 2787 qui-

1557 2791 1693 2822 busdam
1716 2790 1895 2822 definiatur.

1525 2836 1694 2867 Secundo:
1719 2841 1828 2867 utrum
1852 2837 2080 2867 convenienter
2108 2834 2319 2875 distinguatur
2340 2845 2398 2875 per
2420 2835 2535 2875 gradus

1514 2893 1518 2898 ·
1559 2886 1591 2911 et
1613 2880 1722 2911 lineas.

1525 2925 1656 2956 Tertio:
1680 2930 1790 2956 utrum
1814 2924 1853 2955 de
1876 2925 1945 2955 iure
1967 2924 2103 2955 naturali
2126 2924 2368 2954 matrimonium
2383 2923 2536 2964 impediat

1559 2969 1739 3000 secundum
1762 2969 1888 3010 aliquos
1910 2969 2035 3009 gradus.

1526 3014 1670 3052 Quarto:
1695 3019 1804 3044 utrum
1830 3013 1946 3054 gradus
1968 3013 2180 3053 impedientes
2203 3012 2444 3043 matrimonium
2460 3021 2536 3052 pos-

1558 3059 1621 3088 sint
1643 3067 1701 3098 per
1724 3063 1879 3088 statutum
1901 3058 2064 3088 Ecclesiae
2088 3057 2298 3088 determinari.

1618 3123 1758 3154 ART.1.
1782 3133 1888 3154 unum
1910 3133 2068 3154 nerum-10
2093 3132 2388 3153 consmoumrrans

1678 3184 1765 3204 amm
1789 3184 1910 3204 omnm
1932 3184 2066 3211 rommr,
2083 3184 2129 3204 srr
2152 3182 2329 3203 comparens

1534 3250 1556 3270 n
1586 3250 1703 3271 ramum
1726 3250 1772 3271 s1c
1795 3250 2000 3271 Pnocznxrtm.
2021 3240 2156 3271 Videtur
2178 3239 2267 3280 quod
2290 3238 2434 3269 definitio
2458 3248 2536 3269 con-

1473 3252 1755 3325 Asanguinitatis
1781 3294 1879 3325 quam
1899 3285 2031 3325 quidam
2046 3286 2063 3301 ³
2086 3290 2224 3325 ponunt,
2239 3284 2279 3314 sit
2301 3284 2534 3323 incompetens,

350 3325 498 3358 sacerdos
521 3336 670 3367 graecus,
694 3327 845 3360 defuncta
871 3339 972 3360 uxore
998 3339 1079 3369 sua,
1096 3339 1164 3359 non
1187 3334 1294 3370 potest
1322 3329 1416 3359 aliam
1430 3337 1457 3359 7⁰
1471 3329 1609 3359 scilicet:
1637 3329 1915 3370 Consanguinitas
1930 3334 1977 3360 est
1992 3329 2154 3360 vinculum
2171 3329 2210 3359 ab
2226 3327 2334 3358 eodem
2358 3327 2463 3368 stipite
2482 3327 2536 3358 de-

350 3371 468 3402 ducere
483 3371 510 3401 *.
541 3371 627 3411 Ergo
651 3381 711 3403 nec
733 3382 826 3410 uxor,
842 3373 996 3404 defuncto
1024 3374 1104 3404 viro.
1131 3373 1193 3404 Sed
1219 3383 1288 3404 non
1310 3378 1417 3414 potest

350 3415 410 3446 sibi
439 3414 555 3446 auferri
585 3415 716 3446 facultas
745 3417 889 3448 nubendi
918 3423 994 3458 post
1022 3423 1160 3448 mortem
1188 3419 1246 3448 viri
1275 3427 1334 3458 per
1358 3418 1418 3448 viri

351 3465 469 3491 actum.
501 3459 588 3499 Ergo
610 3460 659 3490 vir
683 3469 752 3491 non
779 3467 886 3501 potest
912 3463 1074 3503 suscipere
1102 3462 1230 3493 ordines
1257 3467 1331 3503 post
1353 3472 1416 3499 ma,

112 3504 144 3527 ae
159 3504 217 3527 νοω
231 3507 256 3526 et
272 3495 326 3527 Voti
351 3503 551 3535 trim0nium.

111 3531 232 3560 redempt„
248 3532 258 3558 5
273 3538 305 3561 ι3.

1470 3373 1688 3404 scendentium
1722 3373 1851 3404 carnali
1882 3373 2127 3415 propagatione
2164 3377 2374 3403 contractum.
2414 3371 2536 3402 Omnes

1472 3418 1558 3448 enim
1581 3418 1730 3448 homines
1753 3417 1792 3448 ab
1817 3417 1932 3448 eodem
1955 3418 2061 3458 stipite
2085 3417 2201 3448 carnali
2228 3416 2458 3457 propagatione
2481 3415 2536 3446 de-

1471 3461 1639 3498 scendunt,
1663 3462 1784 3492 scilicet
1806 3462 1845 3492 ab
1869 3461 1984 3492 Adam.
2009 3462 2042 3493 Si
2065 3471 2141 3502 ergo
2165 3466 2249 3492 recta
2273 3466 2354 3491 esset
2375 3459 2536 3501 praedicta

1472 3505 1616 3537 definitio
1640 3506 1933 3546 consanguinitatis,
1958 3515 2071 3536 omnes
2093 3506 2241 3536 homines
2268 3510 2372 3536 essent
2394 3504 2435 3535 ad
2456 3504 2536 3535 invi—

409 3548 438 3579 5.
461 3547 658 3584 pamma,
674 3549 916 3580 matrimonium
933 3556 1091 3591 quantum
1107 3551 1284 3592 opponitur
1299 3551 1418 3582 ordini-
1430 3559 1456 3581 75
1472 3560 1544 3582 cem
1567 3551 1807 3591 consanguinei.
1831 3550 1932 3588 Quod
1954 3550 2069 3581 falsum
2093 3555 2149 3580 est.

2552 586 2763 617 ‘Cf.qu.1.1=,art.3.

2557 1204 2566 1212 ·
2589 1201 2623 1222 Cf.
2643 1207 2662 1222 a.
2686 1201 2767 1229 Raym.

2555 1227 2641 1249 Summ.
2652 1228 2692 1249 lib.
2703 1228 2720 1254 Ι,
2732 1228 2766 1249 tit.

2556 1260 2610 1279 vm,
2628 1254 2658 1275 de
2675 1254 2731 1276 Voto
2747 1256 2772 1276 et

2560 1280 2612 1302 Voti
2641 1280 2768 1309 redempt.,

2557 1361 2626 1385 ibid.:
2642 1366 2692 1382 can.
2729 1361 2768 1382 uia

2556 1387 2707 1414 sunt‚di⁸x.xx
2731 1387 2770 1413 llk

2557 1420 2607 1435 can.
2637 1414 2768 1441 Seriatim‚

2557 1441 2611 1462 dist.
2632 1440 2732 1468 xxxu,
2747 1445 2769 1463 et

2557 1467 2638 1489 Gloss.
2652 1467 2711 1489 ibid.

2555 1308 2565 1345 ἕ
2581 1313 2619 1356 2³5.
2646 1339 2663 1355 l
2686 1333 2768 1407 1³31...

2557 1643 2769 1666 'CtGIosciucam

2558 1724 2588 1745 de
2601 1713 2659 1744 Vot’o
2673 1703 2771 1750 etan-it

2560 1757 2586 1772 su
2606 1756 2636 1772 m·

2559 1779 2568 1788 ·
2612 1783 2635 1797 n.
2681 1776 2769 1802 oniam,

2560 1803 2612 1825 dist.
2628 1802 2649 1824 X
2673 1802 2712 1824 XI.

2560 1861 2570 1870 ⁶
2580 1859 2615 1881 Cf.
2627 1865 2689 1886 resp.
2704 1859 2733 1880 ad
2750 1867 2770 1881 ι.

2560 1906 2713 1929 ‘Cf.Gloss.in
2720 1912 2770 1928 can.

2559 1933 2693 1982 Esiinf‘xxc'i‘r
2706 1939 2770 1981 Ham,

2561 2656 2623 2705 {rngfi
2639 2662 2676 2684 qu.
2691 2662 2720 2683 ιι,
2736 2656 2771 2678 In-

2564 3290 2574 3300 ·
2594 3288 2629 3310 cf.
2652 3295 2670 3310 s.
2693 3288 2725 3310 Ra
2767 3303 2773 3309 .

2563 3315 2649 3337 Summ.
2672 3314 2714 3337 lib.
2744 3314 2773 3340 V,

2563 3342 2599 3363 tit.
2609 3348 2641 3367 vr,
2649 3342 2678 3363 de
2687 3340 2773 3369 Imped.

2564 3368 2666 3396 Cogunt.
2688 3367 2760 3390 Cam.

2564 3396 2606 3419 31:
2618 3384 2775 3425 ampsani

2562 3421 2642 3472 §stez
2654 3420 2774 3480 ὃΐέῑαέἑε

2562 3474 2773 3501 Arbor-Amnem,

2563 3507 2625 3523 oeus.
2631 3500 2728 3526 XXXV,
2735 3506 2775 3528 qu.

2563 3534 2585 3554 v,
2600 3527 2623 3549 in
2640 3527 2732 3549 Gloeu.
