2878 4088
402 184 450 231 34
1066 187 1329 234 QUAESTJO
1360 186 1786 233 xv11‚ART1CULUS
1815 187 1890 233 1,11

525 276 826 320 QUAEsno
858 248 1342 313 namMASEPTrMA

1520 264 1635 295 inferni
1658 271 1766 305 porta;
1791 270 1822 295 et
1838 264 2004 301 clauditur,
2021 274 2062 295 ne
2082 265 2163 296 ultra
2179 266 2280 297 homo
2303 267 2337 296 in
2356 271 2526 306 peccatum
2541 266 2587 296 la-

1520 310 1626 345 batur,
1651 310 1749 349 gratia
1773 314 1975 339 sustentatus
2011 308 2153 340 Gratiam
2177 315 2285 340 autern
2309 310 2454 341 conferre
2486 310 2586 340 solius

712 339 757 364 DE
777 339 944 364 CLAVIBUS
963 339 1148 364 ECCLESIAE
1519 353 1580 383 Dei
1604 359 1659 383 est.
1684 353 1725 383 Et
1743 352 1817 383 ideo
1842 353 1964 383 clavem
1986 352 2103 383 inferni
2118 354 2177 383 sibi
2200 354 2261 384 soli
2276 354 2415 384 retinuit.
2441 354 2504 385 Sed
2523 354 2586 384 cla-

465 407 688 428 onsaouwraa
712 396 978 428 considerandum
1003 402 1050 427 est
1073 396 1112 427 de
1131 403 1288 437 potestate
1304 398 1464 427 ministro-
1518 397 1565 426 vis
1588 398 1691 437 Regni
1716 403 1762 427 est
1785 402 1924 437 potestas
1953 397 2048 427 etiam
2080 397 2260 428 dimittendi
2288 403 2413 428 reatum
2443 407 2584 438 poenae,

158 447 167 457 ²
182 445 217 467 Cf·
234 445 296 466 ran.
321 444 370 492 Ἦ,
402 408 536 472 Crum
559 442 654 472 huius
677 442 874 478 sacramenti,
892 451 975 482 quae
991 441 1030 471 ad
1047 441 1149 472 claves
1167 442 1305 482 pertinet
1320 442 1346 471 ἦ
1372 441 1464 471 Circa
1486 454 1494 474 ς
1518 450 1575 480 per
1599 450 1698 481 quem
1716 442 1817 471 homo
1841 451 1859 471 a
1882 441 1995 480 Regno
2012 442 2208 481 prohibetur.
2234 442 2275 472 Et
2293 441 2367 472 ideo
2390 443 2491 482 magis
2513 447 2586 482 pot-

157 478 195 499 qu.
217 478 316 497 Lxxxuv,
360 482 369 486 -
1639 486 1644 491 .
1745 485 1750 491 .
1779 486 1785 491 .
1876 485 1881 491 .
2010 486 2016 492 .
2224 486 2230 492 .
2265 486 2271 492 .
2370 486 2376 493 .
2542 486 2548 492 .

1519 490 1565 515 est
1582 485 1647 515 dari
1663 486 1788 515 hom1n1
1804 485 1899 515 claV1s
1915 485 2019 525 Regni
2036 494 2134 525 quam
2153 485 2248 516 clav1s
2263 485 2394 516 inferni:
2414 495 2482 516 non
2499 495 2586 516 enim

157 498 215 520 trod.

157 535 167 545 ·
183 534 230 608 (ξι.
245 539 292 554 xxi.

157 562 179 572 ·”
220 566 242 581 ιι.
258 566 310 581 xxv.

157 588 168 598 ‘¹
189 586 224 608 C'.
248 592 286 614 qu.
311 592 368 612 xxu,

157 617 227 640 arta,
239 619 285 640 arg.
296 619 318 638 ις
329 619 368 640 qu.

158 646 211 666 xxv,
220 643 261 661 art.
270 645 290 665 2,
299 645 345 667 arg.
354 646 368 661 1.

399 486 498 527 quod,
515 486 620 526 primo
643 485 818 516 videndum
843 491 889 516 est
913 486 951 516 de
977 486 1133 522 clavibus3
1159 485 1319 521 secundo,
1348 485 1386 515 de
1411 494 1463 515 ex-

399 531 693 561 communicatione
708 531 741 566 *;
774 530 885 566 tertio,
910 529 949 560 de
972 529 1170 569 indulgentia
1190 531 1240 566 *ἦ
1272 530 1350 559 haec
1377 529 1463 559 enim

398 575 463 605 duo
488 580 562 605 sunt
585 584 708 605 annexa
730 575 879 614 potestati
905 574 1041 604 clavium
1058 574 1083 603 θ’.

453 619 547 650 Circa
568 619 709 659 primum
738 618 967 648 consideranda
997 623 1071 648 sunt
1095 623 1249 657 quatuor:
1274 618 1398 658 primo,
1423 616 1462 647 de

1518 529 1603 559 idem
1627 534 1711 565 sunt,
1728 535 1764 559 ut
1780 539 1818 559 ex
1834 528 1925 559 dictis
1941 534 2036 570 patet.
2061 529 2187 570 Aliquis
2204 530 2290 560 enim
2306 529 2346 560 de
2365 529 2492 560 inferno
2508 529 2586 560 edu-

1518 574 1599 603 citur
1614 583 1671 613 per
1687 574 1908 604 remissionem
1925 579 2070 604 aeternae
2086 583 2222 614 poenae,
2239 574 2295 613 qui
2317 583 2386 604 non
2401 574 2435 604 in
2457 574 2586 604 instanti

1517 618 1551 647 in
1573 618 1722 657 Regnum
1746 617 1968 653 introducitur,
1992 624 2123 658 propter
2146 623 2269 648 reatum
2299 618 2484 658 temporalis
2506 627 2586 658 poe-

157 672 167 682 ·
183 670 230 698 Qu.
245 675 306 691 xvm.
398 664 527 694 entitate
543 669 574 693 et
590 662 764 703 quidditate
781 663 934 698 clavium;
955 661 1108 698 secundo,
1122 662 1160 692 de
1178 661 1293 692 effectu
1307 671 1415 692 earum
1428 662 1461 697 ἢ
1478 674 1503 688 10
1517 671 1588 697 nae,
1606 662 1662 702 qui
1686 667 1803 692 manet.

156 717 165 726 ·
183 714 231 742 Qu.
246 720 287 735 nx
397 708 501 744 tertio,
518 707 557 738 de
573 707 723 737 ministris
739 707 877 737 clavium
893 708 925 743 *;
947 712 1071 746 quarto,
1089 705 1128 737 de
1144 707 1192 736 his
1208 707 1241 736 in
1258 707 1374 746 quibus
1390 711 1462 745 pot-
1571 706 1631 736 Vel
1655 705 1828 737 dicendum
1852 712 1908 742 est,
1926 711 1962 736 ut
1985 706 2117 746 quidam
2140 705 2266 742 dicunt,
2291 705 2381 746 quod
2403 705 2516 736 eadem
2539 711 2587 736 est

156 755 166 764 ·
182 753 228 781 Qu.
244 760 275 775 xx
398 757 445 782 est
467 752 606 782 exerceri
629 761 705 782 usus
729 751 866 781 clavium
882 752 908 781 *.
1517 750 1612 780 clavis
1628 749 1743 780 inferni
1760 756 1791 781 et
1807 751 1896 787 caeli,
1913 751 1989 790 quia
2012 760 2051 780 ex
2073 751 2137 781 hoc
2160 751 2231 791 ipso
2256 750 2346 790 quod
2370 750 2465 780 alicui
2484 751 2586 790 aperi-

398 796 491 827 Circa
512 797 653 836 primum
677 801 873 835 quaeruntur
896 795 962 825 tria.
1516 799 1567 824 tur
1583 804 1696 831 unum,
1714 794 1872 825 clauditur
1894 795 2044 825 alterum:
2070 794 2127 825 sed
2149 794 2375 825 denominatur
2397 804 2415 824 a
2438 794 2585 834 digniori.

452 840 577 870 Primo:
601 846 709 870 utrum
733 840 836 869 claves
859 840 892 869 in
916 839 1059 869 Ecclesia
1082 848 1149 869 esse
1174 838 1318 869 debeant.

452 884 618 915 Secundo:
636 889 743 914 utrum
756 883 851 913 clavis
863 884 902 913 sit
914 889 1053 923 potestas
1069 882 1183 922 ligandi
1198 889 1293 923 atque
1306 881 1460 913 solvendi.
1477 895 1498 914 15
1548 866 1648 897 ΛΒΤ·
1666 866 1702 896 Π·
1727 876 1832 896 UTRUM
1848 876 1954 897 ΟΜΝΗ
1971 875 2016 896 5η
2032 875 2184 896 POTESTAS
2201 875 2331 896 nomm
2346 875 2385 895 m·
2401 875 2553 895 sotvmmr

452 929 579 958 Tertio:
603 933 712 958 utrum
735 928 797 957 sint
820 927 902 957 duae
926 927 1029 957 claves
1053 927 1103 957 vel
1126 937 1200 957 una.
1915 921 1941 942 ⁰¹
1956 920 2049 947 'uam’
2065 925 2116 948 ⁶⁸¹³·
2134 926 2180 942 *ν’-

484 993 573 1024 ART
601 993 613 1022 I
721 1003 728 1012 τ
939 1002 946 1007 -
1345 1002 1352 1011 .
1580 981 1600 1000 D
1624 981 1787 1001 SECUNDUM
1817 981 1862 1001 src
1892 980 2096 1001 rnocamrua.
2120 970 2254 1001 Videtur
2281 970 2370 1011 quod
2397 970 2493 1001 clavis
2516 980 2585 1001 non

576 1016 593 1048 ‘⁷
616 1016 622 1022 '
648 1002 752 1022 UTRLM
776 1002 890 1022 cmvas
915 1002 944 1021 ἢ
970 1002 1115 1022 ECCOEsm
1139 1002 1208 1022 ESSE
1231 1002 1372 1022 DEBEAM
1517 983 1620 1045 Asit
1627 1020 1773 1055 potestas
1789 1015 1916 1056 ligandi
1931 1020 1962 1045 et
1975 1014 2130 1051 solvendi,
2154 1025 2218 1055 qua
2234 1015 2467 1046 ecclesiasticus
2487 1015 2586 1046 iudex

461 1069 480 1088 ι)
504 1068 620 1088 ramum
650 1068 695 1087 S1c
725 1066 929 1086 PROCEDITUR.
950 1056 1084 1086 Videtur
1108 1056 1197 1096 quod
1217 1057 1319 1086 claves
1342 1057 1376 1086 in
1399 1056 1460 1086 Ec·
1515 1059 1634 1099 dignos
1658 1059 1808 1099 recipere,
1827 1059 1980 1100 indignos
2001 1059 2174 1090 excludere
2193 1059 2284 1090 debet
2297 1069 2318 1089 a
2334 1060 2469 1100 Regno:
2486 1064 2523 1089 ut
2546 1069 2585 1090 ex

461 1103 555 1132 clesia
571 1111 638 1131 esse
660 1111 728 1130 non
744 1100 889 1130 debeant.
921 1100 995 1130 Non
1021 1101 1106 1130 enim
1125 1100 1334 1140 ‘requiruntur
1357 1099 1461 1129 claves
1475 1113 1502 1127 ιο
1515 1103 1617 1132 littera
1629 1103 1645 1119 ᾗ
1657 1103 1800 1138 habetur,
1814 1108 1845 1132 et
1869 1112 1907 1133 ex
1931 1102 2046 1133 Glossa
2066 1103 2258 1144 Hieronymi
2273 1104 2318 1139 ’ᾗ
2331 1103 2443 1133 Matth,
2456 1114 2508 1134 xm
2520 1104 2582 1134 ⁴⁶⁴³,
2612 1107 2622 1118 ·
2636 1106 2669 1127 lv
2681 1105 2826 1155 senemr«.

396 1146 435 1176 ad
465 1145 645 1175 intrandum
680 1144 815 1174 domum
848 1144 939 1174 CUiUS
972 1144 1091 1174 ostium
1127 1149 1173 1174 est
1205 1148 1361 1183 apertum·
1397 1143 1460 1173 Sed
1515 1147 1657 1176 Potestas
1681 1147 1768 1176 enim
1792 1146 1961 1186 spiritualis
1990 1147 2024 1176 in
2054 1153 2252 1177 sacramento
2281 1147 2395 1177 collata
2428 1153 2475 1178 est
2497 1147 2583 1178 idem
2610 1138 2733 1182 Σίιέὲωμ
2786 1137 2827 1155 ”⁹

158 1195 168 1204 '
183 1193 247 1214 Vers.
265 1199 282 1214 ¹·
395 1192 492 1230 Apoc-
510 1199 541 1219 lv
556 1190 572 1205 *⁶
596 1188 710 1218 dicitur
720 1199 726 1218 ἰ
757 1187 835 1223 Vidi,
853 1193 884 1218 et
905 1197 976 1218 ecce
999 1188 1032 1217 in
1057 1188 1146 1218 caelo
1165 1188 1281 1217 ostium
1297 1191 1462 1227 apertum-⁶
1516 1190 1606 1229 quod
1622 1190 1782 1220 character
1797 1191 1823 1220 θ’.
1845 1189 1907 1220 Sed
1923 1190 2018 1220 clavis
2035 1195 2066 1220 et
2082 1191 2242 1221 character
2256 1200 2323 1221 non
2334 1191 2482 1222 videntur
2497 1191 2583 1222 idem
2611 1187 2639 1234 d:
2656 1185 2827 1235 gan-{¹¹:322

158 1237 315 1263 ·1oan.cap.
335 1242 356 1262 x,
396 1233 484 1274 quod
504 1233 647 1263 Christus
664 1238 720 1268 est,
738 1232 794 1271 qui
810 1231 849 1261 de
872 1231 977 1271 seipso
1002 1231 1078 1262 dicit
1093 1232 1125 1261 ³⁹:
1150 1231 1225 1273 Ego
1245 1241 1316 1262 sum
1333 1231 1459 1261 ostium.
1517 1243 1601 1264 esse:
1627 1234 1702 1273 quia
1724 1243 1782 1273 per
1806 1234 2019 1264 characterem
2046 1235 2147 1264 homo
2177 1234 2249 1264 Deo
2280 1241 2502 1275 comparatur,
2526 1245 2584 1275 per
2609 1228 2747 1277 §.qim-lib·
2763 1237 2803 1261 m.

157 1270 215 1285 vers.
230 1269 250 1290 ⁷¹
394 1279 479 1318 Ergo
504 1276 543 1307 ad
565 1277 731 1307 introitum
755 1276 834 1306 caeli
857 1275 999 1306 Ecclesia
1023 1275 1163 1306 clavibus
1186 1285 1255 1305 non
1281 1274 1411 1314 indiget.
1517 1277 1621 1308 claves
1645 1283 1754 1308 autem
1777 1277 1817 1308 ad
1840 1277 1994 1308 subditos,
2029 1278 2115 1318 Ergo
2149 1278 2244 1308 clavis
2266 1287 2335 1308 non
2359 1284 2406 1308 est
2427 1284 2582 1319 potestas·
2610 1293 2621 1302 .
2635 1263 2829 1318 cssessffiffmy

451 1332 480 1352 2.
504 1322 699 1356 PRAETEREA‚
718 1320 812 1350 clavis
829 1319 931 1350 estad
954 1319 1163 1360 aperiendum
1188 1325 1218 1350 et
1234 1318 1460 1349 claudendum.
1476 1331 1499 1351 25
1573 1331 1602 1351 2.
1626 1322 1823 1358 Pam-ranna,
1840 1318 1936 1352 iudex
1959 1321 2191 1352 ecclesiasticus
2219 1331 2287 1352 non
2311 1321 2426 1353 dicitur
2447 1323 2508 1353 nisi
2531 1323 2584 1354 ille
2611 1323 2652 1345 Ψ·
2664 1322 2732 1340 '‘¹⁸¹'‘

395 1366 457 1397 Sed
479 1366 542 1395 hoc
566 1365 663 1395 solius
688 1364 805 1394 Christi
829 1369 892 1400 est,
921 1365 977 1403 qui
1001 1364 1106 1404 aperit
1136 1369 1167 1394 et
1198 1373 1290 1393 nemo
1323 1363 1460 1398 claudit,

395 1410 517 1441 claudit
539 1415 569 1439 et
592 1418 684 1439 nemo
708 1408 821 1448 aperit,
846 1409 945 1448 Apoc.
963 1418 996 1438 111
1012 1409 1038 1438 ἦ
1069 1408 1154 1448 Ergo
1179 1408 1322 1438 Ecclesia
1345 1408 1377 1437 in
1401 1407 1461 1437 mi-

394 1455 497 1485 nistris
521 1454 585 1483 suis
609 1453 711 1483 claves
734 1462 801 1482 non
824 1453 928 1482 habet.

451 1499 479 1529 3.
504 1498 699 1533 Pnaaraam,
717 1497 911 1536 cuicumque
929 1495 1086 1526 clauditur
1106 1495 1241 1532 caelum,
1259 1496 1398 1536 aperitur
1412 1496 1461 1526 in-

394 1543 511 1578 fernus,
532 1547 563 1572 et
586 1551 603 1572 e
621 1541 790 1571 contrario.
815 1541 901 1580 Ergo
919 1541 1118 1580 quicumque
1134 1541 1229 1570 habet
1252 1541 1355 1571 claves
1372 1540 1460 1576 caeli,
1477 1551 1502 1571 3⁰

394 1588 488 1617 habet
504 1587 606 1616 claves
625 1585 750 1615 inferni.
771 1584 835 1615 Sed
851 1585 993 1615 Ecclesia
1008 1594 1077 1615 non
1094 1584 1208 1615 dicitur
1224 1585 1340 1615 habere
1357 1585 1461 1615 claves

393 1631 517 1662 inferni.
542 1631 627 1670 Ergo
651 1639 710 1660 nec
735 1629 838 1659 claves
863 1629 942 1659 caeli
965 1629 1069 1659 habet.

1517 1366 1572 1405 qui
1587 1366 1683 1396 habet
1698 1365 1967 1396 iurisdictionem:
1992 1375 2075 1406 quae
2096 1366 2192 1396 simul
2213 1376 2288 1397 cum
2311 1366 2425 1397 ordine
2445 1376 2514 1398 non
2530 1366 2585 1397 da-

1515 1415 1576 1440 tur.
1601 1409 1664 1440 Sed
1688 1410 1790 1440 claves
1813 1410 1847 1440 in
1871 1409 1990 1440 ordinis
2013 1411 2218 1450 susceptione
2247 1410 2465 1442 conferuntur.
2499 1411 2585 1451 Ergo

1515 1464 1584 1484 non
1607 1453 1718 1484 debuit
1741 1453 1780 1484 de
1804 1454 2018 1485 ecclesiastico
2044 1454 2149 1485 iudice
2170 1455 2205 1485 in
2229 1454 2416 1486 definitione
2447 1451 2586 1487 clarium

1515 1498 1639 1529 mentio
1663 1498 1742 1529 fieri.

1573 1542 1602 1573 3.
1626 1543 1823 1579 Pium-mna,
1840 1542 1880 1573 ad
1902 1543 1935 1573 id
1959 1542 2049 1583 quod
2071 1543 2186 1583 aliquis
2205 1543 2300 1574 habet
2323 1553 2362 1574 ex
2385 1544 2501 1585 seipso,
2518 1553 2587 1575 non

1516 1586 1638 1626 indiget
1670 1587 1777 1627 aliqua
1806 1593 1965 1627 potestate
1998 1587 2099 1618 activa
2130 1597 2188 1628 per
2220 1597 2318 1628 quam
2347 1588 2518 1619 inducatur
2546 1588 2587 1619 ad

1517 1636 1634 1661 actum.
1659 1631 1722 1662 Sed
1746 1640 1785 1661 eo
1809 1632 1880 1672 ipso
1905 1631 1995 1672 quod
2018 1631 2131 1672 aliquis
2155 1637 2202 1662 est
2225 1631 2349 1672 dignus,
2375 1632 2415 1663 ad
2437 1633 2588 1673 Regnum

156 1420 166 1431 ⁶
182 1419 246 1440 VerS.
267 1424 287 1445 7.
303 1430 312 1434 -
331 1418 367 1440 Cf.

157 1446 207 1467 lsai.
230 1451 279 1472 cap.
303 1451 366 1471 xxn,

157 1478 215 1493 vers.
227 1478 259 1493 22.

157 1683 167 1691 ·
182 1680 246 1702 Vers.
265 1686 298 1708 ¹9·
448 1675 510 1706 SED
535 1685 658 1704 CONTRA
682 1684 735 1704 asr
759 1674 849 1713 quod
873 1673 987 1704 dicitur
1019 1673 1131 1704 Matth.
1155 1683 1207 1704 xw
1223 1674 1255 1704 *ε
1285 1673 1355 1704 Tibi
1378 1673 1461 1704 dabo
1517 1675 1702 1706 admittitur.
1725 1675 1812 1716 Ergo
1835 1685 1904 1706 non
1931 1676 2069 1716 pertinet
2091 1675 2131 1707 ad
2154 1681 2347 1716 potestatem
2377 1677 2516 1708 clavium
2539 1677 2587 1708 di-

394 1721 499 1750 claves
522 1719 617 1760 regni
639 1719 814 1748 caelorum.
1515 1729 1602 1761 gnos
1623 1720 1668 1750 ad
1688 1720 1839 1761 Regnum
1862 1720 2040 1751 admittere.

450 1774 479 1794 2.
504 1764 705 1798 ΡΒΑΕΤΕΒΕΑ,
730 1763 835 1792 omnis
860 1761 1059 1802 dispensator
1090 1761 1184 1792 debet
1211 1763 1328 1793 habere
1359 1762 1462 1793 claves
1478 1772 1499 1792 ις
1572 1773 1603 1803 4.
1627 1764 1824 1801 Pmarmum,
1841 1770 2026 1804 peccatores
2049 1764 2172 1805 indigni
2195 1770 2270 1795 sunt
2291 1765 2416 1805 Regno.
2439 1765 2503 1796 Sed
2526 1765 2587 1796 Ec-

395 1818 507 1838 eorum
531 1817 612 1847 quae
637 1806 806 1847 dispensat.
832 1806 895 1837 Sed
910 1807 1046 1837 ministri
1061 1806 1224 1837 Ecclesiae
1239 1811 1313 1837 sunt
1336 1806 1462 1847 dispen-
1518 1808 1612 1838 clesia
1643 1818 1702 1848 pro
1734 1809 1958 1849 peccatoribus
1981 1814 2051 1839 orat
2073 1814 2109 1840 ut
2139 1809 2179 1839 ad
2209 1810 2357 1849 Regnum
2389 1810 2586 1849 perveniant.

156 1859 165 1867 ·
182 1856 247 1878 Vers-
264 1864 281 1878 ι.
393 1858 518 1883 satores
540 1852 723 1882 divinorum
740 1851 981 1892 mysteriorum,
998 1856 1034 1881 ut
1050 1857 1136 1891 patet
1153 1851 1165 1881 I
1184 1851 1261 1881 Cor.
1278 1861 1309 1881 ιν
1325 1852 1351 1881 *.
1376 1851 1461 1891 Ergo
1517 1853 1603 1893 Ergo
1626 1863 1694 1883 non
1717 1853 1862 1884 excludit
1884 1853 2047 1895 indignos,
2064 1853 2120 1884 sed
2142 1854 2243 1894 magis
2256 1849 2412 1890 admittit,
2429 1859 2587 1894 quantum

394 1897 510 1927 debent
532 1897 646 1926 habere
670 1896 783 1926 claves.
1517 1898 1551 1927 in
1574 1906 1608 1927 se
1632 1903 1687 1928 est.
1922 1923 1925 1924 ⁷

448 1942 635 1971 RssspoNnEo
660 1950 819 1970 monimum
843 1939 932 1979 quod
955 1940 989 1970 in
1013 1940 1232 1980 corporalibus
1261 1939 1376 1970 dicitur
1400 1940 1462 1970 cla-
1575 1942 1603 1972 5.
1627 1941 1825 1977 Proxumum,
1842 1942 1875 1971 in
1899 1943 2050 1972 omnibus
2073 1943 2240 1982 agentibus
2271 1941 2423 1972 ordinatis
2454 1942 2588 1973 ultimus

394 1987 440 2016 vis
452 1986 699 2015 instrumentum
712 1994 779 2024 quo
796 1985 916 2014 ostium
933 1984 1082 2024 aperitur.
1102 1985 1205 2024 Regni
1218 1990 1327 2015 autem
1343 1985 1462 2014 ostium
1477 1992 1503 2012 ⁴0
1517 1984 1590 2015 finis
1605 1986 1743 2025 pertinet
1759 1985 1798 2016 ad
1820 1986 1995 2026 principale
2012 1995 2118 2026 agens,
2134 1996 2203 2017 non
2219 1985 2259 2016 ad
2282 1995 2380 2026 agens
2393 1986 2587 2017 instrumen-

394 2030 486 2060 nobis
510 2039 566 2069 per
589 2034 759 2068 peccatum
783 2028 958 2064 clauditur,
984 2034 1015 2059 et
1039 2034 1197 2068 quantum
1221 2028 1261 2059 ad
1290 2029 1462 2065 maculam,
1517 2030 1589 2060 tale.
1615 2029 1678 2060 Sed
1699 2030 1876 2070 principale
1905 2040 2001 2070 agens
2025 2030 2065 2060 ad
2088 2030 2224 2061 salutem
2254 2030 2394 2061 hominis
2417 2035 2465 2060 est
2487 2030 2586 2062 Deus.

395 2080 425 2104 et
449 2079 605 2114 quantum
629 2072 668 2103 ad
691 2079 814 2103 reatum
838 2082 974 2113 poenae.
999 2073 1040 2103 Et
1058 2072 1132 2103 ideo
1156 2078 1297 2112 potestas
1314 2082 1378 2113 qua
1400 2073 1462 2103 tale
1517 2074 1604 2114 Ergo
1628 2073 1668 2104 ad
1691 2084 1767 2105 eum
1782 2075 1920 2115 pertinet
1943 2074 1983 2105 ad
2005 2075 2154 2114 Regnum
2170 2074 2346 2111 admittere,
2363 2074 2454 2114 quod
2477 2080 2524 2105 est
2538 2075 2588 2106 ul-

394 2118 595 2149 obstaculum
617 2118 720 2157 Regni
743 2123 935 2153 removetur,
953 2116 1068 2148 dicitur
1091 2117 1196 2148 clavis.
1518 2119 1615 2148 timus
1639 2118 1728 2155 finis;
1753 2124 1784 2149 et
1807 2128 1875 2149 non
1898 2118 1938 2149 ad
1961 2119 2132 2149 habentem
2156 2119 2270 2155 claves,
2287 2119 2344 2159 qui
2365 2124 2413 2149 est
2435 2119 2517 2150 sicut
2538 2119 2588 2150 in-

448 2163 536 2192 Haec
560 2167 668 2192 autem
691 2167 831 2202 potestas
851 2167 897 2192 est
912 2162 946 2192 in
970 2161 1076 2192 divina
1100 2161 1255 2192 Trinitate
1271 2171 1328 2202 per
1351 2167 1462 2192 aucto·
1517 2168 1732 2193 strumentum
1756 2163 1806 2193 vel
1828 2164 1982 2194 minister.

156 2209 347 2263 ἶςηξῑηῆρῑιίθειᾶἷ
394 2208 526 2237 ritatem.
551 2207 593 2236 Et
615 2206 689 2236 ideo
710 2205 825 2236 dicitur
841 2217 859 2236 a
875 2205 1068 2246 quibusdam
1084 2207 1100 2223 θ
1117 2206 1207 2246 quod
1229 2206 1324 2236 habet
1341 2206 1463 2237 clavem
1477 2214 1500 2233 4⁵
1573 2208 1762 2238 Rasaonmzo
1787 2217 1947 2237 mensuum
1971 2207 2071 2248 quod,
2088 2207 2267 2238 secundum
2290 2207 2536 2248 Philosophum,
2552 2208 2587 2239 in

156 2268 195 2289 xx,
207 2252 322 2284 ineffibs..
395 2251 606 2282 auctoritatis.

1518 2252 1545 2282 ΙΙ
1569 2251 1608 2282 de
1623 2252 1741 2282 Anima
1757 2253 1783 2288 ’ζ
1800 2252 1963 2292 potentiae
1979 2261 2037 2292 per
2052 2257 2140 2283 actus
2161 2251 2366 2283 definiuntur.
2390 2251 2494 2288 Unde,
2511 2262 2587 2283 cum
2613 2261 2669 2285 *ct
2677 2267 2827 2292 enpanti...

1519 2296 1615 2326 clavis
1639 2297 1678 2326 sit
1700 2297 1845 2336 potentia
1868 2296 2037 2336 quaedam,
2054 2302 2184 2336 oportet
2207 2295 2297 2336 quod
2320 2306 2377 2336 per
2405 2301 2512 2327 actum
2535 2297 2588 2328 vel
2613 2289 2660 2312 ‘S'
2819 2304 2828 2312 ·

396 2340 473 2370 dum
496 2339 694 2380 praedictum
714 2339 918 2370 obstaculum
941 2349 997 2380 per
1020 2339 1172 2370 meritum
1195 2339 1362 2379 passionis,
1380 2349 1463 2380 quae
1518 2350 1576 2380 per
1598 2336 1695 2371 usur‘n
1718 2350 1814 2371 suum
1838 2339 2023 2376 definiatur;
2048 2346 2080 2371 et
2103 2340 2193 2380 quod
2207 2341 2240 2371 in
2257 2345 2331 2372 actu
2346 2341 2510 2371 obiectum
2534 2350 2588 2372 ex-

396 2385 490 2414 etiam
506 2384 620 2414 dicitur
636 2384 768 2414 ianuam
792 2383 920 2424 aperire
935 2385 962 2414 ’ἦ
987 2383 1027 2414 Et
1043 2383 1117 2414 ideo
1134 2383 1249 2414 dicitur
1271 2384 1398 2421 habere,
1415 2393 1463 2414 se·
1518 2385 1682 2425 primatur‚
1700 2394 1718 2414 a
1741 2394 1808 2425 quo
1832 2385 1973 2424 speciem
2003 2385 2115 2425 recipit
2146 2390 2235 2415 actus
2259 2390 2290 2415 et
2312 2384 2430 2415 modus
2454 2384 2586 2425 agendi,

397 2428 539 2459 cundum
563 2428 720 2468 quosdam
736 2429 763 2465 θ,
780 2429 886 2459 claves
910 2428 1128 2459 excellentiae.
1479 2438 1505 2458 50
1520 2439 1557 2460 ex
1581 2439 1648 2469 quo
1673 2435 1804 2469 apparet
1827 2429 1971 2469 potentia
1994 2429 2148 2460 ordinata.
2171 2429 2272 2460 Actus
2292 2434 2400 2460 autem
2422 2428 2589 2469 potestatis

451 2472 514 2503 Sed
530 2474 605 2513 quia
628 2483 669 2503 ex
688 2473 789 2503 latere
804 2473 994 2503 dormientis
1010 2473 1042 2502 in
1060 2482 1156 2503 cruce
1173 2478 1379 2503 sacramenta
1393 2473 1464 2513 flu·
1519 2473 1689 2514 spiritualis
1712 2483 1780 2504 non
1804 2479 1851 2504 est
1873 2478 1910 2503 ut
1939 2473 2064 2504 caelum
2094 2474 2214 2514 aperiat
2236 2473 2399 2509 absolute,
2425 2474 2502 2514 quia
2522 2474 2588 2504 iam

397 2522 524 2552 xerunt,
549 2517 661 2557 quibus
683 2517 830 2548 Ecclesia
844 2517 1037 2559 fabricatur
1056 2518 1083 2553 *‚
1106 2516 1180 2547 ideo
1204 2517 1237 2547 in
1261 2518 1465 2548 sacramentis
1520 2523 1667 2558 apertum
1691 2523 1748 2554 est,
1764 2523 1801 2548 ut
1824 2517 1946 2548 dictum
1976 2523 2023 2548 est
2038 2518 2070 2548 *z
2102 2517 2158 2548 sed
2180 2523 2217 2548 ut
2244 2523 2402 2558 quantum
2431 2518 2472 2548 ad
2500 2518 2589 2549 hunc

398 2561 557 2592 Ecclesiae
582 2561 720 2592 efficacia
742 2562 898 2601 passionis
921 2567 1038 2592 manet.
1064 2562 1104 2592 Et
1127 2567 1259 2601 propter
1281 2562 1345 2592 hoc
1369 2562 1465 2592 etiam
1519 2563 1648 2602 aperiat.
1673 2561 1772 2600 Quod
1795 2561 1927 2602 quidem
1950 2561 2094 2592 ordinate
2117 2561 2187 2593 fieri
2208 2572 2276 2592 non
2299 2567 2406 2602 potest
2434 2563 2495 2592 nisi
2517 2562 2588 2593 ido-

399 2606 546 2636 ministris
569 2606 739 2641 Ecclesiae,
757 2607 814 2646 qui
837 2611 911 2636 sunt
930 2605 1163 2646 dispensatores
1181 2611 1464 2642 sacramentorum,
1519 2607 1637 2637 neitate
1661 2607 1729 2636 eius
1753 2607 1806 2637 cui
1829 2606 2038 2646 aperiendum
2062 2612 2109 2637 est
2132 2606 2257 2637 caelum
2279 2612 2421 2646 pensata.
2450 2607 2492 2637 Et
2513 2606 2588 2637 ideo

399 2655 536 2689 potestas
570 2650 675 2690 aliqua
698 2650 738 2680 ad
769 2650 969 2690 praedictum
997 2650 1200 2681 obstaculum
1231 2650 1463 2681 removendum
1481 2660 1502 2680 55
1519 2652 1552 2681 in
1576 2650 1737 2691 praedicta
1753 2652 1769 2667 ³*
1785 2649 1972 2681 definitione
1997 2651 2092 2681 clavis
2107 2651 2239 2691 ponitur
2261 2660 2373 2691 genus,
2389 2651 2509 2681 scilicet
2526 2659 2588 2691 po-
2615 2660 2626 2671 ·

399 2699 445 2724 est
477 2695 608 2730 collata,
633 2704 700 2724 non
723 2695 870 2735 propria,
895 2694 951 2725 sed
973 2695 1089 2725 virtute
1121 2694 1227 2725 divina
1255 2700 1287 2724 et
1309 2695 1465 2735 passionis
1520 2700 1639 2732 testas;
1663 2700 1694 2725 et
1717 2695 1897 2725 subiectum
1921 2695 2103 2735 potestatis,
2129 2695 2250 2726 scilicet
2277 2695 2376 2726 iudex
2398 2695 2588 2726 ecclesiasti-

400 2738 525 2768 Christi.
549 2739 590 2768 Et
612 2740 690 2769 haec
714 2745 854 2778 potestas
870 2740 1088 2779 metaphorice
1112 2738 1212 2769 clavis
1234 2739 1401 2770 Ecclesiae
1419 2739 1465 2769 di-
1520 2747 1596 2776 cus;
1615 2745 1647 2770 et
1658 2745 1757 2776 actm,
1774 2739 1894 2770 scilicet
1910 2739 2083 2770 excludere
2097 2744 2129 2770 et
2144 2739 2295 2780 recipere,
2312 2739 2491 2770 secundum
2506 2739 2589 2770 duos

400 2783 489 2818 citur,
507 2792 589 2822 quae
613 2789 659 2813 est
683 2783 783 2814 clavis
806 2784 977 2814 ministerii
991 2784 1018 2813 ἦ
1520 2790 1609 2814 actus
1627 2783 1797 2814 materialis
1813 2784 1919 2820 clavis,
1937 2784 2057 2824 aperire
2074 2789 2105 2814 et
2128 2783 2292 2820 claudere;
2317 2784 2409 2814 cuius
2425 2784 2588 2814 obiectum

453 2827 503 2856 Αι)
527 2837 642 2857 ramum
666 2837 748 2858 eaeo
768 2838 927 2858 mmmmm
952 2827 1041 2868 quod
1058 2828 1176 2858 ostium
1201 2827 1290 2863 caeli,
1308 2833 1466 2868 quantum
1519 2829 1620 2868 tangit
1642 2829 1675 2858 in
1698 2828 1762 2858 hoc
1786 2828 1875 2868 quod
1892 2828 1967 2858 dicit
1991 2837 2012 2858 a
2034 2829 2170 2870 Regno;
2192 2827 2328 2859 modum
2344 2833 2452 2859 autem
2474 2828 2509 2858 in
2523 2828 2588 2858 hoc

450 2295 512 2326 Sed
534 2296 567 2325 in
592 2294 720 2325 Christo
736 2295 869 2325 homine
893 2294 953 2325 fuit
976 2295 1055 2325 haec
1071 2300 1212 2335 potestas
1235 2293 1276 2325 ad
1293 2304 1463 2326 removen-

158 2395 168 2404 ·
188 2393 224 2414 ef.
246 2393 305 2414 Part.
321 2393 366 2419 ιιι,

159 2423 369 2472 afflarat-...35

159 2478 237 2500 supra.

157 2521 167 2531 ·
178 2520 240 2547 Aug.
249 2519 336 2542 Enarr.
347 2520 370 2541 in

159 2546 370 2572 Ps.exxxvm,n.2;

159 2573 238 2595 Gloss.
269 2573 325 2594 Ord.
350 2576 371 2594 et

159 2599 241 2621 Lomb.
263 2599 285 2621 in
306 2599 370 2621 Rom.

159 2631 209 2653 cap.
224 2632 245 2653 v,
260 2632 319 2648 vers.
338 2632 372 2652 ¹4·

161 2784 215 2832 gfff.
224 2784 370 2806 flnlens.1oc.

401 2876 446 2900 est
469 2870 508 2901 de
527 2881 570 2907 se,
587 2881 712 2911 semper
737 2878 783 2902 est
799 2878 961 2912 apertum:
987 2871 1043 2902 sed
1067 2872 1161 2902 alicui
1182 2871 1327 2902 clausurn
1351 2871 1466 2902 dicitur
1479 2879 1506 2899 60

400 2920 528 2955 propter
551 2915 818 2955 impedimentum
841 2916 978 2947 intrandi
1002 2917 1035 2946 in
1066 2916 1192 2947 caelum
1224 2915 1314 2956 quod
1337 2916 1370 2946 in
1393 2916 1465 2956 ipso

402 2964 456 2988 est.
481 2959 749 2999 Impedimentum
765 2966 872 2990 autem
888 2961 986 2991 totius
1002 2961 1161 2991 humanae
1177 2966 1319 2996 naturae,
1336 2969 1373 2990 ex
1390 2970 1465 3000 pec—

402 3008 472 3032 cato
496 3004 590 3043 primi
621 3005 759 3034 hominis
789 3010 1020 3041 consecutum,
1046 3015 1103 3045 per
1133 3005 1315 3045 passionem
1349 3004 1467 3035 Christi

402 3052 545 3077 amotum
562 3053 617 3077 est.
642 3048 682 3078 Et
697 3048 770 3078 ideo
787 3049 922 3079 Ioannes
937 3054 1011 3089 post
1026 3050 1210 3089 passionem
1227 3049 1305 3080 vidit
1325 3049 1357 3079 in
1375 3049 1465 3080 caelo

403 3091 517 3120 ostium
534 3097 688 3131 apertum.
713 3092 776 3123 Sed
792 3093 895 3123 adhuc
919 3093 1062 3133 quotidie
1086 3093 1181 3124 alicui
1196 3099 1305 3124 manet
1321 3093 1467 3124 clausum
1480 3100 1504 3126 ες

402 3140 531 3174 propter
553 3141 720 3175 peccatum
744 3137 905 3176 originale,
931 3137 1021 3177 quod
1049 3138 1224 3174 contrahit,
1251 3137 1301 3168 vel
1325 3137 1465 3174 actuale,

404 3178 492 3217 quod
515 3180 694 3210 committit.
719 3181 759 3210 Et
775 3187 905 3221 propter
928 3182 991 3212 hoc
1012 3182 1192 3222 indigemus
1216 3182 1420 3213 sacramentis
1436 3187 1468 3212 et

405 3222 543 3252 clavibus
567 3223 737 3254 Ecclesiae.

459 3266 509 3295 An
533 3277 693 3297 secessuum
717 3278 875 3299 mcaumm
904 3269 992 3309 quod
1016 3270 1079 3300 hoc
1108 3271 1294 3310 intelligitur
1318 3269 1357 3300 de
1381 3270 1467 3300 clau-

406 3309 495 3339 sione
511 3319 574 3349 qua
589 3311 724 3341 limbum
748 3312 868 3348 clausit,
886 3323 925 3343 ne
942 3314 1055 3354 aliquis
1079 3314 1160 3344 ultra
1175 3315 1209 3345 in
1225 3315 1316 3345 illum
1337 3313 1468 3344 descen·
1482 3325 1508 3346 70

407 3352 477 3388 dat3
502 3359 532 3383 et
556 3354 594 3384 de
617 3356 780 3394 apertione
805 3365 868 3395 qua
891 3357 1071 3396 paradisum
1095 3359 1234 3398 aperuit,
1258 3364 1384 3390 remoto
1409 3359 1468 3389 im-

407 3396 590 3435 pedimento
614 3404 743 3429 naturae
767 3409 823 3438 per
846 3410 936 3430 suam
959 3402 1150 3440 passionem.

462 3441 512 3470 Αι)
536 3451 669 3471 TERTIUM
693 3452 850 3472 mmmmm
874 3444 963 3483 quod
987 3445 1081 3475 clavis
1105 3445 1230 3483 inferni,
1249 3457 1312 3487 qua
1331 3447 1469 3487 aperitur

410 3489 441 3513 et
464 3484 628 3520 clauditur,
646 3491 691 3515 est
707 3491 845 3524 potestas
864 3489 995 3526 gratiam
1012 3488 1207 3526 conferendi,
1224 3500 1280 3530 per
1296 3500 1394 3531 quam
1410 3491 1468 3521 ho-

1521 2872 1611 2913 quod
1633 2872 1778 2914 dignitas
1801 2877 1833 2902 et
1854 2872 2034 2914 indignitas
2056 2873 2089 2903 in
2112 2872 2173 2903 illis
2195 2873 2229 2903 in
2252 2881 2335 2912 quos
2350 2877 2439 2902 actus
2462 2881 2586 2902 exerce-

1521 2922 1573 2948 tur
1595 2922 1755 2957 pensatur.

1575 2961 1626 2991 An
1650 2971 1767 2991 ramum
1788 2971 1871 2991 aizoo
1895 2970 2055 2991 Drcaumm
2072 2960 2161 3001 quod
2184 2960 2224 2991 ad
2247 2960 2312 2991 duo
2329 2969 2469 3000 quorum
2484 2968 2588 2990 unum

1521 3012 1568 3036 est
1592 3015 1686 3036 causa
1710 3005 1853 3041 alterius,
1878 3015 1943 3035 una
1973 3010 2113 3045 potestas
2137 3004 2315 3035 ordinatur:
2347 3005 2429 3034 sicut
2451 3004 2485 3034 in
2514 3004 2588 3043 igne

1521 3050 1608 3080 calor
1631 3049 1671 3080 ad
1695 3048 1947 3080 calefaciendum
1971 3055 2002 3080 et
2033 3048 2282 3080 dissolvendum.
2316 3048 2357 3078 Et
2379 3048 2455 3088 quia
2483 3048 2588 3078 omnis

1520 3094 1619 3134 gratia
1643 3099 1674 3124 et
1696 3094 1841 3124 remissio
1865 3094 1899 3124 in
1923 3102 2059 3133 corpore
2081 3093 2218 3134 mystico
2242 3102 2280 3123 ex
2303 3092 2407 3132 capite
2430 3101 2489 3122 suo
2513 3101 2588 3132 pro-

1521 3139 1618 3174 venit,
1634 3138 1709 3168 ideo
1734 3137 1846 3168 eadem
1861 3142 2002 3178 potestas
2025 3136 2150 3168 videtur
2172 3146 2240 3167 esse
2259 3146 2316 3177 per
2339 3137 2508 3170 essentiam
2525 3145 2589 3176 qua

1521 3182 1668 3212 sacerdos
1692 3181 1851 3212 conficere
1874 3186 1996 3222 potest,
2023 3187 2054 3211 et
2077 3190 2142 3221 qua
2163 3186 2270 3221 potest
2291 3181 2415 3211 solvere
2439 3186 2470 3211 et
2492 3180 2589 3220 ligare

1522 3227 1548 3256 si
1563 3225 1739 3256 iurisdictio
1756 3225 1852 3256 adsit:
1876 3234 1937 3256 nec
1953 3224 2056 3256 differt
2078 3225 2139 3255 nisi
2154 3225 2288 3261 ratione,
2304 3223 2483 3256 secundum
2499 3224 2590 3265 quod

1523 3269 1562 3300 ad
1586 3269 1726 3300 diversos
1751 3269 1882 3300 effectus
1906 3274 2125 3309 comparatur;
2150 3269 2232 3300 sicut
2251 3269 2347 3300 etiarn
2370 3269 2451 3308 ignis
2475 3268 2590 3300 dicitur

1523 3313 1702 3345 secundum
1717 3314 1811 3344 aliam
1834 3314 1991 3344 rationem
2007 3312 2220 3349 calefacfivus,
2237 3319 2268 3343 et
2291 3312 2524 3353 liquefactivus.
2548 3313 2590 3344 Et

1523 3359 1599 3399 quia
1621 3358 1701 3389 nihil
1724 3363 1771 3388 est
1800 3357 1887 3388 aliud
1915 3358 2076 3388 character
2105 3357 2225 3388 ordinis
2257 3356 2459 3388 sacerdotalis
2490 3366 2589 3397 quam

1523 3409 1663 3443 potestas
1688 3401 1855 3433 exercendi
1877 3401 1957 3432 illud
1973 3401 2012 3432 ad
2036 3401 2124 3442 quod
2148 3401 2363 3442 principaliter
2383 3401 2463 3432 ordo
2487 3410 2590 3431 sacer-

1524 3446 1603 3478 dotii
1627 3446 1791 3477 ordinatur
1807 3445 2006 3486 (sustinendo
2031 3445 2120 3486 quod
2144 3446 2183 3476 sit
2201 3445 2287 3476 idem
2308 3445 2398 3486 quod
2420 3445 2589 3486 spiritualis

1523 3491 1688 3532 potestas),
1705 3490 1778 3521 ideo
1795 3491 1955 3521 character
1978 3495 2009 3520 et
2031 3495 2171 3530 potestas
2188 3489 2380 3520 conficiendi
2404 3495 2435 3520 et
2450 3494 2589 3530 potestas

409 3527 489 3557 mini
511 3529 648 3567 aperitur
670 3529 822 3566 infernus,
839 3536 874 3560 ut
898 3530 935 3561 de
960 3538 1092 3571 peccato
1117 3533 1285 3570 educatur,
1310 3534 1399 3575 quod
1423 3540 1469 3565 est
1484 3546 1507 3566 75
1525 3536 1663 3566 clavium
1679 3540 1726 3565 est
1740 3544 1844 3565 unum
1861 3540 1891 3565 et
1907 3533 1993 3564 idem
2005 3543 2062 3574 per
2078 3534 2256 3570 essentiam,
2270 3533 2326 3565 sed
2341 3533 2444 3564 differt
2455 3534 2588 3564 ratione.
