2918 4088
4 277 17 406 *u-onu-uo
5 206 17 263 aaa:
12 183 13 186 „
11 115 17 166 -
14 91 16 95 .

5 571 18 592 ’ἕ
55 581 65 592 ·
71 578 124 601 Vid.
133 578 266 601 Comment.

54 605 126 628 cniet.
133 608 187 633 post
198 608 239 627 nrt.
247 611 255 627 ι
260 620 267 631 ,

0 648 2 661 ,
55 637 119 654 unm.
135 637 183 653 vm.

898 167 1161 213 QUAESTIO
1190 169 1368 215 LXXIX,
1397 169 1690 207 ARTICULUS
1717 171 1779 217 VI,
1807 172 1871 208 VII

2396 177 2468 212 225

1105 319 1426 362 ARTICULUS
1457 320 1666 362 SEXTUS

509 410 666 441 UTRUM
689 410 772 440 PER
795 409 889 441 Hoc
914 409 1249 442 SACRAMENTUM
1272 411 1615 443 PRAESERVETUR
1638 413 1769 443 HOMO
1794 414 1823 444 A
1846 414 2059 446 PECCATls
2081 416 2265 448 FUTURIS

1031 489 1065 514 IV
1084 489 1168 519 Sent„
1189 490 1247 515 dist.
1265 498 1309 522 xn,
1328 498 1373 523 qu.
1391 498 1420 522 n,
1439 496 1487 516 art.

321 589 389 629 yffi>
506 583 529 608 D
549 582 691 608 SEXTUM
710 582 763 608 sm
782 582 1007 608 PRoci-:mrUR
1021 570 1051 606 ³¹⁸.
1072 569 1234 607 Videtur
1253 570 1360 619 quod

325 616 479 685 RJAQA
506 635 577 673 per
594 624 671 661 hoc
689 631 974 661 sacramentum
995 635 1076 660 non
1094 630 1361 672 praeservetur

311 678 348 732 'ty'
360 694 431 724 ρ’,
446 667 473 721 ’ἦ
488 675 493 681 “
506 677 628 714 homo
647 689 670 714 a
688 676 852 726 peccatis
870 676 1017 714 futuris.
1048 675 1162 713 Multi
1181 676 1285 713 enim
1305 676 1360 713 di—

348 723 446 763 5230.)
462 722 494 765 k
505 741 579 777 gne
607 737 802 767 sumentes
821 730 897 766 hoc
915 736 1198 766 sacramentum
1227 736 1361 778 postea

294 781 334 819 in
352 789 557 831 peccatum
575 783 714 819 cadent
732 788 760 819 α.
791 783 911 829 Quod
930 794 1010 819 non
1029 781 1217 819 accideret
1235 782 1266 819 si
1286 783 1361 819 hoc

294 842 579 872 sacramentum
597 843 859 884 praeservaret
877 847 900 872 a
917 835 1081 884 peccatis
1100 835 1246 887 futuris.
1268 836 1361 872 Non

293 899 384 937 ergo
413 888 571 925 effectus
599 887 716 925 huius
743 888 970 925 sacramenti
988 895 1044 925 est
1072 901 1094 925 a
1121 888 1285 938 peccatis
1304 889 1360 925 fu-

292 940 388 978 turis
414 952 673 990 praeservare.

348 1005 383 1030 2.
407 994 642 1040 Pluinnam,
663 993 903 1031 Eucharistia
922 1001 978 1031 est
1000 1000 1276 1032 sacramentum
1300 1007 1361 1032 ca-

240 1056 265 1105 ¹3÷
293 1047 420 1092 ritatis,
440 1053 483 1083 ut
501 1058 618 1096 supra
636 1047 656 1069 ’¹‘
683 1047 829 1084 dictum
849 1055 915 1084 est.
947 1047 1024 1085 Sed
1053 1047 1186 1085 caritas
1206 1060 1286 1085 non
1305 1048 1361 1085 vi-

1508 498 1531 522 2,
1551 492 1601 524 qu·
1622 499 1645 522 2,
1665 493 1696 516 ad
1717 499 1741 517 1.

1414 571 1522 620 quod
1551 571 1703 609 Christo
1730 573 1926 622 coniungit
1944 586 2014 623 per
2031 575 2200 623 gratiam,
2221 577 2374 615 roborat
2401 579 2474 628 spi-

1414 623 1587 661 ritualem
1608 624 1727 662 vitam
1747 626 1928 674 hominis,
1944 634 2129 676 tanquam
2149 628 2349 677 spiritualis
2368 631 2475 668 cibus

1413 684 1450 713 et
1468 676 1670 726 spiritualis
1689 678 1901 716 medicina:
1932 681 2148 717 secundum
2167 681 2259 718 illud
2278 683 2419 720 Psalmi
2437 684 2472 720 *z

1413 731 1527 766 Panis
1545 742 1612 767 cor
1629 732 1789 768 hominis
1816 734 2025 780 confirmat.
2055 734 2103 770 Et
2121 733 2356 782 Augustinus
2374 736 2473 783 dicit,

1411 795 1523 832 super
1554 785 1663 820 Ioan.
1688 783 1728 820 *:
1768 786 1927 822 Securus
1963 787 2118 823 accede:
2148 789 2260 836 panis
2297 794 2366 834 est,
2399 802 2473 826 non

1413 848 1608 874 venenum.

1467 888 1553 925 Alio
1588 890 1730 940 modo,
1760 889 1991 940 inquantum
2029 891 2181 939 signum
2209 900 2264 929 est
2290 893 2476 942 passionis

1416 941 1575 989 Christi,
1603 954 1674 991 per
1700 955 1820 992 quam
1845 943 1934 981 victi
1962 952 2050 981 sunt
2077 945 2306 982 daemones:
2334 947 2477 996 repellit

1415 995 1518 1031 enim
1538 993 1551 1017 δ
1580 1007 1740 1032 ornnem
1767 996 2007 1034 daemonum
2027 997 2368 1047 impugnationem.
2398 1000 2476 1037 Un-

1413 1048 1462 1085 de
1491 1049 1793 1098 Chrysostomus
1822 1049 1920 1096 dicit,
1948 1063 2060 1100 super
2086 1053 2194 1088 Ioan.
2214 1051 2254 1088 *z
2288 1053 2336 1090 Ut
2353 1053 2476 1090 leones

207 1055 223 1078 ε

53 1079 265 1151 ῗῖῗιῗῗῖἓῑζξ
293 1099 405 1137 detur
431 1111 678 1149 praeservare
707 1113 729 1138 a
755 1100 920 1150 peccatis
948 1101 1100 1138 futuris:
1131 1101 1222 1150 quia
1241 1103 1360 1139 semel
1403 1103 1607 1150 flammam
1626 1107 1638 1123 ⁶
1665 1104 1858 1152 spirantes,
1877 1105 1930 1140 sic
1949 1106 1996 1141 ab
2015 1104 2079 1141 illa
2097 1116 2226 1141 mensa
2245 1105 2475 1153 discedimus,

138 1109 210 1158 2«,-

129 1207 220 1258 352..

50 1425 63 1438 ¹
77 1423 144 1447 Vm.
158 1429 193 1454 ²3·

75 1631 144 1655 Van.
157 1637 195 1661 ⁵⁰·

223 1212 264 1237 ⁴¹¹¹·
291 1205 404 1243 Parte
421 1205 443 1228 *
470 1205 647 1243 habitum
666 1214 733 1243 est.
763 1207 865 1255 Ergo
884 1207 1037 1244 videtur
1063 1208 1171 1257 quod
1195 1220 1266 1244 nec
1285 1209 1360 1245 hoc
1385 1205 1388 1256 Ι

291 1266 575 1296 sacramentum
605 1268 824 1309 praeservet
856 1260 1058 1297 hominem
1086 1273 1108 1298 a
1135 1268 1304 1310 peccato.

349 1311 382 1349 3.
412 1313 650 1360 Pmmam,
680 1313 787 1361 origo
824 1313 969 1362 peccati
1001 1313 1041 1350 in
1075 1314 1187 1351 nobis
1215 1321 1271 1351 est
1297 1315 1361 1351 lex

286 1366 453 1415 peccata?
465 1378 562 1415 quae
587 1372 639 1403 est
657 1368 694 1403 in
714 1368 891 1403 membris
918 1369 1075 1404 nostris.-
1101 1374 1143 1404 ut
1161 1375 1264 1416 patet
1291 1379 1361 1416 per

291 1419 537 1468 Apostolum,
557 1420 669 1456 Rom.
690 1432 736 1456 vn
754 1419 785 1456 ³¹³.
811 1419 887 1456 Sed
907 1419 1091 1468 mitigatio
1119 1419 1271 1467 fomitis,
1292 1420 1360 1469 qui

291 1478 349 1508 est
366 1471 426 1508 lex
445 1471 602 1522 peccati,
622 1484 704 1509 non
722 1472 881 1522 ponitur
908 1473 1066 1510 effectus
1094 1472 1211 1510 huius
1236 1484 1359 1510 sacra-

291 1523 424 1571 menti,
453 1524 522 1562 sed
549 1524 670 1574 magis
698 1525 888 1574 baptismi.
927 1526 1029 1573 Ergo
1062 1537 1309 1575 praeservare
1338 1538 1360 1563 a

290 1577 456 1627 peccatis
476 1577 612 1615 futuris
631 1590 712 1615 non
731 1585 788 1615 est
806 1578 964 1615 effectus
984 1577 1100 1615 huius
1119 1578 1357 1615 sacramenti.

346 1630 421 1668 San
441 1642 586 1667 CONTRA
605 1642 671 1667 EST
689 1631 797 1679 quod
816 1630 1010 1668 Dominus
1030 1630 1131 1676 dicit,
1151 1632 1255 1668 Ioan.
1271 1630 1358 1668 ν1*;

290 1682 370 1720 Hic
388 1688 439 1719 est
459 1684 574 1733 panis
590 1683 637 1720 de
654 1684 758 1721 caelo
779 1683 1011 1730 descendens,
1032 1690 1082 1730 ut,
1101 1686 1134 1721 si
1152 1686 1230 1733 quis
1249 1696 1299 1721 ex
1316 1696 1359 1721 eo

290 1735 582 1782 manducaverit,
604 1748 679 1773 non
699 1738 884 1774 moriatur·
901 1735 927 1773 β.
957 1737 1076 1784 Quod
1098 1736 1258 1786 quidem
1277 1749 1359 1774 ma-

290 1787 471 1826 nifestum
508 1796 564 1826 est
599 1801 680 1826 non
721 1789 875 1838 intelligi
912 1790 960 1827 de
995 1797 1119 1827 morte
1157 1790 1358 1839 corporali.

290 1841 394 1891 Ergo
428 1841 646 1890 intelligitur
678 1843 787 1892 quod
821 1843 898 1880 hoc
934 1850 1219 1880 sacramentum
1251 1855 1360 1892 prae-

290 1902 417 1933 servet
435 1907 458 1932 a
476 1903 601 1933 morte
620 1895 816 1945 spirituali,
836 1908 937 1945 quae
957 1903 1012 1934 est
1028 1908 1101 1946 per
1118 1903 1321 1946 peccatum
1330 1902 1357 1933 Υ.

343 1948 569 1987 ΒΕεΡοΝοΕο
597 1960 779 1987 DICENDUM
807 1949 915 1998 quod
933 1957 1136 1999 peccatum
1164 1957 1220 1986 est
1242 1961 1359 1999 quae-

290 2000 383 2039 dam
410 2014 517 2039 mors
545 2002 748 2052 spiritualis
785 2002 949 2039 animae.
986 2002 1099 2040 Unde
1133 2003 1209 2040 hoc
1236 2003 1358 2039 modo

289 2063 559 2111 praeservatur
585 2054 722 2104 aliquis
750 2067 772 2092 a
798 2062 956 2105 peccato
985 2055 1126 2101 futuro,
1146 2068 1226 2105 quo
1250 2067 1358 2104 prae-

290 2115 466 2150 servatur
491 2120 633 2158 corpus
661 2121 684 2145 a
711 2115 836 2145 morte
872 2109 1011 2145 futura.
1050 2108 1170 2155 Quod
1198 2108 1358 2157 quidem

289 2158 334 2199 fit
360 2160 572 2212 dupliciter.
602 2162 690 2199 Uno
718 2161 852 2207 modo,
882 2160 1114 2210 inquantum
1133 2169 1270 2198 natura
1288 2162 1357 2198 ho-

290 2213 406 2252 minis
434 2213 591 2251 interius
618 2214 824 2251 roboratur
850 2221 983 2251 contra
1017 2213 1196 2251 interiora
1230 2226 1357 2251 corru-

289 2266 415 2318 ptiva:
446 2275 482 2305 et
509 2267 563 2305 sic
591 2275 859 2316 praeservatur
886 2279 908 2304 a
931 2275 1056 2304 morte
1075 2279 1145 2316 per
1171 2267 1303 2304 cibum
1322 2275 1359 2304 et

290 2320 536 2358 medicinam.
567 2320 653 2358 Alio
681 2321 820 2368 modo,
850 2332 920 2370 per
947 2321 1022 2357 hoc
1050 2321 1157 2370 quod
1186 2320 1359 2357 munitur

291 2381 424 2412 contra
451 2374 656 2412 exteriores
683 2373 1010 2424 impugnationes:
1045 2381 1082 2410 et
1109 2373 1162 2410 sic
1188 2385 1357 2423 praeser-

290 2434 404 2464 vatur
430 2439 501 2476 per
512 2426 647 2474 *arma,
676 2427 820 2478 quibus
847 2426 1023 2464 munitur
1050 2438 1203 2476 corpus.

344 2481 518 2529 Utroque
546 2488 678 2517 autem
705 2480 826 2517 modo
850 2480 926 2517 hoc
945 2487 1229 2517 sacramentum
1248 2491 1357 2528 prae—

292 2540 467 2570 servata
494 2541 663 2583 peccato.
697 2534 803 2570 Nam
830 2532 957 2583 primo
986 2532 1157 2582 quidem,
1186 2544 1256 2582 per
1282 2533 1358 2569 hoc

344 2645 373 2681 α)
391 2646 497 2672 cadent.
515 2661 535 2665 -
551 2646 636 2672 cad'ffs
654 2646 684 2677 E,
702 2647 819 2672 cadeunt
830 2647 859 2678 F,
873 2646 975 2672 cadunt
989 2647 1029 2671 Da
1042 2652 1067 2671 et
1081 2647 1155 2671 tertia
1173 2651 1275 2679 praeter
1287 2646 1296 2671 1
1310 2646 1355 2679 qui

290 2689 345 2708 om.
358 2685 483 2714 postea...
501 2682 551 2707 hoc
567 2685 774 2707 sacramentum.

345 2717 371 2752 β)
391 2721 428 2747 ut,
446 2718 496 2743 si...
517 2717 659 2743 moriatur.
681 2732 700 2736 -
723 2718 768 2749 P1;
791 2717 841 2743 si...
861 2718 994 2743 moriatur
1012 2718 1111 2748 ABCD,
1130 2717 1181 2742 si...
1200 2717 1308 2742 moritur
1326 2717 1356 2748 E,

290 2753 340 2779 si...
360 2753 491 2778 morletur
509 2752 555 2783 Fa.
575 2755 605 2778 ut
622 2753 672 2778 si...
691 2753 822 2778 morietur·
839 2753 928 2779 GHbc.

343 2788 372 2823 γ)
386 2796 439 2821 per
462 2792 611 2821 peccatum.
637 2803 657 2807 —
679 2795 731 2821 per
751 2789 809 2822 scm
829 2789 860 2819 E,
878 2791 1019 2821 peccatum
1040 2789 1062 2813 Η
1082 2794 1107 2813 et
1126 2788 1265 2818 editiones;
1289 2788 1357 2812 alias

290 2831 360 2857 quae
377 2827 418 2850 est
431 2831 484 2856 per
497 2827 638 2858 peccatum
659 2832 749 2857 margo
769 2824 798 2848 P.
1060 2827 1062 2829 '

133 1160 157 1184 ¹·
179 1145 222 1179 “³-
243 1161 265 1185 ³›
292 1151 422 1190 habita
439 1160 565 1202 potest
583 1153 704 1190 amitti
731 1165 802 1203 per
817 1161 1033 1203 peccatum,
1053 1162 1095 1191 ut
1123 1154 1162 1191 in
1182 1155 1361 1192 Secunda
1412 1155 1592 1192 terribiles
1619 1155 1741 1204 effecti
1766 1155 1925 1193 diabolo.

1466 1209 1524 1244 AD
1553 1220 1687 1246 PRIMUM
1715 1220 1813 1245 ERGO
1841 1221 2022 1246 DICENDUM
2050 1210 2157 1258 quod
2177 1210 2334 1247 effectus
2360 1211 2475 1248 huius

1413 1260 1639 1298 sacramenti
1676 1260 1855 1310 recipitur
1890 1261 1930 1298 in
1957 1262 2117 1299 homine
2154 1264 2369 1300 secundum
2406 1265 2475 1301 ho-

1413 1313 1528 1350 minis
1565 1314 1846 1351 conditionem:
1884 1314 1980 1352 sicut
2014 1315 2195 1363 contingit
2231 1316 2280 1353 de
2307 1316 2476 1365 qualibet

1413 1379 1529 1404 causa
1556 1367 1678 1404 activa
1706 1368 1814 1416 quod
1842 1367 1924 1404 eius
1953 1368 2109 1405 effectus
2137 1368 2316 1418 recipitur
2336 1369 2375 1405 in
2394 1382 2475 1407 ma-

1412 1420 1505 1457 teria
1533 1420 1750 1457 secundum
1778 1421 1943 1457 modum
1971 1420 2163 1458 materiae.
2193 1422 2325 1459 Homo
2345 1430 2474 1459 autem

1391 1497 1393 1499 -
1413 1472 1453 1509 in
1481 1480 1580 1509 statu
1598 1473 1683 1509 viae
1711 1480 1767 1510 est
1785 1473 1901 1509 huius
1921 1469 2149 1510 conditionis
2176 1475 2284 1523 quod
2311 1474 2475 1512 liberum

1413 1525 1612 1562 arbitrium
1641 1525 1722 1562 eius
1750 1533 1875 1574 potest
1902 1525 2002 1563 flecti
2029 1526 2068 1562 in
2096 1526 2246 1563 bonum
2274 1534 2311 1564 et
2337 1527 2376 1564 in
2395 1540 2475 1565 ma-

1413 1580 1507 1615 lum.
1537 1578 1660 1624 Unde,
1681 1577 1765 1614 licet
1792 1579 1868 1615 hoc
1887 1586 2183 1626 sacramentum,
2203 1587 2393 1628 quantum
2422 1588 2476 1617 est

1412 1631 1461 1668 de
1490 1643 1542 1678 se,
1563 1631 1702 1668 habeat
1720 1630 1899 1668 virtutem
1919 1632 2243 1680 praeservativam
2266 1644 2288 1669 a
2306 1640 2474 1681 peccato,

1413 1696 1493 1721 non
1512 1691 1643 1721 tamen
1662 1683 1782 1720 aufert
1801 1683 1950 1720 homini
1970 1684 2258 1732 possibilitatem
2278 1685 2473 1733 peccandi.

1466 1738 1523 1774 An
1543 1749 1732 1774 SECUNDUM
1746 1748 1927 1774 DICENDUM
1947 1737 2054 1786 quod
2069 1736 2183 1774 etiam
2198 1737 2341 1785 caritas,
2357 1750 2476 1788 quan-

1411 1797 1497 1827 tum
1525 1797 1580 1826 est
1607 1790 1656 1827 de
1684 1802 1744 1836 se,
1773 1797 1993 1838 praeservat
2020 1790 2222 1827 hominem
2250 1803 2272 1827 a
2298 1798 2474 1840 peccato:

1413 1843 1629 1880 secundum
1648 1843 1740 1879 illud
1759 1844 1869 1880 Rom.
1881 1842 1962 1880 xm<
1974 1843 2011 1880 *z
2041 1843 2197 1880 Dilectio
2210 1845 2381 1893 proximi
2396 1857 2475 1881 ma-

1412 1897 1490 1933 lum
1519 1909 1593 1933 non
1623 1901 1808 1946 operatur.
1839 1896 1916 1933 Sed
1944 1908 1990 1933 ex
2018 1896 2267 1934 mutabilitate
2294 1896 2401 1934 liberi
2420 1909 2474 1934 ar-

1412 1949 1511 1987 bitrii
1539 1948 1721 1998 contingit
1739 1949 1847 1998 quod
1870 1948 2005 1998 aliquis
2032 1957 2120 1998 post
2147 1949 2317 1986 habitam
2345 1950 2475 1987 carita-

1411 2010 1490 2039 tem
1518 2009 1669 2051 peccat:
1700 2001 1797 2039 sicut
1814 2009 1851 2038 et
1869 2010 1956 2051 post
1983 2002 2266 2052 susceptionem
2285 2002 2401 2039 huius
2420 2015 2475 2040 sa-

1414 2055 1608 2092 eramenti.

1466 2109 1523 2144 AD
1541 2119 1700 2145 TERTIUM
1719 2119 1901 2144 manDUM
1920 2107 2040 2156 quod,
2060 2107 2146 2144 licet
2164 2109 2240 2145 hoc
2259 2119 2474 2145 sacramen-

1412 2168 1496 2197 tum
1525 2172 1605 2197 non
1633 2159 1773 2197 directe
1801 2159 1999 2197 ordinetur
2027 2160 2075 2197 ad
2103 2160 2399 2198 diminutionem
2419 2161 2474 2198 fo—

1411 2213 1524 2260 mitis,
1544 2212 1723 2250 diminuit
1750 2220 1879 2250 tamen
1907 2212 2082 2250 fomitem
2110 2225 2156 2250 ex
2183 2214 2354 2262 quadam
2382 2225 2472 2251 con-

1412 2266 1621 2315 sequentia,
1641 2265 1872 2315 inquantum
1891 2273 2004 2314 auget
2021 2265 2235 2304 caritatem:
2256 2266 2357 2315 quia,
2378 2266 2473 2303 sicut

1410 2318 1647 2367 Augustinus
1682 2318 1780 2366 dicit,
1810 2318 1849 2355 in
1882 2318 1978 2355 libro
2010 2319 2319 2369 Octogintatrium
2353 2321 2472 2362 Quae-

1409 2374 1570 2409 stionum
1588 2371 1620 2418 ²¹⁸,
1649 2377 1892 2421 augmentum
1920 2373 2082 2409 caritatis
2109 2378 2160 2409 est
2187 2373 2378 2410 diminutio
2410 2385 2472 2410 cu-

1405 2425 1578 2475 piditatis.
1618 2424 1768 2461 Directe
1806 2432 1936 2462 autem
1970 2424 2174 2461 confirmat
2207 2437 2274 2462 cor
2305 2425 2472 2462 hominis

1410 2478 1450 2515 in
1478 2479 1595 2515 bono.
1630 2479 1704 2516 Per
1730 2478 1838 2526 quod
1867 2477 1981 2515 etiam
2008 2486 2274 2527 praeservatur
2301 2479 2422 2516 homo
2450 2491 2472 2516 a

1410 2539 1579 2581 peccato.

1461 2643 1487 2678 ὂ)
1505 2644 1585 2670 enim.
1602 2657 1622 2663 —-
1639 2644 1701 2669 Om.
1722 2644 1760 2669 ΡῙ.

1414 2692 1418 2694 ⁷
1461 2679 1485 2714 ε)
1497 2681 1648 2714 flammam.
1666 2693 1686 2698 -
1703 2679 1747 2704 DF
1766 2685 1792 2704 et
1810 2679 1897 2710 tertia;
1910 2680 2033 2714 flamma.

1463 2715 1488 2750 ζ)
1507 2716 1587 2740 Rom.
1613 2715 1691 2739 XIII.
1718 2729 1738 2733 -
1766 2715 1810 2746 P1;
1841 2715 1902 2740 Cor.
1929 2714 2005 2740 XIII
2029 2715 2070 2745 bc,
2100 2715 2116 2740 1
2140 2716 2200 2741 Cor.
2225 2715 2292 2740 VIII
2313 2716 2404 2748 ceteri,
2423 2724 2471 2749 pro

1411 2751 1428 2775 1
1445 2751 1507 2776 Cor.
1525 2751 1602 2776 XIII
1614 2755 1644 2775 ut
1661 2750 1770 2776 videtur.

1073 2952 1393 2995 ARTICULUS
1421 2951 1691 2995 SEPTIMUS

685 3046 844 3078 UTRUM
866 3046 961 3078 Hoc
986 3045 1320 3078 SACRAMENTUM
1343 3045 1498 3076 PROSIT
1520 3045 1630 3076 ALns
1653 3045 1781 3083 QUAM
1805 3044 2080 3076 SUMENTlssus

415 3128 508 3161 Supra,
527 3132 575 3153 art.
595 3127 624 3159 55
644 3135 689 3161 qu.
709 3134 811 3158 Lxxvm,
831 3131 878 3152 art.
899 3126 923 3158 3,
942 3127 974 3151 ad
993 3126 1024 3158 83
1044 3126 1078 3151 IV
1097 3127 1180 3156 Sem„
1200 3125 1258 3151 dist.
1277 3133 1320 3157 ¹11,
1340 3133 1384 3158 qu.
1402 3132 1430 3155 ιι,
1449 3130 1495 3150 un.
1515 3132 1538 3153 α,
1558 3125 1607 3158 qu·
1628 3132 1652 3155 2,
1670 3125 1702 3150 ad
1720 3132 1753 3156 4;
1772 3125 1830 3151 dist.
1848 3132 1904 3156 xm,
1923 3132 1968 3158 qu.
1986 3132 2013 3157 ιι,
2033 3130 2080 3151 art.
2100 3124 2124 3156 3,
2143 3125 2192 3158 qu·
2213 3132 2237 3156 1,
2256 3126 2288 3150 ad
2309 3125 2338 3156 3;

966 3162 996 3187 In
1017 3162 1099 3192 Ioan„
1119 3169 1175 3195 cap.
1193 3169 1228 3192 vs,
1247 3161 1304 3186 lect.
1323 3168 1364 3192 v¹;
1382 3161 1392 3185 1
1411 3160 1448 3185 ad
1469 3160 1539 3189 Cor„
1559 3168 1614 3193 cap.
1632 3167 1666 3189 ιι,
1685 3160 1743 3191 lect.
1763 3167 1798 3185 vr.

334 3263 390 3289 φα(
412 3267 480 3298 a«
502 3255 525 3280 1)
544 3255 724 3283 5ΕΡτιΜυΜ
743 3254 795 3280 alc
814 3254 1050 3280 PROCEDITUR.
1070 3241 1232 3279 Videtur
1247 3241 1354 3291 quod

345 3296 373 3327 ‘iv
426 3303 481 3358 3⁴
502 3296 580 3333 hoc
606 3302 892 3333 sacramentum
923 3307 1004 3332 non
1038 3294 1158 3344 prosit
1191 3293 1264 3331 nisi
1292 3306 1354 3331 su-

311 3352 348 3395 ’Ᾱ
371 3366 430 3395 νς
447 3342 474 3393 ἢ
488 3348 634 3386 menti.
650 3349 738 3386 Hoc
752 3348 857 3386 enim
871 3355 1155 3385 sacramentum
1170 3354 1225 3384 est
1239 3346 1355 3383 unius

308 3396 327 3431 ἕ
351 3378 446 3430 ’ἓ-Ύ.»
463 3396 650 3446 ᾪεηεῑίε
684 3414 774 3439 cum
811 3401 892 3439 aliis
927 3400 1192 3446 sacramentis,
1221 3406 1354 3449 utpote

291 3453 373 3490 aliis
401 3455 658 3492 condivisum.
689 3455 767 3492 Sed
794 3454 867 3492 alia
894 3461 1132 3491 sacramenta
1160 3464 1239 3490 non
1267 3463 1355 3501 pro-

432 3525 544 3551 Suu-u
561 3526 664 3552 Tmou.
679 3526 710 3551 D.
729 3525 845 3551 Tnouz
864 3525 896 3551 Τ.
912 3525 954 3550 ΙΧ.

1408 3247 1497 3277 sunt
1515 3239 1586 3277 nisi
1606 3239 1861 3278 sumentibus:
1883 3239 1980 3277 sicut
1997 3240 2178 3278 effectum
2192 3240 2371 3291 baptismi
2389 3251 2469 3277 non

1408 3292 1564 3343 suscipit
1591 3292 1662 3330 nisi
1685 3292 1910 3342 baptizatus.
1940 3293 2042 3341 Ergo
2070 3305 2142 3330 nec
2160 3294 2236 3330 hoc
2255 3304 2468 3331 sacramen-

1407 3354 1492 3384 tum
1518 3346 1676 3396 prodest
1702 3345 1783 3383 aliis
1810 3345 1882 3383 nisi
1910 3345 2086 3383 sumenti.

1463 3411 1497 3436 2.
1533 3400 1770 3446 PRAETEREA,
1807 3399 1965 3437 effectus
1999 3398 2116 3437 huius
2152 3398 2377 3437 sacramenti
2414 3406 2469 3435 est

1408 3451 1560 3501 adeptio
1588 3451 1728 3499 gratiae
1756 3459 1793 3489 et
1820 3451 1972 3500 gloriae,
1993 3459 2029 3489 et
2052 3451 2224 3489 remissio
2252 3453 2398 3501 culpae,
2419 3451 2468 3488 ad

2293 3529 2324 3554 29

2502 689 2512 698 ·
2520 687 2557 708 Ps.
2564 693 2608 714 eiu,
2614 693 2674 710 vers.
2682 695 2712 717 ¹5.

2503 796 2512 805 ·
2531 795 2607 816 Tract.
2628 795 2712 823 XXVI,

2503 827 2565 842 num.
2582 829 2613 843 ιι.

2599 1002 2613 1026 δ

2505 1062 2514 1069 ·
2528 1057 2615 1079 Homil.
2632 1057 2715 1085 XLVI,

2503 1085 2532 1106 al.
2547 1083 2617 1111 XLV,
2632 1090 2655 1106 n.
2670 1090 2690 1113 3.

2600 1120 2612 1136 ε

2503 1888 2513 1898 ”
2527 1887 2594 1909 Vets.
2611 1893 2645 1909 ιο.

2500 2381 2510 2391 ·
2526 2379 2573 2406 Qu.
2588 2384 2666 2400 xxxvt-
