2878 4088
185 261 195 271 ⁸
213 259 248 280 De
270 257 368 279 Contrit.

185 284 265 310 Cord„
276 290 325 312 cap.
334 291 370 305 x.-

184 312 227 333 Int.
237 311 298 339 Opp.
307 311 368 337 Aug.

189 1053 198 1062 “
213 1050 279 1072 Vers.
297 1057 315 1072 ι.

189 1563 198 1571 ·
209 1562 264 1588 Arg.
280 1559 328 1582 Sed
342 1566 396 1581 con-

189 1589 234 1608 tra.

189 1892 198 1901 ·
215 1890 233 1912 E
252 1906 258 1912 .
274 1889 354 1916 cvm,
370 1890 400 1911 ai.

189 1916 401 1971 {ffugifflvssiyfd

193 2427 203 2437 ·
219 2425 283 2447 Vers.
299 2431 319 2447 2.

424 175 445 211 8
743 175 1006 222 QUAESTIO
1035 175 1092 221 111,
1115 172 1407 211 ARTICULUS
1436 172 1481 207 ΙΙΙ
1513 192 1534 196 -
1564 170 1828 216 QUAESTIO
1858 171 1919 216 IV,
1941 170 2233 207 ARTICULUS
2261 171 2275 206 Ι

424 258 494 290 tur;
517 259 547 283 et
570 255 767 294 Augustinus
791 253 866 284 dicit
881 255 897 270 *
920 263 953 284 se
976 263 1043 284 esse
1066 253 1200 294 dignum
1225 251 1336 282 oculos
1355 257 1487 279 caecare
1542 248 1672 288 quidem
1704 249 1852 278 contritio
1876 247 1927 277 vel
1958 257 1995 277 ex
2025 247 2225 287 singulorum
2253 247 2506 278 consideratione
2529 257 2604 288 pec-

418 298 594 337 plorando.
619 298 703 338 Ergo
721 298 813 329 dolor
837 298 1035 328 contritionis
1050 307 1117 327 non
1141 301 1245 336 potest
1268 304 1335 325 esse
1358 293 1485 323 nimius.
1543 298 1687 322 catorum
1718 291 1878 331 procedit:
1912 297 1943 322 et
1974 292 2035 327 sic,
2067 292 2213 330 quamvis
2243 292 2282 321 sit
2311 297 2399 322 actus
2429 301 2530 327 unus,
2558 297 2604 322 ta-

482 351 510 372 2.
535 342 731 378 PRAnrnRssA,
748 342 840 373 dolor
856 342 1054 372 contritionis
1079 350 1116 371 ex
1132 349 1240 370 amore
1257 338 1390 368 caritatis
1412 345 1487 376 pro·
1542 345 1616 365 rnen
1642 335 1802 366 distinctio
1826 341 2033 375 peccatorum
2056 336 2171 365 virtute
2194 341 2303 366 manet
2324 337 2358 366 in
2381 337 2462 376 ipso.
2482 336 2542 366 Vel
2565 335 2605 366 ad

425 385 517 416 cedit.
543 386 605 417 Sed
621 396 711 417 amor
726 387 860 417 caritatis
884 396 951 416 non
967 391 1071 426 potest
1088 394 1154 414 esse
1174 383 1300 414 nimius.
1325 381 1410 419 Ergo
1427 388 1486 409 nec
1542 380 1648 409 minus
1671 380 1766 410 habet
1793 381 1997 420 propositum
2021 379 2060 410 de
2083 379 2214 419 singulis
2243 379 2402 419 cogitandi
2433 389 2603 410 annexum.

425 429 518 460 dolor
542 431 751 461 contritionis,
1509 433 1518 453 ς
1542 423 1583 453 Et
1605 424 1649 453 sic
1674 424 1769 454 etiam
1792 424 1992 454 habitualiter
2017 429 2063 453 est
2086 424 2185 463 magis
2209 422 2248 453 de
2270 433 2336 453 uno
2361 432 2458 463 quam
2474 423 2513 454 de
2530 424 2603 454 alio.

480 474 542 505 San
567 484 699 511 CONTRA,
720 475 825 505 omnis
847 475 945 504 virtus
968 473 1095 503 moralis
1120 470 1333 509 corrumpitur
1356 477 1412 507 per
1435 476 1487 496 su·
1597 468 1648 497 An
1672 478 1788 497 ramum
1816 477 1899 498 enno
1927 477 2086 497 monimum
2116 466 2206 507 quod
2235 467 2334 497 Paula
2362 476 2431 498 non
2459 467 2605 498 laudatur

425 518 708 558 perabundantiam
732 525 763 549 et
786 518 956 549 defectum.
981 516 1043 546 Sed
1067 515 1215 545 contritio
1246 518 1292 543 est
1316 517 1403 542 actus
1426 511 1488 540 vir·
1543 510 1582 541 de
1604 512 1668 542 hoc
1692 511 1781 551 quod
1797 511 1836 542 de
1853 512 2003 542 omnibus
2026 512 2165 552 peccatis
2189 511 2311 542 doleret
2333 511 2521 551 aequaliter:
2550 511 2606 542 sed

425 563 500 593 tutis
523 563 661 599 moralis,
679 563 798 594 scilicet
821 561 1052 602 poenitentiae:
1087 567 1162 588 cum
1185 558 1224 587 sit
1246 566 1317 596 pars
1340 555 1486 585 iustitiae.
1543 556 1618 595 quia
1634 555 1673 586 de
1689 557 1793 596 parvis
1817 557 1954 596 peccatis
1977 561 2102 586 tantum
2123 555 2252 586 dolebat
2266 565 2303 586 ac
2318 555 2344 585 si
2361 561 2465 586 essent
2479 565 2604 596 magna,

425 606 510 647 Ergo
534 613 639 647 potest
662 617 729 637 esse
753 605 931 647 superfluus
955 604 1047 634 dolor
1071 602 1109 632 de
1133 602 1280 641 peccatis.
1541 609 1599 639 per
1623 601 1898 640 comparationem
1921 600 1960 630 ad
1983 600 2062 630 alios
2086 600 2142 639 qui
2165 599 2205 630 de
2229 600 2366 639 peccatis
2394 599 2514 630 dolent.
2543 599 2606 631 Sed

480 652 668 682 Rsspomo
693 660 851 681 memnon
882 648 970 688 quod
1001 646 1149 677 contritio
1183 654 1220 675 ex
1250 649 1338 684 parte
1369 643 1488 673 doloris
1504 652 1528 666 ¹⁰
1542 645 1610 683 ipsa
1632 644 1736 674 multo
1760 644 1897 684 amplius
1921 644 1960 675 de
1983 644 2157 674 maioribus
2180 643 2343 674 doluisset.

427 696 482 735 qui
507 701 552 725 est
575 696 607 725 in
623 696 755 730 ratione,
772 695 890 724 scilicet
907 691 1133 731 displicentiae,
1151 699 1217 729 quo
1233 693 1402 729 peccatum
1426 686 1488 717 dis·
1596 688 1647 718 AD
1671 698 1833 719 Sit-cunnum
1857 698 2016 719 memnon
2040 687 2128 728 quod
2151 688 2184 718 in
2207 688 2263 718 illo
2287 688 2487 718 contritionis
2514 693 2607 718 motu

425 739 522 779 plicet
545 741 735 779 inquantum
760 743 805 768 est
829 736 949 766 offensa
968 736 1038 770 Dei,
1059 743 1126 764 non
1149 738 1255 773 potest
1279 742 1346 763 esse
1369 732 1486 762 nimia:
1542 733 1726 769 subitaneo,
1759 733 1905 773 quamvis
1934 742 2002 763 non
2033 732 2196 762 actualiter
2226 731 2386 762 distinctio
2418 733 2607 762 intensionis

426 784 508 813 sicut
531 793 590 813 nec
614 793 703 813 amor
727 782 870 816 caritatis,
888 789 953 820 quo
977 780 1104 809 intenso
1127 778 1196 808 talis
1220 777 1418 817 displicentia
1440 777 1488 806 in·
1542 777 1739 817 respondens
1763 777 1892 807 diversis
1916 777 2054 817 peccatis
2076 777 2211 806 inveniri
2238 781 2363 816 posset,
2387 781 2495 807 tamen
2519 777 2608 807 inve-

426 827 574 862 tenditur,
591 837 657 857 non
681 831 785 866 potest
809 834 875 854 esse
899 824 1027 853 nimius.
1063 822 1126 853 Sed
1153 827 1310 862 quantum
1334 820 1374 851 ad
1397 820 1488 850 dolo·
1542 822 1628 851 nitur
1643 822 1687 851 ibi
1710 831 1749 852 eo
1765 821 1866 852 modo
1890 822 1972 852 sicut
1995 821 2116 852 dictum
2133 826 2180 851 est
2195 821 2221 851 ἦ
2246 820 2287 850 Et
2303 821 2398 851 etiam
2417 820 2480 851 alio
2496 820 2607 857 modo,

426 881 493 902 rem
517 871 696 901 sensibilem
713 875 817 909 potest
833 878 900 898 esse
916 868 1030 898 nimia:
1056 867 1138 897 sicut
1154 867 1248 896 etiam
1266 866 1402 896 exterior
1418 874 1488 895 cor·
1504 877 1526 896 ις
1543 865 1722 896 secundum
1745 865 1834 906 quod
1857 866 1981 906 singula
2003 870 2135 906 peccata
2158 865 2304 895 ordinem
2327 865 2446 895 habent
2468 865 2508 895 ad
2528 865 2609 895 illud

426 916 512 955 poris
537 915 663 944 afflictio
687 918 793 953 potest
824 922 890 942 esse
921 912 1029 942 nimia.
1064 911 1100 941 In
1123 911 1172 941 his
1200 916 1307 940 autem
1338 910 1488 939 omnibus
1544 909 1583 940 de
1616 919 1682 950 quo
1715 911 1749 940 in
1781 910 1833 940 illa
1867 910 2059 940 contritione
2089 910 2228 950 generali
2262 910 2399 939 contrito
2432 908 2608 940 dolendum

427 959 520 989 debet
543 959 643 998 accipi
665 967 723 997 pro
754 966 903 987 mensura
926 956 1124 986 conservatio
1149 955 1299 990 subiecti,
1331 959 1362 984 et
1384 954 1489 983 bonae
1545 955 1698 990 occurrit,
1730 955 1850 985 scilicet
1880 954 2001 984 offensa
2029 954 2099 984 Dei.
2130 954 2197 991 Qui
2225 954 2311 984 enim
2342 953 2473 994 aliquod
2502 959 2608 984 totum

426 1002 616 1033 habitudinis
640 1001 823 1031 sufficientis
847 1000 886 1030 ad
910 1010 946 1030 ea
970 1009 1052 1040 quae
1076 999 1198 1039 agenda
1220 998 1421 1028 incumbunt.
1449 998 1490 1027 Et
1545 997 1660 1038 diligit,
1690 999 1834 1038 potentia
1865 998 1966 1038 diligit
1996 999 2091 1029 etiam
2120 1003 2224 1038 partes
2254 998 2339 1034 eius,
2364 998 2511 1038 quamvis
2540 1007 2608 1029 non

425 1052 555 1086 propter
588 1047 651 1076 hoc
675 1045 802 1081 dicitur,
825 1045 918 1075 Rom.
942 1054 984 1074 xn
1000 1045 1033 1073 *:
1066 1043 1272 1074 Rationabile
1306 1042 1489 1082 obsequium
1545 1047 1636 1072 actu:
1663 1049 1694 1073 et
1715 1043 1779 1073 hoc
1802 1042 1919 1078 modo,
1944 1042 2122 1073 secundum
2147 1042 2236 1082 quod
2258 1043 2378 1072 habent
2400 1041 2547 1073 ordinem
2569 1042 2609 1074 ad

426 1096 573 1121 vestrum.
1505 1098 1531 1112 zo
1545 1091 1661 1122 totum,
1679 1086 1832 1126 quasdam
1856 1087 1939 1126 plus,
1957 1086 2111 1127 quasdam
2133 1087 2259 1123 minus;
2283 1087 2366 1116 sicut
2389 1087 2446 1126 qui
2468 1087 2609 1127 aliquam

480 1135 530 1164 An
554 1143 670 1163 pannum
692 1143 775 1164 nano
799 1142 958 1163 memnon
987 1132 1076 1172 quod
1099 1131 1270 1162 Anselmus
1295 1129 1489 1161 desiderabat
1545 1131 1811 1161 communitatem
1835 1130 1945 1171 diligit,
1969 1131 2084 1161 virtute
2111 1131 2254 1171 singulos
2277 1130 2378 1170 diligit
2399 1130 2472 1170 plus
2496 1136 2527 1161 et
2549 1132 2609 1161 mi-

426 1189 463 1208 ex
486 1177 681 1218 pinguedine
712 1178 892 1208 devotionis
922 1176 1078 1207 medullas
1111 1176 1293 1216 corporales
1324 1174 1488 1209 exsiccari,
1544 1184 1605 1204 nus
1629 1174 1808 1205 secundum
1831 1184 1945 1205 eorum
1969 1174 2116 1205 ordinem
2139 1175 2172 1205 in
2195 1175 2284 1205 bono
2308 1175 2485 1205 communi.
2510 1175 2551 1205 Et
2569 1176 2610 1205 si-

425 1232 492 1253 non
521 1227 679 1261 quantum
703 1222 742 1252 ad
765 1222 936 1252 humorem
966 1220 1160 1256 naturalem,
1185 1219 1240 1250 sed
1270 1224 1427 1259 quantum
1451 1218 1490 1248 ad
1544 1219 1660 1249 militer
1684 1219 1740 1259 qui
1764 1219 1852 1249 dolet
1875 1218 1914 1249 de
1937 1219 2001 1249 hoc
2025 1218 2115 1259 quod
2133 1219 2241 1249 Deum
2265 1217 2408 1254 offendit,
2425 1218 2465 1248 de
2481 1218 2611 1249 diversis

426 1266 579 1297 desideria
604 1272 634 1296 et
658 1266 934 1306 concupiscentias
959 1265 1150 1305 corporaleS.
1544 1263 1698 1303 implicite
1722 1263 1809 1293 dolet
1832 1262 2054 1299 diversimode,
2079 1262 2258 1293 secundum
2281 1261 2370 1302 quod
2392 1262 2465 1303 plus
2480 1262 2531 1293 vel
2550 1263 2611 1293 mi-

479 1311 678 1350 Augustinus
711 1316 836 1347 autem,
871 1310 1016 1350 quamvis
1050 1309 1183 1349 dignum
1216 1318 1248 1339 se
1282 1312 1491 1348 cognosceret
1505 1318 1527 1338 ²5
1543 1317 1605 1337 nus
1628 1316 1685 1347 per
1708 1317 1745 1338 ea
1768 1307 1876 1338 Deum
1893 1306 2042 1340 offendit.

426 1355 596 1385 amissione
627 1356 819 1386 exteriorum
851 1355 1021 1385 oculorum
1049 1359 1180 1394 propter
1203 1358 1390 1393 peccatum,
1415 1352 1490 1391 quia
1599 1351 1650 1381 At>
1674 1361 1808 1382 TER-num
1832 1362 1991 1382 mcunmm
2015 1351 2114 1392 quod,
2140 1351 2286 1391 quamvis
2309 1350 2477 1391 quodlibet
2498 1359 2612 1391 pecca·

426 1399 559 1439 quilibet
582 1405 732 1439 peccator
755 1409 822 1429 non
845 1399 951 1429 solum
976 1404 1112 1434 aeterna,
1130 1397 1185 1428 sed
1202 1398 1298 1428 etiarn
1320 1396 1490 1436 temporali
1544 1401 1613 1426 tum
1638 1396 1773 1426 mortale
1789 1406 1807 1426 a
1822 1396 1894 1426 Deo
1917 1401 2035 1426 avertat
2058 1401 2089 1426 et
2111 1396 2243 1436 gratiam
2265 1396 2366 1432 tollat,
2382 1400 2490 1426 tamen
2507 1395 2611 1435 quod-

425 1448 528 1473 morte
553 1443 667 1483 dignus
691 1449 756 1480 est;
780 1453 848 1474 non
871 1449 979 1473 tamen
994 1443 1123 1473 volebat
1138 1443 1198 1472 sibi
1213 1441 1327 1472 oculos
1351 1450 1488 1471 caecare.
1545 1439 1618 1470 darn
1642 1440 1715 1480 plus
1739 1440 1867 1480 elongat
1890 1449 1988 1480 quarn
2012 1439 2108 1476 aliud,
2124 1441 2318 1480 inquantum
2340 1439 2436 1470 habet
2455 1440 2611 1470 maiorem

480 1487 530 1517 An
554 1498 716 1518 SECUNDUM
739 1498 899 1518 mmmmm
923 1487 1013 1528 quod
1036 1487 1115 1517 ratio
1139 1486 1192 1517 illa
1214 1485 1361 1526 procedit
1377 1484 1416 1515 de
1432 1484 1485 1515 do·
1545 1483 1774 1515 dissonantiam
1798 1494 1836 1515 ex
1859 1494 1915 1515 sua
1934 1484 2171 1515 inordinatione
2187 1484 2226 1515 ad
2243 1483 2389 1515 ordinem
2413 1483 2538 1514 divinae
2553 1484 2612 1514 bo-

425 1532 493 1562 lore
517 1533 572 1571 qui
597 1537 643 1562 est
665 1533 699 1562 in
722 1533 854 1562 ratione.
1506 1539 1531 1558 30
1545 1529 1650 1559 nitatis
1674 1538 1772 1569 quam
1796 1529 1892 1559 aliud.

480 1576 588 1606 Tertia
612 1582 719 1607 autem
735 1578 751 1594 ὓ
775 1576 920 1616 procedit
944 1576 983 1607 de
1007 1575 1119 1606 dolore
1142 1576 1310 1605 sensitivae
1333 1575 1438 1614 partis.

1805 1610 2089 1655 QUAESTIO
2119 1610 2352 1654 QUARTA

562 1646 661 1677 ART.
687 1646 738 1676 III.
762 1656 867 1676 UTRUM
890 1656 1010 1676 DEBEAT
1034 1656 1103 1676 assa
1127 1655 1225 1675 MAioa
1248 1654 1355 1675 DOLOR
2284 1682 2288 1686 ῃ

679 1701 720 1720 DE
743 1701 806 1721 uuo
830 1700 969 1720 moeno
995 1700 1081 1720 QUAM
1104 1700 1144 1720 DE
1168 1699 1240 1719 Anio
1831 1686 1875 1711 DE
1894 1686 2061 1711 TEMPORE
2080 1686 2325 1712 CONTRITIONIS

792 1750 862 1776 Infra,
878 1756 917 1777 qu.
933 1757 954 1777 v,
970 1753 1012 1772 art.
1026 1756 1047 1778 3,
1062 1749 1091 1771 ad
1105 1755 1125 1771 2.

1508 1760 1530 1781 ³⁵
1609 1769 1701 1789 amna
1725 1758 1993 1789 considerandum
2013 1763 2059 1788 est
2079 1758 2118 1789 de
2133 1764 2280 1799 tempore
2304 1759 2505 1790 contritionis
2521 1760 2547 1790 *.

429 1807 511 1870 An
535 1806 669 1826 mnrium
692 1806 737 1826 src
767 1806 971 1826 PROCEDITUR.
995 1795 1130 1826 Videtur
1159 1794 1249 1835 quod
1280 1804 1347 1825 non
1378 1793 1492 1824 debeat
1551 1771 1703 1834 DCirca
1726 1803 1816 1843 quod
1838 1803 1896 1833 tria
1920 1808 2127 1843 quaeruntur·

462 1886 467 1891 ·
492 1851 559 1871 <³⁵⁵0
601 1841 704 1871 maior
721 1885 727 1891 ·
744 1840 837 1871 d010f
869 1840 909 1871 de
941 1850 1008 1870 ⁰¹10
1042 1845 1179 1889 peccato·
1212 1848 1310 1878 quam
1347 1838 1386 1868 de
1418 1838 1491 1889 aliq·
1601 1848 1728 1878 Primo:
1753 1853 1861 1878 utrum
1884 1852 1952 1877 tota
1970 1847 2034 1877 vita
2057 1848 2135 1878 haec
2151 1848 2190 1877 sit
2206 1847 2407 1878 contritionis
2430 1853 2567 1887 tempus.

427 1886 646 1936 Hffel'OUYmUS
678 1894 764 1936 emm
780 1886 796 1901 ⁴⁵
821 1884 981 1915 COUflUdat
1010 1884 1143 1915 Panlam
1171 1893 1204 1913 ¹¹¹
1227 1883 1291 1913 hOC
1322 1883 1412 1923 qUOd
1434 1892 1492 1934 ηιξ·
1602 1891 1772 1923 Secundo:
1796 1897 1904 1922 utrum
1929 1890 2076 1932 expediat
2099 1892 2252 1922 continue
2276 1891 2316 1922 de
2339 1897 2473 1931 peccato
2493 1891 2612 1922 dolere.

428 1939 515 1960 mma
533 1935 669 1970 peccata
691 1934 775 1960 ⁸¹⁶1st
796 1939 919 1970 magna
936 1929 1125 1970 plangebat·
1146 1929 1232 1968 Ergo
1248 1937 1315 1958 1¹0⁰
1332 1933 1378 1958 est
1393 1936 1493 1967 m³g¹⁵
1602 1936 1733 1967 Tertio:
1757 1941 1866 1966 utrum
1900 1940 1974 1975 post
2006 1936 2089 1965 hanc
2121 1936 2219 1966 vitam
2251 1936 2376 1966 animae
2407 1935 2446 1966 de
2475 1936 2614 1976 peccatis

428 1974 605 2004 dolendum
628 1973 667 2004 de
690 1984 758 2004 uno
783 1983 880 2014 quarn
904 1973 944 2004 de
967 1973 1040 2004 alio.
1507 1985 1534 2005 40
1637 1986 1851 2011 00nterantur,

484 2028 513 2048 2.
537 2019 733 2055 PRAETEREA,
757 2023 866 2048 motus
890 2018 1090 2048 contritionis
1114 2022 1160 2047 est
1183 2017 1316 2047 subitus.
1341 2016 1404 2047 Sed
1426 2025 1493 2046 non

427 2068 533 2103 potest
554 2072 622 2093 esse
640 2072 724 2093 unus
747 2068 856 2093 motus
879 2063 1033 2092 intensior
1056 2061 1151 2092 simul
1167 2067 1198 2091 et
1213 2061 1383 2092 remissior.
1407 2060 1492 2099 Ergo
1791 2061 1890 2092 ART.
1915 2061 1938 2091 Ι.
1963 2071 2067 2091 urium
2091 2071 2173 2091 TOTA
2196 2067 2278 2091 nanc
2300 2071 2373 2092 vrrA

429 2108 577 2137 contritio
608 2117 676 2137 non
706 2106 800 2137 debet
832 2117 900 2137 esse
932 2107 1034 2137 maior
1064 2106 1104 2137 de
1135 2115 1202 2136 uno
1234 2115 1331 2146 quarn
1361 2104 1400 2135 de
1430 2104 1493 2134 alio
1868 2115 1914 2136 srr
1938 2115 2155 2136 conrmrxoms
2178 2115 2294 2136 'murus

428 2157 571 2191 Peccato-
1894 2166 1955 2187 Part.
1971 2164 2011 2191 111,
2027 2170 2065 2192 qu.
2080 2170 2172 2191 cxxxiv,
2187 2168 2230 2186 art.
2245 2164 2267 2186 8.

486 2196 515 2226 3.
540 2196 741 2232 PRAETEREA,
766 2195 805 2226 de
829 2201 962 2235 peccato
994 2196 1166 2235 praecipue
1197 2200 1243 2225 est
1273 2194 1422 2224 contritio
1446 2203 1494 2223 se·
1509 2210 1531 2230 ⁴5

430 2240 573 2271 cundum
597 2240 686 2280 quod
702 2250 720 2270 a
736 2240 806 2270 Deo
831 2241 952 2270 avertit.
977 2239 1040 2270 Sed
1055 2240 1088 2270 in
1105 2240 1270 2270 aversione
1294 2239 1403 2269 omnia
1419 2247 1491 2278 pec·
1613 2248 1633 2268 n
1658 2247 1774 2268 PRIMUM
1798 2247 1844 2268 src
1867 2246 2070 2267 pnocnmrtm.
2094 2235 2230 2267 Videtur
2249 2236 2339 2276 quod
2360 2246 2428 2267 non
2452 2243 2520 2268 tota
2535 2238 2615 2269 haec

431 2290 500 2314 cata
529 2285 674 2314 mortalia
704 2285 920 2314 conveniunt:
955 2285 1030 2324 quia
1060 2284 1169 2314 omnia
1198 2283 1317 2313 tollunt
1345 2283 1493 2322 gratiam,
1550 2249 1677 2312 Avita
1707 2283 1746 2312 sit
1775 2282 1976 2312 contritionis
2006 2286 2143 2321 tempus.
2178 2281 2268 2311 Sicut
2298 2281 2386 2311 enim
2416 2281 2456 2311 de
2479 2287 2614 2322 peccato

432 2338 495 2369 qua
518 2330 623 2359 anima
653 2329 724 2358 Deo
756 2329 971 2368 coniungitur.
1002 2329 1087 2368 Ergo
1111 2327 1151 2358 de
1175 2328 1326 2358 omnibus
1357 2327 1495 2367 peccatis
1550 2327 1724 2357 commisso
1755 2325 1850 2356 debet
1880 2335 1948 2356 esse
1977 2325 2086 2361 dolor,
2110 2326 2153 2355 ita
2177 2331 2208 2355 et
2231 2325 2347 2365 pudor.
2379 2325 2442 2356 Sed
2468 2335 2536 2356 non
2558 2336 2616 2367 per

431 2373 618 2404 mortalibus
642 2373 782 2412 aequalis
806 2372 900 2403 debet
924 2382 991 2403 esse
1015 2373 1175 2403 contritio.
1549 2376 1650 2401 totam
1680 2371 1778 2401 vitam
1808 2370 1899 2400 durat
1929 2369 2035 2409 pudor
2063 2369 2102 2399 de
2125 2374 2278 2409 peccato:
2313 2370 2404 2410 quia,
2429 2370 2510 2400 sicut
2540 2370 2617 2402 dicit

488 2417 549 2447 San
574 2427 707 2453 CONTRA,
723 2417 819 2447 Deut.
836 2427 896 2447 xxv
911 2418 927 2434 ³*
952 2416 1081 2447 dicitur:
1107 2416 1289 2447 Secundum
1312 2425 1496 2447 mensuram
1511 2430 1536 2450 50
1550 2415 1739 2445 Ambrosius
1755 2416 1781 2450 ἢ
1807 2424 1871 2445 ηοη
1894 2414 1988 2444 habet
2010 2413 2096 2454 quod
2118 2414 2285 2444 erubescat
2306 2414 2362 2445 cui
2375 2419 2545 2455 peccatum
2567 2414 2616 2446 du·-
2643 2421 2654 2432 ·

426 2462 553 2502 peccati
576 2462 637 2491 erit
652 2466 692 2491 ,εἰ
707 2462 886 2502 plagarum
910 2461 1032 2491 modus.
1064 2461 1127 2491 Sed
1151 2461 1335 2491 contritioni
1358 2459 1398 2490 de
1420 2469 1495 2499 pec·
1551 2460 1681 2490 missum
1709 2464 1764 2490 est.
1795 2459 1880 2499 Ergo
1909 2457 2034 2488 videtur
2064 2457 2153 2498 quod
2181 2468 2241 2488 nec
2270 2458 2434 2495 contritio,
2463 2468 2546 2499 quae
2569 2464 2617 2491 est

433 2506 510 2537 catis
525 2506 636 2546 plagae
660 2511 976 2536 commensurantur:
1002 2506 1077 2545 quia
1101 2506 1250 2535 contritio
1266 2505 1361 2535 habet
1376 2513 1496 2544 propo·
1551 2503 1643 2534 dolor
1666 2503 1706 2534 de
1729 2509 1873 2543 peccato.
2353 2520 2358 2522 -

433 2551 530 2581 situm
553 2549 763 2580 satisfaciendi
793 2559 963 2580 annexum.
996 2550 1082 2589 Ergo
1106 2550 1255 2580 contritio
1279 2549 1379 2589 magis
1403 2547 1497 2578 debet
1607 2557 1636 2578 2.
1661 2548 1856 2584 Palmum,
1874 2547 2037 2577 IIoan.1v
2054 2548 2070 2563 ⁴*
2094 2546 2208 2577 dicitur
2223 2546 2313 2587 quod
2323 2547 2472 2595 perfecta
2495 2547 2617 2579 caritas

434 2604 502 2625 esse
526 2594 565 2624 de
588 2604 655 2624 uno
679 2599 812 2634 peccato
837 2603 934 2634 quam
958 2593 997 2624 de
1021 2594 1094 2624 alio.
1541 2593 1645 2634 foras
1667 2593 1763 2623 mittit
1785 2592 1942 2627 timorem,
1959 2591 2035 2632 quia
2052 2591 2150 2621 timor
2161 2600 2303 2631 poenam
2318 2591 2421 2622 habet.
2445 2591 2508 2623 Sed
2524 2591 2619 2624 dolor

490 2648 519 2668 2.
543 2639 739 2673 Pani-mum,
757 2638 796 2668 de
811 2639 875 2668 hoc
891 2638 984 2668 debet
1004 2639 1105 2668 horno
1129 2638 1251 2668 conteri
1276 2637 1365 2678 quod
1388 2636 1498 2667 debuit
1513 2650 1535 2670 ςς
1552 2637 1647 2667 etiam
1670 2646 1810 2677 poenam
1833 2637 1937 2666 habet.
1963 2636 2048 2676 Ergo
2063 2636 2097 2665 in
2113 2641 2195 2665 statu
2215 2635 2375 2676 perfectae
2399 2637 2534 2667 caritatis
2549 2645 2618 2668 non

433 2683 540 2713 vitare.
574 2682 637 2713 Sed
667 2683 768 2713 homo
799 2682 909 2713 debuit
938 2683 1038 2722 magis
1068 2683 1165 2712 vitare
1195 2692 1298 2712 unum
1328 2687 1497 2722 peccatum
1551 2686 1658 2721 potest
1681 2681 1775 2711 dolor
1798 2681 1998 2711 contritionis
2021 2689 2162 2710 rnanere.

434 2736 532 2767 quam
551 2726 638 2758 aliud
658 2728 733 2767 quia
754 2728 879 2767 gravius
895 2732 951 2762 est,
968 2727 994 2757 si
1009 2727 1179 2757 necessitas
1203 2726 1337 2757 alterum
1361 2725 1498 2756 faciendi
1609 2726 1638 2756 3.
1653 2720 1858 2761 'Puera-nna,
1876 2724 1915 2755 de
1935 2725 2105 2764 praeterito
2129 2734 2197 2754 non
2220 2729 2327 2764 potest
2349 2734 2418 2755 esse
2441 2724 2544 2762 dolor,
2561 2725 2618 2766 qui

433 2772 642 2802 incumberet.
674 2771 759 2811 Ergo
784 2777 815 2801 et
837 2771 980 2801 similiter
1004 2770 1098 2801 debet
1122 2770 1160 2801 de
1184 2780 1262 2806 uno,
1287 2771 1407 2801 scilicet
1429 2779 1498 2809 gra·
1552 2770 1681 2810 proprie
1710 2775 1756 2800 est
1779 2769 1818 2800 de
1842 2769 1928 2801 malo
1956 2769 2131 2809 praesenti,
2155 2769 2216 2799 nisi
2243 2768 2422 2800 secundum
2450 2768 2540 2809 quod
2561 2769 2617 2800 ali·

434 2816 525 2851 viori,
549 2817 649 2856 magis
673 2825 770 2855 quam
794 2815 834 2846 de
857 2816 920 2846 alio
945 2815 1063 2845 dolere.
1553 2814 1631 2854 quid
1647 2813 1686 2844 de
1701 2819 1835 2854 peccato
1859 2814 2029 2854 praeterito
2053 2813 2087 2843 in
2110 2813 2268 2853 praesenti
2290 2818 2408 2844 manet.
2432 2812 2495 2844 Sed
2515 2821 2618 2854 quan-

489 2860 678 2890 Rasponnno
713 2870 872 2890 mmmmm
907 2859 996 2899 quod
1031 2859 1070 2890 de
1102 2860 1295 2890 contritione
1330 2858 1499 2898 dupliciter
1512 2870 1539 2889 σο
1553 2858 1662 2898 doque
1689 2859 1872 2899 pervenitur
1895 2857 1935 2888 ad
1957 2858 2098 2897 aliquem
2126 2862 2243 2888 statum
2265 2858 2299 2888 in
2321 2858 2381 2888 hac
2407 2857 2471 2887 vita
2493 2857 2527 2887 in
2549 2865 2616 2898 quo

435 2913 607 2944 possumus
630 2905 731 2944 loqui.
762 2904 837 2935 Uno
860 2904 975 2938 modo,
1000 2903 1180 2934 secundum
1203 2903 1293 2945 quod
1316 2902 1499 2943 singillatim
1552 2903 1631 2933 nihil
1648 2902 1687 2933 de
1703 2908 1836 2943 peccato
1860 2902 2030 2942 praeterito
2054 2907 2172 2938 manet,
2188 2910 2296 2942 neque
2317 2900 2492 2941 dispositio,
2509 2910 2617 2941 neque

435 2948 566 2988 singulis
589 2949 728 2988 peccatis
751 2948 932 2988 respondet.
966 2948 1007 2978 Et
1030 2949 1084 2983 sic,
1109 2954 1266 2988 quantum
1291 2947 1330 2978 ad
1353 2947 1499 2978 dolorem
1554 2948 1659 2987 culpa,
1675 2956 1782 2987 neque
1805 2952 1910 2977 reatus
1933 2946 2056 2986 aliquis.
2081 2946 2166 2986 Ergo
2190 2955 2258 2976 non
2281 2950 2410 2985 oportet
2427 2945 2559 2976 ulterius
2577 2944 2618 2976 de

435 2993 606 3032 superioris
630 2992 771 3028 affectus,
788 2993 958 3032 requiritur
981 2992 1070 3032 quod
1086 2992 1126 3023 de
1141 2993 1254 3022 maiori
1277 2997 1410 3032 peccato
1428 2992 1499 3031 quis
1553 2992 1610 3022 illo
1634 2997 1768 3032 peccato
1792 2991 1911 3022 dolere.

436 3036 542 3067 doleat
565 3038 682 3077 magis:
712 3037 786 3077 quia
814 3038 893 3067 ratio
917 3036 1037 3067 doloris
1061 3042 1107 3067 est
1129 3037 1230 3076 magis
1252 3037 1286 3067 in
1309 3046 1377 3067 uno
1402 3045 1499 3076 quam
1609 3045 1640 3075 4.
1664 3036 1870 3071 PRAETERRA,
1900 3035 1992 3065 Rom.
2014 3044 2074 3064 'vm
2097 3035 2114 3051 ⁴*
2145 3033 2259 3064 dicitur
2290 3032 2380 3073 quod
2411 3033 2619 3075 diligentibus

436 3081 469 3110 in
493 3081 573 3117 ali0‚
597 3081 716 3111 scilicet
746 3081 867 3111 offensa
894 3081 973 3117 Dei;
1005 3091 1042 3111 ex
1071 3081 1170 3121 magis
1200 3081 1287 3111 enim
1316 3080 1498 3111 inordinato
1514 3090 1537 3116 ες
1553 3080 1659 3111 Deum
1688 3080 1796 3110 omnia
1824 3083 2043 3120 cooperantur
2065 3078 2097 3108 in
2121 3078 2260 3109 bonum:
2286 3077 2381 3107 etiarn
2408 3083 2553 3117 peccata,
2581 3082 2619 3108 ut

437 3130 510 3154 actu
526 3124 613 3155 Deus
636 3126 736 3165 magis
760 3125 941 3156 offenditur.
958 3143 980 3148 —
996 3125 1146 3156 Similiter
1169 3126 1274 3160 etiam,
1292 3134 1367 3155 cum
1386 3125 1500 3155 maiori
1554 3125 1630 3155 dicit
1654 3123 1769 3155 Glossa
1788 3125 1814 3154 ⁴⁹.
1839 3124 1925 3164 Ergo
1948 3132 2016 3153 non
2039 3126 2177 3162 oportet,
2201 3126 2276 3161 post
2298 3122 2519 3152 remissionem
2542 3131 2619 3162 pec-

438 3168 550 3208 culpae
573 3169 675 3199 maior
698 3179 804 3209 poena
827 3169 988 3206 debeatur,
1011 3170 1107 3200 etiam
1131 3169 1224 3199 dolor
1247 3170 1413 3200 sensitivae
1429 3178 1499 3208 par-
1555 3170 1626 3204 cati,
1651 3168 1740 3208 quod
1764 3168 1803 3198 de
1826 3169 1898 3208 ipso
1921 3167 2037 3197 doleat.

437 3213 492 3247 tiS,
517 3212 695 3243 secundum
727 3213 815 3253 quod
838 3223 896 3253 pro
925 3219 1057 3254 peccato
1083 3223 1120 3243 ex
1144 3214 1301 3244 electione
1329 3214 1501 3243 assumitur
1612 3213 1640 3243 5.
1665 3213 1866 3247 PRAnrnmzA,
1897 3210 2045 3241 contritio
2079 3215 2126 3240 est
2156 3219 2228 3250 pars
2259 3210 2476 3250 poenitentiae
2509 3216 2620 3241 contra

439 3256 529 3295 quasi
548 3266 655 3296 poena
672 3258 805 3297 peccati,
822 3257 916 3287 debet
939 3267 1006 3288 esse
1028 3258 1130 3288 maior
1152 3257 1191 3288 de
1214 3258 1327 3288 maiori
1352 3263 1497 3297 peccato.
1555 3256 1803 3287 satisfactionem
1825 3255 1933 3286 divisa.
1958 3254 2020 3285 Sed
2042 3263 2111 3284 non
2134 3253 2262 3294 oportet
2285 3263 2412 3294 semper
2430 3254 2617 3286 satisfacere.

439 3299 624 3331 Secundum
639 3307 747 3331 autem
763 3301 852 3340 quod
868 3310 906 3331 ex
922 3302 1130 3341 impressione
1153 3302 1324 3341 superioris
1341 3302 1500 3341 appetitus
1515 3315 1541 3335 7⁰
1555 3301 1641 3340 Ergo
1665 3310 1725 3331 nec
1748 3309 1874 3340 semper
1897 3299 2019 3329 conteri
2042 3297 2082 3328 de
2103 3303 2250 3338 peccato.

440 3344 581 3374 nascitur
596 3345 629 3374 in
645 3344 796 3380 inferiori,
813 3345 983 3375 attenditur
1006 3346 1164 3385 quantitas
1187 3345 1306 3376 doloris
1322 3345 1500 3376 secundum
1611 3345 1673 3375 San
1697 3354 1830 3379 con-riu,
1853 3343 2062 3382 Augustinus,
2078 3342 2112 3372 in
2134 3342 2216 3372 libro
2232 3342 2271 3372 de
2285 3342 2487 3373 Paenitentia
2499 3344 2526 3380 *,
2543 3343 2620 3374 dicit

440 3386 684 3427 dispositionem
711 3389 806 3428 partis
834 3389 990 3419 inferioris
1014 3389 1053 3419 ad
1076 3389 1291 3429 recipiendam
1318 3390 1500 3429 impressio·
1556 3388 1660 3429 quod,
1690 3388 1743 3418 ubi
1770 3388 1866 3418 dolor
1883 3387 2020 3428 finitur,
2049 3386 2155 3427 deficit
2178 3386 2401 3427 poenitentia:
2434 3387 2487 3417 ubi
2514 3387 2621 3429 deficit
2638 3375 2696 3405 sals

439 3440 515 3461 nem
539 3441 556 3461 a
579 3433 744 3472 superiori,
770 3438 800 3462 et
823 3442 890 3462 non
919 3433 1096 3463 secundum
1128 3434 1336 3473 quantitatem
1366 3434 1498 3473 peccati.
1549 3432 1760 3472 poenitentia,
1785 3431 1865 3461 nihil
1889 3431 2083 3471 relinquitur
2102 3430 2141 3460 de
2163 3431 2267 3462 venia.
2291 3431 2376 3471 Ergo
2392 3430 2526 3468 videtur,
2543 3440 2619 3462 cum

495 3475 569 3505 Alio
589 3476 688 3506 modo
712 3481 817 3516 potest
840 3477 942 3516 accipi
965 3477 1115 3507 contritio
1139 3476 1317 3507 secundum
1341 3476 1431 3516 quod
1455 3482 1501 3507 est
1555 3481 1701 3516 oporteat
1725 3476 1851 3505 veniam
1879 3484 2065 3505 concessam
2088 3484 2155 3505 non
2179 3474 2325 3515 perdere,
2355 3475 2445 3516 quod
2472 3481 2620 3516 oporteat

441 3519 535 3549 simul
559 3518 598 3550 de
623 3520 789 3550 omnibus:
822 3521 904 3550 sicut
926 3521 959 3550 in
983 3525 1055 3550 actu
1086 3520 1327 3551 iustificationis.
1358 3521 1399 3551 Et
1421 3521 1500 3551 haec
1514 3535 1538 3555 75
1554 3529 1680 3559 semper
1703 3519 1743 3550 de
1765 3525 1898 3559 peccato
1923 3518 2041 3549 dolere.

2635 826 2646 837 ·
2659 825 2685 847 In
2701 831 2807 854 corpore.

2639 1763 2852 1793 ·ct.qu.1,1n-

2645 3042 2656 3053 ·
2670 3041 2737 3064 vers.
2752 3041 2786 3065 28.
2809 3070 2813 3073 ¹

2645 3131 2655 3142 ⁸
2665 3129 2750 3152 Lomb.
2760 3129 2858 3158 αΔιιι.

2646 3350 2658 3361 '
2667 3349 2706 3372 ΑΙ.
2720 3349 2751 3372 de
2761 3349 2822 3372 Vera
2837 3351 2862 3372 et

2697 3391 2704 3399 .
2713 3375 2794 3405 Pom,
2806 3381 2857 3404 up.

2645 3408 2717 3457 ²1:¹1&-
2726 3402 2788 3426 lum
2795 3402 2858 3432 Opp.
