2918 4088
7 933 29 944 “.
3 366 31 897 ‘'uma-mammassma-»Qae-..J-zfflf

80 391 92 402 ·
112 389 149 412 Ct'.
164 394 230 411 num.
243 394 295 411 vm.

54 3283 281 3313 &mu-mum,

21 3333 26 3343 ·.
44 3334 45 3339 ,
65 3314 112 3335 αἱ.
127 3317 164 3334 ιο.

964 221 1228 269 QUAESTIO
1256 221 1486 268 LXXXVII,
1516 221 1808 260 ARTICULUS
1837 224 1866 259 II

379 298 466 330 Tum
489 299 565 339 quia
587 300 722 330 caritatis
746 299 851 330 fervor
871 309 940 330 non
959 298 1042 330 delet
1057 299 1180 330 veniale
1196 300 1264 330 sine
1280 298 1387 339 displi-

323 343 436 374 centia.
469 343 545 374 Sola
573 349 682 374 autem
712 343 920 384 displicentia,
952 344 1019 374 sine
1049 344 1104 374 tali
1132 343 1273 379 fervore,
1308 342 1387 373 illud

322 386 407 418 delet
421 388 448 404 *-

375 431 443 462 VII.
467 431 519 462 Ad
534 432 597 462 hoc
613 431 728 463 dicitur
751 431 841 472 quod
864 437 1090 472 argumentum
1105 432 1260 472 supponit
1282 440 1386 462 unum

320 474 455 512 falsum,
479 476 599 507 scilicet
620 482 790 516 peccatum
811 476 946 507 mortale
972 485 1040 506 non
1064 477 1188 516 opponi
1212 475 1387 506 formaliter

321 520 450 550 caritati.
473 520 567 556 Nam,
590 520 665 551 licet
680 521 801 551 caritati
815 521 967 551 habituali
982 525 1152 561 peccatum
1166 519 1302 550 mortale
1317 528 1386 550 non

320 569 505 604 opponatur
527 564 712 601 formaliter,
737 565 813 605 quia
830 569 919 595 actus
934 574 1003 595 non
1019 565 1197 605 opponitur
1211 563 1386 594 formaliter

318 608 450 645 habitui,
475 607 531 639 sed
553 608 765 645 demeritorie,
790 609 866 649 quia
888 618 1025 649 peccans
1048 608 1223 638 mortaliter
1245 613 1386 638 meretur

318 653 434 692 privari
466 653 601 683 caritatis
632 653 758 690 habitu3
794 652 880 683 idem
903 658 1011 683 tamen
1038 652 1173 682 mortale
1195 657 1364 692 peccatum
1377 675 1384 688 ,

319 702 477 736 quatenus
501 696 609 727 divino
634 698 811 737 opponitur
829 697 928 732 bono,
953 702 1107 736 actusque
1131 701 1178 726 est
1200 696 1384 726 inimicitiae

319 740 359 771 ad
381 739 505 777 Deum,
536 741 711 771 formaliter
737 741 914 781 opponitur
942 740 1099 771 amicitiae
1129 739 1168 770 ad
1192 740 1308 770 Deum.
1344 740 1386 770 Et

317 790 505 825 propterea,
536 785 619 815 sicut
647 785 778 815 actualis
807 785 974 815 inimicitia
1003 785 1180 824 opponitur
1211 783 1385 814 formaliter

318 829 434 860 actuali
457 830 623 864 amicitiae,
648 829 691 859 ita
713 834 883 869 peccatum
906 829 1041 859 mortale
1065 829 1242 868 opponitur
1265 827 1383 858 forma-

317 873 389 903 liter
418 874 503 904 actui
534 873 686 909 caritatis,
718 874 775 913 qui
805 878 852 903 est
879 873 1010 903 actualis
1034 873 1172 902 amicitia
1202 871 1242 902 ad
1265 872 1382 902 Deum.

317 916 411 948 Unde
441 916 640 947 deordinatio
668 921 757 947 actus
779 917 904 956 peccati
926 916 1069 947 mortalis
1098 917 1204 956 primo
1231 917 1384 957 importat

317 960 594 991 deordinationem
618 961 774 991 contrarie
796 965 944 1000 respectu
967 960 1092 991 divinae
1116 961 1282 997 amicitiae,
1308 961 1384 1001 quia

315 1005 391 1035 hinc
413 1005 519 1044 primo
542 1005 638 1035 habet
660 1005 817 1035 rationem
840 1005 963 1044 peccati
986 1004 1144 1041 mortalis,
1176 1010 1212 1035 ut
1234 1010 1322 1045 patet
1345 1015 1383 1035 ex

315 1048 423 1079 hostili
445 1058 552 1089 poena
574 1049 650 1079 hinc
672 1049 732 1079 sibi
755 1048 878 1079 debita:
903 1054 935 1079 et
957 1048 1146 1079 secundario
1170 1050 1267 1079 habet
1289 1049 1383 1080 deor-

315 1092 514 1123 dinationem
529 1098 676 1133 respectu
692 1093 821 1123 moralis
837 1092 967 1124 ordinis.
992 1093 1040 1124 Ac
1058 1103 1116 1134 per
1131 1094 1205 1130 hoc,
1223 1093 1382 1124 ordinatio

315 1137 369 1167 cui
392 1136 567 1168 formaliter
590 1138 768 1178 opponitur
790 1138 924 1168 mortale
947 1142 1128 1178 peccatum,
1153 1143 1200 1168 est
1223 1137 1382 1168 ordinatio

314 1181 472 1212 amicitiae
496 1181 636 1212 divinae:
661 1191 759 1222 quam
783 1187 908 1212 constat
930 1191 998 1212 esse
1022 1182 1195 1212 caritatem.
1220 1182 1382 1220 Quocirca

313 1231 484 1266 peccatum
510 1226 651 1262 veniale,
683 1235 759 1256 cum
788 1226 822 1256 in
849 1226 913 1256 hoc
943 1225 1065 1257 differat
1095 1236 1113 1256 a
1135 1227 1262 1257 mortali
1292 1226 1382 1266 quod

313 1270 449 1301 mortale
472 1275 519 1301 est
543 1275 654 1301 contra
677 1269 818 1301 divinam
841 1271 1029 1306 amicitiam,
1057 1270 1181 1301 veniale
1204 1275 1312 1301 autem
1333 1260 1382 1301 kest

313 1319 438 1354 praeter
459 1314 558 1351 illam,
581 1314 664 1345 bene
681 1314 804 1345 dietum
820 1320 867 1345 est
882 1315 921 1345 ab
937 1315 1081 1345 Auctore
1097 1314 1188 1354 quod
1203 1315 1381 1355 opponitur

296 1356 432 1389 ‘fervori
455 1359 600 1395 caritatis,
624 1368 684 1399 pro
708 1364 831 1398 quanto
854 1358 989 1389 retardat
1012 1358 1162 1390 affectum
1177 1359 1317 1390 hominis
1341 1360 1380 1390 ab

313 1402 363 1433 his
386 1412 470 1443 quae
493 1408 568 1434 sunt
590 1408 761 1443 promptae
784 1403 940 1434 amicitiae
964 1402 1080 1434 officia.

368 1446 411 1478 Et
433 1456 509 1478 cum
533 1447 682 1478 obiicitur
698 1446 788 1487 quod
808 1448 1001 1488 compatitur
1024 1457 1135 1478 secum
1155 1447 1313 1478 fervorem
1330 1458 1380 1478 ca-

312 1490 421 1527 ritatis,
445 1491 658 1534 respondetur
673 1491 772 1532 quod,
789 1491 865 1522 licet
880 1492 1092 1532 compatiatur
1110 1501 1221 1522 secum
1240 1491 1381 1532 aliquem

278 1564 281 1566 .
312 1533 473 1566 fervorem
496 1536 641 1572 caritatis,
665 1545 733 1566 non
755 1541 864 1566 tamen
888 1545 1031 1566 omnem.
1066 1536 1102 1566 In
1126 1536 1218 1566 cuius
1241 1536 1379 1576 signum,

312 1578 419 1610 fervor
440 1580 559 1620 patriae
582 1580 709 1610 nullum
733 1580 927 1620 compatitur
948 1580 1081 1610 veniale.

2429 224 2503 272 317

1496 299 1537 329 Et
1560 300 1585 330 si
1608 300 1754 330 instetur:
1780 300 1861 338 Quis
1885 306 1931 331 est
1953 301 2006 331 ille
2026 302 2131 332 fervor
2152 304 2186 334 in
2207 304 2266 334 hac
2282 305 2345 335 vita
2365 306 2421 345 qui
2436 314 2504 335 non

1441 344 1634 384 compatitur
1657 353 1768 374 secum
1791 343 1933 375 veniale?
1956 346 2167 385 respondetur
2191 348 2280 387 quod
2303 354 2349 379 est
2371 349 2424 379 ille
2448 350 2504 389 qui

1439 387 1612 418 virtualiter
1635 387 1754 418 claudit
1779 388 1813 418 in
1836 398 1869 418 se
1893 388 2126 428 displicentiam
2149 393 2254 422 omnis
2277 393 2462 423 retrahentis
2486 403 2504 423 a

1440 431 1564 462 divinae
1589 431 1701 462 ardore
1725 432 1891 468 amicitiae,
1916 433 1981 463 sive
2005 434 2114 464 caritas
2138 435 2304 466 habitualis
2327 438 2366 466 sit
2388 447 2503 477 magna

1440 476 1506 506 sive
1528 486 1634 516 parva.
1670 475 1770 514 Quod
1792 482 1880 516 patet
1911 486 1949 507 ex
1973 487 2012 507 eo
2041 478 2130 517 quod
2153 479 2221 509 talis
2245 481 2374 510 actualis
2398 480 2503 511 fervor

1439 519 1570 556 affectus
1594 530 1632 550 ex
1656 521 1793 556 caritate,
1817 521 1844 550 si
1866 530 1940 551 vere
1963 521 2107 558 habetur,
2132 521 2216 553 delet
2239 533 2336 555 omne
2359 525 2500 555 veniale:

1438 564 1481 594 ita
1505 563 1595 604 quod
1617 574 1676 604 pro
1700 570 1778 595 tunc
1801 565 1846 594 sic
1865 564 1996 596 affectus
2012 566 2113 596 homo
2130 572 2177 596 est
2195 568 2263 597 sine
2283 570 2372 598 omni
2388 569 2502 599 veniali

1440 608 1549 648 quoad
1573 609 1712 648 eulpam.

1493 653 1575 683 VIII.
1600 651 1652 683 Ad
1675 652 1850 683 secundam
1873 658 1981 683 autem
2001 654 2220 685 obiectionem
2235 656 2252 671 ᾖ
2276 655 2390 686 dicitur
2414 656 2503 696 quod

1438 706 1506 726 non
1530 702 1578 727 est
1601 706 1639 727 ex
1661 696 1885 727 insufficientia
1911 697 2043 728 fervoris
2067 699 2202 728 caritatis
2232 699 2322 739 quod
2344 700 2502 730 mediante

1438 740 1637 781 displicentia
1660 740 1764 771 deleat
1786 741 1925 772 veniale:
1958 741 2014 772 sed
2036 743 2100 772 hoc
2123 748 2170 773 est
2198 753 2235 773 ex
2258 743 2371 774 ordine
2394 754 2503 774 causa-

1437 794 1510 815 rum
1534 791 1566 815 et
1589 784 1772 815 effectuum.
1797 785 1887 816 Sicut
1909 795 1977 816 non
2001 791 2048 816 est
2071 796 2109 817 ex
2131 786 2354 818 insufficientia
2370 789 2503 819 caritatis

1438 829 1528 869 quod
1550 829 1711 860 mediante
1734 830 1933 869 poenitentia
1955 829 2060 861 deleat
2082 831 2226 861 mortale.

1492 873 1592 911 Quod
1616 879 1724 904 autem
1748 873 1862 904 dicitur
1878 874 1967 914 quod
1983 875 2051 905 sola
2067 874 2265 915 displicentia
2288 876 2356 906 sine
2372 876 2427 906 tali
2443 876 2504 906 fer-

1436 927 1513 948 vore
1538 916 1622 948 delet
1645 918 1778 954 veniale,
1803 923 1910 958 potest
1933 919 2016 949 bene
2040 924 2071 949 et
2093 920 2176 950 male
2200 920 2343 960 intelligi.
2368 920 2401 950 Si
2418 921 2503 950 enim

1436 961 1629 1002 intelligatur
1653 963 1720 992 sine
1744 961 1869 992 fervore
1892 968 1980 993 actus
2004 963 2101 994 eliciti
2124 974 2142 994 a
2158 965 2295 1000 caritate,
2320 970 2397 995 tunc
2421 974 2503 1004 quo-

1437 1005 1611 1037 dammodo
1636 1012 1683 1037 est
1697 1016 1811 1037 verum
1831 1012 1862 1037 et
1881 1007 2125 1049 quodammodo
2141 1007 2267 1039 falsum.
2291 1009 2413 1039 Verum
2433 1010 2503 1049 qui-

1437 1049 1511 1080 dem
1535 1050 1643 1090 quoad
1661 1051 1735 1086 hoc,
1753 1051 1828 1091 quia
1846 1051 1914 1082 sine
1929 1052 1984 1082 tali
2000 1051 2123 1082 fervore
2140 1058 2290 1083 causante
2305 1052 2504 1093 displicentia

1436 1104 1455 1124 a
1478 1095 1606 1125 caritate
1634 1095 1790 1135 imperata
1821 1095 1906 1126 delet
1929 1097 2062 1126 veniale.
2098 1097 2228 1127 Falsum
2256 1102 2364 1128 autem
2394 1097 2503 1137 quoad

1436 1139 1516 1175 hoc,
1548 1138 1638 1179 quod
1661 1139 1848 1170 huiusmodi
1872 1139 2071 1180 displicentia
2095 1142 2229 1171 omnino
2254 1142 2293 1171 sit
2316 1141 2462 1172 absoluta
2485 1152 2502 1172 a

1435 1183 1490 1213 tali
1513 1182 1653 1213 fervore:
1683 1184 1839 1223 quoniam
1863 1183 2004 1224 disponit
2027 1194 2084 1215 seu
2106 1191 2196 1225 parat
2219 1185 2369 1216 affectum
2391 1195 2501 1226 prom-

1434 1227 1573 1267 ptiorem
1597 1226 1636 1258 ad
1658 1228 1754 1258 talem
1778 1229 1913 1258 caritatis
1936 1228 2105 1265 fervorem,
2129 1230 2211 1260 sicut
2226 1230 2349 1260 veniale
2364 1230 2502 1260 retarda-

1434 1272 1488 1301 bat
1511 1272 1549 1301 ab
1572 1272 1760 1302 huiusmodi
1783 1271 1917 1303 fervore.
1941 1290 1965 1295 -—
1987 1273 2020 1304 Si
2043 1283 2120 1304 vero
2144 1274 2337 1314 intelligatur
2359 1283 2417 1314 per
2439 1274 2501 1305 fer-

1435 1325 1547 1346 vorem
1570 1316 1666 1346 talem
1688 1315 1795 1347 fervor
1810 1317 2045 1357 cuiuscumque
2060 1323 2149 1348 actus
2173 1328 2191 1348 a
2209 1319 2337 1349 caritate
2361 1328 2500 1358 quomo-

1436 1360 1557 1391 dolibet
1578 1360 1792 1400 procedentis,
1816 1361 1861 1391 sic
1883 1361 1967 1391 male
1987 1362 2186 1402 intelligitur:
2212 1363 2287 1402 quia
2303 1362 2502 1403 displicentia

1432 1413 1501 1434 non
1523 1405 1584 1435 nisi
1608 1405 1735 1435 caritate
1757 1404 1929 1435 informata
1959 1405 2044 1436 delet
2066 1406 2188 1436 veniale
2201 1430 2208 1442 ,
2239 1412 2276 1437 ut
2298 1406 2430 1438 inferius
2453 1417 2501 1437 ar-

1432 1448 1533 1479 ticulo
1558 1454 1672 1488 quarto
1696 1454 1792 1489 patet.
1817 1449 2014 1480 Huiusmodi
2037 1451 2124 1481 enim
2140 1450 2348 1490 displicentia,
2366 1460 2430 1491 qua
2445 1451 2500 1482 de-

1433 1492 1516 1522 letur
1538 1493 1672 1529 veniale,
1697 1492 1828 1533 quidam
1852 1494 1986 1524 caritatis
2010 1493 2116 1525 fervor
2136 1500 2199 1525 est:
2223 1494 2323 1526 fervet
2339 1496 2426 1526 enim
2444 1505 2501 1535 per

1434 1546 1510 1567 eum
1537 1537 1648 1567 caritas
1680 1537 1720 1567 ad
1743 1539 2029 1578 consumptionem
2051 1539 2225 1569 venialium
2254 1539 2500 1579 impedientium

1433 1590 1490 1611 seu
1513 1577 1740 1612 retardantium
1764 1581 1915 1612 affectum
1938 1592 1956 1612 a
1977 1587 2071 1613 motu
2095 1592 2168 1623 erga
2184 1592 2220 1613 ea
2240 1593 2322 1623 quae
2339 1584 2400 1614 Dei
2415 1589 2499 1615 sunt.

1075 1742 1393 1786 ARTICULUS
1423 1743 1726 1786 SECUNDUS

464 1843 623 1876 UTRUM
645 1844 706 1874 AD
728 1843 1026 1877 REM1ssloNEM
1048 1844 1293 1875 VENIALIUM
1315 1844 1620 1876 PECCATORUM
1642 1846 1929 1884 REQUIRATUR
1953 1846 2147 1877 GRATIAE
2171 1847 2342 1878 INFUSIO

413 1934 470 1959 Art.
488 1941 561 1967 seq.;
580 1938 627 1959 art.
645 1941 672 1966 4,
691 1934 724 1959 ad
743 1940 774 1964 ²5
794 1933 828 1958 1v
847 1933 931 1963 Sent„
951 1933 1010 1959 dist.
1028 1941 1079 1964 xvr.
1098 1941 1144 1966 qu.
1161 1941 1189 1963 11,
1209 1938 1255 1959 art.
1276 1941 1299 1963 2,
1319 1934 1368 1966 qu⁸
1390 1940 1419 1965 ¹3
1439 1934 1498 1960 dist.
1516 1942 1566 1966 xxi,
1585 1942 1631 1968 qu.
1649 1942 1677 1964 ιι,
1697 1940 1743 1961 art.
1764 1941 1793 1966 ις
1815 1935 1866 1965 Qu.
1886 1935 1990 1968 Dispp„
2009 1936 2042 1961 dc
2060 1936 2144 1965 Malo,
2164 1944 2209 1969 qu.
2227 1944 2272 1966 vu,
2291 1941 2338 1962 art.
2354 1943 2395 1963 11.

396 2042 400 2052 ·
423 2043 433 2057 t
444 2051 469 2073 „2
492 2046 496 2053 «
519 2034 542 2058 1)
557 2033 748 2059 SECUNDUM
763 2034 816 2059 s1c
830 2034 1069 2060 PROOEmTUR.
1090 2022 1253 2059 Videtur
1270 2023 1378 2071 quod

447 2075 490 2122 §cil
521 2074 571 2111 ad
589 2074 861 2112 remissionem
887 2075 1100 2112 venialium
1127 2083 1379 2125 peccatorum

327 2119 445 2175 Aba
457 2114 488 2170 ’ᾗ
503 2126 739 2177 requiratur
750 2128 891 2177 gratiae
906 2128 1059 2166 infusio.
1081 2128 1252 2166 Effectus
1272 2129 1378 2166 enim

364 2175 461 2217 5*δὲ
477 2175 509 2217 k
521 2193 602 2218 non
621 2188 678 2218 est
697 2181 778 2218 sine
797 2181 955 2231 propria
974 2194 1101 2219 causa.
1124 2181 1201 2219 Sed
1219 2181 1378 2231 propria

279 2256 281 2259 .
307 2245 424 2271 causa
438 2234 674 2272 remissionis
688 2242 938 2284 peccatorum
953 2242 1008 2272 est
1021 2234 1154 2283 gratia:
1175 2247 1257 2272 non
1272 2235 1377 2272 enim

267 2313 271 2317 ,
306 2298 355 2324 ex
381 2286 526 2324 meritis
545 2287 712 2337 propriis
739 2287 911 2325 hominis
929 2296 1086 2338 peccata
1103 2288 1261 2338 propria
1281 2294 1298 2310 ‘²
1319 2301 1376 2325 re-

306 2339 529 2388 mittuntur3
558 2341 663 2378 unde
688 2340 826 2378 dicitur
843 2343 977 2391 Ephes.
999 2354 1020 2378 11
1039 2341 1078 2379 *z
1109 2343 1223 2388 Deus,
1245 2343 1309 2392 qui
1326 2342 1376 2379 di-

306 2400 369 2431 ve's
396 2399 447 2431 est
474 2394 809 2441 iri-misericordia,
832 2401 990 2445 propter
1009 2397 1164 2432 nimiam
1184 2397 1376 2432 caritatem

308 2458 381 2496 qua
409 2447 537 2485 dilexit
555 2459 634 2494 nos,
663 2460 748 2485 cum
767 2460 928 2485 essemus
946 2451 1086 2485 mortui
1097 2450 1270 2497 peccatis,
1291 2461 1376 2486 con-

306 2501 505 2548 vivificavit
542 2512 609 2538 nos
643 2502 681 2538 in
720 2502 865 2538 Christo
885 2499 916 2549 β,
952 2504 1056 2539 cuius
1091 2503 1218 2552 gratia
1245 2503 1379 2540 salvati

262 2562 269 2571 ‘
307 2554 400 2590 estis.
431 2554 533 2601 Ergo
561 2560 718 2602 peccata
736 2553 901 2592 venialia
929 2567 1009 2592 non
1029 2555 1276 2592 remittuntur
1294 2555 1375 2593 sine

306 2605 448 2655 gratiae
476 2605 679 2643 infusione.

363 2671 397 2696 2.
432 2660 666 2706 PRAETEREA,
696 2667 853 2709 peccata
878 2660 1043 2697 venialia
1070 2673 1151 2699 non
1179 2661 1375 2699 remittun-

305 2719 369 2750 tur
396 2711 478 2750 sine
505 2712 751 2762 poenitentia.
782 2713 860 2751 Sed
887 2713 927 2750 in
945 2713 1181 2762 poenitentia
1208 2715 1374 2752 infundi-

306 2773 369 2803 tur
395 2765 532 2814 gratia:
572 2766 669 2803 sicut
705 2774 742 2804 et
778 2766 818 2803 in
850 2766 931 2803 aliis
964 2768 1210 2805 sacramentis
1247 2780 1374 2806 novae

306 2818 407 2867 legis.
437 2820 539 2868 Ergo
567 2826 724 2869 peccata
746 2818 910 2857 venialia
929 2831 1010 2857 non
1029 2820 1274 2858 remittuntur
1293 2821 1374 2859 sine

306 2872 447 2921 gratiae
475 2872 678 2910 infusione.
732 2920 734 2922 ‚

362 2925 396 2962 3.
413 2926 648 2973 PRAETEREA,
663 2933 867 2976 peccatum
881 2924 1030 2962 veniale
1045 2927 1240 2964 maculam
1255 2939 1374 2976 quan-

306 2979 399 3016 dam
424 2978 577 3016 animae
596 2979 717 3016 infert.
748 2979 826 3016 Sed
844 2979 997 3016 macula
1015 2991 1096 3016 non
1115 2979 1285 3017 aufertur
1302 2980 1375 3018 nisi

305 3044 377 3082 per
402 3031 583 3080 gratiam,
622 3045 723 3082 quae
751 3039 807 3070 est
834 3031 1037 3082 spiritualis
1065 3032 1216 3070 animae
1245 3033 1373 3071 decor.

307 3086 409 3134 Ergo
437 3085 591 3123 videtur
618 3086 725 3135 quod
753 3093 910 3135 peccata
937 3084 1101 3123 venialia
1137 3098 1218 3123 non
1246 3086 1374 3124 remit-

287 3145 436 3195 *tantur
462 3138 543 3176 sine
571 3139 712 3188 gratiae
740 3138 943 3176 infusione.

362 3191 436 3229 SED
465 3204 610 3230 CONTRA
634 3200 690 3229 est
717 3193 825 3241 quod
852 3199 1056 3242 peccatum
1079 3192 1229 3229 veniale
1258 3193 1373 3230 adve-

307 3243 418 3282 niens
445 3257 526 3282 non
553 3245 648 3282 tollit
675 3246 849 3294 gratiam,
886 3257 1014 3294 neque
1050 3245 1164 3282 etiam
1194 3245 1375 3283 diminuit

308 3309 406 3345 eam,
435 3305 477 3335 ut
504 3298 544 3335 in
573 3299 753 3336 Secunda
780 3300 890 3337 Parte
910 3299 930 3320 *
958 3297 1133 3335 habitum
1161 3306 1227 3336 est.
1258 3299 1371 3347 Ergo,

362 3432 389 3467 α)
409 3433 523 3458 hominis
537 3436 650 3465 peccata
664 3434 788 3466 propria.
806 3448 825 3452 —
838 3437 951 3466 peccata
971 3433 1084 3458 hominis
1103 3433 1184 3458 tertia.

1430 2023 1513 2073 pari
1542 2023 1699 2071 ratione,
1721 2024 1770 2060 ad
1794 2024 1870 2061 hoc
1898 2024 2006 2074 quod
2032 2031 2236 2074 peccatum
2264 2024 2414 2061 veniale
2443 2036 2499 2061 re-

1430 2076 1611 2125 mittatur,
1641 2089 1721 2114 non
1741 2076 1947 2126 requiritur
1974 2089 2100 2114 novae
2119 2076 2260 2126 gratiae
2278 2077 2431 2115 infusio.

1483 2131 1711 2168 RESPONDEO
1738 2142 1920 2167 DICENDUM
1949 2130 2057 2179 quod
2085 2131 2400 2180 unumquodque
2428 2132 2498 2168 tol-

1429 2181 1518 2220 litur
1545 2195 1616 2232 per
1643 2195 1761 2220 suum
1789 2183 2025 2232 oppositum.
2055 2183 2260 2220 Peccatum
2282 2191 2413 2221 autem
2432 2196 2497 2221 ve-

1429 2235 1528 2273 niale
1556 2248 1637 2273 non
1665 2236 1917 2273 contrariatur
1943 2235 2128 2273 habituali
2146 2235 2286 2284 gratiae
2314 2238 2377 2274 vel
2404 2237 2497 2274 cari-

1429 2288 1508 2336 tati,
1539 2290 1607 2326 sed
1635 2289 1800 2326 retardat
1827 2297 1957 2326 actum
1985 2289 2083 2336 eius,
2121 2289 2354 2338 inquantum
2382 2289 2498 2327 nimis

1430 2343 1583 2379 haeretY
1598 2343 1720 2380 homo
1735 2342 1841 2379 bono
1857 2350 1996 2389 creato,
2012 2342 2098 2379 licet
2111 2355 2191 2379 non
2205 2350 2339 2380 contra
2353 2343 2494 2390 Deum,

1429 2403 1472 2432 ut
1499 2395 1539 2432 in
1568 2395 1748 2433 Secunda
1776 2397 1886 2432 Parte
1905 2395 1925 2417 ’¹‘
1952 2395 2126 2433 habitum
2157 2403 2223 2432 est.
2254 2397 2302 2433 Et
2329 2395 2417 2433 ideo
2446 2397 2495 2434 ad

1429 2449 1505 2486 hoc
1532 2449 1640 2498 quod
1668 2456 1871 2498 peccatum
1890 2447 1903 2471 δ
1922 2450 2087 2495 tollatur,
2107 2461 2188 2486 non
2207 2448 2413 2498 requiritur
2431 2449 2494 2487 ali-

1429 2514 1507 2552 qua
1535 2502 1738 2539 habitualis
1765 2502 1898 2550 gratia,
1938 2502 2006 2539 sed
2034 2502 2174 2539 sufficit
2201 2501 2338 2551 aliquis
2365 2510 2495 2540 motus

1427 2555 1568 2604 gratiae
1595 2557 1658 2592 vel
1686 2555 1847 2592 caritatis
1882 2555 1931 2592 ad
1959 2555 2042 2592 eius
2070 2555 2350 2592 remissionem.
2412 2555 2418 2561 ’

1482 2608 1586 2656 Quia
1609 2616 1740 2646 tamen
1760 2608 1800 2645 in
1818 2608 2049 2646 habentibus
2076 2621 2194 2646 usum
2214 2608 2320 2645 liberi
2340 2608 2494 2656 arbitrii,

1428 2662 1468 2699 in
1496 2661 1639 2712 quibus
1668 2663 1796 2699 solum
1823 2669 1987 2711 possunt
2006 2674 2088 2699 esse
2107 2669 2263 2711 peccata
2281 2661 2446 2699 venialia
2463 2662 2494 2708 ³¹³,

1428 2727 1509 2752 non
1528 2715 1712 2764 contingit
1731 2727 1812 2752 esse
1832 2714 2066 2752 infusionem
2089 2714 2229 2763 gratiae
2248 2714 2329 2752 sine
2357 2715 2495 2752 actuali

1427 2776 1539 2806 motu
1558 2768 1666 2805 liberi
1686 2767 1828 2805 arbitrii
1842 2768 1882 2804 in
1896 2769 2026 2805 Deum
2041 2776 2077 2805 et
2090 2768 2130 2805 in
2148 2775 2371 2817 peccatum;
2392 2767 2493 2815 ideo,

1427 2822 1759 2871 quandocumque
1778 2821 1827 2858 de
1841 2833 1947 2858 novo
1967 2820 2085 2869 gratia
2098 2820 2323 2869 infunditur,
2338 2829 2494 2870 peccata

1426 2874 1592 2911 venialia
1619 2874 1876 2911 remittuntur.

1480 2928 1538 2964 AD
1558 2939 1694 2964 1>R1M1JM
1714 2939 1812 2964 ERGO
1832 2938 2015 2964 mel-:NDUM
2039 2926 2148 2975 quod
2175 2925 2291 2963 etiam
2319 2925 2492 2963 remissio

1426 2987 1676 3030 peccatorum
1704 2979 1915 3017 venialium
1952 2987 2008 3016 est
2035 2979 2193 3016 effectus
2224 2978 2386 3027 gratiae,
2423 2991 2493 3028 per

1427 3041 1558 3071 actum
1586 3032 1726 3069 scilicet
1753 3044 1870 3081 quem
1900 3032 1949 3069 de
1976 3044 2082 3069 novo
2111 3031 2227 3069 elicit:
2257 3043 2338 3068 non
2361 3039 2492 3069 autem

1427 3099 1496 3136 per
1523 3085 1668 3135 aliquid
1695 3085 1889 3122 habituale
1917 3085 1966 3122 de
1994 3097 2100 3122 novo
2129 3084 2281 3121 animae
2307 3084 2489 3121 infusum.

1480 3140 1537 3176 AD
1561 3150 1751 3176 SECUNDUM
1775 3150 1958 3175 nlcENDUM
1976 3138 2084 3187 quod
2111 3137 2261 3175 veniale
2288 3145 2491 3186 peccatum

1427 3204 1632 3241 nunquam
1660 3191 1861 3228 remittitur
1887 3190 1968 3227 sine
1997 3190 2150 3240 aliquali
2178 3198 2264 3227 actu
2292 3190 2491 3239 poeniten-

1426 3246 1499 3282 tiae
1526 3244 1696 3291 virtutis,
1737 3244 1911 3293 explicito
1947 3243 2086 3281 scilicet
2113 3245 2175 3280 vel
2210 3242 2415 3293 implicito,
2448 3252 2492 3281 ut

1426 3310 1543 3348 supra
1561 3298 1581 3320 ’¹‘
1609 3297 1755 3335 dictum
1783 3305 1848 3334 est.
1879 3298 2007 3334 Potest
2034 3304 2165 3334 tamen
2184 3296 2322 3334 remitti
2341 3296 2490 3334 veniale

1478 3431 1504 3465 γ)
1525 3432 1625 3457 haeret.
1643 3446 1662 3450 -
1680 3431 1789 3456 haberet
1808 3431 1878 3464 cpE‚
1891 3431 2021 3456 adhaeret
2033 3431 2080 3462 Fa,
2094 3431 2215 3456 inhaeret
2233 3432 2306 3456 tertia
2325 3436 2426 3464 praeter
2439 3432 2491 3464 pG,

362 3468 388 3503 β)
408 3469 434 3494 in
459 3469 573 3494 aristo.
599 3483 619 3488 -
645 3469 665 3494 F
688 3475 713 3494 et
734 3469 807 3494 tertia
815 3478 822 3501 ;
852 3469 958 3494 Christo
982 3469 1023 3494 ed.
1042 3476 1067 3498 a,
1090 3469 1211 3494 Christus
1239 3468 1326 3493 ceteri.
1352 3482 1372 3487 -
1425 3475 1479 3493 om.
1498 3468 1547 3500 pD.

307 3505 406 3530 salvati
424 3504 468 3535 913
487 3504 585 3529 sanati.

1479 3502 1504 3537 ὃ)
1519 3506 1668 3535 peccatum.
1682 3517 1701 3521 —-
1714 3502 1814 3527 veniale
1832 3503 1928 3528 addunt
1943 3502 1999 3534 PF;
2019 3507 2078 3535 post
2093 3502 2239 3535 requiritur
2252 3502 2325 3527 tertia
2338 3502 2407 3527 addit
2418 3502 2490 3535 quod

1426 3539 1595 3573 infundatur.

2530 660 2540 670 ·
2555 659 2625 690 Num.
2641 666 2671 687 vi,
2687 661 2742 682 Tum

2529 692 2593 713 quta.

2622 2355 2637 2365 ν

2627 2369 2632 2378 ι

2523 2405 2534 2415 ι.
2556 2404 2580 2426 1⁸
2607 2404 2667 2431 11³⁵,
2696 2411 2735 2433 qu.

2522 2437 2625 2457 uxxvn,
2647 2436 2689 2453 art.
2709 2438 2719 2460 5
2729 2439 2735 2458 ;

2522 2463 2562 2485 qu.
2567 2464 2660 2494 m’fJx’
2667 2462 2708 2480 art.
2714 2465 2734 2480 2.

2620 2494 2633 2510 0

2522 2666 2533 2676 ¹
2554 2664 2590 2686 ef.
2612 2663 2655 2686 1³³¹
2675 2665 2732 2690 11⁵²,

2522 2697 2658 2719 qmaxxzx.
2665 2695 2706 2714 art.
2711 2692 2732 2713 6.

2517 3303 2528 3313 ·
2541 3302 2592 3324 Art.
2610 3302 2714 3330 praeced.
