2918 4088
206 587 216 597 ·
231 585 298 607 Vers.
313 585 334 607 6.

205 641 216 650 '¹
226 638 309 660 Lomb.
318 644 346 660 ex
356 638 417 666 Aug.

205 1280 215 1290 ·
230 1278 296 1299 Vers.
310 1283 345 1305 54.

205 1386 215 1397 ¹
230 1386 279 1406 Art.
298 1384 415 1412 praeced.;

206 1418 244 1439 qu.
259 1417 333 1438 vam,
344 1414 385 1432 art.
396 1416 414 1439 5.

206 1958 215 1968 ·
232 1956 296 1978 Vers.
313 1963 343 1978 n.

204 2125 214 2134 '¹
230 2123 295 2145 Vers.
312 2129 343 2150 ¹7·

206 2445 216 2455 ·
231 2443 297 2465 Vers.
313 2443 334 2466 6.

206 2493 217 2503 '¹
227 2492 310 2514 Lomb.
320 2498 348 2513 ex
357 2492 418 2519 Aug.

211 3325 222 3335 ·
236 3324 287 3345 Art.
301 3329 322 3349 ι,
337 3329 384 3352 urg.
399 3330 421 3350 23

211 3356 250 3378 qu.
266 3356 326 3378 un,
346 3354 388 3373 nrt.
405 3358 425 3378 ι,

211 3376 240 3398 ad
257 3384 275 3399 ι.

451 190 521 227 108

444 266 652 317 praesentis
680 267 789 314 vitae,
820 279 919 316 quae
948 275 1036 304 sunt
1063 279 1190 316 poena
1211 265 1400 313 originalis
1419 275 1503 312 pec-

445 328 527 357 cati.

501 373 534 409 3.
565 374 804 419 PRAETEREA,
835 381 981 410 remota
1009 385 1134 417 causa,
1165 377 1387 407 removetur
1414 368 1504 404 effe-

445 434 538 462 ctus.
572 427 647 464 Sed
676 438 791 463 causa
818 426 958 462 harum
985 424 1261 474 poenalitatum
1290 429 1344 458 est
1371 432 1504 469 pecca-

444 486 529 515 tum
549 479 738 527 originale,
760 478 867 527 quod
886 478 1026 515 tollitur
1044 489 1113 526 per
1132 474 1377 524 baptismum.
1403 473 1504 520 Ergo

445 544 526 569 non
546 533 685 568 debent
713 530 936 568 huiusmodi
965 529 1210 578 poenalitates
1240 537 1450 562 remanere.

500 586 573 622 SED
603 597 746 621 CONTRA
775 596 839 621 EsT
868 583 994 632 quod,
1030 593 1144 630 super
1172 579 1264 616 illud
1292 580 1402 615 Rom.
1423 577 1504 624 V1*,

444 639 665 674 Destruatur
692 649 826 686 corpus
848 638 1002 685 peccati,
1028 633 1116 670 dicit
1135 631 1319 669 Glossa*:
1349 633 1423 667 Per
1442 633 1505 667 ba-

439 693 616 740 ptismum
649 690 688 726 id
713 692 839 739 agitur
867 695 904 724 ut
931 693 1030 725 vetus
1057 688 1168 723 homo
1202 685 1446 733 crucifigatur
1473 689 1506 720 et

444 755 579 791 corpus
601 745 747 792 peccati
772 742 998 785 destruatur,
1034 751 1108 775 non
1138 740 1187 774 ita
1216 743 1253 773 ut
1281 739 1317 773 in
1347 739 1426 786 ipsa
1453 738 1505 774 m·-

443 802 549 835 vente
567 808 682 832 carne
701 794 715 824 β
742 794 1034 841 concupiscentia
1054 803 1221 840 respersa
1250 796 1283 826 et
1301 792 1429 826 innata
1449 802 1505 826 re-

439 856 551 899 pente
578 851 793 885 absumatur
820 853 852 883 et
881 859 954 882 non
983 847 1041 890 sit,
1070 845 1136 880 sed
1167 856 1214 880 ne
1241 845 1331 881 obsit
1358 849 1505 880 mortuo

445 914 540 952 quae
557 904 676 938 inerat
696 906 793 937 nato.
823 901 924 946 Ergo
944 897 1025 947 pari
1045 897 1189 933 ratione
1210 908 1282 933 nec
1300 895 1394 933 aliae
1413 908 1505 945 poe·
1524 906 1527 908 ’

444 955 614 992 ualitates
641 965 711 1002 per
738 952 973 1001 baptismum
1001 952 1196 987 tolluntur.

498 1009 721 1044 REsPONDEo
764 1016 945 1041 DICENDUM
987 1003 1095 1052 quod
1137 1002 1350 1052 baptismus
1391 1002 1507 1039 habet

444 1060 624 1097 virtutem
653 1057 847 1095 auferendi
875 1056 1122 1106 poenalitates
1150 1055 1359 1105 praesentis
1386 1055 1504 1092 vitae:

444 1125 524 1149 non
553 1120 683 1148 tamen
711 1123 774 1147 eas
802 1110 921 1147 aufert
949 1109 988 1146 in
1017 1109 1207 1159 praesenti
1225 1108 1314 1153 vita,
1336 1109 1403 1145 sed
1424 1108 1506 1146 eius

443 1165 581 1202 virtute
601 1165 819 1201 auferentur
833 1176 855 1200 a
870 1163 975 1199 iustis
991 1163 1029 1199 in
1044 1161 1331 1208 resurrectione,
1348 1162 1505 1210 quando

443 1218 599 1255 mortale
612 1218 682 1254 hoc
696 1217 819 1253 induet
833 1216 1158 1261 immortalitatem,
1174 1223 1216 1252 ut
1230 1214 1368 1251 dicitur
1386 1216 1400 1251 I
1419 1216 1505 1251 Cor.

442 1284 490 1308 xv
509 1271 538 1307 ²¹⁶.
569 1271 617 1307 Et
645 1271 720 1306 hoc
749 1268 1029 1306 rationabiliter.
1060 1268 1191 1305 Primo
1221 1267 1392 1316 quidem,
1415 1267 1507 1316 quia

443 1337 513 1374 per
546 1323 783 1372 baptismum
820 1323 941 1359 homo
977 1321 1245 1371 incorporatur
1282 1320 1433 1357 Christo
1471 1328 1508 1356 et

444 1377 605 1414 efficitur
632 1376 855 1412 membrum
884 1375 982 1422 eius,
1011 1382 1053 1412 ut
1082 1387 1199 1424 supra
1216 1373 1236 1396 ’³‘
1265 1374 1410 1410 dictum
1439 1381 1505 1410 est.

444 1431 492 1467 Et
519 1430 606 1466 ideo
636 1429 870 1466 conveniens
899 1436 954 1465 est
982 1436 1024 1465 ut
1052 1428 1091 1465 id
1118 1435 1251 1476 agatur
1269 1426 1308 1463 in
1328 1427 1506 1463 membro

443 1483 686 1532 incorporato
715 1482 823 1531 quod
852 1489 906 1518 est
934 1489 1062 1519 actum
1091 1481 1130 1517 in
1159 1480 1292 1530 capite.
1334 1479 1508 1517 Christus

444 1544 574 1573 autem
602 1549 624 1573 a
652 1535 840 1584 principio
869 1547 961 1572 suae
985 1533 1247 1583 conceptionis
1274 1533 1344 1570 fuit
1370 1534 1508 1582 plenus

444 1589 562 1637 gratia
589 1596 625 1625 et
652 1588 820 1634 veritate,
846 1588 981 1625 habuit
1007 1595 1138 1624 tamen
1158 1599 1299 1636 corpus
1318 1585 1507 1635 passibile,

445 1642 552 1691 quod
587 1654 656 1690 per
675 1647 689 1670 Υ
717 1641 938 1690 passionem
967 1649 1003 1678 et
1031 1648 1196 1677 mortem
1226 1647 1281 1676 est
1308 1639 1358 1676 ad
1389 1638 1509 1676 vitam

444 1695 651 1743 gloriosam
679 1695 955 1731 resuscitatum.
993 1694 1104 1731 Unde
1134 1701 1170 1730 et
1199 1692 1437 1730 Christianus
1469 1691 1509 1728 in

445 1748 636 1797 baptismo
665 1747 824 1796 gratiam
852 1746 1102 1796 consequitur
1134 1753 1324 1795 quantum
1352 1745 1401 1782 ad
1430 1745 1509 1782 ani-

445 1813 564 1847 mam,
594 1801 709 1837 habet
736 1808 865 1837 tamen
893 1812 1034 1849 corpus
1058 1799 1246 1849 passibile,
1267 1798 1307 1835 in
1329 1810 1408 1847 quo
1437 1810 1508 1847 pro

447 1853 598 1892 Christo
626 1853 745 1903 possit
768 1853 864 1902 pati;
896 1854 962 1890 sed
981 1853 1139 1890 tandem
1159 1851 1443 1889 resuscitabitur
1461 1851 1509 1888 ad

445 1907 719 1956 impassibilem
747 1907 878 1954 vitam,
908 1906 1020 1944 Unde
1039 1907 1248 1955 Apostolus
1268 1904 1367 1951 dicit,
1396 1906 1507 1942 Rom.

444 1960 558 1997 V111*:
594 1961 669 2002 Qui
697 1958 881 1997 suscitavit
912 1961 1036 1996 Iesum
1069 1960 1255 1996 Christum
1292 1971 1315 1995 a
1343 1959 1508 2003 mortuis,

444 2014 642 2061 vivificabit
669 2019 703 2049 et
729 2013 902 2049 mortalia
930 2024 1091 2062 corpora
1120 2017 1257 2057 nostra,
1282 2016 1438 2060 propter
1457 2012 1509 2046 in-

444 2067 668 2103 habitantem
698 2067 874 2115 Spiritum
903 2067 979 2102 eius
1013 2067 1051 2101 in
1081 2066 1195 2101 nobis.
1239 2065 1288 2101 Et
1315 2063 1411 2100 infra
1446 2075 1509 2100 eo-

445 2119 536 2155 dem
562 2118 600 2155 *z
639 2119 809 2155 Heredes
846 2118 992 2168 quidem
1029 2119 1116 2164 Dei,
1156 2117 1352 2154 coheredes
1387 2122 1509 2154 autem

450 2173 601 2209 Christi.-
627 2173 660 2208 si
685 2178 808 2208 tamen
837 2174 1101 2221 compatimur,
1131 2176 1170 2207 ut
1197 2176 1230 2207 et
1256 2170 1367 2207 simul
1393 2170 1510 2220 glori-

434 2227 611 2273 ficemur.

501 2278 693 2325 Secundo,
715 2279 791 2314 hoc
811 2285 866 2314 est
885 2277 1120 2314 conveniens
1140 2283 1298 2326 propter
1317 2275 1510 2325 spirituale

447 2331 685 2368 exercitium:
725 2339 767 2368 ut
794 2330 969 2368 videlicet
999 2339 1131 2368 contra
1159 2328 1510 2379 concupiscentiam

447 2392 483 2420 et
511 2384 600 2421 alias
620 2384 882 2434 passibilitates
908 2396 1085 2433 pugnans
1105 2385 1226 2420 homo
1246 2382 1427 2420 victoriae
1447 2394 1510 2419 co-

447 2449 585 2474 ronam
605 2437 802 2486 acciperet.
837 2438 948 2474 Unde
977 2449 1094 2486 super
1112 2437 1204 2473 illud
1223 2438 1334 2473 Rom.
1355 2448 1390 2472 Vl
1409 2435 1439 2482 ³⁸,
1465 2437 1511 2473 Ut

447 2491 655 2528 destruatur
681 2503 816 2540 corpus
838 2492 994 2540 peccati,
1025 2489 1114 2527 dicit
1142 2490 1279 2527 Glossa
1297 2488 1334 2525 *ε
1366 2490 1407 2525 Si
1426 2494 1511 2537 post

447 2545 668 2593 baptismum
696 2545 830 2581 vixerit
858 2545 969 2580 homo
989 2545 1026 2580 in
1047 2555 1173 2589 carne,
1203 2544 1311 2579 habet
1338 2543 1511 2591 concupi-

501 2656 527 2690 β)
546 2657 605 2688 ipsa
624 2656 728 2681 vivente
746 2663 836 2681 carne.
849 2670 868 2674 -
880 2656 958 2685 G1-1123
979 2656 1036 2687 ipso
1055 2656 1158 2681 vivente
1176 2656 1266 2681 carnis
1279 2656 1325 2686 Pa,
1340 2656 1396 2688 ipso
1412 2656 1516 2680 vivente

447 2700 529 2718 carne
548 2692 633 2717 ceteri.
651 2706 670 2710 -
688 2695 714 2716 et
733 2692 827 2716 innata
851 2691 910 2721 P1c;
930 2692 1032 2716 innata.
1050 2706 1070 2710 —
1088 2692 1138 2716 Pro
1163 2692 1321 2717 absumatur
1339 2692 1422 2725 (quod
1440 2698 1516 2716 assu-

448 2732 540 2753 matur
558 2727 674 2752 scribunt
692 2727 793 2751 codices
813 2732 838 2751 et
855 2726 924 2761 abc),
943 2727 1103 2752 abservatur
1121 2727 1149 2752 F.

501 2763 527 2796 γ)
544 2770 603 2795 per.
621 2777 640 2781 —
654 2766 718 2794 post
739 2762 791 2787 1³10.

501 2798 526 2831 ὃ)
546 2806 663 2831 eamque.
682 2812 699 2816 -
719 2798 778 2828 Plc;
797 2802 823 2823 et
841 2805 899 2822 eam
919 2798 970 2827 Ha,
989 2805 1047 2823 eam
1068 2798 1153 2823 ceteri.

502 2834 524 2868 ε)
537 2834 642 2867 figura.
660 2834 812 2867 —figuram
833 2834 871 2858 ΡΙ.

1117 188 1379 236 QUAESTIO
1409 187 1549 232 LXIX,
1580 184 1871 222 ARTICULUS
1900 184 1951 221 IV

1552 264 1771 313 piscentiam
1801 274 1885 298 cum
1915 275 1986 311 qua
2009 268 2168 312 pugnet,
2198 274 2353 311 eamque
2371 260 2395 309 ὅ,
2426 262 2623 300 adiuvante

1558 317 1652 361 Deo,
1680 321 1835 364 superet.
1866 316 1907 351 In
1927 314 2038 351 cuius
2061 314 2184 363 figura
2202 320 2214 336 ⁵
2243 314 2379 351 dicitur
2399 315 2514 352 Iudic.
2535 327 2568 351 111
2582 315 2619 351 *z

1558 369 1648 405 Hae
1674 373 1757 404 sunt
1783 373 1911 417 gentes
1940 379 2030 416 quas
2057 368 2241 404 Dominus
2269 367 2457 417 dereliquit
2485 374 2522 404 ut
2541 380 2621 404 eru-

1559 422 1651 457 diret
1679 422 1716 457 in
1745 422 1796 457 eis
1822 421 2019 466 Israelem,
2049 426 2082 457 et
2103 426 2233 469 postea
2261 421 2440 457 discerent
2456 421 2536 468 filii
2561 432 2621 457 eo-

1559 486 1644 510 rum
1673 479 1817 510 certare
1844 485 1929 509 cum
1957 474 2132 519 hostibus,
2170 479 2202 509 et
2230 473 2366 509 habere
2393 473 2621 510 consuetudi-

1560 539 1645 563 nem
1672 526 1892 575 praeliandi.

1612 578 1764 625 Tertio,
1799 579 1875 615 hoc
1907 577 1976 615 fuit
2013 577 2248 614 conveniens
2281 590 2330 614 ne
2358 578 2536 615 homines
2573 578 2622 614 ad

1559 631 1796 680 baptismum
1829 631 2053 668 accederent
2089 638 2246 680 propter
2282 630 2622 680 impassibilitatem

1559 684 1768 734 praesentis
1795 683 1895 721 vitae
1908 713 1917 730 ,
1955 691 1992 720 et
2023 695 2103 720 non
2140 691 2297 732 propter
2332 683 2492 731 gloriam
2522 682 2622 720 vitae

1560 745 1747 774 aeternae.
1790 737 1901 774 Unde
1930 744 1966 773 et
1993 737 2202 786 Apostolus
2229 735 2338 783 dicit,
2367 738 2381 772 I
2409 737 2495 773 Cor.
2515 747 2564 772 xv
2580 734 2620 772 *z

1560 792 1601 827 Si
1626 792 1664 827 in
1692 792 1764 827 hac
1782 793 1856 828 uita
1883 795 2025 827 tantum
2052 795 2241 839 sperantes
2258 801 2385 826 sumus
2404 790 2441 825 in
2465 789 2621 834 Christo,

1559 843 1845 881 miserabiliores
1872 855 1998 879 sumus
2026 844 2196 879 omnibus
2224 844 2444 879 hominihus.

1613 898 1671 933 AD
1703 908 1839 933 Prummu
1864 907 1963 933 ERGO
1982 907 2164 933 mCENDUM
2192 895 2312 944 quod,
2333 894 2430 932 sicut
2449 895 2586 932 Glossa
2604 893 2624 916 ’¹‘

1559 949 1660 997 dicit,
1680 951 1791 987 Rom.
1812 961 1857 996 vl,
1878 961 1995 998 super
2022 948 2114 986 illud
2134 948 2164 996 ²⁸,
2190 950 2237 986 Ut
2264 949 2362 986 ultra
2382 960 2457 985 non
2485 948 2623 985 servia—

1559 1015 1641 1040 mus
1653 1009 1830 1052 peccato:
1858 1001 1980 1039 Sicut<
2002 1002 2134 1051 aliquis
2152 1003 2301 1052 capiens
2319 1002 2457 1038 hostem
2476 1001 2624 1038 atrocis-

1558 1058 1693 1093 simum
1723 1068 1796 1092 non
1825 1057 1945 1092 statim
1973 1057 2143 1104 interficit
2162 1067 2258 1101 eum,
2286 1055 2352 1091 sed
2371 1056 2513 1104 patitur
2539 1065 2624 1090 eum

1559 1121 1656 1149 cum,
1673 1109 1852 1145 dedecore
1878 1114 1912 1145 et
1939 1108 2068 1146 dolore
2099 1108 2367 1157 aliquantulum
2394 1108 2518 1145 vivere
2526 1120 2539 1152 ,·
2575 1107 2625 1143 ita

1560 1168 1593 1199 et
1624 1163 1790 1199 Christus
1815 1163 1918 1210 prius
1940 1173 2105 1210 poenam
2133 1161 2312 1210 alligavit,
2342 1163 2379 1197 in
2406 1162 2534 1206 futuro
2562 1171 2625 1196 au-

1560 1220 1633 1251 tem
1660 1216 1826 1264 perimet.

1614 1269 1671 1304 AD
1686 1279 1876 1304 SECUNDUM
1890 1278 2073 1310 DICENDUM
2092 1266 2212 1315 quod,
2227 1266 2324 1303 sicut
2340 1265 2485 1302 ibidem
2498 1264 2519 1287 *
2537 1263 2626 1301 dicit

1561 1321 1699 1358 Glossa
1716 1320 1748 1366 ²⁸,
1778 1321 1916 1370 duplex
1943 1325 1994 1356 est
2015 1331 2142 1369 poena
2163 1320 2320 1369 peccati,
2348 1318 2567 1368 gehennalis
2593 1323 2627 1354 et

1560 1374 1783 1423 temporalis.
1822 1373 2074 1410 Gehennalem
2101 1384 2259 1422 prorsus
2291 1371 2420 1409 delevit
2450 1372 2626 1417 Christus,

1562 1433 1600 1464 ut
1627 1439 1710 1464 eam
1740 1438 1813 1463 non
1842 1428 1999 1463 sentiant
2022 1427 2194 1475 baptizati
2219 1430 2252 1461 et
2278 1436 2366 1462 vere
2388 1425 2625 1474 poenitentes.

1566 1480 1827 1530 Temporalem
1865 1491 1955 1517 vero
1990 1479 2156 1516 nondum
2186 1479 2334 1528 penitus
2365 1477 2465 1514 tulit.-
2503 1482 2630 1514 manet

1562 1535 1661 1571 enim
1678 1534 1819 1581 sames,
1839 1534 1914 1569 sitis
1941 1538 1975 1569 et
2001 1544 2103 1569 mors
2122 1537 2153 1568 η.
2183 1531 2257 1568 Sed
2282 1542 2444 1580 regnum
2463 1535 2497 1567 et
2515 1530 2629 1567 domi-

1563 1589 1666 1624 nium
1686 1588 1762 1623 eius
1781 1583 1794 1606 ⁰
1822 1586 1960 1631 deiecit,
1980 1593 2023 1622 ut
2050 1584 2189 1622 scilicet
2214 1585 2310 1621 haec
2337 1584 2559 1620 homo'non
2585 1582 2629 1619 ti—

1563 1647 1685 1677 meat:
1715 1645 1749 1676 et
1775 1639 1924 1676 tandem
1950 1640 1988 1675 in
2009 1640 2206 1676 novissimo
2233 1649 2317 1674 eam
2336 1638 2484 1686 penitus
2511 1642 2629 1673 exter-

1563 1694 1728 1730 minabit.

1617 1747 1674 1782 An
1706 1757 1866 1782 TERTmM
1893 1756 2075 1781 mCENDUM
2108 1744 2227 1793 quod,
2258 1743 2354 1780 sicut
2380 1742 2421 1779 in
2450 1740 2630 1780 Secunda

1563 1800 1673 1836 Parte
1693 1798 1713 1820 '¹‘
1741 1798 1886 1835 dictum
1906 1805 1972 1844 est,
1992 1805 2194 1846 peccatum
2214 1796 2394 1845 originale
2414 1796 2490 1832 hoc
2507 1793 2629 1832 modo

1563 1851 1747 1901 processit
1783 1851 1891 1900 quod
1927 1850 2054 1899 primo
2082 1862 2249 1899 persona
2284 1848 2410 1886 infecit
2437 1855 2629 1895 naturam,

1563 1904 1817 1954 postmodum
1845 1906 1938 1940 vero
1967 1911 2103 1940 natura
2126 1902 2252 1940 infecit
2269 1913 2489 1952 personam.
2521 1899 2630 1937 Chri-

1564 1966 1644 1994 stus
1671 1969 1765 1994 vero
1793 1968 1982 1994 converso
2011 1955 2146 1993 ordine
2165 1955 2272 2005 prius
2291 1961 2442 2004 reparat
2464 1953 2503 1990 id
2522 1953 2630 2003 quod

1564 2022 1753 2060 personae
1782 2017 1849 2056 est,
1878 2009 2132 2058 postmodum
2160 2008 2276 2046 simul
2303 2008 2343 2044 in
2371 2006 2555 2044 omnibus
2573 2017 2630 2043 re—

1564 2062 1713 2113 parabit
1740 2062 1779 2099 id
1807 2062 1915 2112 quod
1933 2069 2091 2099 naturae
2111 2069 2177 2098 est.
2207 2063 2255 2099 Et
2274 2061 2362 2098 ideo
2381 2061 2537 2109 culpam
2556 2058 2630 2096 ori-

1563 2116 1697 2165 ginalis
1715 2115 1873 2165 peccati,
1892 2122 1927 2152 et
1946 2114 2061 2152 etiam
2080 2127 2250 2164 poenam
2270 2112 2457 2152 carentiae
2471 2111 2630 2150 visionis

1565 2168 1734 2216 divinae,
1771 2180 1871 2218 quae
1907 2167 2115 2217 respiciunt
2149 2179 2375 2217 personam,
2404 2165 2530 2203 statim
2561 2177 2631 2215 per

1564 2222 1802 2272 baptismum
1835 2220 1930 2258 tollit
1966 2221 2015 2258 ab
2053 2221 2224 2258 homine.
2268 2220 2345 2258 Sed
2381 2218 2630 2269 poenalitates

1563 2274 1773 2325 praesentis
1800 2274 1918 2321 vitae,
1948 2273 2045 2311 sicut
2072 2286 2194 2322 mors,
2223 2274 2360 2317 fames,
2390 2272 2467 2310 sitis
2495 2279 2532 2309 et
2559 2271 2631 2309 alia

1565 2327 1811 2374 huiusmodi,
1848 2326 2055 2377 respiciunt
2087 2334 2284 2373 naturam,
2314 2338 2361 2363 ex
2389 2325 2500 2362 cuius
2527 2324 2630 2374 prin-

1565 2381 1671 2431 cipiis
1700 2388 1917 2427 causantur,
1947 2387 2063 2430 prout
2090 2387 2145 2417 est
2173 2379 2350 2426 destituta
2377 2377 2550 2427 originali
2576 2377 2631 2415 iu-

1565 2434 1673 2471 stitia.
1704 2435 1752 2471 Et
1779 2434 1867 2471 ideo
1895 2433 1954 2470 isti
1981 2433 2150 2470 defectus
2178 2445 2258 2470 non
2285 2433 2466 2470 tollentur
2492 2430 2566 2468 nisi
2592 2430 2632 2468 in

1563 2487 1699 2525 ultima
1734 2486 1972 2536 reparatione
2014 2493 2171 2524 naturae
2208 2498 2277 2535 per
2313 2483 2632 2522 resurrectionem

1564 2540 1782 2589 gloriosam.

1620 2654 1646 2688 ζ)
1665 2655 1749 2681 Sicut.
1767 2669 1786 2674 -
1805 2655 1888 2684 PE1c3
1909 2654 1985 2680 Sicut
2003 2654 2027 2679 si
2045 2655 2085 2679 ed.
2104 2661 2129 2684 a,
2150 2654 2182 2679 Si
2200 2654 2286 2680 ceteri.

1620 2692 1647 2723 η)
1668 2698 1748 2716 mors.
1766 2705 1785 2710 -
1803 2694 1830 2716 et
1854 2690 2007 2715 huiusmodi
2031 2690 2101 2714 addit
2125 2690 2207 2715 tertia.

1619 2724 1644 2760 θ)
1664 2727 1812 2752 dominium
1831 2726 1896 2751 eius.
1910 2740 1930 2745 -
1941 2726 2051 2756 ΡΕΗῐας
2070 2725 2217 2750 dominium
2234 2725 2316 2751 etiam
2329 2724 2428 2755 ABCD,
2443 2723 2589 2749 dominium
2602 2722 2630 2754 F,

1567 2765 1652 2787 totum
1672 2763 1728 2787 eius
1747 2763 1779 2791 G.
1799 2762 1906 2787 domum
1926 2762 1982 2786 eius
2000 2762 2023 2790 1⁷,
2037 2761 2136 2786 donum
2156 2761 2212 2786 eius
2231 2768 2254 2786 c.
2282 2761 2333 2785 Pro
2351 2760 2424 2789 haec,
2443 2759 2515 2784 hoel
2534 2763 2560 2783 et
2577 2757 2632 2783 edi-

1566 2798 1659 2827 tiones,
1672 2806 1725 2822 om.
1738 2805 1764 2824 a.
1784 2798 1834 2822 Pro
1853 2797 1970 2826 tandem,
1987 2799 2075 2822 tamen
2095 2796 2170 2822 Gl-lb.
2190 2796 2240 2821 Pro
2259 2803 2327 2825 eam,
2346 2795 2458 2821 eandem
2476 2795 2559 2820 tertia.

1231 2962 1552 3006 ARTICULUS
1584 2963 1859 3015 QUARTUS

748 3055 905 3086 UTRUM
928 3055 1011 3086 PER
1034 3055 1289 3087 BAPTISMUM
1313 3056 1642 3088 CONFERANTUR
1665 3056 1825 3087 HOMINI
1849 3055 2014 3087 GRATIA
2036 3055 2094 3086 ET
2117 3053 2334 3086 VIRTUTES

574 3134 607 3158 IV
627 3134 710 3163 Sent.,
730 3133 787 3159 dist.
807 3141 843 3164 111,
864 3139 909 3158 art.
931 3141 954 3164 1,
974 3135 1023 3167 qu²
1045 3134 1074 3166 33
1095 3134 1153 3160 dist.
1171 3142 1205 3164 w,
1226 3143 1269 3168 qu.
1289 3143 1326 3166 ιιι,
1346 3140 1393 3162 art.
1414 3142 1437 3165 ι,
1457 3135 1506 3168 qu*
1526 3143 1550 3166 2,
1570 3136 1602 3160 ad
1622 3142 1652 3165 2;
1671 3135 1730 3161 dist.
1748 3143 1781 3165 xx,
1802 3141 1848 3161 art.
1870 3142 1893 3166 1,
1912 3135 1962 3168 qu*
1982 3142 2012 3166 2;
2032 3135 2090 3160 dist.
2109 3142 2184 3166 xv111,
2204 3142 2249 3167 qu.
2266 3141 2284 3164 1,
2304 3138 2350 3158 art.
2371 3132 2394 3164 3,
2414 3133 2462 3166 qu*
2483 3139 2508 3159 ι.

518 3231 576 3249 »ὶὶ

643 3371 809 3408 dictum
837 3379 902 3418 est,
933 3380 1170 3408 sacramenta
1198 3384 1323 3409 novae
1352 3372 1442 3420 legis
1462 3373 1514 3420 es-

440 3425 578 3472 ficiunt
606 3425 705 3473 quod
719 3427 907 3474 figurant.
939 3424 1016 3461 Sed
1044 3436 1114 3473 per
1133 3424 1370 3461 ablutionem
1394 3425 1514 3474 bapti-

452 3476 525 3513 smi
554 3475 786 3524 significatur
813 3477 1036 3514 emundatio
1066 3477 1217 3514 animae
1240 3490 1262 3514 a
1281 3478 1404 3527 culpa,
1434 3490 1514 3515 non

478 3245 645 3328 Ῑζῗῖμ
662 3278 731 3315 per
749 3266 986 3315 baptismum
1006 3278 1086 3303 non
1102 3267 1347 3304 conferantur
1365 3267 1515 3304 homini

469 3319 506 3379 ὅ
510 3310 780 3401 gratia
807 3326 843 3356 et
870 3318 1038 3355 virtutes.
1083 3319 1206 3366 Quia,
1241 3319 1338 3356 sicut
1365 3320 1515 3368 supra*

582 3236 639 3277 aff<
661 3226 683 3250 n
704 3225 875 3256 QUARTUM
895 3226 948 3251 stc
967 3226 1206 3251 rRocemrua.
1227 3214 1389 3251 Videtur
1407 3215 1514 3263 quod
1539 3221 1542 3262 Ι
1569 3222 1699 3252 autem
1726 3214 1944 3252 informatio
1964 3213 2116 3251 animae
2142 3225 2212 3263 per
2229 3212 2388 3262 gratiam
2407 3220 2444 3250 et
2461 3213 2630 3250 virtutes.

1568 3267 1730 3305 Videtur
1757 3267 1869 3315 igitur
1900 3267 2007 3316 quod
2034 3277 2104 3316 per
2130 3266 2367 3316 baptismum
2396 3278 2476 3304 non
2504 3266 2632 3304 confe-

1569 3328 1702 3357 rantur
1729 3320 1879 3358 homini
1906 3318 2023 3368 gratia
2051 3327 2087 3356 et
2113 3319 2282 3357 virtutes.

1624 3385 1658 3409 2.
1689 3374 1921 3420 PRAETEREA,
1950 3372 2043 3409 illud
2071 3372 2178 3421 quod
2207 3372 2284 3409 iam
2313 3372 2448 3422 aliquis
2470 3373 2632 3422 adeptus

1569 3433 1635 3469 est,
1665 3438 1745 3462 non
1773 3425 1914 3473 indiget
1942 3425 2081 3462 iterum
2101 3425 2304 3475 suscipere.
2336 3426 2412 3463 Sed
2432 3425 2548 3475 aliqui
2572 3438 2632 3463 ac-

1569 3479 1710 3515 cedunt
1738 3478 1787 3515 ad
1814 3477 2051 3528 baptismum
2086 3478 2164 3516 iam
2191 3479 2376 3516 habentes
2403 3478 2562 3527 gratiam
2596 3486 2633 3516 et

2747 268 2762 294 δ

2749 321 2760 337 ε

2650 347 2660 357 ·
2675 345 2741 368 Vera.
2759 353 2778 374 ι,
2792 352 2812 368 2.

2650 739 2661 749 ·
2675 737 2742 760 Ven.
2759 743 2793 766 ¹9·

2651 897 2662 908 ·
2675 896 2759 919 Lomb.

2651 955 2662 966 '¹
2675 954 2743 977 Vera.
2758 955 2780 978 6.

2748 1004 2764 1034 ζ
2798 1022 2803 1027 ,

2653 1269 2664 1280 ·
2683 1267 2760 1296 supe
2776 1272 2836 1291 von.
2851 1268 2867 1290 6

2653 1299 2866 1344 istum-cnon.

2753 1543 2769 1567 η

2753 1583 2767 1610 Θ

2657 1802 2668 1812 ·
2690 1800 2715 1822 1·
2738 1799 2800 1827 11¹0,
2828 1805 2868 1827 qu.

2655 1832 2735 1853 um,
2742 1829 2785 1849 nrt.
2794 1833 2803 1849 ι
2813 1833 2819 1852 ;
2830 1832 2869 1854 qu.

2655 1852 2869 1907 &aaa

2657 1909 2871 1956 anm»
