2918 4088
462 195 514 241 64
1155 191 1417 240 QUAESTIO
1446 189 1584 235 LXVI,
1614 184 1906 223 ARTICULUS
1934 185 1963 221 11

1228 323 1545 369 ARTICULUS
1576 319 1876 363 SECUNDUS

820 422 977 454 UTRUM
1001 418 1241 451 BAPTISMUS
1263 415 1422 448 FuEmT
1446 412 1706 444 INSTITUTUS
1724 411 1835 443 POST
1855 411 2029 443 CHRIS‘rl
2051 410 2295 443 PASSIONEM

1049 497 1122 526 Infra,
1141 504 1184 529 qu.
1204 502 1288 524 Lxxxu,
1308 499 1353 519 art.
1374 492 1398 524 5,
1417 493 1448 517 ad
1467 500 1498 523 4;
1517 492 1550 516 1v
1570 491 1654 521 Sent„
1674 491 1733 517 dist.
1752 498 1790 523 ιιι,
1809 496 1855 517 art.
1876 490 1900 521 5,
1919 491 1969 524 qu·
1989 498 2013 522 2,
2033 490 2057 516 3.

499 606 529 635 χ.
650 612 654 618 ‹
678 602 700 626 D
715 600 903 626 SECUNDUM
919 599 970 623 stc
989 595 1223 622 PROCEDITUR.
1244 582 1404 619 Videtur
1418 580 1526 629 quod

493 609 561 672 ,173¹
586 629 589 637 ‚
602 618 654 661 fg<

483 632 908 773 ffi passionem.
939 692 1064 728 Causa
1093 688 1197 725 enim
1218 686 1411 737 praecedit
1438 686 1526 723 effe-

523 716 643 780 §2259
634 739 793 783 Motum
815 745 891 782 Sed
910 742 1036 792 passio
1058 740 1196 778 Christi
1211 746 1392 789 operatur
1409 738 1449 776 in
1468 751 1526 776 sa-

467 797 670 836 eramentis
688 810 813 836 novae
832 796 933 845 legis.
954 797 1055 842 Ergo
1073 793 1200 843 passio
1217 792 1355 830 Christi
1373 804 1527 841 praece-

467 851 522 889 dit
539 850 814 888 institutionem
838 855 1166 886 sacramentorum
1193 857 1320 883 novae
1347 844 1449 894 legis.
1479 846 1527 882 Et

466 903 671 954 praecipue
691 902 966 940 institutionem
985 899 1181 949 baptismi.
1207 910 1298 935 cum
1317 898 1528 960 Apostolus

466 956 577 1003 dicat,
605 957 716 994 Rom.
737 968 771 993 Vl
790 955 826 992 *ε
862 956 1092 1002 Quicumque
1125 953 1297 1001 baptizati
1330 964 1457 989 sumus
1488 953 1526 988 in

469 1011 621 1046 Christo
639 1011 736 1054 Iesu,
757 1010 794 1045 in
823 1013 941 1044 morte
968 1007 1079 1055 ipsius
1106 1006 1280 1055 baptizati·
1294 1017 1431 1051 sumus,
1457 1012 1525 1042 etc.

521 1073 554 1098 2.
576 1062 807 1107 PRAETEREA,
818 1066 1055 1097 sacramenta
1071 1070 1197 1095 novae
1211 1058 1302 1106 legis
1316 1057 1527 1095 efficaciam

464 1114 606 1151 habent
634 1126 680 1150 ex
708 1113 891 1150 mandato
921 1111 1071 1149 Christi.
1106 1112 1183 1149 Sed
1218 1111 1391 1148 Christus
1418 1123 1527 1148 man-

464 1167 597 1204 datum
616 1165 831 1215 baptizandi
850 1164 954 1202 dedit
976 1164 1170 1214 discipulis
1195 1172 1283 1214 post
1306 1164 1528 1213 passionem

464 1227 500 1256 et
530 1219 846 1256 resurrectionem
876 1229 1006 1265 suam,
1037 1217 1187 1254 dicens:
1221 1219 1377 1264 Euntes,
1404 1217 1529 1254 docete

464 1284 591 1309 omnes
603 1278 741 1322 gentes,
757 1273 979 1321 baptizantes
993 1282 1055 1307 eos
1069 1272 1106 1307 in
1123 1271 1274 1308 nomine
1290 1271 1424 1316 Patris,
1444 1277 1527 1317 etc„

463 1333 506 1362 ut
530 1325 694 1362 habetur
713 1325 848 1362 Matth.
874 1325 940 1361 ult.
961 1323 991 1361 ²⁸.
1022 1324 1124 1372 Ergo
1143 1323 1297 1360 videtur
1314 1322 1423 1372 quod
1441 1330 1530 1372 post

463 1378 683 1428 passionem
704 1377 842 1415 Christi
865 1377 1079 1426 baptismus
1097 1376 1209 1414 fuerit
1227 1375 1429 1413 institutus.

520 1431 553 1468 3.
584 1432 815 1477 PRAETEREA,
836 1430 1049 1480 baptismus
1076 1437 1131 1467 est
1150 1437 1435 1467 sacramentum
1463 1441 1528 1466 ne-

300 1489 406 1510 ffl‘ss‘·
429 1500 434 1504 ·
464 1483 661 1530 cessitatis‚
691 1491 734 1520 ut
761 1496 878 1533 supra
895 1483 915 1505 *
943 1483 1089 1520 dictum
1118 1490 1192 1520 est:
1232 1490 1268 1519 et
1299 1481 1349 1520 ita
1376 1482 1530 1520 videtur

228 1960 312 2008 aaa}
337 1960 440 2011 :art

229 2013 306 2041 Temp.
317 2012 424 2034 XXXVI.

464 1537 572 1586 quod
601 1549 647 1574 ex
675 1549 754 1586 quo
783 1536 997 1586 baptismus
1026 1535 1216 1573 institutus
1243 1535 1323 1580 fuit,
1350 1535 1528 1572 homines

465 1589 724 1638 obligarentur
751 1590 801 1626 ad
819 1589 1067 1639 baptismum.
1099 1589 1175 1626 Sed
1201 1596 1288 1625 ante
1307 1588 1529 1638 passionem

467 1642 605 1680 Christi
624 1642 803 1680 homines
822 1655 902 1679 non
922 1641 1188 1690 obligabantur
1207 1641 1256 1678 ad
1274 1641 1527 1691 baptismum:

465 1695 556 1745 quia
584 1696 712 1733 adhuc
740 1695 979 1732 circumcisio
1008 1707 1119 1732 suam
1146 1694 1325 1731 virtutem
1349 1694 1528 1741 habebat,

465 1749 505 1785 in
533 1748 642 1785 cuius
670 1750 756 1786 loco
785 1748 964 1785 successit
990 1747 1214 1797 baptismus.
1249 1747 1350 1795 Ergo
1378 1746 1531 1784 videtur

465 1802 573 1851 quod
601 1801 813 1851 baptismus
848 1813 928 1838 non
965 1801 1076 1838 fuerit
1103 1799 1294 1838 institutus
1329 1808 1416 1837 ante
1444 1813 1529 1850 pas-

466 1855 616 1892 sionem
646 1854 797 1892 Christi.

520 1908 594 1945 SED
615 1919 759 1945 CONTRA
777 1919 843 1945 EST
862 1907 970 1956 quod
988 1906 1225 1954 Augustinus
1254 1905 1352 1952 dicit,
1373 1906 1413 1943 in
1432 1918 1530 1956 quo-

466 1960 558 1998 dam
587 1961 775 1998 Sermone
802 1961 1037 2010 Epiphaniae
1054 1959 1090 1996 *ε
1119 1961 1183 1997 Ex
1211 1972 1282 2009 quo
1305 1960 1470 1996 Christus
1491 1962 1528 1996 in

466 2014 570 2064 aquis
597 2015 834 2063 immergitur
852 2018 880 2060 ⁴²,
910 2025 960 2050 ex
977 2025 1021 2049 eo
1049 2013 1217 2050 omnium
1230 2019 1388 2062 peccata
1415 2013 1529 2050 abluit

466 2079 575 2116 aqua.
606 2066 684 2103 Sed
703 2067 779 2103 hoc
796 2065 866 2103 fuit
884 2073 971 2103 ante
1001 2064 1141 2103 Christi
1163 2065 1396 2115 passionem.
1427 2066 1529 2114 Ergo

466 2119 678 2168 baptismus
706 2126 793 2156 ante
823 2117 963 2156 Christi
989 2117 1212 2168 passionem
1239 2118 1307 2156 fuit
1325 2117 1529 2156 institutus.

519 2173 743 2210 RESPONDEO
781 2183 963 2209 DICENDUM
999 2171 1127 2220 quod,
1164 2171 1260 2208 sicut
1295 2171 1443 2208 dictum
1476 2179 1531 2208 est

320 2236 352 2252 ¹¹¹
381 2236 438 2253 Μ-
467 2237 583 2274 supra
605 2224 646 2272 ³¹⁶,
675 2233 914 2262 sacramenta
945 2237 992 2261 ex
1025 2224 1084 2261 sui
1119 2223 1353 2261 institutione
1388 2224 1531 2262 habent

466 2278 574 2328 quod
601 2278 798 2315 conferant
824 2277 995 2326 gratiam.
1030 2277 1142 2315 Unde
1170 2285 1263 2315 tunc
1287 2276 1439 2315 videtur
1466 2277 1531 2315 ali-

467 2331 574 2381 quod
602 2338 886 2368 sacramentum
913 2330 1076 2376 institui,
1106 2331 1264 2380 quando
1293 2329 1428 2380 accipit
1455 2330 1530 2368 vir-

466 2391 589 2422 tutem
614 2383 855 2433 producendi
873 2396 988 2421 suum
1010 2383 1190 2421 effectum
1209 2383 1240 2421 *.
1269 2384 1382 2421 Hanc
1400 2391 1529 2422 autem

467 2436 647 2475 virtutem
675 2436 819 2485 accepit
845 2436 1059 2486 baptismus
1087 2436 1245 2485 quando
1273 2436 1447 2474 Christus
1476 2444 1531 2474 est

466 2489 688 2539 baptizatus.
718 2489 830 2527 Unde
857 2497 950 2526 tunc
976 2501 1067 2526 vere
1095 2489 1309 2538 baptismus
1339 2489 1531 2527 institutus

465 2542 547 2590 fuit,
577 2549 766 2591 quantum
794 2542 843 2580 ad
871 2542 1001 2592 ipsum
1033 2550 1330 2580 sacramentum.

521 2674 550 2709 α)
570 2675 596 2700 in
615 2675 692 2708 aquis
711 2674 888 2708 immergitur.
899 2688 919 2693 -
937 2674 963 2699 in
982 2681 1067 2707 aquas
1085 2674 1219 2708 mergitur
1231 2675 1248 2704 Ι,
1264 2675 1290 2700 in
1310 2682 1382 2708 aqua
1400 2675 1533 2709 mergitur

469 2716 552 2737 cetera
570 2711 653 2742 tertia,
672 2710 698 2736 in
717 2710 795 2743 aquis
814 2710 948 2743 mergitur
964 2710 1004 2735 ed.
1023 2717 1051 2736 a.

1633 580 1710 617 Sed
1738 579 1941 617 necessitas
1968 579 2102 616 utendi
2129 580 2206 616 hoc
2237 587 2477 618 sacramento
2504 581 2646 619 indicta

677 641 890 690 baptismus
917 638 1027 676 fuerit
1054 636 1244 674 institutus
1271 642 1358 683 post
1387 632 1526 670 Christi
1579 632 1648 669 fuit
1667 632 1892 670 hominibus
1910 640 1998 682 post
2015 632 2236 682 passionem
2256 641 2292 669 et
2313 634 2644 672 resurrectionem.

1579 687 1687 723 Tum
1715 686 1807 735 quia
1834 685 1873 723 in
1899 685 2078 736 passione
2099 685 2238 723 Christi
2256 686 2458 724 terminata
2485 694 2574 724 sunt
2600 687 2646 724 fi-

1579 739 1724 787 guralia
1743 747 1991 787 sacramenta,
2012 738 2155 788 quibus
2183 739 2352 776 succedit
2375 739 2590 789 baptismus
2609 747 2646 777 et

1579 791 1652 829 alia
1684 799 1923 829 sacramenta
1950 804 2076 830 novae
2105 791 2207 841 legis.
2228 815 2254 820 —
2273 793 2381 830 Tum
2409 792 2523 830 etiam
2554 792 2646 842 quia

1579 857 1649 895 per
1663 845 1899 895 baptismum
1918 845 2180 894 configuratur
2198 846 2320 883 homo
2339 845 2509 895 passioni
2533 853 2570 883 et
2588 857 2646 883 re-

1580 898 1804 936 surrectioni
1834 898 1994 946 Christi,
2023 898 2255 948 inquantum
2291 899 2456 936 moritur
2486 906 2646 949 peccato

1580 959 1616 988 et
1634 951 1766 1001 incipit
1788 963 1934 990 novam
1953 951 2114 990 iustitiae
2139 951 2270 989 vitam.
2304 953 2353 989 Et
2370 952 2458 990 ideo
2478 952 2647 1002 oportuit

1582 1004 1779 1042 Christum
1805 1004 1883 1054 pati
1909 1005 2016 1054 prius
2045 1011 2081 1041 et
2115 1016 2312 1054 resurgere
2340 1017 2458 1056 quam
2479 1005 2646 1042 homini-

1580 1058 1654 1095 bus
1681 1057 1912 1095 indiceretur
1938 1057 2141 1095 necessitas
2170 1069 2210 1095 se
2236 1057 2503 1108 configurandi
2530 1058 2646 1096 morti

1581 1118 1618 1148 et
1645 1110 1912 1148 resurrectioni
1931 1110 2025 1148 eius.

1634 1165 1692 1201 An
1720 1175 1856 1201 PthJM
1875 1175 1974 1201 ERGO
1993 1175 2175 1202 montinum
2194 1164 2302 1214 quod
2321 1163 2437 1201 etiam
2456 1171 2543 1202 ante
2560 1177 2647 1214 pas-

1581 1216 1732 1253 sionem
1761 1215 1901 1253 Christi
1935 1216 2149 1266 baptismus
2185 1217 2352 1254 habebat
2384 1216 2596 1254 efficaciam
2623 1229 2647 1255 a

1583 1269 1722 1306 Christi
1749 1269 1939 1318 passione,
1969 1269 2201 1319 inquantum
2230 1280 2317 1306 earn
2344 1269 2646 1318 praefigurabat:

1582 1322 1689 1360 aliter
1705 1329 1836 1359 tamen
1855 1333 1975 1371 quam
1999 1329 2236 1359 sacramenta
2253 1321 2392 1359 veteris
2411 1321 2513 1370 legis.
2542 1323 2648 1359 Nam

1582 1375 1643 1412 illa
1678 1382 1785 1412 erant
1817 1374 1963 1423 figurae
1991 1381 2160 1412 tantum:
2199 1373 2413 1424 baptismus
2440 1382 2570 1413 autem
2598 1375 2648 1413 ab

1582 1428 1666 1478 ipso
1704 1427 1855 1465 Christo
1890 1427 2071 1465 virtutem
2105 1427 2272 1464 habebat
2299 1427 2549 1475 iustificandi‚
2578 1440 2649 1478 per
2708 1455 2710 1459 ,

1582 1481 1693 1519 cuius
1720 1481 1902 1518 virtutem
1935 1480 2051 1518 etiam
2084 1480 2167 1530 ipsa
2194 1480 2322 1530 passio
2351 1480 2541 1519 salutifera
2567 1481 2647 1519 fuit.

1635 1536 1693 1571 Αι)
1713 1546 1902 1572 SECUNDUM
1920 1545 2102 1571 mCENDUM
2130 1534 2238 1583 quod
2266 1533 2446 1571 homines
2474 1545 2555 1572 non
2582 1535 2649 1572 de*-

1582 1587 1725 1625 bebant
1759 1586 2032 1636 multiplicibus
2065 1586 2197 1635 figuris
2230 1586 2365 1624 arctari
2388 1585 2403 1616 β
2430 1599 2501 1637 per
2538 1585 2648 1625 Chr‘i‘-

1583 1648 1697 1687 stum,
1726 1640 1795 1689 qui
1821 1647 1979 1677 venerat
2006 1652 2076 1677 sua
2103 1639 2260 1677 veritate
2280 1639 2438 1688 figuras
2472 1640 2648 1690 impletas

1582 1695 1742 1731 auferre.
1763 1694 1812 1730 Et
1830 1692 1918 1730 ideo
1937 1700 2024 1730 ante
2038 1692 2260 1742 passionem
2279 1705 2391 1730 suam
2409 1693 2649 1743 baptismum

1583 1746 1797 1784 institutum
1824 1757 1906 1783 non
1932 1745 2063 1795 posuit
2090 1746 2162 1783 sub
2184 1743 2405 1796 praecepto:
2436 1746 2504 1784 sed
2526 1744 2650 1790 voliit

1583 1800 1632 1837 ad
1660 1799 1743 1837 eius
1771 1798 1994 1837 exercitium
2019 1798 2201 1836 homines
2229 1797 2445 1846 assuefieri;
2474 1807 2511 1838 et
2538 1799 2648 1849 prae-

1583 1853 1696 1902 cipue
1723 1852 1763 1890 in
1782 1853 1929 1904 populo
1957 1852 2204 1898 ludaeorum,
2234 1852 2340 1901 apud
2368 1864 2488 1902 quem
2516 1852 2651 1895 omnia

1583 1907 1679 1943 facta
1706 1905 1881 1954 figuralia
1907 1913 2025 1952 erant,
2054 1912 2098 1942 ut
2124 1904 2361 1953 Augustinus
2387 1904 2489 1952 dicit,
2517 1910 2650 1944 contra

1582 1961 1762 1996 Faustum
1779 1958 1811 1995 *.
1851 1959 1942 1995 Post
1969 1958 2189 2008 passionem
2218 1969 2312 1995 vero
2341 1965 2378 1995 et
2405 1957 2649 1997 resurrectio-

1583 2023 1696 2059 nem,
1726 2023 1806 2048 non
1842 2012 1969 2048 solum
2003 2010 2174 2058 Iudaeis,
2204 2011 2272 2048 sed
2300 2009 2415 2048 etiam
2447 2010 2651 2072 gentilibus

1584 2077 1656 2102 suo
1676 2070 1691 2093 Υ
1718 2071 1923 2114 praecepto
1952 2063 2216 2102 necessitatem
2244 2062 2424 2114 baptismi
2450 2061 2651 2115 imposuit,

1583 2117 1735 2155 dicens:
1765 2119 1915 2164 Euntes,
1944 2117 2070 2154 docete
2096 2129 2225 2155 omnes
2250 2123 2391 2167 gentes.

1637 2171 1695 2208 An
1708 2182 1869 2208 TERTlUM
1886 2182 2069 2208 otanDtJM
2083 2170 2189 2220 quod
2210 2175 2448 2208 sacramenta
2460 2182 2542 2209 non
2561 2144 2652 2210 su‘nt

1585 2222 1808 2272 obligatoria
1835 2223 1907 2260 nisi
1926 2224 2086 2273 quando
2114 2223 2187 2260 sub
2210 2231 2415 2274 praecepto
2435 2227 2647 2279 ponuntur.

1585 2277 1705 2324 Quod
1724 2276 1885 2326 quidem
1902 2288 1983 2314 non
2001 2276 2070 2314 fuit
2088 2283 2175 2314 ante
2193 2275 2430 2336 passionem,
2442 2284 2485 2317 ut
2503 2271 2650 2326 dictum

1585 2338 1641 2368 est
1658 2330 1689 2367 *.
1720 2329 1840 2378 Quod
1868 2329 1974 2368 enim
1995 2329 2190 2367 Dominus
2218 2335 2304 2367 ante
2328 2329 2554 2380 passionem
2579 2327 2649 2372 Ni·
2676 2336 2687 2347 ·

1585 2384 1750 2422 codemo
1779 2382 1883 2429 dixit,
1912 2383 2015 2420 Ioan.
2037 2394 2070 2420 111
2088 2382 2119 2430 ²¹²,
2147 2383 2236 2420 Nisi
2262 2383 2341 2432 quis
2368 2389 2519 2421 renatus
2527 2384 2652 2432 fuerit
2676 2391 2688 2401 '

1585 2449 1635 2474 ex
1661 2449 1759 2486 aqua
1786 2442 1820 2473 et
1847 2437 1984 2486 Spiritu
2003 2437 2158 2482 Sancto,
2188 2447 2263 2473 non
2285 2440 2407 2486 potest
2433 2437 2589 2474 introire
2610 2439 2651 2476 in

1585 2501 1746 2540 regnum
1773 2490 1856 2535 Dei,
1877 2487 1997 2537 magis
2023 2488 2177 2526 videtur
2195 2489 2243 2526 ad
2263 2489 2437 2526 futurum
2461 2489 2653 2549 respicere

1585 2554 1704 2593 quam
1733 2542 1782 2579 ad
1809 2553 1990 2592 praesens
2018 2549 2182 2591 tempus.

1639 2674 1665 2709 β)
1684 2675 1796 2701 arctari.
1814 2675 2001 2708 —aggravari
2018 2674 2042 2705 1;
2060 2675 2103 2700 Al.
2115 2675 2267 2708 aggravari
2284 2682 2376 2709 margo
2394 2674 2455 2702 Ρ.“-
2472 2676 2652 2704 ver-itaut&-

1586 2711 1684 2742 ti;ones
1703 2711 1860 2736 necessitate
1878 2711 1911 2740 H,
1928 2710 1971 2735 vir
1957 2714 2029 2736 rtute
2047 2711 2132 2736 ceteri.
2177 2719 2180 2723 ’

1639 2746 1666 2781 γ)
1685 2754 1743 2772 suo.
1759 2746 1844 2772 -sub
1863 2747 1893 2772 P.

1141 2833 1476 2868 Commenta-ia
1498 2833 1752 2867 Cardinalis
1773 2834 1974 2868 Caietam

471 2934 636 2998 Trwms
660 2924 761 2956 clarus
785 2929 840 2955 est.
864 2941 888 2947 -
910 2923 947 2954 In
970 2933 1106 2964 corpore
1128 2924 1260 2964 ponitur
1282 2933 1347 2955 una
1368 2923 1529 2955 distinctio

529 2968 723 3000 bimembris,
757 2968 916 2999 Institutio
945 2967 1093 3008 baptismi
1125 2973 1234 3008 potest
1262 2968 1397 3008 intelligi
1421 2968 1531 3009 quoad

469 3012 554 3044 duo:
585 3013 636 3043 vel
660 3012 768 3052 quoad
790 3013 897 3053 ipsum
920 3017 1172 3049 sacramentum;
1204 3012 1254 3043 vel
1277 3012 1386 3053 quoad
1409 3013 1529 3053 obliga—

468 3057 591 3087 tionem
615 3055 791 3096 accipiendi
814 3057 920 3097 ipsum
944 3061 1187 3088 sacramentum.

524 3100 565 3130 Et
587 3106 753 3140 ponuntur
770 3101 911 3140 singulae
934 3101 1157 3131 conclusiones
1180 3102 1266 3131 iuxta
1289 3101 1413 3142 singula
1429 3111 1530 3132 mem—

1584 2925 1686 2965 ipsum
1708 2930 1957 2961 sacramentum,
1980 2925 2110 2966 quando
2129 2908 2347 2956 Chrismsest
2358 2925 2546 2966 baptizatus.
2570 2924 2649 2957 Pro-

1584 2969 1685 3000 batur.
1709 2969 1796 3007 Quia
1818 2975 1895 3000 tunc
1917 2970 2030 3000 habuit
2051 2969 2118 3000 vim
2139 2969 2398 3009 regenerativam.

1639 3013 1788 3045 Secunda
1811 3013 2062 3045 conclusioest:
2084 3013 2271 3054 Baptismus
2291 3013 2455 3044 institutus
2468 3013 2552 3056 fuit,
2568 3022 2651 3056 quo-

1584 3057 1627 3089 ad
1649 3058 1867 3089 necessitatem
1883 3057 1993 3088 utendi
2011 3057 2079 3093 illo,
2097 3061 2176 3098 post
2199 3056 2319 3088 Christi
2334 3057 2522 3098 passionem
2544 3062 2576 3090 et
2598 3066 2655 3089 re-
2720 3063 2722 3065 ’

1583 3102 1826 3133 surrectionem.
1864 3102 2020 3132 Probatur
2049 3101 2232 3142 dupliciter,
2263 3106 2300 3132 ut
2327 3101 2410 3132 clare
2432 3107 2519 3142 patet
2541 3103 2575 3133 in
2597 3102 2649 3133 lit-

469 3144 534 3174 bra.
558 3144 662 3174 Prima
686 3145 850 3175 conclusio
875 3150 938 3175 est:
962 3145 1147 3185 Baptismus
1165 3145 1328 3176 institutus
1343 3151 1399 3182 est,
1423 3146 1532 3186 quoad
1583 3151 1659 3176 tera.
