2878 4088
0 4001 13 4086 *J-rvrzv-rc
0 3915 15 3989 *xygs
3 3898 5 3902 2
0 3804 15 3888 *zamae-»w
7 3778 14 3794 f„
0 3653 16 3705 *ag-1.
1 3620 20 3635 ὐ
6 3591 13 3601 ,Α
18 3563 21 3578 „‚

8 767 9 770 =
22 781 26 786 .
77 756 88 768 ⁸
105 755 168 777 Vm.
183 761 210 783 ²7
224 761 277 784 sqq.

47 820 49 824 ,
79 805 89 815 '¹
103 803 139 826 Cf.
153 807 195 826 art.
213 810 289 832 praec.

1032 195 1295 242 QUAESTIO
1325 195 1407 242 XV,
1428 193 1720 231 ARTICULUS
1750 194 1774 239 I,
1796 195 1826 230 II

321 274 433 304 tollere
456 283 563 314 neque
587 273 765 305 diminuere
795 279 947 315 possunt,
972 283 1078 314 poena
1108 274 1223 304 inferni
1252 274 1387 313 mitigari

320 327 388 348 non
411 323 526 358 potest.

375 362 449 392 Alio
473 361 584 398 modo,
610 362 699 402 quod
722 363 873 393 meritum
895 371 1021 402 poenae
1048 361 1249 402 impediatur.
1279 361 1320 391 Et
1342 361 1387 391 sic

319 405 504 436 huiusmodi
528 415 626 446 opera
655 407 807 437 minuunt
836 415 976 446 poenam
1006 405 1131 436 inferni.
1162 406 1287 440 Primo,
1312 405 1387 444 quia

318 451 419 480 homo
442 455 566 480 reatum
590 451 771 481 omissionis
795 450 899 481 evadit
922 451 977 490 qui
1000 449 1186 480 huiusmodi
1202 458 1300 489 opera
1315 458 1387 488 per·
1409 458 1418 477 5

319 493 394 524 ficit.
418 512 442 516 —
465 494 632 530 Secundo,
658 495 732 534 quia
754 494 940 525 huiusmodi
969 503 1067 533 opera
1090 494 1198 533 aliquo
1222 492 1323 523 modo
1347 491 1387 522 ad

319 539 443 568 bonum
467 538 660 578 disponunt:
692 544 728 568 ut
750 539 851 569 homo
876 548 914 568 ex
937 539 1054 568 minori
1079 542 1267 577 contemptu
1291 537 1386 566 etiam

318 587 449 622 peccata
473 582 582 619 faciat;
607 583 658 612 vel
682 583 777 613 etiam
793 592 811 613 a
827 582 936 613 multis
958 582 1097 622 peccatis
1120 591 1178 622 per
1199 579 1386 610 huiusmodi

319 635 418 666 opera
440 627 623 657 retrahatur.

375 670 438 701 Sed
467 670 715 713 diminutionem
745 670 796 700 vel
826 669 1012 700 dilationem
1044 669 1228 708 temporalis
1260 677 1385 707 poenae
1402 679 1427 694 ιο

318 719 481 745 merentur
510 714 696 745 huiusmodi
726 723 842 754 opera,
873 714 955 744 sicut
985 713 1099 743 dicitur
1129 712 1168 742 de
1191 712 1320 747 Achab,
1345 711 1386 741 III

317 759 398 800 Reg.
423 769 475 788 m
490 759 524 794 *‚
549 758 665 788 eodem
691 757 791 788 modo
816 758 898 788 sicut
921 763 952 787 et
975 757 1137 787 bonorum
1160 755 1386 795 temporalium

318 803 583 833 consecutionem
598 803 625 832 ff.

373 846 515 884 Quidam
550 851 658 876 autem
688 845 799 875 dicunt
829 844 919 884 quod
954 843 1138 874 diminuunt
1167 852 1308 883 poenam
1338 843 1386 873 in-

317 891 415 926 ferni,
439 900 507 920 non
530 888 745 920 subtrahendo
770 887 890 928 aliquid
914 887 953 918 de
976 889 1045 928 ipsa
1069 892 1226 928 quantum
1250 886 1289 917 ad
1312 887 1386 917 sub·
1402 899 1424 918 ις

318 935 482 970 stantiam,
507 933 563 964 sed
592 932 794 963 fortificando
825 932 1006 962 subiectum
1028 937 1065 962 ut
1087 931 1202 962 melius
1231 931 1386 962 sustinere

317 978 426 1018 possit.
449 996 472 1000 —
496 977 559 1008 Sed
581 978 645 1007 hoc
667 986 736 1007 non
760 981 865 1016 potest
889 985 967 1006 esse.
1000 976 1085 1014 Quia
1113 975 1294 1006 fortificatio
1318 985 1386 1006 non

317 1027 365 1052 est
390 1022 451 1052 nisi
468 1031 518 1051 :ex
541 1021 700 1051 ablatione
729 1020 951 1060 passibilitatis.
982 1020 1171 1050 Passibilitas
1202 1025 1309 1050 autem
1340 1025 1386 1050 est

317 1065 495 1096 secundum
518 1074 703 1095 mensuram
733 1065 857 1105 culpae.
888 1065 929 1095 Et
952 1064 1043 1100 ideo,
1068 1065 1094 1094 si
1118 1064 1212 1104 culpa
1235 1073 1303 1094 non
1325 1065 1385 1094 mi-

282 1127 289 1138 ,
315 1110 434 1146 nuitur,
458 1119 519 1140 nec
542 1109 722 1140 subiectum
746 1108 907 1139 fortificari
929 1114 1036 1148 potest
1051 1110 1078 1139 *.

371 1153 513 1192 Quidam
538 1154 633 1183 etiam
657 1153 768 1184 dicunt
791 1153 881 1193 quod
897 1152 1084 1183 diminuitur
1105 1162 1212 1193 poena
1227 1157 1386 1192 quantum

316 1197 356 1228 ad
378 1207 522 1228 vermem
546 1198 769 1233 conscientiae,
787 1197 860 1227 licet
883 1206 951 1227 non
980 1202 1136 1237 quantum
1160 1196 1200 1227 ad
1222 1197 1339 1236 ignem.
1362 1215 1386 1218 —

317 1241 380 1273 Sed
402 1242 466 1272 hoc
490 1242 585 1272 etiarn
608 1242 688 1272 nihil
708 1247 763 1272 est.
788 1241 874 1279 Quia
897 1241 978 1272 sicut
1000 1251 1107 1281 poena
1129 1241 1211 1281 ignis
1232 1246 1386 1280 aequatur

317 1286 441 1326 culpae,
458 1287 502 1316 ita
517 1291 549 1316 et
563 1295 671 1326 poena
689 1286 893 1316 remorsionis
917 1286 1141 1316 conscientiae.
1166 1284 1260 1316 Unde
1276 1285 1385 1315 similis

279 1354 286 1361 2
294 1360 301 1361 ἶ
316 1331 473 1361 ταᾰστεῖ
477 1336 481 1337 ’
489 1328 532 1360 ‘de
555 1335 705 1370 utroque.

76 1600 133 1623 ‘ct
147 1606 187 1630 qu.
196 1606 236 1628 ιιι,
250 1600 289 1622 ln-

75 2346 89 2359 ·
105 2339 171 2368 Yon
181 2351 235 2374 etp.
248 2351 290 2394 r&

76 2377 150 2421 ἒῗῖἳ
156 2377 291 2421 ’ῗὰοὶοναιῖ

182 2430 292 2454 “Pmr

19 2485 22 2486 .
74 2452 165 2475 aluv-

75 2523 90 2536 θ
103 2522 170 2546 Vera.
180 2523 221 2561 ,¹⁸⁶

76 2656 291 2683 ‘Cu-Deuuhomo,

77 2682 118 2706 lib.
133 2682 152 2711 1,
167 2688 219 2711 up.
231 2688 263 2704 xi.

77 2829 91 2841 ⁶
103 2828 192 2851 uomit.
205 2828 249 2850 xx
266 2829 291 2851 in

78 2855 181 2884 Εἰοαιςυ
194 2861 218 2878 ιι.
233 2855 255 2878 8.

373 1374 415 1405 Et
437 1384 495 1415 per
517 1375 581 1405 hoc
602 1379 690 1414 patet
713 1374 831 1404 solutio
856 1373 896 1404 ad
919 1374 1053 1404 obiecta.

479 1459 762 1511 QUAESTIO
792 1459 1221 1503 DECIMAQUINTA

529 1527 573 1551 DE
593 1526 648 1551 HIS
667 1524 734 1551 PER
754 1526 847 1557 QUAE
867 1526 1091 1551 SATISFACTIO
1111 1525 1167 1550 FIT

379 1603 471 1624 amna
484 1593 752 1624 considerandum
768 1599 815 1624 est
831 1593 870 1624 de
887 1594 934 1624 his
950 1603 1008 1633 per
1024 1603 1106 1633 quae
1123 1593 1293 1624 satisfactio
1310 1593 1346 1623 fit
1356 1595 1382 1624 ⁴⁶.

321 1605 473 1668 Dcirca
496 1637 586 1677 quod
609 1643 805 1678 quaeruntur
828 1638 895 1667 tria.

369 1681 495 1712 Primo:
511 1686 629 1755 lutrum
656 1680 904 1712 satisfactionem
934 1686 1080 1721 oporteat
1109 1680 1178 1711 fieri
1206 1690 1262 1721 per
1286 1691 1384 1721 opera

403 1735 510 1766 poena
523 1735 562 1755 ia.

371 1769 536 1801 Secundo:
561 1774 670 1800 utrum
686 1768 809 1809 flagella
826 1770 942 1809 quibus
959 1779 976 1799 a
992 1769 1063 1800 Deo
1079 1770 1112 1799 in
1129 1769 1188 1799 hac
1203 1770 1267 1799 vita
1282 1770 1382 1800 homo
1399 1778 1421 1797 35

404 1814 545 1854 punitur,
570 1814 633 1844 sint
655 1813 871 1844 satisfactoria.

371 1858 500 1888 Tertio:
525 1863 633 1888 utrum
657 1858 885 1888 convenienter
909 1863 1136 1888 enumerentur
1152 1866 1250 1897 opera
1265 1857 1384 1888 satisfa-

405 1902 514 1938 ctoria,
532 1911 607 1932 cum
623 1901 736 1932 dicitur
752 1901 842 1942 quod
858 1907 932 1932 sunt
946 1903 1014 1938 tria,
1031 1902 1150 1932 scilicet
1170 1902 1383 1943 eleemosyna,

404 1947 562 1977 ieiunium
586 1951 617 1976 et
639 1947 752 1976 oratio.

422 2011 521 2043 ART.
547 2012 570 2042 I·
594 2022 699 2042 UTRUM
721 2022 983 2042 SATISFACTIONEM
1006 2022 1168 2042 OPORTEAT
1192 2022 1273 2042 FIERI

669 2066 727 2086 PER
751 2066 852 2086 OPERA
875 2066 1030 2086 POENALIA

644 2111 676 2132 lll
698 2111 764 2132 cont.
788 2110 870 2137 Gent.,
901 2116 951 2137 cap.
975 2116 1048 2132 ctvru.

318 2177 401 2240 An
424 2176 541 2197 prmum
565 2176 610 2196 sm
633 2176 836 2196 PROCEDITUR.
865 2165 1000 2196 Videtur
1022 2165 1111 2206 quod
1138 2165 1385 2196 satisfactionem

2460 195 2502 232 31

1442 277 1512 302 tum
1529 281 1567 301 ex
1582 276 1671 311 parte
1687 281 1744 301 sua
1760 278 1815 307 est,
1832 272 1911 301 nihil
1927 272 2067 302 subtrahi
2090 275 2199 312 possit,
2215 279 2323 305 tamen
2346 280 2506 314 peccator,

1443 320 1600 355 quantum
1629 316 1662 345 in
1691 316 1763 355 ipso
1795 321 1856 349 est,
1881 315 2000 355 aliquid
2029 317 2057 346 ei
2085 318 2236 347 subtraxit
2265 319 2446 358 peccando,
2471 325 2507 349 ut

1442 359 1564 390 dictum
1587 365 1635 389 est
1649 360 1675 389 ἢ
1707 358 1800 389 Unde
1825 365 1966 399 oportet,
1990 359 2029 389 ad
2052 360 2115 390 hoc
2139 361 2228 400 quod
2251 364 2505 402 recompensatio

1442 403 1505 440 fiat,
1531 403 1620 443 quod
1643 402 1763 442 aliquid
1785 403 1985 433 subtrahatur
2008 403 2047 433 de
2071 410 2222 443 peccante
2246 415 2302 445 per
2322 406 2506 437 satisfactio—

1441 457 1517 477 nem
1540 446 1630 487 quod
1652 448 1686 477 in
1709 447 1868 477 honorem
1897 447 1957 476 Dei
1981 446 2080 477 cedat.
2113 447 2204 487 Opus
2235 454 2341 479 autem
2371 451 2504 487 bonum,

1442 501 1480 521 ex
1496 492 1558 522 hoc
1582 490 1672 531 quod
1696 496 1742 520 est
1765 490 1961 526 huiusmodi,
1978 500 2045 520 non
2061 491 2215 521 subtrahit
2238 493 2357 532 aliquid
2373 495 2411 524 ab
2429 504 2506 534 ope-

1441 541 1539 571 rante,
1559 535 1615 565 sed
1637 535 1736 574 magis
1759 534 1884 574 perficit
1905 535 2022 574 ipsum.
2047 534 2140 565 Unde
2163 535 2334 566 subtractio
2350 547 2418 567 non
2433 545 2506 578 pot-

1442 584 1488 609 est
1506 579 1575 609 fieri
1597 588 1654 619 per
1670 588 1752 618 opus
1776 578 1900 609 bonum
1923 579 1984 608 nisi
2006 579 2142 618 poenale
2159 579 2207 608 sit.
2232 580 2272 609 Et
2287 580 2371 616 ideo,
2389 581 2428 611 ad
2443 583 2505 613 hoc

1441 623 1531 662 quod
1560 622 1692 662 aliquod
1723 632 1805 662 opus
1836 623 1875 652 sit
1906 621 2166 658 satisfactorium,
2192 629 2319 663 oportet
2350 625 2439 664 quod
2468 627 2506 656 sit

1440 667 1575 703 bonum,
1591 672 1627 697 ut
1642 667 1676 696 in
1698 667 1858 697 honorem
1874 667 1935 696 Dei
1958 666 2012 702 sit;
2038 672 2068 696 et
2084 666 2230 706 poenale,
2247 672 2283 697 ut
2298 668 2417 708 aliquid
2431 678 2506 708 pec-

1441 711 1540 740 catori
1563 711 1772 740 subtrahatur.

1496 754 1644 784 Similiter
1668 755 1763 784 etiam
1786 764 1893 794 poena
1916 765 1934 784 a
1958 754 2052 794 culpa
2075 754 2181 784 futura
2203 761 2398 795 praeservat:
2431 757 2506 796 quia

1440 808 1508 828 non
1523 798 1615 828 facile
1638 799 1739 828 homo
1756 797 1796 828 ad
1811 803 1941 838 peccata
1964 798 2044 828 redit
2060 808 2098 828 ex
2114 807 2180 838 quo
2196 809 2336 839 poenam
2359 806 2505 840 expertus

1441 847 1496 872 est.
1527 841 1638 878 Unde,
1663 841 1841 873 secundum
1871 843 2105 883 Philosophum
2121 843 2154 878 θ,
2173 852 2301 883 poenae
2330 844 2506 875 medicinae

1440 891 1524 916 sunt.

1495 931 1546 960 An
1570 940 1687 960 pamma
1717 940 1800 961 anno
1832 940 1992 961 nranDtm
2021 930 2126 971 quod,
2152 932 2297 971 quamvis
2327 931 2415 962 Deus
2437 941 2505 963 non

1441 974 1615 1005 delectetur
1637 975 1671 1005 in
1693 975 1808 1015 poenis
1832 980 1868 1005 ut
1890 980 1964 1005 sunt
1986 984 2122 1015 poenae,
2147 975 2320 1006 delectatur
2341 981 2449 1006 tamen
2472 977 2505 1007 in

1441 1020 1485 1049 eis
1507 1024 1544 1049 ut
1567 1024 1641 1049 sunt
1663 1020 1774 1049 iustae.
1798 1019 1840 1049 Et
1862 1019 1906 1049 sic
1925 1019 2150 1050 satisfactoriae
2173 1029 2241 1050 esse
2264 1025 2408 1060 possunt.

1495 1063 1546 1093 An
1571 1073 1733 1093 SECUNDUM
1755 1073 1915 1093 DICENDUM
1937 1062 2036 1103 quod,
2053 1064 2135 1094 sicut
2150 1064 2183 1094 in
2199 1063 2411 1094 satisfactione
2428 1074 2504 1095 con-

1440 1107 1594 1138 sideratur
1615 1108 1801 1147 poenalitas,
1826 1108 1869 1137 ita
1891 1108 1925 1137 in
1948 1108 2062 1138 merito
2087 1107 2304 1138 consideratur
2327 1108 2503 1139 difficultas.

1441 1152 1620 1182 Diminutio
1649 1157 1757 1182 autem
1788 1151 1979 1182 difficultatis
2003 1161 2040 1182 ex
2063 1157 2151 1191 parte
2178 1153 2278 1192 ipsius
2301 1158 2389 1182 actus
2413 1152 2504 1183 dimi-

1439 1197 1520 1232 nuit,
1545 1196 1656 1226 ceteris
1679 1196 1818 1236 paribus,
1842 1196 2008 1226 meritum:
2041 1195 2096 1226 sed
2120 1195 2290 1226 diminutio
2314 1196 2505 1227 difficultatis

1440 1250 1479 1270 ex
1501 1240 1756 1280 promptitudine
1785 1240 1957 1270 voluntatis
1985 1249 2052 1270 non
2080 1240 2230 1270 diminuit
2258 1241 2425 1277 meritum,
2450 1241 2505 1272 sed

1440 1290 1544 1324 auget.
1568 1284 1610 1314 Et
1625 1284 1767 1314 similiter
1788 1283 1958 1314 diminutio
1981 1284 2182 1324 poenalitatis
2199 1294 2236 1314 ex
2252 1285 2504 1325 promptitudine

1439 1328 1621 1364 voluntatis,
1647 1327 1736 1368 quod
1759 1327 1834 1358 facit
1856 1328 1977 1364 caritas,
1997 1338 2065 1358 non
2089 1327 2237 1358 diminuit
2261 1328 2434 1359 efficaciam
2457 1339 2505 1360 sa-

1438 1372 1636 1408 tisfactionis,
1661 1372 1716 1402 sed
1739 1378 1843 1412 auget.

1494 1417 1545 1447 An
1569 1426 1704 1446 Tannum
1734 1426 1894 1446 monimum
1924 1416 2013 1456 quod
2044 1415 2187 1446 debitum
2214 1426 2273 1456 pro
2301 1422 2435 1456 peccato
2459 1423 2505 1448 est

1388 1475 1390 1477 ·
1439 1461 1695 1500 recompensatio
1720 1459 1870 1496 offensae,
1888 1469 1970 1500 quae
1994 1461 2061 1490 sine
2076 1470 2182 1500 poena
2198 1461 2360 1500 peccantis
2375 1471 2442 1492 non
2457 1461 2503 1492 fit.

1439 1505 1480 1535 Et
1503 1504 1542 1535 de
1565 1504 1620 1534 tali
1643 1504 1751 1535 debito
1774 1504 1947 1534 Anselmus
1970 1504 2126 1544 intelligit.

1602 1571 1701 1601 ART.
1727 1571 1764 1600 II.
1788 1581 1894 1600 orrum
1917 1581 2077 1601 FLAGELLA
2102 1581 2211 1601 omaus
2234 1581 2254 1600 A
2277 1581 2339 1601 mio

1527 1625 1559 1645 m
1582 1625 1644 1645 nac
1666 1625 1739 1645 νῙτΑ
1762 1624 1914 1651 mmmm,
1938 1624 2063 1645 Possmr
2087 1625 2323 1645 SATISFACTORIA
2346 1625 2415 1646 assa·

1502 1691 1522 1711 n
1542 1690 1704 1711 sncrmnum
1727 1690 1772 1710 sn:
1795 1690 1999 1711 PROCEDITUR.
2022 1679 2156 1711 Videtur
2177 1680 2266 1720 quod
2288 1680 2412 1720 flagella
2434 1683 2504 1721 qui—

1439 1694 1561 1755 Abus
1592 1735 1610 1754 a
1637 1725 1709 1755 Deo
1732 1725 1766 1754 in
1789 1725 1849 1754 hac
1871 1725 1935 1754 vita
1958 1725 2125 1764 punimur,
2149 1734 2217 1754 non
2239 1725 2363 1764 possint
2386 1725 2504 1755 satisfa-

1439 1770 1539 1799 ctoria
1554 1778 1631 1799 esse.
1655 1769 1742 1799 Nihil
1767 1769 1853 1799 enim
1875 1774 1982 1808 potest
1998 1778 2066 1798 esse
2082 1768 2325 1799 satisfactorium
2340 1769 2400 1799 nisi
2416 1769 2505 1809 quod

1439 1819 1486 1843 est
1507 1813 1728 1849 meritorium,
1759 1818 1795 1843 ut
1819 1822 1856 1842 ex
1881 1812 1971 1843 dictis
1987 1813 2003 1828 ⁴*
2026 1817 2123 1852 patet.
2155 1812 2219 1843 Sed
2247 1822 2315 1842 non
2344 1822 2505 1844 meremur

1438 1858 1499 1887 nisi
1522 1867 1579 1897 per
1595 1867 1632 1887 ea
1648 1867 1731 1897 quae
1747 1858 1780 1887 in
1796 1857 1889 1887 nobis
1909 1862 1983 1887 sunt
1998 1857 2024 1886 ἦ.
2051 1856 2136 1887 Cum
2153 1866 2228 1896 ergo
2245 1856 2369 1897 flagella
2388 1858 2504 1897 quibus

1439 1912 1457 1931 a
1480 1901 1551 1931 Deo
1575 1902 1738 1942 punimur,
1762 1910 1829 1931 non
1853 1901 1916 1931 sint
1938 1901 1971 1931 in
1994 1901 2098 1937 nobis,
2122 1900 2247 1931 videtur
2274 1901 2363 1941 quod
2386 1902 2505 1932 satisfa-

1440 1946 1539 1976 ctoria
1563 1955 1630 1976 esse
1653 1955 1721 1976 non
1744 1950 1890 1985 possunt.

1496 1999 1525 2019 2.
1549 1990 1745 2024 Pium-amaa,
1767 1989 1937 2019 satisfactio
1960 1994 2085 2019 tantum
2109 1989 2271 2020 bonorum
2287 1995 2342 2020 est.
2367 1989 2430 2020 Sed
2444 1991 2504 2021 hu-

1439 2033 1580 2064 iusmodi
1602 2033 1726 2073 flagella
1748 2034 1782 2063 in
1805 2033 1895 2063 malis
1918 2033 2123 2068 inducuntur,
2141 2038 2172 2063 et
2187 2034 2358 2074 praecipue
2382 2035 2426 2064 eis
2450 2034 2504 2064 de-

1439 2078 1563 2108 bentur.
1588 2078 1673 2117 Ergo
1696 2087 1765 2108 non
1787 2082 1924 2117 possunt
1947 2087 2014 2107 esse
2037 2076 2252 2108 satisfactoria.

1496 2122 1525 2152 3.
1549 2122 1745 2158 anzrnnaa,
1762 2121 1932 2151 satisfactio
1948 2122 2076 2161 respicit
2090 2127 2220 2161 peccata
2240 2122 2416 2162 praeterita.
2441 2122 2504 2153 Sed

1440 2165 1612 2206 aliquando
1636 2167 1694 2196 ista
1717 2165 1840 2206 flagella
1862 2164 2050 2205 infliguntur
2072 2165 2132 2195 illis
2149 2166 2205 2205 qui
2219 2171 2350 2206 peccata
2365 2175 2433 2196 non
2448 2167 2504 2196 ha-

381 2220 448 2241 non
476 2216 624 2251 oporteat
652 2210 722 2240 fieri
744 2216 809 2250 per·
829 2219 927 2250 opera
955 2210 1113 2250 poenalia.
1146 2209 1231 2247 Quia
1253 2219 1310 2250 per
1337 2219 1385 2239 sa·
1399 2218 1423 2238 4⁵
1439 2211 1531 2240 bent:
1556 2211 1638 2240 sicut
1661 2209 1700 2240 de
1724 2210 1779 2240 Iob
1803 2214 1890 2250 patet
1905 2210 1931 2239 ὓ.
1963 2210 2048 2249 Ergo
2072 2209 2196 2240 videtur
2226 2209 2316 2250 quod
2344 2219 2413 2240 non
2441 2211 2503 2241 sint

317 2254 532 2285 tisfactionem
563 2259 691 2295 oportet
720 2254 788 2284 fieri
815 2255 1149 2294 recompensationem
1178 2253 1218 2284 ad
1245 2253 1385 2284 divinam

317 2298 482 2329 offensam.
507 2298 571 2329 Sed
593 2299 681 2329 nulla
703 2299 959 2339 recompensatio
983 2298 1108 2329 videtur
1130 2297 1199 2328 fieri
1214 2307 1271 2339 per
1288 2307 1385 2338 opera

317 2343 482 2383 poenalia:
514 2343 590 2383 quia
611 2343 701 2373 Deus
730 2352 794 2373 non
823 2342 1002 2373 delectatur
1024 2343 1056 2372 in
1074 2343 1192 2382 poenis
1223 2343 1342 2372 nostris
1357 2343 1383 2372 ὓ.

318 2387 403 2427 Ergo
427 2393 647 2427 non-oportet
670 2387 917 2417 satisfactionem
940 2396 997 2427 per
1013 2396 1111 2427 opera
1133 2387 1282 2426 poenalia
1305 2386 1383 2416 fieri.

1439 2254 1654 2284 satisfactoria.

1494 2298 1556 2329 San
1581 2308 1704 2328 CONTRA
1728 2308 1781 2328 nsr
1804 2297 1893 2338 quod
1916 2297 2031 2328 dicitur
2044 2297 2138 2328 Rom.
2155 2308 2175 2326 v
2190 2299 2223 2327 ἣ
2244 2298 2423 2329 Tribulatio
2440 2307 2503 2339 pa-

1440 2343 1583 2373 tientiam
1608 2347 1771 2382 operatur,
1796 2342 1957 2382 patientia
1980 2347 2086 2372 autem
2110 2342 2357 2382 probationem:
2379 2342 2460 2373 idest
2482 2352 2503 2373 a

1433 2392 1568 2427 peccato
1586 2387 1830 2428 purgationem,
1854 2391 1891 2416 ut
1914 2386 2028 2416 Glossa
2043 2387 2059 2402 ³*
2082 2385 2202 2416 ibidem
2225 2385 2310 2416 dicit.
2339 2386 2423 2427 Ergo
2447 2386 2502 2417 fla-

375 2440 405 2461 2.
428 2431 624 2468 Plurimum,
649 2436 770 2471 quanto
798 2431 930 2471 aliquod
953 2440 1036 2471 opus
1060 2440 1098 2461 ex
1121 2431 1235 2461 maiori
1259 2431 1385 2461 caritate
1401 2442 1426 2462 ςο
1439 2431 1520 2471 gella
1543 2436 1674 2471 peccata
1696 2436 1842 2471 purgant.
1867 2430 1907 2460 Et
1930 2431 1975 2460 sic
1998 2435 2072 2460 sunt
2095 2430 2310 2460 satisfactoria.

317 2474 479 2516 procedit,
504 2481 592 2506 tanto
616 2476 723 2506 minus
747 2481 793 2505 est
815 2475 968 2515 poenale:
1002 2475 1078 2515 quia
1101 2475 1222 2506 caritas
1242 2481 1384 2515 poenam

318 2529 383 2550 non
407 2519 509 2555 habet,
534 2519 546 2549 I
570 2519 657 2550 Ioan.
675 2530 706 2549 1v
721 2521 747 2549 ὓ.
773 2519 806 2550 Si
822 2529 898 2559 ergo
915 2525 1043 2560 oportet
1067 2529 1165 2559 opera
1180 2518 1386 2549 satisfactoria

318 2573 386 2594 esse
409 2564 567 2604 poenalia,
592 2569 713 2604 quanto
737 2564 837 2604 magis
861 2569 935 2594 sunt
958 2573 996 2594 ex
1020 2564 1147 2594 caritate
1171 2563 1262 2600 facta,
1278 2564 1385 2594 minus

319 2615 411 2639 erunt
434 2608 648 2639 satisfactoria.
674 2608 773 2646 Quod
796 2607 912 2638 falsum
936 2614 991 2638 est.

1496 2484 1525 2505 2.
1550 2475 1746 2511 PRAETEREA‚
1770 2475 1958 2505 Ambrosius
1982 2473 2057 2504 dicit
2072 2475 2104 2504 *2
2128 2474 2200 2505 Etsi
2211 2474 2308 2515 fides,
2326 2474 2405 2504 idest
2428 2484 2503 2515 pec-

1440 2520 1501 2549 cati
1525 2520 1735 2555 conscientia,
1760 2519 1856 2555 desit,
1875 2528 1985 2559 poena
2007 2518 2176 2560 satisfacit.
2210 2519 2295 2558 Ergo
2319 2518 2504 2549 huiusmodi

1439 2563 1563 2603 flagella
1585 2569 1659 2594 sunt
1681 2563 1896 2593 satisfactoria.

1494 2608 1684 2638 Ruspoxmno
1708 2617 1867 2637 memnon
1883 2607 1972 2647 quod
1987 2607 2242 2647 recompensatio
2259 2606 2398 2637 offensae
2414 2616 2503 2647 prae-

375 2652 404 2683 3.
428 2653 624 2688 PRAETEREA,
649 2652 837 2688 satisfacere,
855 2658 897 2683 ·ut
921 2652 996 2683 dicit
1018 2652 1191 2682 Anselmus
1207 2653 1234 2688 ff,
1259 2658 1306 2682 est
1328 2652 1384 2682 ho-
1401 2662 1423 2682 55
1439 2652 1548 2682 teritae
1571 2657 1678 2692 potest
1693 2651 1762 2682 fieri
1778 2657 1809 2682 et
1824 2652 1862 2681 ab
1880 2661 1919 2682 eo
1937 2651 1993 2691 qui
2009 2650 2151 2687 offendit,
2169 2657 2200 2681 et
2215 2651 2253 2681 ab
2270 2651 2342 2681 alio.
2364 2650 2503 2689 Quando

318 2705 431 2727 norem
454 2697 593 2727 debitum
607 2697 678 2727 Deo
703 2697 894 2737 impendere.
919 2696 983 2728 Sed
998 2697 1061 2727 hoc
1077 2697 1172 2727 etiam
1196 2696 1263 2727 aliis
1287 2706 1386 2737 quam

319 2741 469 2780 operibus
492 2741 682 2781 poenalibus
705 2740 773 2771 fieri
795 2746 911 2781 potest.
936 2741 1022 2781 Ergo
1046 2740 1294 2772 satisfactionem
1317 2751 1385 2772 non

319 2790 448 2825 oportet
469 2785 659 2825 poenalibus
683 2786 834 2825 operibus
856 2785 934 2816 fieri.

1440 2702 1548 2727 autem
1571 2696 1607 2726 fit
1629 2697 1667 2726 ab
1692 2696 1765 2732 alio,
1789 2696 1858 2726 talis
1881 2696 2136 2735 recompensatio
2160 2695 2382 2725 vindicationis
2404 2696 2504 2735 magis

1441 2750 1538 2781 quam
1562 2740 1783 2771 satisfactionis
1806 2741 1962 2770 rationem
1986 2740 2097 2770 habet:
2123 2739 2253 2780 quando
2277 2745 2385 2769 autem
2406 2739 2443 2769 fit
2465 2740 2503 2769 ab

1439 2786 1511 2825 ipso
1528 2786 1585 2825 qui
1601 2784 1743 2821 offendit,
1761 2785 1856 2815 etiam
1871 2785 2028 2815 rationem
2043 2783 2264 2814 satisfactionis
2279 2784 2383 2814 habet.
2400 2783 2503 2819 Unde,

374 2829 437 2860 San
462 2839 585 2859 CONTRA
608 2839 663 2860 EST
686 2829 775 2869 quod
791 2829 965 2870 Gregorius
988 2829 1064 2860 dicit
1079 2831 1111 2860 *ε
1137 2830 1262 2860 Iustum
1286 2835 1333 2860 est
1351 2832 1387 2860 ut
1440 2830 1466 2859 si
1481 2828 1606 2869 flagella
1629 2838 1711 2869 quae
1734 2839 1794 2869 pro
1815 2829 1953 2869 peccatis
1970 2838 1987 2858 a
2003 2829 2074 2858 Deo
2090 2827 2286 2868 infliguntur,
2303 2827 2380 2858 fiant
2395 2828 2503 2867 aliquo

319 2917 407 2954 tiam,
431 2923 552 2958 quanto
576 2918 704 2948 maiora
728 2917 837 2948 intulit
859 2917 978 2948 damna
994 2927 1059 2958 per
1081 2919 1218 2959 culpam.

376 2971 405 2992 2.
428 2962 624 2998 Pluinnam,
641 2971 698 3002 per
714 2962 961 2992 satisfactionem
985 2968 1113 3002 oportet
1131 2963 1254 3003 peccati
1269 2962 1386 2993 vulnus

319 3007 421 3036 sanari
443 3006 594 3047 perfecte.
627 3006 690 3037 Sed
712 3011 919 3046 peccatorum
947 3007 1125 3037 medicinae
1147 3012 1223 3038 sunt
1238 3014 1387 3047 poenae:

311 2878 469 2914 peccator
487 2878 576 2904 tanto
601 2873 729 2904 maiora
751 2873 811 2904 sibi
834 2874 956 2915 inferat
978 2874 1119 2904 lamenta
1136 2884 1200 2914 per
1216 2874 1387 2914 poeniten-⁴
1399 2882 1426 2902 σο
1439 2873 1540 2904 modo
1570 2874 1670 2913 ipsius
1702 2874 1867 2913 patientis,
1897 2873 2054 2903 rationem
2084 2872 2303 2902 satisfactionis
2333 2872 2503 2912 accipiunt.

1440 2918 1537 2948 Fiunt
1560 2923 1667 2948 autem
1689 2918 1789 2957 ipsius
1807 2918 2000 2957 inquantum
2017 2926 2054 2947 ea
2069 2921 2212 2956 acceptat
2227 2915 2267 2947 ad
2281 2917 2504 2956 purgationem

1440 2967 1658 3002 peccatorum,
1675 2962 1720 2992 eis
1743 2967 1836 2992 utens
1859 2962 2024 3002 patienter.
2049 2961 2081 2992 Si
2100 2965 2207 2991 autem
2230 2961 2365 2991 omnino
2389 2961 2433 2990 eis
2448 2970 2504 3000 per

1439 3007 1671 3046 impatientiam
1695 3005 1866 3041 dissenn'at‚
1891 3011 1968 3036 tunc
1991 3015 2059 3036 non
2083 3004 2262 3035 efficiuntur
2281 3005 2388 3045 aliquo
2404 3004 2503 3034 modo

197 3063 203 3074 ν
230 3063 236 3070 ·
272 3059 292 3096 ‚⁴
319 3055 355 3081 ut
377 3050 592 3091 Philosophus
615 3050 706 3087 dicit,
731 3050 757 3080 11
780 3050 884 3081 Ethic.
901 3052 918 3067 ἦ
948 3051 1034 3091 Ergo
1065 3057 1194 3091 oportet
1217 3050 1306 3091 quod
1329 3060 1387 3091 per
1440 3051 1549 3091 ipsius.
1574 3051 1615 3080 Et
1630 3049 1704 3080 ideo
1720 3059 1788 3080 non
1804 3050 1922 3080 habent
1938 3050 2095 3080 rationem
2119 3049 2349 3085 satisfactionis,
2367 3048 2422 3079 sed
2436 3049 2504 3079 vin-

12 3274 17 3297 ι’
27 3308 29 3310 q
81 3277 92 3288 ·
98 3275 134 3298 Cf.
141 3279 293 3306 quamam-3.

319 3094 468 3135 poenalia
491 3104 589 3135 opera
611 3095 782 3125 satisfactio
806 3094 869 3125 fiat.

374 3139 564 3170 Rnsronnno
587 3149 748 3170 monimum
771 3138 861 3179 quod
888 3138 1059 3170 satisfacu'o
1087 3145 1268 3179 respectum
1291 3139 1387 3169 habet

322 3187 353 3212 et
375 3182 415 3213 ad
437 3184 639 3223 praeteritam
663 3183 828 3220 offensam,
844 3193 903 3224 pro
920 3193 984 3223 qua
1007 3184 1262 3224 recompensatio
1278 3182 1315 3214 fit
1329 3193 1386 3223 per

321 3225 584 3264 satisfactionem
616 3233 648 3258 et
671 3228 766 3258 etiam
793 3227 833 3258 ad
857 3227 997 3258 futuram
1027 3228 1172 3268 culpam,
1197 3237 1216 3258 a
1239 3237 1303 3268 qua
1329 3237 1386 3267 per

1400 3103 1423 3129 65
1441 3095 1608 3125 dicationis
1631 3099 1765 3124 tantum.

1495 3139 1546 3169 An
1570 3149 1686 3169 parrum
1709 3147 1792 3168 ERGO
1816 3147 1976 3168 memnon
2005 3137 2110 3178 quod,
2135 3138 2280 3178 quamvis
2308 3137 2360 3167 illa
2382 3136 2505 3176 flagella

1439 3193 1507 3214 non
1531 3183 1593 3213 sint
1616 3183 1750 3213 omnino
1774 3183 1808 3213 in
1830 3188 1987 3223 potestate
2009 3187 2127 3218 nosna,
2151 3187 2258 3212 tamen
2285 3186 2442 3221 quantum
2465 3180 2504 3210 ad

1440 3227 1560 3268 aliquid
1584 3232 1667 3263 sunt,
1683 3232 1720 3257 ut
1735 3226 1855 3257 scilicet
1878 3227 1922 3257 eis
1945 3227 2101 3266 patienter
2123 3231 2259 3256 utamur.
2284 3226 2325 3255 Et
2340 3226 2384 3255 sic
2402 3225 2503 3255 homo

2534 371 2544 381 ·
2558 370 2625 398 ibid„
2639 370 2667 392 aa
2681 378 2706 398 4.

2534 852 2543 862 ¹
2566 850 2601 872 Cs.
2626 857 2672 879 arg.
2697 852 2745 873 Sed

2533 879 2593 899 cont.
2609 883 2628 900 2.

2532 1822 2541 1832 “
2553 1820 2600 1848 Qu.
2610 1827 2657 1846 xiv,
2672 1824 2712 1843 art.
2722 1827 2741 1849 3.

2532 1860 2542 1870 ·
2550 1859 2586 1881 Cf.
2593 1859 2636 1880 1⁸²¹ln
2642 1859 2696 1885 ΠΜ,
2719 1866 2740 1882 u.

2532 1892 2592 1912 cxiv,
2601 1889 2642 1908 art.
2654 1893 2671 1913 1,
2680 1893 2703 1913 4,
2727 1902 2732 1908 .

2529 2212 2539 2223 ·
2549 2211 2589 2233 Iob
2599 2217 2650 2239 cap.
2662 2217 2676 2239 ι,
2688 2218 2712 2233 n.

2530 2305 2540 2314 '¹
2554 2303 2620 2325 Vers.
2636 2310 2657 2332 3,
2671 2310 2693 2330 4.

2530 2392 2540 2403 ·
2547 2391 2622 2412 Interl.
2629 2393 2651 2411 et
2656 2390 2739 2412 Lomb.

2531 2477 2740 2505 ‘Sup.Ps.CXVIII‚

2531 2510 2740 2552 sermavnifflm-

2530 2531 2671 2584 ἕῖιειξῖἒῖἰο,
2687 2537 2740 2579 ἀὶηειὲ

2531 2583 2570 2610 111,
2581 2583 2610 2605 de
2623 2584 2713 2606 Poenit.

321 3279 392 3300 eam
407 3279 645 3310 praeservamur
656 3273 683 3302 *.
699 3272 741 3303 Et
756 3277 914 3312 quantum
934 3271 973 3302 ad
996 3277 1170 3312 utrumque
1185 3272 1282 3312 exigit
1297 3271 1386 3312 quod
1431 3272 1522 3313 facit
1544 3271 1583 3302 de
1606 3271 1792 3301 necessitate
1821 3271 1971 3301 virtutem
1987 3272 2013 3301 ³⁶.
2044 3270 2137 3301 Unde
2165 3276 2196 3300 et
2218 3270 2379 3300 meritoria
2402 3274 2433 3299 et
2456 3279 2504 3299 sa·
2531 3276 2541 3285 ·
2555 3273 2649 3295 Hieron·
2667 3273 2739 3301 Epist·

321 3314 492 3345 satisfactio
521 3325 579 3355 per
601 3325 699 3356 opera
728 3316 877 3356 poenalia
904 3315 968 3347 fiat.
998 3316 1268 3356 Recompensatio
1300 3316 1386 3347 enim
1400 3329 1427 3350 70
1440 3315 1611 3346 tisfactoria
1634 3325 1702 3346 esse
1724 3320 1869 3355 possunt.

322 3357 462 3389 offensae
484 3359 636 3399 importat
658 3359 925 3400 adaequationem
955 3370 1053 3400 quam
1076 3365 1205 3401 oportet
1228 3369 1295 3390 esse
1318 3361 1386 3390 eius

322 3403 379 3443 qui
402 3401 536 3434 offendit
550 3403 590 3434 ad
606 3405 730 3434 eumin
745 3414 844 3445 quem
867 3404 989 3435 offensa
1012 3405 1182 3435 commissa
1203 3409 1259 3434 est.
1283 3403 1386 3435 Adae-

322 3447 432 3487 quatio
453 3452 560 3478 autem
575 3448 609 3478 in
623 3448 764 3478 humana
786 3449 904 3479 iustitia
926 3448 1097 3479 attenditur
1119 3458 1177 3489 per
1199 3449 1386 3479 subn-actio-

1496 3361 1547 3390 An
1571 3369 1732 3390 SECUNDUM
1755 3369 1915 3389 mmmmm
1939 3358 2038 3399 quod,
2062 3359 2144 3389 sicut
2166 3368 2207 3388 ex
2230 3357 2339 3388 eodem
2364 3357 2448 3398 igne,
2468 3362 2504 3387 ut

1442 3403 1615 3444 Gregorius
1631 3405 1647 3420 ³*
1671 3403 1756 3439 dicit,
1772 3413 1890 3433 aurum
1914 3403 2029 3433 rutilat
2051 3408 2082 3433 et
2097 3403 2197 3443 palea
2211 3402 2334 3443 fumat,
2350 3402 2393 3431 ita
2409 3401 2503 3431 etiam

1442 3448 1562 3479 eisdem
1577 3447 1708 3488 flagellis
1725 3452 1756 3478 et
1770 3447 1849 3477 boni
1864 3452 2048 3487 purgantur,
2066 3451 2097 3477 et
2116 3446 2192 3477 mali
2207 3446 2306 3486 magis
2325 3444 2504 3475 infitiuntur

321 3500 397 3521 nem
413 3491 451 3521 ab
475 3500 542 3521 uno
567 3492 623 3531 qui
645 3491 718 3532 plus
740 3492 852 3523 habuit
873 3493 969 3529 iusto,
987 3498 1018 3523 et
1041 3492 1237 3524 additionem
1255 3491 1296 3523 ad
1311 3492 1387 3523 alte-
1440 3501 1498 3532 per
1520 3492 1761 3532 impatientiam.
1787 3491 1828 3521 Et
1850 3490 1934 3527 ideo,
1959 3491 2104 3531 quamvis
2126 3490 2249 3530 flagella
2273 3490 2334 3520 sint
2357 3498 2503 3519 commu-

322 3545 394 3566 rum
410 3536 462 3566 cui
478 3535 674 3566 subtractum
690 3541 737 3566 est
751 3536 881 3577 aliquid.
902 3537 973 3568 Deo
989 3542 1097 3568 autem
1113 3537 1268 3578 quamviS,
1286 3546 1386 3578 quan-
1400 3550 1424 3571 75
1440 3537 1502 3573 nia,
1526 3542 1634 3567 tamen
1656 3535 1826 3566 satisfactio
1850 3540 1974 3566 tantum
1998 3540 2045 3565 est
2066 3535 2238 3565 bonorum.

2530 3300 2639 3348 aas·
2659 3300 2687 3326 x·
2709 3300 2742 3321 αα

2530 3405 2672 3480 bfuit?
2689 3405 2740 3459 0⁰53:

2530 3465 2544 3479 Υ
2563 3465 2577 3480 1.
