2878 4088
94 344 105 354 '¹
119 342 176 369 Cap.
192 348 222 368 ιιι,
237 347 260 363 ιι.
270 347 306 370 ⁴5·

94 564 105 574 ‘¹
127 562 164 585 Cf.
188 568 235 590 arg.
260 562 308 584 Sed

93 591 178 611 contra
193 595 214 611 2.

94 736 105 745 ⁴
126 733 151 756 ln
173 740 280 762 corpore.
297 746 306 750 -

95 760 152 788 cup.
169 767 201 783 xi.

94 960 106 971 ‘
118 959 188 982 Vei-⁸.
201 959 237 982 ²6.

89 1531 185 1589 m.
194 1532 224 1555 nd
236 1539 255 1559 ι,
269 1532 309 1554 Vel

93 2065 104 2075 ·
125 2063 160 2086 Ex
179 2063 256 2091 Beda,
279 2063 306 2085 In

93 2089 176 2112 Marci
188 2089 306 2119 Εναςει.

93 2116 246 2146 &poda-d
254 2122 304 2144 etp.

93 2149 268 2193 &¹2:323st
281 2170 307 2191 ιη

94 2196 179 2219 uati».
186 2202 306 2224 cupaxrv,

93 2228 218 2272 ὥθ’
241 2228 307 2246 ³⁰³¹·

91 2377 103 2388 ·
124 2375 183 2403 cup.
201 2381 226 2398 ιι.
242 2387 253 2392 -
269 2375 306 2398 Cf.

93 2402 124 2424 de
133 2402 215 2430 Caelo,
225 2402 266 2424 nb.
276 2402 306 2429 11,

94 2433 148 2452 text.
164 2435 220 2451 xui.

95 2510 106 2520 ·
119 2508 155 2532 cf.
173 2508 196 2530 b.
215 2508 305 2556 *¹¹3³*

94 2534 228 2589 zum
238 2567 260 2589 7.
277 2539 307 2556 Μ’

95 2597 106 2608 ·
119 2598 177 2624 Aru.
191 2603 212 2619 2.

97 2993 108 3004 ·
123 2991 190 3014 vern.
204 2993 241 3015 2⁶.

96 3351 108 3363 ”
117 3349 178 3373 ῠὶιῐ.
188 3356 262 3376 xuni,
269 3355 309 3377 qu.

97 3382 114 3399 ιι
132 3380 174 3408 nrt,
184 3383 197 3406 3
213 3376 258 3405 qn·
271 3383 290 3398 ι.
299 3387 309 3392 -

97 3393 134 3426 c’f.
166 3409 190 3425 ιιι
235 3420 241 3430 ,
269 3408 307 3431 qu.

95 3435 173 3458 uxiv,
188 3433 231 3452 nrt.
246 3435 269 3457 7.

975 169 1238 216 QUAESTIO
1267 168 1432 214 LXXIII,
1453 168 1746 207 ARTICULUS
1775 171 1817 216 11,
1837 171 1882 207 ΙΙΙ

335 246 424 276 tinue
447 245 625 276 Ecclesiam
649 256 740 277 suam
763 248 876 277 visitat.
902 247 946 277 lta
971 247 1061 288 quod
1084 247 1176 282 forte,
1193 248 1219 277 si
1238 247 1404 287 diligenter

335 289 525 326 advertatur,
542 290 669 321 nullum
693 301 806 322 eorum
829 292 991 322 invenitur
1006 291 1046 322 ad
1061 291 1206 322 futurum
1230 291 1404 322 adventum

334 334 511 373 pertinere,
534 340 571 365 ut
599 335 667 375 ipse
692 334 767 366 dicit
783 337 816 365 ἢ
849 337 925 376 quia
947 337 1037 376 signa
1060 345 1143 376 quae
1166 337 1200 366 in
1223 336 1404 376 Evangeliis

334 383 519 417 tanguntur,
543 379 626 410 sicut
648 389 776 420 pugnae
801 385 832 410 et
855 386 989 411 terrores
1014 386 1045 411 et
1067 379 1264 416 huiusmodi,
1282 390 1300 410 a
1318 381 1404 420 prin-

335 422 421 462 cipio
438 422 571 453 humani
586 425 711 464 generis
727 423 873 460 fuerunt;
898 425 958 455 nisi
981 423 1064 455 forte
1080 424 1202 455 dicatur
1222 424 1312 464 quod
1326 429 1404 455 tunc

334 467 488 506 temporis
512 469 613 508 magis
636 468 840 499 invalescent.
865 468 929 499 Sed
951 468 1130 499 secundum
1154 478 1252 508 quam
1274 478 1405 499 mensu-

334 520 403 540 ram
419 512 592 542 crescentia
608 513 750 543 vicinum
767 512 942 543 adventum
958 512 1159 548 denuntient,
1171 514 1331 543 incertum
1347 518 1403 543 est.

391 554 487 595 Signa
509 565 586 586 vero
610 566 693 597 quae
717 557 937 598 Hieronymus
960 558 1053 597 ponit
1069 558 1102 592 ὕ,
1123 566 1192 587 non
1215 557 1333 592 asserit,
1350 556 1406 587 sed

334 599 368 629 in
405 599 571 631 annalibus
603 601 827 631 Hebraeorum
858 611 892 631 se
921 611 958 631 ea
987 602 1103 641 scripta
1135 601 1288 641 reperisse
1319 600 1404 631 dicit.

335 642 428 680 Quae
453 645 548 675 etiam
563 644 655 675 valde
678 654 793 685 parum
815 645 1097 675 verisimilitudinis
1120 645 1247 675 habent.

391 687 442 717 Ar>
466 698 584 718 ramim
606 698 690 719 unco
714 699 891 725 DICENDUM,
916 689 1096 719 secundum
1118 689 1348 728 Augustinum,
1372 689 1406 719 in

335 731 417 762 libro
441 732 484 763 ad
498 732 701 773 Hesychium
724 733 888 773 praedicto
905 734 932 769 ¹⁵,
953 732 1043 773 quod
1066 734 1148 763 circa
1171 732 1270 763 finem
1291 732 1406 763 mundi

336 776 393 806 erit
416 778 597 816 persecutio
621 777 781 808 malorum
804 782 916 807 contra
938 777 1060 807 bonos:
1085 776 1173 807 unde
1189 777 1285 807 simul
1306 777 1404 816 aliqui

334 820 504 856 timebunt,
521 821 641 851 scilicet
657 821 754 857 boni;
777 826 809 851 et
825 821 924 861 aliqui
941 822 1044 851 securi
1061 826 1164 856 erunt,
1181 821 1302 851 scilicet
1317 821 1403 851 mali.

335 863 435 901 Quod
457 869 566 895 autem
588 864 713 900 dicitur,
732 865 814 895 Cum
829 864 983 901 dixerint,
998 865 1072 895 Pax
1097 870 1128 895 et
1149 865 1316 901 securitas,
1333 870 1404 901 etc„

335 907 375 938 ad
397 908 500 939 malos
523 908 727 939 referendum
755 914 818 945 est,
843 910 900 949 qui
930 909 1019 949 signa
1042 909 1141 939 futuri
1164 908 1274 940 iudicii
1301 910 1405 950 parvi-

334 951 486 992 pendent.
510 952 562 983 Ad
585 953 690 983 bonos
705 962 782 983 vero
806 954 945 993 pertinet
968 953 1059 994 quod
1082 953 1197 984 dicitur
1212 954 1291 984 Luc.
1308 955 1403 984 xxr‘:

334 996 559 1027 Arescentibus
581 997 772 1033 hominibus,
798 1003 858 1028 etc.

389 1040 450 1070 Vel
472 1046 579 1081 potest
603 1041 665 1072 dici
689 1041 779 1081 quod
803 1042 913 1072 omnia
936 1042 989 1072 illa
1012 1043 1101 1082 signa
1125 1052 1208 1082 quae
1224 1043 1306 1072 circa
1322 1042 1404 1073 iudi—

334 1084 421 1114 cium
445 1091 548 1121 erunt,
572 1085 655 1116 infra
677 1091 805 1126 tempus
828 1086 938 1117 iudicii
962 1092 1200 1126 computantur⁷
1218 1092 1253 1117 ut
1269 1087 1314 1117 sic
1337 1086 1404 1117 dies

333 1127 443 1159 iudicii
460 1131 570 1160 omnia
585 1130 640 1160 illa
659 1131 832 1161 contineat.
856 1130 960 1166 Unde,
978 1131 1123 1171 quamvis
1139 1141 1178 1161 ex
1193 1131 1290 1171 signis
1306 1140 1403 1171 appa-

333 1173 477 1204 rentibus
493 1175 576 1205 circa
592 1173 678 1205 diem
700 1174 811 1206 iudicii
833 1175 983 1206 homines
1005 1181 1191 1211 terreantur,
1208 1181 1281 1206 ante
1296 1181 1404 1206 tamen

334 1226 433 1257 quam
456 1218 545 1258 signa
567 1219 621 1249 illa
644 1229 797 1259 apparere
827 1220 997 1260 incipiant,
1022 1221 1056 1250 in
1078 1229 1158 1260 pace
1182 1226 1214 1250 et
1236 1221 1404 1251 securitate

333 1261 425 1302 impii
445 1272 481 1295 se
503 1272 572 1294 esse
596 1263 736 1300 credent,
752 1269 826 1304 post
845 1270 984 1294 mortem
999 1264 1185 1294 Antichristi
1210 1274 1278 1295 non
1299 1265 1404 1295 statim

333 1305 478 1337 videntes
501 1307 661 1338 mundum
685 1309 913 1344 consummari,
935 1314 971 1339 ut
994 1309 1082 1348 prius
1105 1309 1336 1339 existimabant.

390 1350 441 1381 An
465 1361 628 1382 sncunmm
646 1362 807 1383 montinum
822 1352 913 1393 quod
936 1352 1003 1384 dies
1027 1353 1160 1383 Domini
1184 1352 1300 1383 dicitur
1322 1353 1407 1383 sicut

325 1393 394 1435 fur
415 1396 534 1432 venire,
552 1397 628 1436 quia
642 1397 807 1437 ignoratur
823 1397 1070 1428 determinatum
1087 1402 1225 1437 tempus,
1243 1397 1333 1438 quod
1348 1406 1406 1441 per

334 1439 424 1478 signa
446 1440 500 1471 illa
524 1442 678 1481 cognosci
701 1451 769 1472 non
792 1442 920 1482 poterit.
951 1442 1107 1480 Quamvis
1139 1442 1235 1472 etiam
1263 1442 1322 1472 sub
1353 1441 1406 1472 die

334 1482 444 1513 iudicii
461 1485 692 1525 comprehendi
714 1487 838 1526 possint
857 1487 966 1516 omnia
981 1486 1034 1516 illa
1049 1485 1306 1516 manifestissima
1322 1495 1405 1526 quae

335 1527 519 1560 immediate
542 1529 745 1569 praecedent,
769 1535 806 1561 ut
829 1529 951 1561 dictum
975 1536 1022 1560 est
1037 1531 1063 1560 ἦ

390 1571 442 1602 An
465 1583 600 1604 murum
620 1584 782 1605 memnon
797 1574 887 1615 quod
909 1575 943 1605 in
966 1575 1072 1614 primo
1096 1574 1235 1605 adventu
1259 1574 1404 1605 Christus

334 1616 423 1646 venit
437 1618 601 1648 occultus:
627 1620 774 1658 quamvis
790 1618 1037 1649 determinatum
1060 1624 1188 1659 tempus
1212 1624 1294 1649 esset
1316 1619 1404 1658 prius

334 1662 579 1701 praecognitum
603 1672 621 1692 a
644 1663 820 1703 prophetis.
848 1663 890 1693 Et
912 1662 986 1693 ideo
1010 1673 1078 1693 non
1102 1663 1272 1704 oportebat
1294 1663 1404 1694 huius-

333 1704 425 1735 modi
447 1706 537 1746 signa
559 1707 593 1736 in
616 1707 722 1747 primo
747 1707 887 1738 adventu
914 1716 1075 1747 apparere,
1101 1709 1183 1738 sicut
1205 1707 1406 1747 apparebunt

333 1748 368 1779 in
391 1749 535 1781 secundo
567 1750 725 1787 adventu,
749 1752 783 1782 in
807 1761 874 1792 quo
897 1750 1085 1782 manifestus
1109 1752 1232 1782 veniet:
1258 1753 1405 1791 quamvis

334 1791 582 1825 determinatum
605 1800 734 1836 tempus
757 1797 797 1826 sit
820 1796 996 1826 occultum.

356 1859 456 1890 ART.
475 1859 512 1890 11.
537 1870 642 1890 urium
666 1871 757 1891 cmm
781 1871 923 1891 tunicum
947 1871 1110 1891 SECUNDUM
1133 1871 1185 1891 xm
1207 1871 1383 1892 vamum-nu

601 1914 658 1935 sor.
681 1915 719 1935 er
742 1915 824 1935 uma
848 1915 1042 1936 onscunmm
1065 1915 1132 1936 smr

399 1979 419 1999 n
448 1979 612 2001 szcunnun
639 1981 685 2001 stc
709 1981 914 2002 Paocnmrun.
944 1970 1079 2001 Videtur
1102 1970 1192 2011 quod
1216 1971 1299 2001 circa
1323 1971 1405 2002 iudi-

399 2014 487 2045 cium
507 2015 687 2046 secundum
707 2016 753 2046 rei
773 2016 938 2046 veritatem
962 2015 1011 2046 sol
1032 2021 1063 2045 et
1078 2015 1155 2046 luna
1183 2016 1404 2046 obscurentur.

334 2058 436 2097 Quia,
461 2065 497 2089 ut
527 2059 603 2090 dicit
633 2060 800 2095 Rabanus,
831 2069 930 2100 super
952 2060 1068 2090 Matth.
1085 2061 1117 2096 *‚
1151 2060 1232 2090 nihil
1249 2060 1408 2100 prohibet

334 2103 518 2145 intelligere
541 2109 618 2134 tunc
641 2104 793 2144 temporis
821 2104 981 2135 veraciter
1002 2104 1103 2134 solem
1127 2109 1158 2134 et
1180 2104 1308 2140 lunam,
1333 2114 1406 2135 cum

243 2149 280 2170 ’4-
295 2154 306 2160 ·
333 2147 492 2179 sideribus
515 2148 645 2184 ceteris,
669 2158 729 2179 suo
754 2148 875 2179 lumine
895 2148 1046 2189 privari:
1068 2158 1131 2189 quo
1156 2148 1252 2179 modo
1276 2149 1316 2180 de
1337 2150 1406 2180 sole

334 2197 462 2223 constat
474 2193 607 2234 factum
631 2202 699 2223 esse
721 2198 864 2233 tempore
886 2193 1080 2224 Dominicae
1095 2193 1270 2233 passionis.

390 2245 420 2267 2.
437 2236 633 2273 Prmz‘mnu,
646 2237 701 2268 lux
718 2246 893 2278 corporum
910 2237 1094 2268 caelestium
1110 2237 1151 2268 ad
1165 2238 1405 2277 generationem

333 2279 524 2311 inferiorum
548 2291 723 2322 corporum
747 2281 928 2312 ordinatur:
954 2282 1030 2322 quia
1052 2291 1110 2322 per
1126 2291 1197 2312 eam
1215 2281 1356 2312 influunt
1371 2283 1405 2312 in

333 2325 413 2356 haec
428 2324 589 2370 inferiora,
607 2331 638 2356 et
653 2335 721 2356 non
740 2326 847 2357 solum
863 2335 920 2366 per
938 2331 1076 2362 motum,
1094 2331 1129 2357 ut
1145 2326 1221 2357 dicit
1235 2327 1404 2363 Averroes,

333 2369 368 2399 in
383 2369 465 2399 libro
482 2369 521 2400 de
536 2369 722 2401 Substantia
742 2370 838 2401 Orbis
853 2371 879 2401 θ.
905 2370 968 2401 Sed
983 2376 1061 2401 tunc
1077 2371 1240 2411 generatio
1260 2371 1403 2401 cessabit.

333 2413 420 2454 Ergo
443 2423 504 2444 nec
528 2414 582 2444 lux
605 2415 638 2445 in
663 2415 851 2445 caelestibus
875 2415 1064 2455 corporibus
1088 2415 1273 2445 remanebit.

392 2458 421 2488 3.
440 2458 636 2495 Pfflmnm,
654 2458 804 2490 inferiora
821 2469 957 2500 corpora
972 2460 1204 2500 purgabuntur,
1221 2465 1257 2490 ut
1274 2460 1403 2500 quibus-

334 2501 408 2532 dam
424 2503 440 2519 ⁴*
456 2502 590 2539 videtur,
608 2513 626 2533 a
646 2503 851 2544 qualitatibus
874 2504 991 2544 quibus
1015 2509 1122 2544 agunt.
1151 2503 1280 2544 Corpus
1297 2510 1405 2535 autem

335 2546 470 2577 caeleste
493 2556 561 2577 non
584 2548 691 2578 solum
719 2549 782 2588 agit
804 2557 861 2588 per
884 2554 1028 2585 motum,
1052 2548 1108 2578 sed
1137 2558 1194 2588 per
1217 2549 1345 2585 lumen,
1370 2554 1406 2579 ut

335 2589 458 2620 dictum
481 2597 528 2621 est
543 2592 570 2621 *.
594 2591 691 2632 Ergo,
715 2593 797 2622 sicut
818 2598 928 2623 motus
951 2593 1031 2623 caeli
1054 2593 1205 2629 cessabit,
1229 2594 1272 2623 ita
1294 2593 1405 2624 lumen

335 2643 511 2674 corporum
535 2635 730 2666 caelestium.

391 2678 454 2710 San
479 2688 602 2709 con-rm.
625 2689 679 2710 its-r
696 2680 796 2720 quod,
813 2680 993 2711 secundum
1012 2681 1201 2721 astrologos,
1217 2681 1267 2711 sol
1283 2686 1314 2711 et
1329 2681 1406 2712 luna

335 2723 431 2753 simul
447 2723 592 2763 eclipsim
615 2725 681 2763 pati
704 2734 772 2755 non
795 2730 942 2764 possunt.
967 2725 1030 2756 Sed
1053 2725 1106 2756 illa
1128 2725 1312 2756 obscuratio
1329 2726 1405 2756 solis

337 2773 368 2798 et
382 2767 478 2798 lunae
502 2767 598 2798 simul
622 2777 690 2798 esse
713 2767 838 2805 dicitur,
855 2769 999 2799 Domino
1019 2769 1058 2800 ad
1074 2768 1231 2800 iudicium
1246 2770 1404 2800 veniente.

335 2811 422 2852 Ergo
453 2821 522 2842 non
553 2812 611 2842 erit
641 2812 824 2843 obscuratio
854 2813 1034 2844 secundum
1063 2814 1108 2844 rei
1138 2814 1319 2850 veritatem,
1348 2823 1406 2854 per

335 2855 473 2887 modum
497 2856 622 2896 eclipsis
646 2857 807 2887 naturalis.

393 2909 423 2931 2.
447 2900 643 2936 Pinarum,
660 2910 727 2931 non
744 2902 893 2941 congruit
914 2901 1001 2932 idem
1025 2911 1093 2932 esse
1117 2911 1246 2932 causam
1262 2901 1405 2933 defectus

336 2945 471 2975 alicuius
494 2945 540 2975 rei
564 2950 594 2975 et
614 2946 787 2985 augmenti.
813 2945 885 2981 Sed,
902 2946 1051 2976 veniente
1067 2945 1222 2982 Domino,
1239 2945 1294 2976 lux
1309 2946 1405 2977 lumi-

335 2989 462 3020 narium
484 2990 683 3029 promittitur
706 2989 867 3030 augenda:
893 2989 980 3020 unde
1004 2990 1101 3020 Isaiae
1121 3000 1181 3020 xxx
1198 2991 1225 3026 *,
1247 2990 1324 3020 Erit
1347 2991 1405 3021 lux

337 3033 435 3064 lunae
457 3034 541 3064 sicut
563 3034 622 3064 lux
637 3034 726 3070 solis,
743 3039 774 3064 et
789 3035 848 3064 lux
863 3034 942 3065 solis
957 3034 1210 3075 septempliciter.
1235 3034 1321 3074 Ergo
1337 3044 1405 3065 non

2450 171 2520 208 163

1512 248 1564 278 An
1580 258 1698 278 Panum
1718 258 1801 278 nmo
1818 258 1977 279 monimum
1993 249 2083 289 quod
2097 251 2248 281 Rabanus
2264 251 2407 291 loquitur
2423 261 2524 291 quan·

1458 297 1530 322 tum
1553 292 1593 323 ad
1616 298 1744 332 tempus
1767 292 1923 323 iudicium
1946 294 2149 333 praecedens.

1514 337 1565 366 An
1582 346 1743 367 sncunntm
1759 346 1917 366 DICENDUM
1934 337 2023 376 quod
2039 338 2093 368 lux
2109 344 2155 368 est
2170 339 2203 369 in
2221 340 2408 379 corporibus
2425 340 2524 370 caele-

1459 381 1559 411 stibus
1574 390 1642 411 non
1658 381 1764 411 solum
1784 380 1823 411 ad
1840 380 2037 411 causandum
2060 383 2298 421 generationem
2315 384 2347 413 in
2363 384 2428 414 istis
2445 383 2524 414 infe-

1427 434 1435 454 ς
1459 425 1610 462 rioribus,
1635 425 1691 456 sed
1714 426 1810 455 etiam
1834 424 1873 455 ad
1897 434 2009 455 eorum
2040 426 2271 465 perfectionem
2303 433 2333 457 et
2364 427 2523 458 decorem.

1460 468 1555 500 Unde
1577 479 1646 500 non
1669 474 1798 509 oportet
1821 469 1921 509 quod,
1939 474 2081 499 cessante
2104 472 2319 509 generatione,
2336 472 2390 502 lux
2409 482 2524 512 corpo-

1459 522 1532 543 rum
1557 514 1742 544 caelestium
1765 519 1876 549 cesset,
1901 513 1957 543 sed
1978 514 2079 553 magis
2103 520 2263 553 augeatur.

1515 557 1566 587 An
1590 568 1725 588 ‘manum
1747 567 1908 588 mensuum
1927 557 2017 597 quod
2040 567 2107 588 non
2123 558 2247 588 videtur
2270 568 2337 589 esse
2360 560 2524 599 probabile

1461 601 1550 641 quod
1583 602 1750 642 qualitates
1780 602 1988 632 elementares
2018 602 2057 631 ab
2091 602 2255 632 elementis
2286 610 2523 639 removeantur,

1422 653 1447 668 ¹⁰
1461 647 1607 685 quamvis
1631 646 1763 686 quidam
1785 647 1848 677 hoc
1871 646 2048 686 posuerint.
2082 645 2115 676 Si
2138 652 2246 677 tamen
2276 654 2524 683 removerentur,

1460 699 1528 719 non
1552 695 1598 720 est
1621 690 1724 720 simile
1748 690 1788 720 de
1811 692 1856 721 eis
1880 695 1911 720 et
1934 689 1974 720 de
1995 690 2085 720 luce:
2111 700 2151 720 eo
2169 690 2257 730 quod
2281 691 2446 730 qualitates
2463 693 2525 722 ele-

1460 739 1619 764 mentares
1641 735 1760 764 habent
1783 734 1822 765 ad
1845 735 1985 765 invicem
2017 735 2289 771 contrarietatem,
2314 735 2399 765 unde
2429 742 2526 776 agunt

1461 778 1721 818 corrumpendo;
1745 779 1799 809 lux
1824 784 1932 809 autem
1954 788 2023 809 non
2042 784 2088 809 est
2104 779 2298 819 principium
2322 780 2455 810 actionis
2471 790 2527 820 per

1460 822 1544 852 viam
1569 823 1808 859 contrarietatis,
1825 822 1881 853 sed
1904 832 1962 863 per
1983 823 2068 853 viam
2091 823 2239 864 principii
2263 824 2434 864 regulantis
2450 834 2527 854 con—

1421 877 1444 897 ις
1460 866 1552 896 traria
1577 872 1607 896 et
1630 866 1671 897 ad
1694 867 1901 897 concordiam
1924 867 2115 898 reducentis.
2131 886 2154 890 -
2168 868 2236 898 Nec
2253 873 2299 898 est
2315 869 2409 898 etiam
2426 869 2526 899 simile

1460 909 1500 940 de
1515 916 1609 941 motu
1625 920 1800 951 corporum
1818 912 2013 942 caelestium.
2027 912 2136 942 Motus
2149 913 2235 942 enim
2248 918 2294 943 est
2305 917 2396 943 actus
2412 913 2526 953 imper-

1450 955 1537 996 fecti
1553 955 1579 985 *.
1611 955 1705 986 Unde
1730 961 1761 986 et
1783 956 1853 986 tolli
1877 955 1971 986 debet
2001 956 2132 996 quando
2164 957 2293 987 tolletur
2315 957 2526 997 imperfectio.

1460 998 1559 1037 Quod
1584 999 1623 1030 de
1646 1000 1719 1030 luce
1742 1009 1810 1030 non
1834 1006 1940 1040 potest
1964 1000 2036 1030 dici.

1640 1084 1740 1114 ART.
1769 1084 1819 1114 III.
1851 1094 1956 1114 unium
1985 1094 2133 1114 vnn-urus
2164 1094 2344 1120 cantorium,

1674 1138 1796 1159 DOMINO
1815 1138 1979 1164 VENIENTE,
1996 1138 2229 1159 COMMOVENDAE
2248 1138 2314 1159 SINT

1574 1178 1642 1205 Resp.
1658 1177 1688 1199 de
1701 1178 1773 1200 Artic.
1789 1177 1860 1201 XLII.
1875 1181 1917 1200 art.
1935 1184 1973 1205 ι7;
1988 1178 2056 1206 Resp.
2072 1178 2102 1199 de
2114 1178 2188 1199 Artic.
2203 1177 2314 1205 XXXVI,
2329 1182 2368 1200 ιη
2383 1186 2411 1205 4;

1850 1204 1877 1226 In
1891 1204 1985 1231 Matth„
2001 1210 2053 1232 cap.
2068 1211 2131 1226 xxiv.

1461 1273 1544 1337 An
1568 1273 1703 1294 rna-mm
1731 1273 1776 1294 sm
1804 1273 2008 1294 pnoczmrtm.
2034 1263 2168 1294 Videtur
2192 1263 2281 1304 quod
2305 1265 2436 1295 virtutes
2456 1275 2526 1296 cae-

1419 1319 1443 1339 ες

1523 1307 1641 1344 lorum,
1662 1307 1806 1338 Domino
1826 1309 1985 1344 veniente,
1999 1317 2068 1339 non
2088 1314 2363 1339 commoveantur.
2390 1309 2527 1340 Virtutes

1460 1352 1547 1383 enim
1570 1352 1736 1382 caelorum
1761 1351 1823 1382 dici
1845 1362 1913 1382 non
1937 1358 2074 1392 possunt
2095 1353 2156 1382 nisi
2179 1353 2282 1393 angeli
2306 1354 2389 1383 beati
2404 1355 2430 1383 *.
2464 1353 2527 1384 Sed

1459 1396 1699 1427 immutabilitas
1715 1401 1762 1426 est
1778 1396 1817 1427 de
1833 1397 1956 1427 ratione
1979 1396 2192 1427 beatitudinis.
2216 1397 2303 1437 Ergo
2321 1398 2445 1428 moveri
2460 1408 2526 1428 non

1459 1445 1622 1481 poterunt.

1517 1494 1545 1515 2.
1563 1484 1761 1521 Pmamnn,
1778 1484 1995 1515 admirationis
2013 1494 2108 1515 causa
2124 1491 2170 1515 est
2186 1486 2373 1526 ignorantia,
2390 1492 2426 1516 ut
2441 1492 2528 1527 patet

1420 1541 1445 1560 ιο
1458 1529 1492 1559 in
1515 1529 1675 1569 principio
1699 1529 1944 1570 Metaphysicae
1959 1530 1985 1559 ἦ
2027 1529 2099 1565 Sed,
2121 1531 2203 1560 sicut
2226 1531 2264 1560 ab
2289 1531 2408 1570 angelis
2431 1531 2527 1571 longe

1459 1573 1547 1603 abest
1569 1574 1676 1610 timor,
1700 1574 1743 1603 ita
1767 1579 1798 1603 et
1821 1574 2015 1614 ignorantia:
2041 1574 2126 1614 quia,
2142 1580 2179 1604 ut
2202 1574 2279 1605 dicit
2303 1574 2477 1615 Gregorius
2493 1577 2525 1611 ³,

1462 1616 1549 1653 Quid
1571 1622 1619 1648 est
1640 1617 1727 1658 quod
1753 1627 1818 1648 non
1843 1618 1973 1648 videant
1994 1618 2049 1658 qui
2071 1618 2228 1649 videntem
2252 1620 2361 1649 omnia
2391 1619 2528 1650 vident?

1458 1661 1545 1702 Ergo
1569 1671 1637 1692 non
1664 1667 1816 1702 poterunt
1838 1671 1896 1702 per
1920 1661 2163 1693 admirationem
2187 1664 2325 1699 moveri,
2349 1669 2384 1693 ut
2415 1665 2447 1694 in
2478 1664 2527 1694 lit-

1458 1711 1525 1736 tera
1541 1706 1557 1722 *
1581 1705 1705 1736 dicitur.

1516 1749 1546 1780 3.
1570 1750 1774 1786 Puni-nam,
1799 1759 1914 1780 omnes
1937 1750 2042 1790 angeli
2066 1750 2174 1781 divino
2199 1750 2318 1781 iudicio
2342 1751 2526 1782 adstabunt:

1459 1793 1546 1824 unde
1562 1795 1662 1834 Apoc.
1677 1804 1722 1824 vn
1738 1795 1771 1830 *,
1800 1793 1918 1825 Omnes
1934 1794 2046 1835 angeli
2060 1795 2190 1825 stabunt
2205 1796 2237 1825 in
2255 1796 2392 1826 circuitu
2409 1796 2526 1826 throni.

1460 1837 1523 1869 Sed
1535 1839 1668 1869 virtutes
1680 1839 1850 1869 nominant
1865 1848 1968 1869 unum
1985 1839 2156 1879 specialem
2173 1839 2319 1870 ordinem
2330 1841 2364 1870 in
2376 1841 2495 1881 angelis
2501 1841 2526 1871 *ἢ

1459 1883 1546 1923 Ergo
1562 1893 1630 1914 non
1644 1883 1754 1923 potius
1770 1882 1810 1914 de
1826 1883 1871 1914 eis
1892 1883 1954 1914 dici
1978 1882 2089 1913 debuit
2112 1883 2201 1924 quod
2224 1890 2415 1915 moveantur
2431 1895 2527 1925 quam

1460 1926 1500 1957 de
1523 1927 1591 1957 aliis
1615 1927 1745 1967 angelis.

1516 1971 1578 2002 San
1610 1981 1733 2002 CONTRA
1764 1982 1819 2002 nsr
1850 1972 1940 2012 quod
1971 1971 2085 2002 dicitur
2115 1972 2173 2003 Iob
2196 1983 2267 2004 xxw
2283 1975 2314 2003 *z
2349 1973 2528 2004 Columnae

1459 2016 1543 2046 caeli
1559 2021 1683 2056 pavent
1704 2016 1876 2047 adventum
1899 2017 1977 2047 eius.
2003 2016 2065 2047 Sed
2089 2017 2260 2048 columnae
2276 2018 2355 2048 caeli
2370 2027 2438 2048 non
2452 2028 2527 2058 pos·

1459 2065 1534 2090 sunt
1549 2060 1683 2101 intelligi
1699 2061 1759 2091 nisi
1775 2061 1906 2091 virtutes
1923 2061 2096 2091 caelorum.
2117 2061 2202 2101 Ergo
2218 2063 2349 2092 virtutes
2365 2062 2527 2093 caelorum

1460 2105 1763 2135 commovebuntur.

1517 2158 1547 2179 2.
1571 2149 1769 2185 Pitumnus,
1794 2149 1905 2179 Matth.
1926 2159 2000 2179 xxw
2016 2150 2032 2166 *
2056 2149 2187 2180 dicitur:
2211 2150 2331 2180 Stellae
2352 2150 2468 2181 cadent
2490 2151 2528 2181 de

1419 2207 1443 2227 ις
1460 2194 1561 2229 caelo,
1586 2199 1617 2224 et
1639 2194 1772 2224 virtutes
1795 2194 1961 2224 caelorum
1985 2194 2205 2225 movebuntur.

1515 2238 1705 2268 Rasponnno
1729 2248 1890 2268 memnon
1914 2238 2004 2278 quod
2027 2239 2161 2268 virtutes
2183 2239 2216 2269 in
2238 2239 2356 2279 angelis
2380 2238 2530 2270 dicuntur

1460 2281 1645 2322 dupliciter:
1670 2287 1706 2313 ut
1728 2287 1815 2322 patet
1838 2291 1895 2322 per
1918 2282 2122 2323 Dionysium,
2138 2293 2170 2313 x1
2194 2292 2263 2323 cap.
2281 2284 2297 2299 ⁴*
2324 2283 2411 2314 Cael.
2432 2283 2527 2314 Hier.

1460 2326 1667 2367 Quandoque
1683 2327 1770 2357 enim
1785 2336 1907 2357 nomen
1919 2327 2074 2357 virtutum
2085 2327 2141 2357 uni
2155 2327 2258 2358 ordini
2270 2328 2491 2368 appropriatur
2501 2329 2526 2363 *‚

1460 2372 1517 2411 qui
1531 2371 1710 2402 secundum
1726 2371 1832 2411 ipsum
1846 2376 1893 2401 est
1907 2371 2034 2402 medius
2049 2371 2173 2402 mediae
2188 2372 2397 2407 hierarchiae;
2415 2381 2528 2402 secun-

1421 2428 1446 2448 ςο
1460 2415 1539 2446 dum
1562 2425 1639 2446 vero
1659 2414 1852 2455 Gregorium
1868 2416 1885 2432 ⁴*
1909 2421 1955 2446 est
1978 2425 2148 2456 supremus
2171 2415 2300 2447 infimae
2323 2417 2526 2447 hierarchiae.

1459 2459 1534 2490 Alio
1558 2459 1659 2490 modo
1684 2460 1839 2500 accipitur
1861 2460 2078 2490 communiter
2093 2469 2152 2499 pro
2169 2461 2320 2491 omnibus
2342 2460 2528 2491 caelestibus

1460 2504 1622 2544 spiriu'bus
1637 2505 1663 2534 *.
1688 2504 1729 2534 Et
1750 2509 1890 2544 utroque
1912 2504 2013 2534 modo
2037 2509 2143 2544 potest
2167 2505 2268 2545 accipi
2291 2505 2324 2535 in
2347 2505 2526 2545 proposito.

1516 2548 1551 2578 In
1582 2549 1684 2579 littera
1700 2549 1716 2565 ⁴*
1748 2549 1834 2578 enim
1868 2549 2038 2589 exponitur
2070 2554 2167 2588 prout
2200 2550 2354 2589 accipitur
2385 2549 2527 2580 secundo

1460 2593 1578 2629 modo,
1602 2593 1731 2630 xscilicet
1762 2602 1822 2633 pro
1853 2593 2004 2623 omnibus
2036 2592 2165 2633 angelis.
2201 2594 2242 2624 Et
2269 2599 2346 2624 tunc
2379 2593 2528 2624 dicuntur

1421 2649 1443 2669 55
1459 2638 1583 2668 moveri
1613 2643 1745 2678 propter
1775 2637 2020 2668 admirationem
2049 2637 2198 2668 novitatis
2231 2647 2313 2678 quae
2343 2639 2376 2668 in
2403 2638 2527 2668 mundo

1461 2682 1529 2717 erit,
1553 2682 1636 2712 sicut
1658 2682 1691 2712 in
1715 2681 1818 2712 littera
1833 2682 1850 2698 ⁴*
1874 2681 1998 2712 dicitur.

1516 2726 1626 2756 Potest
1641 2726 1736 2756 etiam
1753 2726 1872 2765 exponi
1887 2731 1984 2765 prout
2000 2726 2134 2757 virtutes
2153 2732 2199 2756 est
2216 2726 2384 2766 proprium
2406 2735 2526 2756 nomen

1460 2769 1590 2801 ordinis.
1615 2770 1656 2800 Et
1671 2775 1749 2800 tunc
1765 2769 1846 2800 ordo
1862 2769 1915 2800 ille
1936 2769 2051 2800 dicitur
2068 2771 2192 2800 moveri
2214 2779 2290 2810 prae
2313 2770 2380 2800 aliis
2404 2770 2526 2800 ratione

1461 2813 1603 2845 effectus.
1617 2813 1703 2852 Quia
1717 2813 1764 2844 illi
1779 2813 1894 2850 ordini,
1907 2813 2086 2844 secundum
2100 2814 2292 2854 Gregorium
2304 2815 2331 2850 ’ζ
2348 2814 2527 2844 attribuitur

1419 2869 1446 2888 ⁶0
1459 2858 1614 2889 miracula
1635 2857 1750 2894 facere,
1776 2867 1859 2898 quae
1881 2859 2020 2888 maxime
2044 2858 2125 2888 circa
2148 2857 2227 2888 illud
2250 2864 2378 2898 tempus
2400 2857 2488 2888 fient.
2503 2876 2525 2880 -

1459 2903 1519 2933 Vel
1543 2902 1618 2942 quia
1639 2901 1719 2932 ordo
1734 2902 1799 2938 ille,
1817 2911 1892 2932 cum
1908 2902 1947 2932 sit
1965 2901 2004 2932 de
2019 2901 2125 2932 media
2147 2902 2330 2945 hierarchia,
2347 2901 2525 2932 secundum

1459 2947 1655 2987 Dionysium
1665 2947 1691 2982 ἢ
1708 2955 1776 2976 non
1791 2946 1887 2976 habet
1901 2946 2079 2985 potentiam
2095 2946 2271 2976 limitatam.
2289 2945 2382 2977 Unde
2399 2951 2526 2986 oportet

1460 2990 1550 3031 quod
1574 2991 1642 3020 eius
1664 2990 1877 3020 ministerium
1900 2990 1939 3020 sit
1963 2990 2046 3020 circa
2069 3000 2179 3021 causas
2202 2990 2404 3021 universales.
2432 2989 2525 3021 Unde

1459 3035 1627 3075 proprium
1651 3033 1794 3064 officium
1809 3034 1963 3064 virtutum
1983 3043 2051 3064 esse
2074 3033 2199 3065 videtur
2222 3044 2357 3075 corpora
2380 3034 2526 3065 caelestia

337 3083 384 3108 est
406 3078 604 3108 conveniens
627 3078 727 3118 quod,
750 3079 899 3109 veniente
925 3079 1079 3114 Domino,
1102 3078 1158 3109 lux
1180 3078 1311 3109 illorum
1334 3088 1405 3109 cor·
1418 3088 1443 3114 σς
1459 3088 1591 3109 movere
1606 3079 1633 3114 *,
1658 3087 1741 3118 quae
1757 3083 1831 3108 sunt
1854 3087 1949 3108 causa
1971 3087 2085 3109 eorum
2106 3088 2189 3118 quae
2205 3079 2238 3109 in
2253 3084 2366 3109 natura
2383 3077 2525 3109 inferiori

336 3131 455 3162 porum
477 3127 588 3153 cesset.

392 3165 582 3197 stronnzo
606 3176 766 3197 memnon
790 3167 890 3207 quod,
906 3167 932 3197 si
953 3166 1126 3206 loquamur
1142 3166 1182 3197 de
1197 3167 1266 3197 sole
1282 3172 1313 3197 et
1328 3166 1405 3197 luna

337 3215 495 3249 quantum
518 3209 559 3241 ad
579 3211 687 3251 ipsum
709 3217 915 3242 momentum
938 3210 1093 3242 adventus
1117 3210 1246 3247 Christi,
1268 3211 1314 3242 sic
1336 3221 1404 3242 non

337 3258 384 3283 est
399 3253 548 3285 credibile
565 3255 655 3295 quod
673 3255 885 3286 obscurentur
901 3256 950 3286 sui
965 3256 1096 3286 luminis
1118 3256 1311 3296 privatione:
1329 3256 1404 3296 quia

1460 3128 1598 3163 aguntur
1613 3124 1639 3152 ἢ
1663 3122 1705 3153 Et
1718 3123 1782 3153 hoc
1799 3122 1894 3153 etiam
1914 3123 2021 3163 ipsum
2040 3132 2161 3153 nomen
2182 3128 2284 3159 sonat,
2301 3123 2376 3163 quia
2392 3123 2525 3153 virtutes

1460 3167 1626 3198 caelorum
1645 3166 1796 3197 dicuntur
1807 3167 1833 3196 ’ἢ
1855 3166 1950 3197 Tunc
1967 3176 2043 3207 ergo
2059 3167 2286 3203 movebuntur,
2303 3167 2379 3207 quia
2394 3167 2433 3197 ab
2450 3166 2524 3197 effe—

1460 3217 1514 3242 ctu
1536 3220 1596 3242 suo
1621 3211 1799 3247 cessabunt,
1815 3210 1948 3241 ulterius
1972 3220 2109 3251 corpora
2129 3211 2276 3242 caelestia
2298 3221 2366 3242 non
2389 3220 2523 3242 moven-

1458 3261 1523 3286 tes:
1550 3255 1638 3286 sicut
1666 3265 1728 3286 nec
1755 3255 1860 3295 angeli
1891 3256 1947 3295 qui
1970 3260 2045 3286 sunt
2074 3254 2114 3286 ad
2144 3255 2323 3286 custodiam
2352 3256 2524 3286 hominum

336 3302 424 3328 totus
447 3297 588 3329 mundus
611 3300 825 3337 innovabitur,
850 3300 978 3331 Christo
1001 3301 1151 3330 veniente
1175 3305 1206 3330 et
1224 3300 1340 3330 sanctis
1355 3310 1404 3331 re-
1418 3315 1445 3336 70
1459 3299 1613 3340 deputati,
1629 3299 1762 3330 ulterius
1785 3299 1950 3330 custodiae
1973 3298 2081 3330 officio
2104 3300 2272 3330 vacabunt.

337 3342 556 3382 surgentibus,
579 3347 616 3373 ut
639 3342 762 3375 dictum
785 3350 832 3375 est
847 3346 874 3375 *.
906 3344 939 3375 Si
962 3350 1071 3375 autem
1101 3344 1274 3384 loquamur
1296 3344 1336 3375 de
1360 3345 1405 3375 eis

337 3384 516 3416 secundum
548 3391 676 3427 tempus
707 3389 931 3430 propinquum
961 3395 1034 3419 ante
1063 3388 1237 3425 iudicium,
1261 3389 1305 3419 sic
1336 3398 1404 3419 esse

337 3430 455 3471 poterit
478 3429 568 3470 quod
588 3431 637 3461 sol
656 3436 687 3462 et
701 3432 778 3463 luna
794 3438 826 3464 et
840 3433 901 3464 alia
916 3433 995 3464 caeli
1010 3433 1178 3464 luminaria
1201 3433 1250 3464 sui
1274 3433 1404 3463 luminis

336 3474 515 3515 privau‘one
531 3474 796 3513 obscurabuntur,
807 3477 860 3508 vel
875 3477 1004 3508 diversis
1020 3477 1220 3518 temporibus
1231 3477 1282 3508 vel
1297 3477 1402 3514 simul,

338 3518 444 3549 divina
466 3519 582 3549 virtute
605 3517 740 3550 faciente
764 3520 804 3551 ad
826 3521 997 3552 hominum
1019 3527 1183 3552 terrorem.

1514 3344 1565 3374 An
1581 3353 1698 3374 mmm
1721 3353 1804 3374 mico
1824 3353 1984 3374 mcnrmtm
1999 3343 2089 3384 quod
2111 3345 2248 3374 mutatio
2271 3344 2324 3374 illa
2342 3353 2410 3374 non
2426 3344 2524 3374 variat

1459 3388 1580 3429 aliquid
1604 3387 1694 3428 quod
1717 3388 1757 3418 ad
1779 3397 1893 3418 eorum
1915 3393 2033 3418 statum
2056 3389 2229 3428 pertineat:
2254 3388 2309 3419 sed
2325 3387 2458 3418 refertur
2472 3388 2523 3418 vel

1459 3432 1499 3463 ad
1522 3432 1653 3463 effectus
1677 3442 1800 3468 eorum,
1818 3432 1874 3472 qui
1889 3433 2051 3463 immutari
2073 3438 2210 3472 possunt
2231 3433 2299 3463 sine
2323 3442 2436 3463 eorum
2451 3441 2523 3462 mu-

1459 3477 1596 3513 tatione;
1619 3477 1670 3507 vel
1686 3476 1726 3507 ad
1740 3486 1860 3507 novam
1878 3486 1985 3507 rerum
2006 3476 2305 3513 considerationem,
2322 3486 2420 3517 quam
2435 3477 2522 3517 prius

1417 3536 1443 3557 75
1459 3520 1638 3552 secundum
1661 3522 1783 3562 species
1807 3527 1990 3552 concreatas
2011 3520 2119 3552 videre
2140 3531 2208 3552 non
2225 3526 2405 3562 pomerant.
2430 3521 2522 3551 Hanc

2554 933 2563 942 ·
2577 931 2674 953 Aristot.
2691 931 2720 952 de
2733 932 2765 952 A·

2553 958 2739 984 nima,lib.11,ca
2759 974 2764 979 .

2554 990 2593 1011 νιι,
2603 990 2625 1006 n.
2639 992 2656 1007 ι.
2667 997 2677 1001 -
2686 985 2710 1007 S.
2719 984 2739 1006 T
2758 1000 2764 1006 .

2554 1012 2604 1033 lect.
2619 1017 2658 1033 ιιι.

2554 1359 2564 1368 ·
2590 1357 2625 1379 Cf.
2659 1357 2714 1379 Bed.
2744 1361 2765 1379 et

2554 1383 2634 1405 Gloss.
2662 1384 2764 1405 Inter-lin.

2553 1410 2577 1432 in
2605 1410 2685 1432 Manh.
2714 1416 2764 1438 cap.

2553 1443 2620 1463 xxrv,
2636 1443 2695 1458 vers.
2709 1443 2743 1464 ²9·

2554 1537 2564 1546 ·
2579 1535 2630 1557 Lib.
2644 1535 2662 1562 1,
2674 1541 2725 1562 cap.
2740 1541 2765 1562 n,

2555 1568 2577 1583 u.
2588 1562 2610 1587 8,
2623 1569 2655 1584 ιι.
2668 1562 2709 1584 -S.
2718 1562 2763 1583 Th.

2555 1588 2607 1610 lect.
2623 1594 2657 1610 ιιι.

2553 1616 2563 1625 ·
2571 1615 2668 1642 Dialog.
2677 1615 2717 1636 lib.
2724 1615 2764 1637 lV.

2555 1647 2606 1689 523:
2615 1647 2700 1693 3:5¹5:
2713 1641 2766 1695 2}ss1

2555 1700 2649 1742 '¹¹¹LDist⁴
2679 1727 2758 1747 xcviii,

2555 1753 2606 1774 cap.
2624 1747 2738 1769 Veniente.

2555 1804 2564 1814 ‘
2579 1802 2644 1824 Vera.
2661 1810 2692 1825 ιι.

2554 1843 2563 1854 ·
2578 1842 2616 1864 Cf.
2634 1842 2749 1869 σοι’ρζεη.

2554 1980 2565 1990 ·
2580 1979 2646 2001 Vers.
2663 1987 2693 2001 ιι.

2555 2158 2564 2167 ·
2575 2155 2642 2178 Vera.
2654 2162 2681 2184 29
2690 2156 2764 2182 :ELua

2556 2188 2605 2210 cap.
2612 2189 2659 2209 xxi,
2667 2189 2723 2204 vers.
2731 2182 2766 2205 26.

2557 2290 2589 2315 ’5
2606 2296 2628 2313 ις
2643 2295 2692 2316 cap.
2712 2295 2766 2315 νιιι,

2556 2316 2637 2369 ἔδει).
2654 2348 2706 2368 vin,
2723 2343 2731 2367 ξ
2748 2350 2765 2364 ι.

2556 2422 2658 2443 'HomiL
2668 2422 2766 2443 XXXIV

2555 2449 2579 2470 in
2594 2448 2693 2477 Evang„
2708 2455 2730 2472 n.
2745 2456 2765 2477 7.

2555 2514 2566 2523 ·
2584 2512 2680 2540 Dionys.
2701 2512 2765 2534 Cael.

2555 2538 2637 2565 Hier„
2659 2545 2709 2567 cap.
2734 2546 2765 2560 xi.

2556 2566 2628 2614 {Ebc
2639 2592 2677 2614 cit.
2689 2598 2735 2620 arg.
2744 2598 2765 2614 2.

2555 2682 2565 2691 ·
2579 2680 2638 2702 Ibid.

2553 2816 2656 2838 ‘uomit
2666 2816 2764 2838 XXXIV

2553 2843 2577 2864 in
2585 2842 2686 2871 Evang„
2695 2849 2716 2865 n.
2728 2850 2763 2865 ιο.

2553 2953 2563 2963 ·
2577 2952 2646 2974 Locis
2657 2953 2695 2974 cit.

2552 3086 2562 3096 ·
2568 3085 2605 3107 Cf.
2612 3085 2678 3107 Cont.
2686 3085 2761 3112 Gent„

2551 3112 2633 3138 mmm,
2640 3118 2761 3140 cap.1.xxx.

2552 3140 2562 3150 ·
2572 3138 2607 3160 Cf.
2624 3139 2685 3160 Pan.
2694 3139 2712 3165 1,
2723 3145 2760 3167 qu.

2551 3169 2695 3219 &Ennii-3³1⁰
2715 3192 2764 3213 Sea

2551 3221 2634 3240 contra
2649 3224 2670 3240 a.
