2878 4088
416 202 485 248 146
897 214 899 216 ·
1041 204 1305 251 QUAESTIO
1335 205 1469 253 LXIX,
1491 205 1784 244 ARTICULUS
1813 207 1874 253 VI,
1901 207 1966 243 VII

463 280 521 310 Vel
546 280 728 318 dicendum,
746 283 828 313 sicut
850 283 1049 323 Augustinus
1072 285 1176 321 solvit,
1192 285 1250 315 XII
1273 295 1370 326 super
1394 285 1473 315 Gen.
1530 283 1711 324 paradisum
1735 290 1913 315 terrestrem
1929 290 2004 315 sunt
2018 284 2167 315 translati:
2184 286 2267 316 sicut
2289 286 2329 316 de
2348 286 2487 317 Henoch
2503 291 2534 317 et
2557 285 2600 316 de-

167 331 290 353 ·1.00.cit.
302 336 378 358 supra.
407 323 453 374 ad.
473 324 531 355 litt.
549 326 575 361 ἥ,
593 325 631 356 de
656 326 761 363 Iacob,
779 328 823 378 sic
846 326 973 358 dicens:
998 328 1088 359 Illud
1103 329 1189 369 quod
1212 329 1290 360 dicit
1311 329 1409 379 Iacob
1432 329 1475 359 ad
1530 328 1599 358 Elia
1622 328 1737 359 dicitur
1753 330 1778 358 ὓ.
1805 329 1891 359 Cum
1907 338 1983 368 ergo
2006 328 2170 379 paradisus
2186 331 2338 381 terrestris
2354 331 2436 361 inter
2451 331 2597 370 quinque
2623 330 2708 380 :351¹
2713 337 2836 387 ,⁶3ngss

395 369 490 408 filios
506 379 591 404 suos,
617 383 631 397 ‹
649 371 822 402 Deducetzs
844 377 1036 403 senectutem
1055 382 1158 403 meam
1182 383 1253 404 cum
1278 374 1408 403 tristztia
1432 373 1475 403 ad
1529 373 1730 412 receptacula
1744 382 1812 403 non
1829 378 2045 413 computetur,
2061 372 2187 404 videtur
2204 373 2293 413 quod
2312 379 2375 405 sint
2389 375 2482 415 plura
2497 383 2596 415 quam
2623 374 2835 434 &viad-Bia&-

406 413 530 454 inferos
549 422 584 444 »ι
601 414 728 446 videtur
742 416 803 447 hoc
818 417 924 458 magis
940 417 1091 453 timuisse,
1109 427 1149 448 ne
1165 418 1264 448 nimia
1281 417 1412 448 tristitia
1427 417 1474 447 sic
1529 417 1683 456 quinque.
2625 437 2692 459 cont.
2720 428 2836 466 fluerem}

399 459 650 497 perturbaretur
672 465 707 490 ut
729 460 772 491 ad
795 461 935 502 requiem
970 461 1137 492 beatorum
1162 472 1226 492 non
1253 462 1329 497 iret,
1352 461 1408 492 sed
1431 461 1474 491 ad
1496 472 1505 492 5
1585 461 1615 490 3.
1639 461 1835 497 Plurimum,
1860 461 1990 491 cuilibet
2013 461 2107 491 statui
2130 462 2335 501 peccantium
2365 461 2459 493 debet
2481 462 2595 503 aliquis
2623 463 2663 485 Hb·
2679 463 2710 490 V»
2725 470 2776 492 0⁸9-
2791 471 2812 486 v.

167 538 176 547 .
190 536 221 558 Cf
248 537 300 558 pm
330 536 362 558 m
406 502 531 543 inferos
539 509 760 543 peccatorum.
782 505 823 535 Et
838 505 980 536 similiter
996 511 1102 546 potest
1119 507 1237 546 exponi
1253 506 1387 536 verbum
1404 505 1470 541 Iob,
1527 504 1618 534 locus
1642 505 1786 544 poenalis
1809 505 2011 545 respondere.
2037 504 2100 536 Sed
2123 506 2149 535 si
2172 511 2311 546 ponatur
2339 506 2452 547 aliquis
2474 506 2508 536 in
2532 507 2595 536 ori—

165 569 204 590 qu.
226 569 271 589 m,
288 567 330 585 m,
349 569 377 589 2,
406 546 517 577 eadem
544 549 677 585 ratione,
703 555 739 580 ut
762 550 800 580 sit
823 551 957 580 verbum
981 551 1080 590 magis
1104 551 1244 581 timentis
1268 559 1365 590 quam
1389 559 1471 580 asse·
1527 549 1624 588 ginali
1647 548 1801 579 decedere
1826 558 1902 579 cum
1917 549 1988 579 solo
2012 549 2129 580 veniali
2142 555 2287 589 peccato,
2303 550 2431 581 nullum
2453 555 2596 590 recepta-

164 590 193 611 ad
208 596 227 618 5-
404 591 500 622 tentis
517 593 542 622 ἥ.
1528 593 1676 623 culorum
1699 594 1931 633 assignatorum
1956 594 1985 624 ei
2009 598 2215 634 competeret.
2241 593 2377 624 Constat
2395 595 2482 625 enirn
2505 593 2595 635 quod

1526 638 1559 667 in
1582 637 1728 677 paradiso
1752 647 1820 668 non
1844 643 1940 668 esset:
1966 646 2042 668 cum
2064 639 2163 678 gratia
2186 643 2315 669 careret.
2346 638 2387 669 Et
2411 638 2523 669 eadem
2546 648 2595 669 ra-

485 664 585 695 ΛΒΤ·
601 665 654 695 VI·
679 675 783 695 UTRUM
807 675 915 695 L¹M¹³U⁵
945 675 1110 695 PUERORUM
1134 675 1179 695 S1T
1203 675 1278 695 ¹0⁸¹*
1303 675 1389 695 ‘³⁶0⁰
1487 693 1512 707 ιο
1526 681 1613 712 tione
1637 691 1697 712 nec
1721 683 1754 712 in
1777 682 1878 712 limbo
1902 682 2041 712 Patrum.
2067 682 2218 713 Similiter
2241 683 2337 713 etiam
2357 693 2418 714 nee
2440 683 2475 713 in
2493 683 2594 713 1imb0

810 719 918 740 ¹⁴1M¹³U⁵
942 719 1064 740 PATRUM
1525 735 1719 765 puerorum:
1745 735 1820 756 cum
1836 727 1869 756 in
1884 727 1956 766 ipso
1979 736 2047 757 non
2070 727 2110 757 sit
2127 735 2235 767 poena
2258 727 2424 764 sensibilis,
2442 736 2526 767 quae
2540 727 2594 757 tali

665 764 695 785 ¹¹¹
709 763 783 790 sent„
800 764 853 785 “³⁵¹²
868 770 925 792 ¹¹¹¹,
941 770 980 791 ⁴³¹¹·
996 770 1023 790 ¹¹¹
1037 768 1079 786 ⁸¹¹⁴
1097 771 1115 790 ¹¹
1131 765 1175 791 ‘³¹¹³
1190 770 1211 786 ²·
1526 769 1659 800 debetur
1681 771 1804 801 ratione
1826 771 1958 801 venialis
1979 771 2112 811 peccati.
2137 771 2287 802 Similiter
2302 781 2363 802 nec
2385 772 2419 802 in
2442 776 2594 812 purgato-

468 823 488 842 r>
506 823 623 843 saxum
647 824 691 843 sm
708 823 911 844 paocnmrun.
936 813 1069 845 Videtur
1095 813 1184 854 quod
1209 814 1326 845 limbus
1350 824 1470 854 puero·
1524 815 1590 844 rio:
1616 815 1691 854 quia
1714 815 1757 845 ibi
1780 825 1848 845 non
1873 821 1920 846 est
1942 815 2003 846 nisi
2025 824 2133 855 poena
2155 816 2359 856 temporalis,
2385 816 2461 846 huic
2485 820 2594 847 autem

405 825 540 887 Arum
556 859 595 887 sit
610 857 696 887 idem
713 857 802 897 quod
824 858 941 888 limbus
966 858 1107 889 Patrum.
1131 859 1240 889 Poena
1266 859 1352 889 enim
1376 858 1470 889 debet
1524 858 1658 899 debetur
1681 868 1788 899 poena
1810 865 1975 900 perpetua.
2012 859 2162 890 Similiter
2194 865 2302 891 autem
2325 869 2386 891 nec
2409 861 2443 890 in
2465 858 2592 891 inferno

403 901 596 941 respondere
620 902 742 942 culpae.
768 901 830 932 Sed
853 911 912 941 pro
937 902 1049 932 eadem
1073 903 1168 942 culpa
1191 902 1413 933 detinebantur
1436 903 1469 933 in
1485 913 1507 933 ις
1524 902 1764 934 damnatorum:
1799 904 1874 943 quia
1897 904 2025 934 mortali
2056 909 2191 944 peccato
2225 910 2319 935 caret.
2354 904 2440 944 Ergo
2465 909 2593 944 oportet

403 946 503 976 limbo
527 946 633 975 Patres
657 951 688 975 et
710 946 818 985 pueri,
844 946 963 976 scilicet
989 955 1049 986 pro
1074 947 1169 986 culpa
1192 947 1346 986 originali.
1382 947 1468 987 Ergo
1524 953 1649 978 sextum
1673 948 1913 988 receptaculum
1936 949 2104 988 assignare.

403 989 488 1019 idem
512 989 605 1019 debet
629 999 695 1019 esse
720 995 931 1029 utrorumque
955 990 1046 1020 locus
1070 1000 1206 1030 poenae.
1578 1000 1609 1030 4.
1633 991 1830 1028 Primnum,
1847 992 1988 1022 diversae
2011 998 2086 1023 sunt
2109 994 2300 1033 quantitates
2319 994 2537 1033 praemiorum
2561 998 2593 1023 et

165 1041 175 1051 ·
188 1039 242 1067 Cap.
259 1045 322 1061 xcm.
458 1043 487 1063 2.
512 1034 706 1068 Pluinnam,
732 1034 930 1072 Augustinus
954 1033 1039 1070 dicit,
1063 1035 1097 1064 in
1119 1034 1287 1064 Enchirid.
1304 1035 1336 1064 *z
1362 1034 1467 1065 Mitis·
1522 1044 1703 1074 poenarum
1719 1035 1898 1066 secundum
1915 1036 2106 1067 differentias
2127 1037 2295 1077 culparum
2312 1042 2343 1067 et
2358 1038 2548 1068 meritorum
2564 1038 2590 1067 *.
2621 1038 2631 1049 ¹
2644 1036 2681 1060 Cf-
2702 1036 2755 1075 1⁸¹¹*
2770 1037 2832 1078 ¹¹⁸⁰:

401 1077 482 1107 sima
499 1082 545 1107 est
553 1086 663 1117 poena
673 1086 864 1116 puerorum,
878 1077 933 1117 qui
949 1087 1021 1107 cum
1037 1079 1108 1108 solo
1126 1078 1284 1118 originali
1300 1078 1465 1108 decedunt.
1523 1078 1586 1109 Sed
1600 1078 1716 1109 infiniti
1732 1085 1806 1110 sunt
1821 1080 1937 1120 gradus
1952 1082 2142 1111 meritorum
2166 1087 2197 1111 et
2213 1081 2391 1121 culparum.
2416 1082 2502 1122 Ergo
2518 1081 2591 1112 infi-
2635 1067 2832 1118 u‘fflhffl}

402 1121 463 1152 Sed
486 1121 574 1151 nulla
597 1126 643 1151 est
666 1130 772 1160 poena
795 1121 903 1151 mitior
927 1131 964 1151 ea
987 1131 1085 1162 quam
1113 1122 1213 1151 sancti
1240 1122 1347 1152 Patres
1370 1122 1466 1152 habe·
1482 1131 1508 1146 ²⁰
1521 1123 1588 1153 nita
1611 1122 1728 1153 debent
1751 1123 1903 1164 distingui
1926 1125 2137 1164 receptacula,
2153 1126 2187 1155 in
2212 1126 2329 1165 quibus
2350 1127 2525 1166 puniantur
2540 1126 2592 1156 vel
2618 1117 2835 1172 οῆξὶοῇιξξξιῇε
2876 1137 2878 1139 ·

401 1167 485 1195 bant.
510 1165 594 1205 Ergo
618 1163 704 1194 idem
729 1170 774 1195 est
798 1165 888 1195 locus
912 1175 1038 1205 poenae
1061 1171 1283 1205 utrorumque.
1520 1167 1738 1206 praemientur
1759 1174 1834 1207 post
1857 1173 2005 1199 mortem.
2618 1176 2639 1198 9·
2678 1175 2682 1178 “

455 1209 517 1240 SED
542 1219 674 1245 CONTRA,
691 1210 773 1239 sicut
797 1209 912 1239 actuali
935 1215 1069 1249 peccato
1100 1209 1233 1240 debetur
1255 1220 1363 1250 poena
1385 1215 1466 1240 tem·
1578 1211 1607 1240 5.
1624 1211 1821 1247 PRAnriuum,
1838 1213 1963 1242 animae
1987 1212 2185 1252 quandoque
2204 1214 2384 1253 puniuntur
2405 1214 2439 1244 in
2461 1214 2542 1244 locis
2557 1214 2591 1244 in

400 1254 516 1294 poralis
539 1254 572 1284 in
595 1254 779 1293 purgatorio
795 1258 826 1283 et
849 1259 975 1284 aeterna
990 1255 1024 1284 in
1047 1254 1184 1290 inferno,
1201 1254 1243 1284 ita
1267 1260 1298 1284 et
1321 1254 1466 1293 originali
1522 1255 1638 1294 quibus
1654 1261 1888 1295 peccaverunt:
1913 1261 1948 1286 ut
1963 1265 2021 1296 per
2045 1255 2238 1296 Gregorium
2257 1262 2355 1297 patet,
2368 1257 2412 1287 IV
2422 1257 2558 1299 Dialog.
2574 1259 2591 1274 ⁵*
2618 1262 2630 1272 ·
2643 1260 2700 1289 0¹9·
2714 1267 2752 1283 ιν·

400 1303 532 1338 peccato
557 1297 729 1328 debebatur
752 1307 858 1337 poena
881 1298 1067 1338 temporalis
1089 1299 1123 1328 in
1146 1298 1246 1328 limbo
1270 1299 1409 1334 Panum,
1435 1303 1467 1328 et
1522 1298 1585 1329 Sed
1608 1305 1822 1339 peccaverunt
1845 1301 1878 1330 in
1902 1300 1977 1331 loco
1998 1301 2032 1330 in
2056 1310 2123 1341 quo
2146 1310 2207 1331 nos
2222 1301 2411 1332 habitamus.
2436 1301 2523 1342 Ergo
2538 1302 2592 1332 hic

400 1348 525 1372 aeterna
548 1343 581 1372 in
604 1342 704 1372 limbo
728 1351 914 1382 puerorum.
940 1342 973 1372 Si
996 1352 1072 1382 ergo
1092 1342 1235 1373 infernus
1260 1348 1291 1373 et
1313 1347 1466 1383 purgato·
1481 1354 1504 1374 25
1520 1343 1613 1373 locus
1629 1343 1724 1374 debet
1739 1345 1920 1384 computari
1940 1345 2023 1375 inter
2037 1346 2254 1385 receptacula:
2281 1350 2312 1376 et
2326 1346 2500 1386 praecipue
2515 1355 2592 1377 cum

399 1387 482 1417 rium
505 1396 572 1417 non
595 1391 668 1416 sunt
691 1385 787 1422 idem,
805 1386 929 1416 videtur
952 1387 1042 1426 quod
1065 1396 1125 1417 nec
1149 1387 1266 1418 limbus
1289 1396 1466 1427 puerorum
1521 1388 1620 1428 aliqui
1636 1389 1669 1418 in
1685 1389 1749 1418 hoc
1764 1389 1889 1419 mundo
1905 1398 1966 1428 pro
1982 1390 2122 1429 peccatis
2134 1390 2199 1420 suis
2214 1390 2399 1430 puniantur,
2416 1395 2452 1420 ut
2467 1399 2563 1431 supra
2574 1391 2591 1407 ⁴*
2618 1393 2629 1403 ·
2643 1390 2702 1414 1³¹⁸*-
2721 1397 2764 1419 xv,
2779 1397 2831 1420 0⁸9-

400 1437 430 1461 et
453 1431 568 1461 limbus
592 1431 720 1460 Patrum
744 1431 805 1461 sint
827 1430 923 1461 idem.
1522 1432 1671 1472 Magister
1695 1432 1781 1463 dixit.
2617 1417 2718 1440 Am
2731 1417 2806 1440 hem

454 1475 569 1505 Utrum
601 1480 709 1504 autem
741 1474 883 1505 infernus
907 1481 939 1505 et
966 1476 1140 1515 purgatorii
1169 1476 1260 1506 locus
1284 1476 1346 1506 sint
1368 1475 1465 1511 idem,
1577 1477 1606 1506 6.
1631 1477 1828 1513 Pau-ruam,
1845 1478 1927 1508 sicut
1951 1478 2049 1518 aliqui
2073 1478 2106 1508 in
2129 1478 2228 1518 grafia
2258 1478 2450 1510 decedentes
2473 1479 2592 1510 habent

161 1527 170 1535 ·
187 1525 233 1552 Qu.
249 1531 271 1552 ι,
286 1528 328 1546 art.
346 1530 370 1550 ι,
399 1519 578 1559 quaesitum
602 1524 648 1549 est
671 1528 766 1558 supra
789 1518 859 1549 dist.
884 1529 935 1549 xxr
951 1521 977 1549 ’ἱ
1521 1521 1628 1561 aliqua
1650 1531 1709 1561 pro
1734 1522 1851 1562 quibus
1875 1522 1962 1562 digni
1985 1527 2060 1553 sunt
2082 1531 2199 1562 poena,
2216 1523 2259 1552 ita
2278 1523 2377 1563 aliqui
2399 1524 2433 1554 in
2456 1528 2591 1564 peccato

160 1552 204 1579 ‘³¹¹⁸
219 1557 238 1572 ²·
441 1563 629 1593 Rresponnsso
660 1573 819 1593 DXCENDUM
851 1563 940 1603 quod
972 1564 1090 1594 limbus
1123 1564 1254 1594 Patrum
1285 1569 1316 1594 et
1347 1564 1465 1595 limbus
1482 1575 1507 1595 3⁰
1520 1565 1648 1595 mortali
1671 1565 1862 1597 decedentes
1886 1566 2004 1597 habent
2027 1566 2134 1606 aliqua
2156 1567 2243 1597 bona
2265 1577 2325 1608 pro
2345 1568 2463 1609 quibus
2486 1573 2592 1599 essent

397 1617 572 1647 puerorum
605 1608 725 1647 absque
757 1607 856 1638 dubio
882 1607 1032 1639 differunt
1065 1608 1245 1639 secundum
1279 1608 1466 1649 qualitatem
1521 1609 1608 1650 digni
1631 1611 1786 1650 praemio.
1823 1610 1886 1641 Sed
1919 1610 2147 1642 decedentibus
2170 1612 2204 1641 in
2226 1612 2325 1652 gratia
2349 1622 2425 1643 cum
2452 1613 2591 1654 peccatis

396 1653 527 1691 praemii
551 1652 601 1682 vel
625 1661 767 1691 poenae:
799 1653 907 1692 pueris
938 1654 1025 1683 enim
1048 1662 1116 1683 non
1140 1652 1229 1683 adest
1258 1662 1330 1693 spes
1354 1653 1466 1684 beatae
1519 1654 1696 1685 venialibus
1713 1655 1888 1695 assignatur
1903 1654 2036 1696 aliquod
2051 1655 2291 1696 receptaculum
2310 1657 2344 1687 in
2365 1666 2432 1697 quo
2448 1657 2591 1697 puniun-

396 1697 487 1732 vitae‚
506 1705 588 1736 quae
612 1696 756 1726 Patribus
779 1697 813 1726 in
836 1696 937 1726 limbo
962 1697 1079 1732 aderat,
1097 1698 1131 1727 in
1155 1698 1272 1737 quibus
1296 1698 1392 1728 etiam
1415 1698 1464 1728 lu·
1519 1704 1571 1729 tur
1594 1704 1768 1739 antequam
1790 1701 1932 1740 praemia
1955 1705 2204 1740 consequantur,
2221 1700 2342 1732 scilicet
2356 1701 2589 1742 purgatorium.

396 1750 470 1771 men
494 1740 568 1770 fidei
599 1746 630 1770 et
660 1741 778 1780 gratiae
808 1740 994 1781 refulgebat.
1027 1741 1090 1772 Sed
1123 1747 1281 1782 quantum
1305 1742 1345 1773 ad
1368 1742 1464 1773 situm
1519 1743 1616 1783 Ergo,
1642 1743 1755 1774 eadem
1778 1744 1918 1781 ratione,
1946 1754 1964 1774 e
1987 1754 2144 1775 converso
2169 1744 2264 1775 debet
2294 1755 2363 1776 esse
2386 1745 2426 1776 de
2448 1745 2510 1776 illis
2533 1746 2590 1786 qui

395 1785 599 1825 probabiliter
622 1784 759 1815 creditur
790 1790 1004 1826 utrorumque
1034 1786 1125 1816 locus
1149 1786 1235 1817 idem
1259 1786 1372 1817 fuisse:
1403 1787 1464 1818 nisi
1480 1796 1502 1817 ³5
1518 1788 1552 1818 in
1575 1788 1703 1818 mortali
1726 1787 1887 1819 decedunt
1910 1798 1986 1819 cum
2010 1789 2169 1829 aliquibus
2192 1789 2286 1819 bonis
2310 1790 2472 1830 operibus.

396 1829 485 1869 quod
507 1829 633 1869 requies
650 1830 818 1860 beatorum
834 1829 938 1860 adhuc
963 1836 1029 1861 erat
1044 1831 1077 1861 in
1094 1831 1251 1871 superiori
1273 1831 1348 1861 loco
1365 1839 1464 1870 quam
1574 1841 1605 1871 7.
1629 1832 1826 1869 Panum,
1843 1833 1926 1864 sicut
1948 1833 2055 1863 Patres
2071 1832 2310 1864 retardabantur
2332 1844 2350 1864 a
2372 1830 2468 1875 plena
2488 1834 2590 1875 gloria

158 1879 168 1889 ·
184 1879 236 1900 Art·
251 1877 354 1905 praeced·
395 1874 510 1904 limbus
534 1883 719 1914 puerorum,
736 1875 818 1904 sicut
842 1874 881 1905 de
904 1874 1005 1905 limbo
1030 1880 1061 1905 et
1083 1875 1210 1906 inferno
1228 1874 1350 1906 dictum
1375 1881 1422 1906 est
1435 1877 1462 1906 *.
1519 1876 1643 1907 animae
1667 1881 1740 1907 ante
1764 1876 1882 1908 Christi
1897 1876 2095 1914 adventum,
2121 1878 2165 1908 ita
2188 1882 2220 1908 et
2242 1887 2330 1908 nunc
2354 1888 2372 1908 a
2393 1878 2495 1918 gloria
2518 1888 2590 1910 cor·

449 1918 499 1948 An
523 1928 639 1948 mnium
662 1928 745 1948 ERGO
763 1929 922 1949 memnon
946 1918 1036 1959 quod
1060 1919 1099 1950 ad
1123 1920 1252 1960 culpam
1275 1920 1464 1960 originalem
1518 1921 1615 1961 poris.
1633 1920 1729 1961 Ergo,
1743 1922 1825 1951 sicut
1840 1921 2043 1962 distinguitur
2057 1922 2298 1962 receptaculum
2314 1928 2500 1954 sanctorum
2516 1928 2589 1954 ante

395 1972 461 1992 non
485 1961 600 1992 eodem
623 1962 724 1992 modo
749 1972 782 1993 se
805 1963 965 1994 habebant
988 1963 1095 1994 Patres
1119 1969 1151 1994 et
1173 1965 1276 2004 pueri.
1306 1964 1342 1994 In
1364 1964 1463 1995 Patri-
1519 1964 1637 1995 Christi
1653 1965 1826 1996 adventum
1843 1966 1882 1996 ab
1900 1976 1939 1997 eo
1956 1967 1989 1996 in
2006 1975 2073 2006 quo
2096 1975 2184 1997 nunc
2204 1967 2412 2007 recipiuntur,
2428 1968 2472 1997 ita
2495 1966 2590 1998 debet

395 2007 453 2037 bus
477 2007 562 2037 enirn
579 2007 739 2046 originalis
757 2007 851 2048 culpa
875 2009 998 2048 expiata
1022 2013 1069 2038 est
1089 2008 1268 2039 secundum
1292 2008 1382 2048 quod
1398 2014 1463 2039 erat
1477 2021 1504 2041 40
1517 2010 1758 2050 receptaculum
1773 2019 1861 2040 nunc
1886 2010 2036 2050 distingui
2053 2010 2091 2040 ab
2109 2019 2148 2041 eo
2165 2011 2198 2041 in
2222 2019 2290 2050 quo
2306 2012 2500 2051 recipientur
2514 2016 2590 2052 post

394 2051 542 2081 infectiva
573 2060 748 2091 personae,
775 2053 959 2083 remanebat
982 2058 1090 2083 tamen
1123 2053 1392 2093 impedimentum
1424 2063 1462 2084 ex
1517 2054 1793 2085 resurrectionem.

394 2101 482 2135 parte
505 2101 645 2132 naturae,
662 2105 722 2136 pro
747 2106 811 2136 qua
834 2096 982 2127 nondum
1007 2102 1072 2127 erat
1091 2097 1287 2128 satisfactum
1309 2098 1461 2138 plenarie.
1572 2098 1762 2129 Rnspommo
1778 2108 1939 2129 mmmmm
1958 2098 2048 2139 quod
2063 2099 2265 2140 receptacula
2283 2100 2463 2130 animarum
2479 2099 2589 2131 distin-

396 2140 457 2170 Sed
480 2141 513 2170 in
535 2140 643 2180 pueris
667 2146 714 2171 est
736 2141 1006 2181 impedimentum
1030 2147 1062 2172 et
1086 2151 1124 2172 ex
1146 2147 1235 2182 parte
1258 2151 1415 2182 personae
1431 2148 1463 2173 et
1517 2148 1660 2183 guuntur
1683 2142 1862 2173 secundum
1886 2143 2028 2174 diversos
2061 2149 2159 2174 status
2183 2153 2303 2174 earum.
2338 2144 2457 2175 Anima
2479 2149 2589 2176 autem

395 2194 432 2214 ex
455 2190 543 2225 parte
558 2190 698 2215 naturae.
724 2185 764 2215 Et
787 2185 860 2216 ideo
877 2187 984 2226 pueris
1008 2191 1039 2216 et
1062 2186 1206 2217 Patribus
1230 2186 1352 2217 diversa
1375 2196 1462 2218 rece·
1518 2188 1691 2218 coniuncta
1706 2188 1832 2218 mortali
1849 2189 1978 2228 corpori
1993 2188 2088 2218 habet
2103 2193 2221 2219 statum
2236 2188 2397 2219 merendi:
2423 2187 2479 2219 sed
2495 2194 2589 2220 exuta

394 2229 520 2269 ptacula
543 2230 749 2269 assignantur.
1477 2243 1500 2262 ις
1518 2241 1655 2272 corpore
1674 2237 1721 2262 est
1743 2233 1777 2262 in
1801 2237 1884 2262 statu
1900 2232 2075 2273 recipiendi
2098 2242 2158 2273 pro
2178 2232 2439 2263 meritis·bonum
2454 2233 2506 2264 vel
2520 2242 2589 2264 ma·

449 2274 499 2303 An
523 2283 685 2304 szcurmum
716 2284 876 2305 mmmmm
899 2274 990 2315 quod
1019 2275 1219 2315 Augustinus
1250 2276 1393 2315 loquitur
1423 2275 1462 2306 de
1517 2276 1595 2307 lum.
1621 2276 1707 2316 Ergo
1730 2282 1804 2317 post
1826 2282 1966 2307 mortem
1988 2277 2039 2307 vel
2063 2282 2110 2307 est
2132 2277 2166 2307 in
2189 2281 2273 2308 statu
2295 2276 2470 2318 reeipiendi
2492 2276 2588 2309 finale

394 2318 506 2358 poenis
530 2327 612 2358 quae
636 2318 793 2349 debentur
817 2320 911 2350 alicui
935 2319 1058 2350 ratione
1081 2328 1237 2359 personae
1261 2329 1354 2356 suae,
1380 2321 1463 2351 inter
1516 2321 1706 2361 praemium,
1723 2321 1774 2351 vel
1798 2327 1845 2351 est
1867 2321 1900 2351 in
1924 2326 2006 2352 statu
2031 2330 2098 2361 quo
2121 2321 2295 2362 impeditur
2318 2322 2357 2352 ab
2381 2322 2447 2352 illo.
2473 2321 2507 2353 Si
2530 2331 2587 2353 au-

395 2371 475 2401 quos
498 2363 698 2393 mitissimam
728 2373 868 2403 poenam
901 2364 1019 2394 habent
1043 2364 1099 2404 qui
1123 2364 1194 2394 solo
1218 2365 1364 2404 originali
1386 2374 1462 2404 pec·
1517 2371 1583 2395 tem
1607 2370 1654 2395 est
1677 2366 1710 2395 in
1733 2371 1816 2396 statu
1839 2365 2014 2405 recipiendi
2033 2365 2162 2396 finalem
2184 2366 2437 2402 retributionem,
2454 2366 2518 2397 hoc
2541 2372 2589 2397 est

395 2411 465 2436 cato
489 2413 666 2446 gravantur.
693 2407 756 2438 Sed
779 2407 883 2438 adhuc
908 2414 954 2438 est
978 2409 1087 2439 mitior
1110 2418 1217 2448 poena
1240 2418 1354 2439 eorum
1379 2418 1462 2449 quos
1517 2409 1699 2450 dupliciter:
1724 2410 1774 2440 vel
1799 2415 1955 2450 quantum
1979 2409 2019 2440 ad
2043 2410 2184 2446 bonum,
2211 2415 2242 2440 et
2265 2410 2310 2440 sic
2334 2415 2380 2440 est
2403 2409 2586 2450 paradisus;

394 2460 460 2480 non
483 2451 617 2491 impedit
640 2462 658 2482 a
681 2453 890 2492 perceptione
913 2453 1032 2492 gloriae
1055 2451 1199 2483 defectus
1223 2463 1389 2493 personae,
1407 2453 1463 2484 sed
1478 2463 1503 2483 5⁰
1516 2454 1567 2484 vel
1591 2459 1749 2494 quantum
1773 2454 1812 2484 ad
1835 2454 1967 2490 malum,
1985 2459 2016 2484 et
2035 2454 2079 2484 sic
2102 2455 2226 2485 ratione
2249 2454 2380 2484 actualis
2403 2454 2517 2495 culpae
2541 2460 2587 2486 est

394 2495 499 2525 solum
523 2495 665 2526 defectus
689 2502 836 2527 naturae:
862 2502 898 2527 ut
921 2498 990 2537 ipsa
1013 2496 1123 2527 dilatio
1153 2497 1272 2537 gloriae
1304 2497 1462 2538 quaedam
1516 2497 1670 2534 infernus,
1687 2499 1810 2529 ratione
1826 2503 1933 2529 autem
1958 2498 2119 2539 originalis
2136 2504 2183 2529 est
2205 2498 2323 2529 limbus
2341 2507 2529 2538 puerorum.
2553 2499 2587 2530 Si

395 2548 500 2578 poena
523 2539 654 2570 dicatur.
1517 2552 1593 2572 vero
1618 2548 1665 2573 est
1687 2543 1720 2573 in
1744 2548 1826 2573 statu
1851 2552 1917 2583 quo
1937 2542 2111 2583 impeditur
2134 2553 2152 2573 a
2174 2541 2262 2573 finali
2277 2543 2486 2574 retributione
2509 2553 2587 2574 con-

1517 2586 1691 2627 sequenda,
1708 2587 1757 2617 vel
1781 2587 1844 2617 hoc
1869 2592 1916 2617 est
1938 2592 2070 2627 propter
2101 2586 2263 2618 defectum
2287 2596 2462 2627 personae,
2487 2593 2519 2618 et
2541 2589 2587 2618 sic

1517 2637 1564 2661 est
1580 2632 1812 2671 purgatorium,
1829 2632 1862 2662 in
1879 2640 1945 2672 quo
1971 2631 2152 2662 detinentur
2168 2631 2293 2662 animae
2313 2641 2355 2662 ne
2371 2632 2476 2662 statim
2496 2641 2587 2672 prae-

459 2682 478 2701 D
497 2682 646 2702 sam-nrum
671 2683 716 2703 src
740 2683 944 2704 moerori-un.
969 2673 1104 2704 Videtur
1120 2674 1210 2714 quod
1233 2683 1301 2704 non
1325 2673 1463 2705 debeant
1478 2688 1500 2708 55
1516 2676 1580 2706 mia
1597 2681 1845 2716 consequantur,
1861 2681 1992 2716 propter
2006 2681 2137 2716 peccata
2161 2685 2245 2716 quae
2265 2676 2512 2714 commiserunt;
2535 2676 2587 2708 vel

398 2683 507 2746 Atot
530 2718 729 2757 receptacula
752 2717 913 2758 distingui.
947 2717 1036 2748 Sicut
1068 2719 1154 2748 enim
1183 2719 1384 2758 receptacula
1407 2718 1461 2749 de-
1516 2725 1648 2760 propter
1671 2719 1833 2750 defectum
1848 2725 1990 2757 naturae,
2008 2725 2038 2750 et
2054 2720 2099 2751 sic
2116 2725 2163 2751 est
2178 2720 2296 2750 limbus
2311 2720 2452 2757 Parrum,
2468 2721 2502 2751 in
2518 2730 2586 2761 quo

396 2760 508 2790 bentur
524 2762 688 2792 animabus
712 2771 771 2802 pro
788 2768 922 2802 peccato
946 2767 1020 2802 post
1038 2768 1188 2799 mortem,
1205 2764 1248 2793 ita
1271 2768 1303 2794 et
1317 2772 1377 2803 pro
1393 2773 1461 2794 me·
1517 2764 1739 2795 detinebantur
1755 2764 1861 2795 Patres
1885 2775 1902 2794 a
1926 2765 2157 2795 consecutione
2172 2765 2292 2805 gloriae
2315 2770 2448 2805 propter
2463 2769 2587 2796 reatum

396 2805 465 2834 rito.
501 2804 563 2835 Sed
585 2806 707 2836 ratione
737 2807 841 2836 meriti
864 2816 932 2837 non
956 2806 1090 2837 debetur
1111 2808 1173 2838 nisi
1204 2817 1306 2838 unum
1337 2813 1459 2839 tantum
1515 2809 1675 2839 humanae
1698 2814 1840 2845 naturae,
1857 2818 1941 2849 quae
1963 2808 2111 2840 nondum
2134 2814 2259 2850 poterat
2283 2809 2411 2849 expiari.

438 2611 536 2641 ART.
553 2611 620 2642 VII.
641 2621 745 2642 ornum
768 2622 910 2642 ozanam
934 2622 996 2642 ror
1019 2622 1238 2643 nircum-acum
1262 2623 1418 2644 msrmour

396 2849 642 2888 receptaculum,
671 2850 790 2881 scilicet
817 2851 990 2891 paradisus.
1015 2851 1101 2891 Ergo
1125 2861 1185 2883 nec
1201 2853 1324 2882 ratione
1347 2862 1461 2892 pecca·
1572 2853 1622 2883 Αι)
1646 2863 1763 2883 ramum
1787 2863 1870 2884 aizoo
1899 2863 2058 2884 memnon
2089 2853 2180 2894 quod
2202 2853 2321 2884 bonum
2337 2853 2498 2895 contingit
2519 2862 2585 2884 uno

396 2898 502 2923 torum
526 2893 657 2924 debetur
680 2895 741 2925 nisi
765 2905 868 2926 unum
891 2896 1141 2936 receptaculum.
1475 2908 1502 2928 σο
1515 2898 1622 2933 modo,
1639 2897 1695 2928 sed
1717 2898 1839 2928 malum
1862 2898 2063 2940 multifarie:
2085 2903 2121 2928 ut
2144 2902 2232 2938 patet
2254 2907 2312 2938 per
2328 2897 2534 2938 Dionysium,
2554 2907 2586 2928 rv

453 2947 481 2967 2.
505 2937 706 2975 primm,
731 2940 932 2980 receptacula
964 2941 1161 2980 assignantur
1193 2941 1358 2971 animabus
1388 2946 1462 2981 post
1516 2951 1586 2982 cap.
1603 2942 1642 2972 de
1657 2942 1732 2973 Div.
1749 2942 1844 2972 Nom.
1862 2943 1888 2978 ⁴⁹,
1906 2947 1937 2972 et
1952 2951 2010 2982 per
2024 2942 2269 2982 Philosophum,
2285 2942 2319 2972 in
2335 2941 2362 2972 11
2377 2941 2481 2972 Ethic.
2494 2942 2529 2958 ’θ
2544 2941 2586 2972 Et
2612 2942 2826 2999 :ffigg-Jffgfaeffi

396 2987 532 3012 mortem
548 2983 669 3013 ratione
685 2984 874 3015 meritorum
896 2985 948 3014 vel
971 2984 1210 3016 demeritorum.
1236 2984 1299 3016 Sed
1315 2995 1399 3016 unus
1415 2991 1462 3016 est
1515 2991 1647 3027 propter
1670 2987 1733 3016 hoc
1756 2995 1824 3017 non
1844 2991 1891 3017 est
1906 2987 2137 3017 inconveniens
2160 2986 2186 3016 si
2208 2986 2300 3016 locus
2318 2986 2428 3016 beatae
2451 2985 2584 3016 retribu-
2611 2995 2798 3020 &Timonem

397 3025 486 3055 locus
509 3027 541 3056 in
566 3036 631 3066 quo
655 3034 817 3058 merentur
839 3029 890 3059 vel
914 3028 1128 3060 demerentur.
1157 3029 1242 3069 Ergo
1267 3039 1370 3060 unum
1393 3035 1462 3060 tan-
1516 3031 1613 3062 tionis
1637 3035 1683 3061 est
1705 3040 1800 3067 unus,
1817 3031 1889 3061 loca
1910 3040 1988 3061 vero
2012 3039 2191 3071 poenarum
2214 3035 2289 3061 sunt
2310 3029 2412 3070 plura.

396 3075 465 3099 tum
488 3071 725 3110 receptaculum
749 3071 877 3103 deberet
901 3074 945 3103 eis
969 3074 1119 3113 assignari
1143 3079 1216 3114 post
1238 3079 1388 3104 mortem.
1571 3075 1622 3105 An
1647 3085 1809 3106 sncunmm
1832 3084 1992 3105 monimum
2016 3074 2106 3115 quod
2129 3079 2228 3105 status
2250 3073 2394 3105 merendi
2417 3078 2448 3104 et
2475 3073 2584 3105 deme-

453 3114 482 3143 3.
506 3114 707 3152 Panamara,
732 3116 804 3147 loca
833 3118 982 3157 poenalia
1011 3117 1130 3148 debent
1161 3118 1356 3158 respondere
1385 3119 1461 3158 ipsis
1475 3128 1500 3154 ες
1516 3118 1606 3150 rendi
1630 3125 1677 3150 est
1699 3129 1784 3150 unus
1807 3124 1922 3150 status:
1955 3129 2030 3150 cum
2062 3118 2205 3150 eiusdem
2228 3118 2268 3148 sit
2290 3127 2386 3159 posse
2415 3119 2530 3148 mereri
2553 3124 2585 3149 et

398 3157 508 3197 culpis.
543 3158 605 3189 Sed
628 3169 695 3190 non
719 3166 792 3191 sunt
822 3162 882 3191 nisi
906 3163 963 3192 tria
986 3171 1102 3202 genera
1126 3163 1309 3203 culparum:
1342 3163 1462 3193 scilicet
1517 3163 1682 3194 demereri.
1716 3164 1757 3194 Et
1786 3163 1860 3194 ideo
1895 3164 2124 3194 convenienter
2156 3162 2289 3193 debetur
2319 3162 2470 3193 omnibus
2499 3171 2584 3194 unus

398 3201 566 3241 originalis,
583 3204 714 3234 venialis
737 3210 768 3234 et
791 3206 942 3236 mortalis.
967 3206 1054 3246 Ergo
1077 3216 1145 3237 non
1169 3206 1287 3238 debent
1310 3216 1378 3238 esse
1401 3207 1462 3238 nisi
1516 3208 1617 3238 locus.
1643 3207 1706 3239 Sed
1729 3217 1843 3238 eorum
1867 3209 1923 3248 qui
1953 3208 2112 3248 recipiunt
2133 3215 2194 3247 pro
2226 3206 2363 3242 meritis,
2388 3211 2463 3237 sunt
2485 3211 2584 3238 status

398 3245 454 3274 tria
476 3247 675 3286 receptacula
698 3249 855 3288 poenalia.
1516 3251 1640 3282 diversi.
1665 3252 1707 3282 Et
1729 3252 1803 3283 ideo
1827 3261 1895 3283 non
1919 3257 1966 3282 est
1988 3251 2100 3282 simile.

162 3322 172 3331 .
341 3321 345 3325 ,
453 3289 514 3319 Sar>
539 3300 677 3327 CONTRA,
701 3292 826 3323 videtur
858 3294 947 3333 quod
971 3294 1108 3325 debeant
1138 3305 1206 3326 esse
1233 3295 1337 3326 multo
1369 3295 1462 3336 plura
1571 3297 1621 3326 An
1645 3306 1780 3326 Taurum
1802 3305 1962 3326 mcimntm
1985 3294 2075 3335 quod
2101 3304 2161 3335 pro
2185 3294 2280 3335 culpa
2310 3295 2455 3335 originali
2477 3300 2585 3335 potest

162 3320 292 3378 Aiygffffite*
323 3321 372 3368 Σὲ
400 3341 496 3371 quam
520 3334 726 3374 assignentur.
758 3337 822 3367 Aer
846 3339 932 3368 enim
955 3339 1013 3368 iste
1045 3339 1237 3379 caliginosus
1261 3345 1308 3370 est
1331 3339 1461 3370 daemo—
1475 3354 1502 3375 7⁰
1516 3340 1630 3380 aliquis
1652 3341 1760 3381 puniri
1783 3340 1961 3380 dupliciter,
1985 3345 2021 3369 ut
2045 3349 2082 3369 ex
2106 3338 2197 3369 dictis
2212 3340 2229 3356 '⁸
2252 3343 2355 3379 patet:
2380 3339 2431 3369 vel
2460 3340 2584 3370 ratione
2610 3340 2822 3389 {ham-inm

162 3373 374 3428 fgulffjfldffffzpd
399 3385 478 3406 nurn
502 3386 615 3414 carcer,
633 3384 668 3408 ut
690 3385 777 3419 patet
800 3380 826 3410 11
850 3381 933 3411 Petri
949 3392 971 3412 11
987 3383 1012 3412 *ἢ
1038 3383 1106 3413 Nec
1126 3389 1234 3414 tamen
1255 3389 1461 3424 computatur
1515 3394 1682 3425 personae,
1698 3385 1750 3415 vel
1772 3385 1895 3415 ratione
1917 3388 2049 3414 naturae
2072 3388 2207 3413 tantum.
2238 3383 2280 3413 Et
2302 3382 2376 3414 ideo
2400 3382 2445 3414 illi
2469 3383 2583 3424 culpae
2626 3383 2633 3394 ’
2691 3374 2711 3390 ¹⁸

162 3426 261 3465 Effluet.⁴
271 3432 372 3474 ἔξιμινὲ,
400 3419 480 3450 inter
504 3422 647 3461 quinque
662 3425 861 3462 receptacula
877 3434 959 3464 quae
975 3436 993 3455 a
1009 3427 1202 3466 quibusdam
1218 3429 1234 3444 ⁴*
1250 3428 1459 3468 assignantur.
1515 3428 1687 3470 respondet
1710 3428 1827 3468 duplex
1851 3427 1977 3458 limbus.

162 3458 261 3501 ἶξξξῗξ]
289 3459 314 3480 Ρ·
333 3458 371 3474 “·
400 3462 485 3502 Ergo
509 3470 582 3494 sunt
604 3466 695 3505 plura
718 3469 916 3507 receptacula
939 3478 1036 3508 quam
1060 3472 1214 3511 quinque.
1570 3473 1621 3503 An
1647 3482 1795 3503 auanrtm
1810 3473 1827 3489 θ
1850 3481 2010 3502 mmmmm
2033 3470 2123 3512 quod
2147 3481 2199 3502 aer
2222 3472 2280 3502 iste
2300 3471 2492 3512 caliginosus
2514 3480 2583 3502 non
2610 3470 2755 3520 {ryg-⁸⁰¹
2767 3476 2823 3494 ω·-

162 3507 172 3517 ·
186 3506 211 3528 Β·
233 3505 321 3527 Albert.
341 3505 373 3526 Ν
457 3516 485 3537 2.
510 3507 703 3545 Pluinnam,
717 3510 795 3540 alius
812 3517 858 3541 est
873 3512 1034 3551 paradisus
1050 3516 1212 3552 terrestris,
1230 3522 1261 3546 et
1276 3516 1355 3547 alius
1370 3526 1460 3557 para·
1516 3517 1691 3557 assignatur
1714 3515 1924 3547 daemonibus
1948 3516 2039 3556 quasi
2061 3515 2153 3546 locus
2175 3517 2209 3546 in
2231 3525 2298 3556 quo
2318 3516 2472 3556 recipiant
2494 3516 2582 3546 retri-
2677 3514 2683 3520 '

162 3531 373 3586 ffretntxsaismuv,
401 3549 487 3580 disus
511 3552 660 3582 caelestis.
686 3553 748 3583 Sed
781 3554 911 3593 quidam
933 3562 1007 3595 post
1039 3563 1155 3589 statum
1179 3560 1273 3590 huius
1305 3561 1388 3591 vitae
1421 3560 1460 3592 ad
1474 3574 1499 3595 ⁷5
1515 3561 1684 3591 butionem
1707 3569 1767 3601 pro
1790 3560 1919 3596 meritis,
1937 3559 1992 3590 sed
2015 3560 2106 3600 quasi
2130 3565 2317 3600 competens
2336 3558 2444 3590 officio
2469 3568 2582 3590 eorum
