2878 4088
84 248 93 256 '
107 246 174 269 Vei-s.
192 252 224 269 ιη.

81 518 91 529 ·
99 517 180 539 etan.
186 517 290 545 pneced.

77 779 220 828 ’.ιῗ-ιῑὶῖὶίιι
222 779 290 832 {isi

78 838 148 881 Ινέαιι.
166 838 193 861 3,
214 822 289 855 ι’.Τ.

138 865 183 885 vu,-
188 858 290 881 deCael.

80 885 120 907 lib.
139 885 174 913 n,
187 891 238 914 cap.
257 892 290 913 ιι,

79 917 140 960 :w
113 918 140 939 4
153 918 174 934 ι.
167 901 227 935 ’.n
237 902 290 934 leet.

80 1090 91 1101 ⁶
105 1089 140 1112 Cf.
154 1089 212 1112 ibid.

78 1296 239 1339 'Gaetu
259 1315 291 1338 vr,

78 1343 291 1392 '1bi,⁸2‡·.2,

76 1395 152 1419 ⁴³¹⁸·

79 1751 222 1777 ‘Vm-u·

85 2727 95 2737 ·
114 2725 173 2748 ord.
192 2731 221 2747 ex
239 2724 297 2747 Bed.

84 2753 106 2764 ¹⁹·
121 2751 188 2774 νεα.
204 2757 241 2774 ιο.

90 3257 100 3268 ·
113 3255 172 3284 Cep.
186 3261 232 3278 xvi.

89 3302 101 3314 ·
114 3300 200 3323 Lomb.

90 3329 113 3340 ··
127 3327 193 3350 vm.
208 3333 243 3357 3¹.

92 3477 102 3489 ·
118 3474 175 3499 GR.
195 3481 246 3504 cap.
261 3481 303 3498 vn.

93 3521 103 3532 ·
118 3519 184 3541 Ver·-
199 3525 211 3548 ⁵
225 3525 277 3548 mq-

1000 168 1264 215 QUAESTIO
1294 167 1464 213 LXXIV,
1485 166 1779 204 ARTlcULUs
1799 167 1844 202 111

377 256 406 276 2.
438 246 639 282 Parmam,
671 247 697 277 II
725 247 792 277 Pet.
824 247 880 277 ult.
910 247 926 263 ⁴*
953 246 1083 277 dicitur:
1117 247 1208 277 Caeli
1238 247 1388 277 ardentes

318 291 501 326 solventur,
525 296 557 321 et
579 291 735 322 elementa
759 291 846 332 ignis
875 290 995 321 ardore
1024 291 1191 322 tabescent.
1226 291 1311 331 Ergo
1335 291 1388 322 illa

319 335 466 375 purgatio
490 344 547 375 per
570 335 679 375 ignem
701 334 766 366 fiet.

374 379 565 409 stporvnzo
596 389 756 410 metuntur
779 378 869 419 quod
891 379 944 409 illa
966 378 1080 409 mundi
1103 380 1250 419 purgatio
1281 388 1387 410 remo-

319 423 405 453 vebit
428 433 445 454 a
468 423 592 454 mundo
615 423 824 454 infectionem
847 432 885 453 ex
909 423 1004 463 culpa
1027 423 1179 459 relictam,
1200 429 1231 454 et
1254 424 1387 463 impuri-
1411 425 1420 445 ⁵

319 472 416 498 tatem
441 468 689 504 commixtionis,
707 473 738 498 et
754 468 812 498 erit
835 466 1003 507 dispositio
1020 466 1059 497 ad
1074 468 1194 507 gloriae
1218 467 1387 507 perfectio-

318 521 395 542 nem
410 513 436 542 ’ἦ
461 512 503 542 Ει
517 511 591 542 ideo
607 518 765 553 quantum
785 510 825 542 ad
840 512 919 542 haec
942 511 1000 541 tria
1016 512 1317 542 convenientissime
1333 511 1388 541 fiet

319 565 376 596 per
398 556 507 596 ignem
529 557 687 596 purgatio.
712 556 831 592 Primo,
855 556 931 596 quia
954 556 1045 595 ignis,
1069 565 1144 586 cum
1168 556 1207 585 sit
1228 555 1387 586 nobilissi-

318 609 411 630 mum
429 600 674 637 elementorum,
690 601 785 631 habet
807 599 965 630 naturales
988 600 1197 640 proprietates
1221 599 1388 630 similiores

319 645 565 685 proprietatibus
598 644 732 685 gloriae:
767 649 804 675 ut
832 644 971 674 maxime
993 648 1081 683 patet
1111 643 1150 674 de
1179 643 1262 674 luce.
1286 661 1310 665 —
1332 643 1387 674 Se-
1404 651 1429 665 ²⁰

320 688 438 725 cundo,
455 689 531 729 quia
553 689 634 729 ignis
658 698 725 719 non
748 689 791 718 ita
813 688 926 727 recipit
949 688 1214 718 commixtionem
1238 688 1387 722 extranei,

319 738 450 773 propter
473 733 647 764 efficaciam
669 733 793 763 virtutis
823 732 960 767 acu'vae,
985 732 1068 761 sicut
1091 731 1151 762 alia
1174 732 1341 761 elementa.
1365 749 1387 753 -

319 777 441 813 Tertio,
459 778 534 818 quia
549 777 682 817 sphaera
695 777 777 816 ignis
793 781 840 806 est
855 780 979 805 remota
994 785 1012 804 a
1026 781 1135 806 nostra
1154 775 1348 805 habitatione
1360 775 1386 811 ἢ

318 831 379 852 nec
395 822 438 852 ita
460 821 642 852 communis
665 826 712 851 est
733 819 827 851 nobis
850 828 927 850 usus
949 819 1031 859 ignis
1055 820 1136 850 sicut
1158 825 1269 855 terrae,
1286 828 1388 859 aquae

319 871 351 896 et
373 866 462 896 aeris.
493 864 588 896 Unde
610 874 678 895 non
701 865 744 894 ita
766 863 916 894 inficitur.
940 881 963 884 —
985 863 1026 893 Et
1048 869 1173 903 praeter
1194 864 1269 899 hoc,
1293 863 1388 893 habet
1404 874 1426 894 ις

317 919 468 984 ffiagngm
491 908 666 940 efficaciam
689 907 729 939 ad
751 906 956 948 purgandum
978 912 1009 937 et
1025 907 1065 938 ad
1089 907 1297 939 dividendum
1313 908 1388 938 sub-

354 963 407 984 1an
430 963 461 984 o.

372 998 424 1028 An
442 1007 560 1028 ramim
578 1006 661 1027 nnoo
681 1006 841 1027 monimum
856 994 947 1036 quod
962 995 1043 1035 ignis
1058 1005 1126 1026 non
1141 996 1228 1027 venit
1243 997 1276 1027 in
1292 1006 1388 1027 usum

317 1046 464 1072 nostrum
487 1046 584 1081 prout
608 1046 654 1072 est
677 1041 710 1071 in
733 1041 865 1071 materia
893 1041 1033 1080 propria,
1057 1041 1102 1071 sic
1130 1041 1217 1071 enim
1244 1046 1388 1071 remotus

318 1091 365 1116 est
388 1096 406 1116 a
428 1085 522 1116 nobis
537 1086 571 1116 *z
603 1085 659 1116 sed
681 1085 788 1116 solum
811 1090 909 1125 prout
931 1089 978 1114 est
1000 1085 1034 1115 in
1057 1085 1188 1115 materia
1211 1085 1323 1115 aliena.
1348 1085 1389 1115 Et
1403 1096 1429 1110 ιο

317 1129 427 1171 quoad
449 1130 527 1166 hoc,
551 1130 670 1181 poterit
692 1139 750 1169 per
772 1130 880 1170 ignem
903 1129 937 1159 in
960 1138 1017 1159 sua
1039 1130 1177 1169 puritate
1201 1130 1388 1160 existentem

317 1175 445 1250 pgrgari
468 1175 527 1205 iste
550 1174 631 1214 ignis
654 1179 812 1215 quantum
828 1173 867 1204 ad
882 1173 946 1203 hoc
963 1173 1052 1213 quod
1070 1174 1166 1204 habet
1181 1173 1221 1205 de
1238 1179 1388 1205 extraneo

319 1229 338 1249 a
359 1218 517 1250 iunctum.

373 1263 441 1305 An
448 1273 612 1296 ssscuumm
635 1272 794 1293 ῡιοιιιιοιιιι
810 1262 900 1303 quod
916 1263 1062 1315 purgatio
1079 1262 1192 1293 mundi
1209 1272 1292 1303 quae
1307 1262 1389 1293 facta

319 1309 367 1338 est
381 1316 439 1347 per
455 1306 622 1343 diluvium,
639 1316 708 1337 non
724 1307 912 1347 respiciebat
927 1308 989 1338 nisi
1004 1306 1214 1337 infectionem
1225 1307 1387 1347 peccati.
1361 1308 1378 1324 ὓ
1403 1316 1426 1336 ²5

318 1351 494 1392 Ptaecipue
506 1356 614 1382 autem
630 1357 708 1382 tunc
724 1351 875 1391 regnabat
888 1356 1058 1392 peccatum
1073 1352 1388 1391 concupiscentiae*.

318 1395 360 1427 Et
382 1395 457 1427 ideo
482 1396 709 1427 convenienter
731 1405 790 1436 per
813 1397 1009 1427 contrarium
1036 1396 1184 1436 purgatio
1213 1394 1296 1426 facta
1318 1395 1388 1432 fuit,

318 1440 439 1471 scilicet
461 1449 519 1480 per
542 1449 670 1480 aquam.
701 1439 764 1471 Sed
791 1440 932 1471 secunda
961 1440 1108 1481 purgatio
1136 1440 1264 1480 respicit
1288 1445 1319 1471 et
1340 1440 1394 1470 in-'

319 1484 494 1516 fectionem
518 1484 633 1525 culpae
656 1490 688 1515 et
711 1485 950 1515 commixtionis
972 1485 1199 1525 impuritatem.
1225 1484 1266 1515 Et
1288 1494 1389 1524 quan-

318 1533 389 1559 tum
413 1528 452 1559 ad
480 1533 654 1570 utrumque
684 1529 835 1559 convenit
864 1530 964 1569 magis
995 1528 1084 1570 quod
1112 1527 1168 1559 fiat
1197 1538 1254 1568 per
1281 1529 1390 1569 ignem
1405 1537 1430 1556 ³⁰

319 1582 418 1614 quam
440 1582 498 1613 per
518 1582 645 1613 aquam.
669 1573 764 1613 Aqua
787 1573 875 1603 enim
889 1583 958 1604 non
972 1573 1068 1604 habet
1090 1573 1156 1603 vim
1180 1572 1388 1613 disgregandi,

319 1616 376 1648 sed
390 1617 491 1657 magis
506 1616 706 1658 aggregandi.
734 1616 829 1648 Unde
844 1626 902 1657 per
917 1626 1034 1657 aquam
1049 1617 1200 1647 naturalis
1223 1617 1390 1657 impuritas

320 1661 555 1692 elementorum
577 1661 648 1692 tolli
670 1670 739 1691 non
761 1666 871 1701 posset
894 1662 976 1692 sicut
990 1670 1047 1702 per
1070 1662 1188 1701 ignem.
1201 1678 1224 1683 —
1240 1661 1390 1692 Similiter

320 1706 416 1736 etiam
439 1705 522 1736 circa
544 1704 644 1736 finem
666 1704 780 1736 mundi
802 1706 946 1745 regnabit
964 1706 1078 1736 vitium
1101 1704 1282 1745 tepiditatis,
1299 1706 1390 1745 quasi

318 1748 443 1781 mundo
473 1750 538 1780 iam
568 1754 771 1780 senescente:
804 1750 895 1789 quia,
927 1755 962 1780 ut
992 1749 1107 1780 dicitur
1137 1749 1248 1779 Matth.
1273 1759 1346 1780 xx1v
1361 1751 1388 1786 *,
1405 1763 1427 1783 ις

318 1799 396 1825 tunc
413 1793 606 1835 refrigescet
619 1793 740 1824 caritas
755 1793 942 1824 multorum.
959 1793 1054 1825 Unde
1066 1799 1143 1824 tunc
1160 1794 1389 1824 convenienter

318 1838 467 1879 purgatio
490 1847 548 1878 per
570 1838 680 1878 ignem
703 1836 768 1868 fiet.
1182 1858 1186 1862 -

374 1882 444 1914 Nec
468 1887 515 1913 est
545 1881 666 1923 aliquid
696 1881 786 1922 quod
808 1883 882 1922 igne
905 1883 1034 1923 purgari
1063 1891 1131 1912 non
1154 1882 1256 1922 possit
1279 1882 1388 1923 aliquo

319 1925 431 1957 modo.
465 1925 529 1957 Sed
552 1926 712 1967 quaedam
735 1932 809 1957 sunt
832 1936 914 1967 quae
938 1927 1006 1957 sine
1027 1927 1075 1957 sui
1101 1927 1309 1966 corruptione
1332 1936 1390 1967 per

2438 167 2506 204 165

1443 244 1587 275 eiusdem
1610 245 1728 284 speciei
1751 253 1826 274 cum
1850 254 1932 284 aqua
1956 245 2139 276 elementari
2155 247 2182 276 θ.
2207 246 2292 286 Ergo
2317 252 2347 277 et
2367 247 2546 277 similiter:

1443 289 1501 320 erit
1517 289 1551 319 in
1566 287 1707 319 secunda
1729 289 1919 328 purgatione
1942 289 2023 328 ignis
2047 289 2190 320 eiusdem
2211 291 2329 330 speciei
2345 300 2420 321 curn
2435 291 2509 331 igne

1443 333 1637 363 elementari.

1497 377 1688 407 Rasponnno
1718 385 1878 406 mmmmm
1906 376 1995 416 quod
2024 378 2105 407 circa
2133 378 2195 408 hoc
2220 379 2425 409 inveniuntur
2448 385 2509 409 tres

1443 422 1624 461 opiniones.
1655 419 1796 458 Quidam
1827 420 1913 450 enim
1944 419 2055 450 dicunt
2085 422 2174 460 quod
2202 423 2397 453 elementum
2421 422 2510 463 quod

1443 471 1490 496 est
1508 466 1542 495 in
1560 466 1693 505 sphaera
1716 474 1782 500 sua,
1803 463 1973 494 descendet
1989 464 2029 494 ad
2044 467 2267 504 purgationem
2290 466 2412 497 mundi.
2439 467 2509 497 Mo-

1443 509 1521 541 dum
1554 514 1662 540 autem
1697 508 1914 539 descensionis
1949 515 2076 548 ponunt
2111 519 2167 549 per
2198 511 2508 550 multiplicationem.

1443 554 1527 594 Ignis
1551 554 1654 590 enim,
1679 552 1824 593 undique
1847 553 1996 593 apposito
2021 554 2253 590 combustibili‚
2278 561 2509 594 augmentatur.

1442 598 1484 628 Et
1498 598 1562 628 hoc
1579 598 1751 637 praecipue
1770 603 1848 627 tunc
1863 596 1928 632 fiet,
1945 596 2076 636 quando
2101 598 2198 628 virtus
2222 599 2302 638 ignis
2327 599 2511 629 exaltabitur

1443 651 1539 682 super
1563 642 1672 671 omnia
1695 642 1755 671 alia
1778 641 1945 672 elementa.

1498 685 1562 716 Sed
1585 691 1696 715 contra
1719 685 1782 715 hoc
1806 695 1874 715 esse
1888 684 2013 715 videtur
2030 684 2119 725 quod
2138 686 2219 725 ignis
2235 686 2287 716 ille
2303 696 2371 716 non
2387 692 2511 717 tantum

1443 729 1631 765 descendet,
1656 729 1712 759 sed
1740 730 1836 759 etiam
1859 739 1877 759 a
1900 729 2022 760 Sanctis
2053 729 2222 760 ascendere
2252 730 2452 770 perhibetur:
2477 736 2512 761 ut

1442 779 1530 813 patet
1549 773 1575 803 II
1592 773 1658 803 Pet.
1676 783 1709 803 ιιι
1722 774 1748 809 *‚
1764 774 1820 804 ubi
1835 772 1960 804 videtur
1977 773 2066 813 quod
2082 779 2206 804 tantum
2230 774 2380 805 ascendet
2402 774 2513 805 iudicii
2539 782 2549 791 ·

1444 818 1530 859 ignis
1559 822 1714 858 quantum
1746 827 1851 858 aquae
1880 817 1995 848 diluvii
2002 825 2014 854 ;
2044 828 2081 848 ex
2110 828 2176 858 quo
2200 818 2324 849 videtur
2348 818 2436 859 quod
2460 819 2512 849 ille

1443 862 1525 902 ignis
1547 862 1587 892 sit
1610 862 1693 892 circa
1716 861 1827 892 locurn
1850 861 1994 893 medium
2017 863 2240 902 generationis.

1498 906 1539 936 Et
1562 912 1694 946 propter
1717 906 1780 936 hoc
1803 906 1855 936 alii
1879 906 1990 937 dicunt
2018 906 2108 947 quod
2131 908 2211 947 ignis
2235 907 2288 938 ille
2311 907 2513 948 generabitur

1443 951 1526 981 circa
1549 950 1660 981 locum
1683 956 1784 981 terrae
1807 960 1845 981 ex
1868 951 2117 991 congregatione
2141 951 2303 982 radiorum
2328 952 2512 982 caelestium

1443 1004 1635 1035 corporum:
1667 995 1750 1025 sicut
1772 994 1918 1026 videmus
1949 995 2039 1035 quod
2067 1002 2300 1036 congregantur
2322 997 2355 1026 in
2379 996 2512 1036 speculo

1443 1040 1664 1070 comburente.
1696 1039 1792 1069 Tunc
1816 1045 1923 1070 autem
1946 1040 2021 1070 loco
2050 1040 2257 1080 speculorum
2287 1046 2380 1071 erunt
2410 1041 2512 1071 nubes

1444 1093 1615 1119 concavae,
1639 1083 1679 1114 ad
1703 1093 1782 1124 quas
1805 1083 1860 1114 fiet
1883 1084 2045 1114 radiorum
2069 1086 2289 1116 reverberatio.

1498 1128 1561 1159 Sed
1592 1128 1656 1158 hoc
1686 1128 1782 1158 etiarn
1811 1138 1878 1158 non
1909 1128 2034 1159 videtur
2064 1130 2269 1160 conveniens.
2303 1129 2405 1166 Quia,
2437 1138 2512 1160 cum

1443 1171 1575 1203 effectus
1591 1181 1767 1212 corporum
1790 1172 1974 1203 caelestium
1999 1179 2172 1213 sequantur
2193 1174 2419 1204 determinatos
2435 1174 2512 1204 situs

1443 1222 1474 1247 et
1490 1222 1637 1257 aspectus
1660 1226 1784 1253 eorum,
1801 1217 1827 1247 si
1843 1226 1881 1247 ex
1896 1218 2012 1248 virtute
2031 1227 2206 1258 corporum
2230 1218 2415 1248 caelestium
2430 1218 2512 1257 ignis

1442 1261 1495 1291 ille
1528 1266 1748 1301 generaretur,
1767 1267 1859 1291 esset
1891 1267 2006 1292 notum
2038 1268 2166 1302 tempus
2199 1262 2283 1293 illius
2315 1262 2512 1303 purgationis

1443 1305 1718 1336 considerantibus
1734 1311 1842 1336 motus
1864 1311 2031 1336 astrorum.
2055 1306 2155 1344 Quod
2173 1307 2352 1338 auctoritati
2371 1306 2512 1347 Scriptu-

1442 1359 1495 1380 rae
1518 1354 1675 1390 repugnat
1691 1350 1717 1379 *.

1499 1393 1540 1424 Et
1569 1393 1642 1424 ideo
1674 1393 1726 1423 alii
1743 1394 1760 1409 ⁴*
1783 1392 1911 1430 dicunt,
1940 1400 2111 1434 sequentes
2141 1395 2375 1435 Augustinum,
2405 1395 2511 1435 quod,

1442 1438 1527 1468 sicut
1547 1438 1787 1468 mundanarum
1811 1446 1970 1478 aquarum
1994 1439 2206 1470 inundatione
2219 1440 2351 1481 factum
2367 1445 2414 1470 est
2429 1439 2512 1470 dilu-

1444 1482 1541 1517 vium,
1555 1482 1600 1512 ita
1616 1481 1856 1513 mundanorum
1873 1482 1998 1524 ignium
2014 1484 2277 1525 conflagratione
2281 1484 2401 1525 figura
2418 1484 2513 1514 huius

1444 1526 1555 1556 mundi
1572 1526 1708 1567 peribit,
1732 1531 1768 1556 ut
1799 1525 1914 1557 dicitur
1936 1527 1996 1557 XX
2018 1527 2058 1558 de
2083 1528 2151 1559 civ.
2175 1529 2239 1559 Dei
2254 1529 2280 1558 ’ἃ
2317 1528 2377 1559 [sta
2404 1533 2510 1559 autem

1445 1569 1652 1610 conflagratio
1685 1570 1764 1600 nihil
1796 1571 1883 1602 aliud
1915 1577 1962 1602 est
1994 1581 2092 1611 quam
2125 1573 2330 1612 congregatio
2364 1573 2512 1603 omnium

1444 1624 1613 1646 causarum
1642 1614 1832 1645 inferiorum
1857 1621 1887 1646 et
1911 1616 2113 1656 superiorum
2143 1626 2226 1656 quae
2254 1626 2292 1647 ex
2315 1622 2427 1647 natura
2456 1627 2513 1648 sua

1443 1659 1563 1689 habent
1584 1659 1735 1689 virtutem
1758 1659 1916 1698 igniendi;
1941 1670 2024 1700 quae
2054 1660 2186 1700 quidem
2217 1662 2421 1701 congregatio
2445 1671 2513 1692 non

1443 1703 1579 1733 naturali
1595 1713 1691 1733 cursu
1706 1712 1824 1739 rerum,
1841 1703 1896 1734 sed
1912 1705 2028 1734 virtute
2044 1704 2150 1735 divina
2165 1704 2236 1741 fiet;
2261 1711 2293 1735 et
2308 1715 2346 1735 ex
2363 1706 2513 1736 omnibus

1443 1747 1509 1777 istis
1541 1747 1644 1777 causis
1674 1747 1719 1777 sic
1749 1749 1948 1787 congregatis
1976 1749 2177 1788 generabitur
2206 1750 2288 1789 ignis
2320 1750 2376 1789 qui
2399 1749 2514 1780 faciem

1444 1791 1540 1821 huius
1562 1790 1676 1822 mundi
1700 1797 1819 1821 exuret.

1499 1835 1533 1866 Si
1560 1841 1668 1866 autem
1698 1836 1758 1865 hae
1789 1836 1960 1875 opiniones
1990 1836 2108 1867 directe
2139 1837 2396 1874 considerentur,
2427 1839 2514 1869 inve-

1443 1880 1576 1910 niuntur
1595 1878 1798 1910 diversificari
1821 1886 1979 1920 quantum
1995 1880 2035 1911 ad
2051 1891 2179 1912 causam
2202 1882 2415 1932 generationis
2431 1883 2514 1914 illius

1443 1924 1535 1964 ignis,
1553 1929 1584 1954 et
1599 1934 1667 1955 non
1689 1930 1847 1964 quantum
1870 1924 1910 1955 ad
1933 1926 2074 1965 speciem
2098 1926 2175 1956 eius.
2202 1926 2284 1966 Ignis
2309 1927 2395 1957 enim
2418 1937 2514 1967 gene-

319 1972 429 2012 ignem
443 1980 512 2002 non
527 1976 663 2011 possunt
683 1971 828 2011 purgari:
853 1971 934 2002 sicut
958 1971 1056 2022 panni
1080 1976 1111 2002 et
1133 1980 1207 2001 vasa
1230 1970 1336 2011 lignea
1359 1977 1390 2002 et
1403 1983 1430 2004 4⁰
1444 1974 1529 1999 ratus
1546 1978 1564 1999 a
1579 1968 1647 1999 sole
1670 1969 1721 1999 vel
1744 1969 1783 1999 ab
1806 1969 1949 2000 inferiori
1974 1969 2188 2006 calefaciente,
2214 1976 2260 2001 est
2284 1970 2427 2002 eiusdem
2443 1981 2514 2012 spe-

319 2014 517 2047 huiusmodi.
542 2015 583 2046 Et
598 2015 672 2046 talia
687 2015 738 2046 lex
754 2016 909 2056 praecipit
923 2016 1051 2056 purgari
1066 2025 1124 2056 per
1145 2024 1271 2056 aquam.
1296 2015 1390 2054 Quae

319 2065 428 2091 tamen
451 2059 587 2090 finaliter
606 2060 716 2091 omnia
738 2065 985 2100 corrumpentur
1007 2069 1065 2100 per
1087 2061 1206 2100 ignem.
1249 2072 1262 2082 ·

375 2104 426 2135 An
450 2114 585 2134 marum
608 2114 768 2134 meatuum
791 2103 880 2144 quod
902 2114 960 2145 per
983 2114 1066 2144 opus
1090 2103 1302 2135 distinctionis
1317 2110 1391 2135 sunt

320 2148 416 2179 rebus
440 2147 582 2179 diversae
604 2147 727 2179 formae
751 2149 895 2185 collatae,
919 2149 1036 2189 quibus
1059 2148 1125 2179 ad
1117 2149 1256 2179 invicem
1281 2148 1390 2179 distin-

1445 2013 1505 2044 ciei
1529 2022 1604 2043 cum
1627 2014 1702 2053 igne
1726 2014 1783 2053 qui
1807 2019 1854 2044 est
1876 2014 1910 2044 in
1933 2024 1990 2045 sua
2013 2015 2155 2055 sphaera,
2172 2015 2232 2045 nisi
2247 2016 2440 2055 inquantum
2461 2016 2514 2047 ad-

1444 2058 1596 2088 miscetur
1612 2058 1641 2088 ei
1657 2057 1697 2088 de
1709 2059 1840 2088 materia
1856 2058 1967 2089 aliena.
1981 2059 2080 2097 Quod
2097 2059 2229 2110 quidem
2244 2065 2322 2090 tunc
2338 2061 2512 2100 oportebit:

1445 2102 1521 2142 quia
1537 2102 1619 2142 ignis
1633 2111 1703 2134 non
1718 2107 1826 2142 potest
1849 2103 1970 2154 aliquid
1992 2114 2128 2144 purgare
2151 2104 2210 2134 nisi
2230 2103 2409 2135 secundum
2426 2105 2515 2145 quod

1445 2147 1580 2177 alterum
1604 2145 1739 2177 efficitur
1761 2148 1893 2178 materia
1917 2149 1985 2178 eius
2009 2149 2118 2188 aliquo
2141 2148 2252 2179 modo.
2277 2148 2371 2179 Unde
2394 2150 2514 2190 simpli—

320 2198 473 2233 guuntur.
504 2193 546 2223 Et
568 2191 642 2223 ideo
666 2193 730 2223 hoc
753 2192 822 2223 fieri
845 2203 912 2224 non
935 2193 1043 2233 potuit
1064 2193 1126 2223 nisi
1148 2202 1206 2233 per
1229 2203 1304 2224 eum
1334 2194 1391 2234 qui
1405 2204 1428 2224 45
1446 2191 1523 2222 citer
1539 2190 1786 2222 concedendum
1803 2197 1849 2222 est
1865 2192 1955 2232 quod
1978 2193 2058 2232 ignis
2082 2193 2135 2224 ille
2159 2194 2216 2223 erit
2237 2193 2381 2224 eiusdem
2397 2195 2514 2234 speciei

287 2254 294 2267 ,
321 2242 369 2268 est
391 2237 516 2268 Auctor
537 2242 668 2268 naturae
684 2238 710 2267 ’ἃ
736 2237 799 2268 Sed
821 2247 878 2278 per
900 2237 1031 2268 finalem
1053 2238 1279 2278 purgationem
1297 2237 1391 2268 redu-

322 2286 435 2312 centur
457 2291 507 2312 res
530 2281 570 2312 ad
591 2282 763 2322 puritatem
786 2282 820 2312 in
844 2292 908 2322 qua
938 2282 1086 2313 conditae
1117 2281 1257 2312 fuerunt.
1288 2282 1329 2312 Et
1358 2283 1391 2313 in

321 2326 385 2356 hoc
408 2326 527 2375 poterit
548 2331 662 2356 natura
690 2331 793 2357 creata
822 2327 970 2357 exhibere
1000 2327 1212 2358 ministerium
1237 2326 1390 2358 Creatori.

322 2370 364 2400 Et
385 2365 518 2411 proptei·
539 2370 604 2401 hoc
626 2371 838 2401 ministerium
867 2376 1028 2402 creaturae
1058 2372 1286 2407 committitur,
1317 2372 1393 2412 quia

321 2414 385 2446 hoc
409 2413 449 2445 ad
471 2415 540 2445 eius
563 2415 763 2446 nobilitatem
787 2416 880 2446 cedit.

426 2480 525 2511 ART.
551 2480 602 2511 ΙΙΙ.
626 2490 731 2511 urium
754 2490 823 2511 ιιιιι
846 2491 928 2511 roms
951 2491 998 2511 sn·
1021 2490 1152 2512 musmm
1176 2491 1290 2512 spacmr

667 2535 729 2555 cun
752 2535 826 2556 rona
849 2535 1044 2556 anunm-Am

326 2599 410 2664 An
431 2600 566 2621 τιιιιιιυιι
585 2600 632 2620 sic
651 2600 856 2621 raecum-rua.
880 2590 1015 2622 Videtur
1034 2590 1124 2631 quod
1147 2591 1201 2622 ille
1224 2593 1306 2632 ignis
1325 2602 1394 2623 non

1446 2245 1522 2266 cum
1544 2235 1615 2265 isto.

1500 2280 1551 2310 An
1575 2289 1692 2310 ramum
1716 2289 1800 2310 aneo
1823 2290 1983 2311 mmmmm
2003 2280 2093 2331 quod
2115 2283 2196 2322 ignis
2220 2282 2282 2317 ille,
2308 2283 2452 2321 quamvis
2476 2283 2515 2312 sit

1446 2323 1592 2354 eiusdem
1616 2325 1735 2364 speciei
1762 2334 1838 2355 cum
1860 2326 1935 2365 igne
1959 2326 2015 2366 qui
2038 2326 2125 2366 apud
2147 2336 2207 2356 nos
2231 2331 2292 2362 est,
2317 2336 2384 2357 non
2407 2333 2515 2357 tamen

1447 2373 1494 2399 est
1516 2367 1603 2399 idem
1626 2378 1774 2399 numero.
1807 2369 1963 2401 Videmus
1986 2375 2093 2401 autem
2117 2371 2206 2410 quod
2230 2371 2369 2401 duorum
2392 2372 2515 2411 ignium

1407 2425 1433 2445 50
1447 2412 1592 2443 eiusdem
1615 2414 1734 2453 speciei
1758 2423 1842 2444 unus
1865 2415 2000 2445 alterum
2024 2414 2165 2451 destruit,
2189 2416 2292 2446 maior
2314 2415 2434 2446 scilicet
2456 2416 2515 2446 mi-

1447 2467 1572 2494 norem,
1597 2457 1820 2488 consumendo
1844 2459 2009 2490 materiam
2033 2460 2111 2490 eius.
2137 2460 2177 2490 Et
2192 2460 2334 2490 similiter
2353 2461 2448 2490 etiam
2463 2460 2515 2490 ille

1447 2502 1529 2542 ignis
1551 2502 1660 2542 ignem
1684 2503 1740 2542 qui
1764 2502 1851 2543 apud
1873 2513 1934 2534 nos
1958 2509 2014 2539 est,
2040 2514 2231 2535 consumere
2253 2505 2381 2544 poterit.

1503 2546 1554 2576 An
1571 2556 1733 2577 snctmmm
1757 2557 1917 2578 mcunmm
1936 2548 2036 2588 quod,
2061 2549 2143 2579 sicut
2166 2550 2311 2589 operatio
2335 2558 2418 2588 quae
2442 2557 2516 2588 pro-

1449 2589 1533 2621 cedit
1556 2600 1574 2620 a
1596 2591 1713 2621 virtute
1737 2597 1784 2622 est
1807 2593 1931 2623 virtutis
1954 2592 2121 2629 indicium,
2140 2594 2183 2624 ita
2199 2599 2230 2624 et
2253 2594 2351 2623 virtus
2375 2598 2421 2623 est
2436 2592 2517 2623 indi-

389 2635 429 2665 sit
459 2633 603 2665 eiusdem
629 2635 750 2685 speciei
773 2645 849 2666 cum
876 2636 950 2676 igne
974 2635 1168 2666 elementari.
1196 2636 1283 2666 Nihil
1307 2638 1394 2668 enim
1409 2647 1432 2666 55
1449 2635 1535 2665 cium
1559 2636 1714 2666 essentiae
1737 2636 1788 2666 vel
1811 2642 1942 2668 naturae
1967 2646 2050 2677 quae
2076 2638 2222 2678 procedit
2245 2648 2263 2668 a
2286 2637 2449 2677 principiis
2470 2646 2517 2667 es-

323 2679 467 2719 seipsum
489 2679 661 2710 consumit.
691 2679 754 2710 Sed
778 2679 832 2710 ille
860 2679 946 2721 ignis
973 2685 1116 2721 quatuor
1138 2681 1294 2711 elementa
1317 2691 1394 2712 con-

323 2728 446 2754 sumet:
469 2728 506 2754 ut
528 2722 605 2754 dicit
621 2722 736 2754 Glossa
750 2724 778 2760 *,
795 2723 821 2754 ΙΙ
841 2724 908 2754 Pet.
925 2724 982 2755 ult.
999 2725 1034 2741 ’ὓ
1057 2724 1168 2764 Ergo
1160 2726 1241 2764 ignis
1257 2725 1310 2756 ille
1326 2735 1394 2757 non

325 2768 383 2798 erit
407 2766 551 2798 eiusdem
575 2768 693 2808 speciei
716 2777 792 2798 cum
814 2769 889 2808 igne
914 2769 1108 2799 elementari.

382 2821 411 2842 2.
436 2811 632 2848 Pmrnam,
645 2812 727 2842 sicut
743 2813 840 2843 virtus
855 2812 1074 2843 manifestatur
1089 2822 1147 2854 per
1162 2814 1394 2854 operationem,

1448 2679 1634 2710 sentialibus
1666 2680 1720 2710 rei.
1762 2680 1916 2720 Operatio
1948 2687 2056 2712 autem
2087 2692 2170 2723 quae
2199 2691 2267 2712 non
2304 2681 2448 2722 procedit
2481 2691 2518 2711 ex

1448 2724 1564 2753 virtute
1587 2724 1633 2754 tei
1656 2725 1834 2763 operantis,
1865 2735 1934 2756 non
1963 2726 2083 2757 indicat
2112 2727 2261 2757 virtutem
2290 2726 2406 2766 ipsius:
2437 2726 2519 2756 sicut

1449 2772 1536 2807 patet
1559 2768 1592 2798 in
1616 2768 1844 2799 instrumentis.
1873 2770 1968 2800 Actio
1994 2771 2081 2801 enim
2104 2771 2306 2801 instrumenti
2329 2770 2428 2809 magis
2451 2779 2518 2800 ma-

1449 2810 1576 2842 nifestat
1607 2812 1758 2843 virtutem
1790 2815 1950 2844 moventis
1983 2824 2082 2855 quam
2115 2816 2264 2846 virtutem
2296 2815 2516 2845 instrumenti:

325 2857 368 2887 ita
390 2861 503 2887 natura
525 2865 582 2896 per
605 2857 765 2887 virtutem.
794 2856 858 2888 Sed
880 2857 934 2887 ille
956 2858 1038 2897 ignis
1065 2858 1194 2888 habebit
1217 2858 1311 2888 aliam
1334 2859 1395 2888 vir-
1409 2866 1436 2886 ⁶0
1450 2856 1527 2896 quia
1555 2856 1706 2887 virtutem
1737 2858 1857 2897 agentis
1887 2858 2069 2890 manifestat
2095 2865 2131 2890 ut
2153 2860 2294 2900 primum
2325 2859 2518 2898 operationis

325 2906 429 2932 tutem
452 2901 491 2931 ab
514 2901 588 2941 igne
612 2901 669 2941 qui
692 2906 740 2931 est
763 2901 975 2932 elementum:
1007 2902 1083 2942 quia
1106 2901 1226 2933 scilicet
1248 2903 1396 2943 purgabit

325 2946 528 2980 uuiversum,
553 2945 643 2986 quod
665 2945 747 2985 ignis
770 2946 829 2976 iste
852 2945 956 2977 facere
978 2955 1046 2976 non
1069 2951 1185 2986 potest.
1218 2946 1305 2987 Ergo
1327 2957 1396 2978 non

326 2990 385 3020 erit
407 2988 552 3020 eiusdem
575 2990 693 3030 speciei
717 2999 793 3020 cum
815 2990 887 3020 isto.

383 3033 413 3064 3.
436 3033 634 3070 Pataram,
651 3043 689 3064 ea
712 3043 795 3074 quae
818 3039 893 3064 sunt
916 3033 1060 3065 eiusdem
1082 3035 1200 3075 speciei
1223 3035 1257 3066 in
1280 3045 1396 3075 corpo-

1450 2901 1664 2940 principium;
1695 2902 1845 2932 virtutem
1875 2908 1984 2934 autem
2013 2904 2216 2934 instrumenti
2242 2912 2310 2934 non
2339 2901 2518 2933 manifestat

1450 2945 1510 2975 nisi
1527 2950 1685 2985 quatenus
1701 2951 1748 2976 est
1763 2948 1982 2988 susceptivum
2000 2947 2185 2979 influentiae
2200 2947 2381 2988 principalis
2397 2947 2518 2986 agentis

1450 2988 1630 3020 secundum
1661 2989 1751 3030 quod
1781 2997 1930 3022 movetur
1959 2993 1998 3022 ab
2030 3002 2080 3023 eo.
2114 2992 2263 3023 Similiter
2296 2992 2390 3021 etiam
2420 2991 2517 3020 virtus

1451 3043 1535 3074 quae
1557 3043 1626 3064 non
1648 3034 1794 3074 procedit
1818 3045 1856 3066 ex
1875 3037 2041 3077 principiis
2064 3037 2282 3067 essentialibus
2297 3036 2352 3070 rei,
2368 3044 2436 3064 non
2451 3044 2518 3064 ma-

326 3078 414 3109 ribus
436 3078 648 3114 naturalibus‚
672 3079 791 3109 habent
819 3077 959 3109 eundem
982 3085 1119 3110 motum.
1153 3079 1216 3110 Sed
1239 3079 1292 3110 ille
1315 3080 1396 3120 ignis
1409 3087 1434 3113 ες
1450 3077 1578 3108 nifestat
1607 3084 1753 3110 naturam
1783 3081 1852 3110 eius
1874 3081 1935 3111 nisi
1964 3087 2121 3121 quantum
2145 3081 2184 3111 ad
2207 3079 2516 3119 susceptibilitatem:

327 3121 456 3152 habebit
471 3122 569 3153 alium
584 3128 712 3153 motum
728 3132 827 3163 quam
842 3123 923 3163 ignis
940 3123 1151 3154 elementum:
1170 3124 1245 3164 quia
1261 3125 1397 3155 circum-

329 3174 458 3206 quaque
479 3167 679 3203 movebitur,
703 3173 740 3198 ut
762 3172 868 3198 totum
899 3176 1034 3208 purgare
1064 3168 1174 3208 possit.
1206 3168 1292 3209 Ergo
1315 3169 1397 3209 ignis

329 3209 383 3240 ille
404 3219 473 3241 non
496 3215 543 3242 est
566 3211 710 3242 eiusdem
733 3212 853 3252 speciei
876 3221 952 3242 cum
974 3213 1047 3243 isto.

383 3252 446 3284 San
463 3263 586 3285 coum
601 3265 655 3286 nsr
672 3255 762 3296 quod
776 3256 976 3296 Augustinus
992 3255 1078 3293 dicit,
1090 3256 1150 3286 XX
1161 3256 1201 3287 de
1215 3256 1283 3288 (Σίν.
1295 3257 1386 3287 Dei*

1451 3123 1533 3153 sicut
1551 3123 1650 3153 virtus
1674 3132 1738 3164 qua
1761 3133 1844 3164 aqua
1868 3125 2019 3155 calefacta
2040 3131 2147 3165 potest
2170 3123 2351 3158 calefacere,
2368 3132 2434 3153 non
2450 3132 2518 3152 ma-

1451 3165 1578 3198 nifestat
1606 3172 1753 3199 naturam
1782 3169 1850 3199 eius
1878 3170 1938 3199 nisi
1967 3175 2123 3209 quantum
2147 3168 2187 3199 ad
2210 3167 2517 3198 calefactibilitatem.

1451 3211 1493 3242 Et
1514 3210 1589 3242 ideo
1612 3212 1692 3243 nihil
1715 3213 1864 3253 prohibet
1894 3214 1972 3253 quin
2003 3223 2087 3253 aqua
2109 3213 2229 3243 habens
2259 3213 2341 3241 hanc
2369 3211 2518 3241 virtutem

1451 3256 1491 3286 sit
1510 3255 1654 3286 eiusdem
1677 3257 1796 3296 speciei
1812 3267 1887 3288 cum
1903 3267 1986 3297 aqua
2001 3267 2068 3287 non
2084 3257 2220 3287 habente
2243 3256 2393 3285 virtutem
2415 3255 2517 3285 istam.

331 3302 362 3328 et
373 3297 526 3328 habetur
517 3307 551 3329 ιιι
564 3298 714 3336 Glossa*,
728 3299 741 3331 1
756 3300 832 3331 Cor.
843 3310 887 3331 vn
897 3301 931 3318 θ’
934 3300 1042 3341 quod
1042 3301 1163 3342 figura
1175 3301 1271 3332 huius
1286 3300 1398 3332 mundi
1411 3313 1438 3334 70
1451 3299 1601 3331 Similiter
1624 3310 1693 3331 non
1714 3306 1760 3332 est
1782 3302 2012 3332 inconveniens
2036 3300 2148 3341 quod'
2140 3301 2221 3340 ignis
2240 3300 2302 3335 ille,
2320 3300 2376 3350 qui
2391 3299 2520 3329 habebit

330 3341 570 3373 mundanorum
601 3343 726 3384 ignium
752 3345 1015 3386 conflagratione
1037 3345 1167 3386 peribit.
1200 3345 1286 3385 Ergo
1316 3346 1398 3386 ignis

330 3385 385 3416 ille
408 3386 466 3416 erit
489 3385 529 3416 de
551 3391 663 3418 natura
684 3388 766 3428 ignis
789 3390 846 3429 qui
867 3399 956 3420 nunc
980 3394 1027 3420 est
1049 3390 1082 3420 in
1105 3390 1170 3420 hoc
1192 3388 1327 3420 mundo.

389 3439 419 3460 2.
442 3430 638 3467 Pau-rma,
661 3432 743 3463 sicut
766 3432 872 3464 futura
895 3434 1041 3474 purgatio
1066 3434 1124 3465 erit
1146 3443 1204 3485 per
1221 3434 1339 3474 ignem,
1355 3435 1399 3465 ita

331 3473 526 3514 praecedens
549 3473 610 3505 fuit
632 3484 689 3515 per
711 3485 828 3516 aquam
843 3478 876 3507 *:
902 3483 933 3508 et
947 3483 1083 3519 utraque
1099 3477 1162 3508 ad
1154 3479 1293 3509 invicem
1309 3488 1398 3509 com-

1451 3345 1517 3375 vim
1540 3344 1697 3385 purgandi
1721 3344 1835 3375 faciem
1858 3344 1981 3381 mundi,
1998 3346 2037 3375 sit
2053 3344 2196 3375 eiusdem
2215 3344 2333 3384 speciei
2352 3352 2426 3374 cum
2445 3343 2519 3383 igne

1453 3389 1509 3429 qui
1525 3394 1572 3419 est
1588 3389 1674 3440 apud
1697 3399 1773 3419 nos:
1799 3399 1874 3419 cum
1897 3390 1943 3419 vis
1968 3388 2150 3420 calefactiva
2172 3398 2240 3419 non
2264 3388 2383 3418 oriatur
2397 3388 2431 3418 in
2447 3388 2518 3438 ipso

1453 3443 1491 3464 ex
1514 3434 1678 3473 principiis
1701 3433 1929 3469 essentialibus,
1954 3432 2010 3464 sed
2033 3443 2071 3463 ex
2095 3432 2201 3464 divina
2223 3433 2429 3473 operatione,
2454 3432 2519 3461 sive

1453 3476 1575 3508 dicatur
1599 3476 1688 3517 quod
1714 3477 1767 3507 illa
1791 3478 1889 3508 virtus
1912 3478 1951 3508 sit
1974 3477 2079 3517 aliqua
2103 3477 2236 3517 qualitas
2259 3476 2414 3512 absoluta,
2438 3476 2520 3506 sicut

331 3523 492 3558 parantur,
516 3517 543 3548 11
566 3518 633 3549 Pet.
653 3529 687 3549 m
701 3520 728 3550 ἦ
753 3519 816 3551 Sed
838 3521 872 3552 in
894 3522 997 3562 prima
1019 3523 1210 3563 purgatione
1233 3522 1294 3554 fuit
1316 3532 1398 3563 aqua
1413 3534 1436 3555 75
1453 3522 1540 3554 calor
1563 3523 1595 3552 ιιι
1619 3531 1703 3561 aqua
1727 3521 1895 3559 calefacta;
1927 3522 1991 3552 sive
2015 3522 2054 3552 sit
2077 3522 2212 3552 intentio
2240 3519 2414 3561 quaedam,
2438 3520 2521 3550 sicut

2561 253 2598 275 Cf.
2617 254 2679 281 Aug
2701 254 2746 275 loe.

2538 280 2576 302 cit.

2573 780 2639 802 vers.
2667 787 2700 803 ιο.
2726 792 2737 797 -

2540 807 2617 829 Gloss.
2638 807 2741 829 interlin.

2540 833 2628 855 exBed.
2629 834 2675 855 -.Cf
2678 833 2750 861 Mag„

2540 860 2594 881 dist.
2614 866 2681 886 xtvn,
2697 866 2748 887 cap.

2541 886 2596 907 Cum
2611 889 2696 908 autem.

2540 1351 2686 1400 vgg‘u'ge‘p'
2680 1358 2751 1379 mxxv,

2538 1404 2603 1452 '5232
2604 1404 2751 1458 αῗξὲζιᾶἴ,

2539 1461 2580 1479 m.
2596 1463 2616 1485 ι,
2631 1463 2670 1486 qu.
2688 1465 2706 1480 ι.

2538 1534 2548 1544 ·
2571 1532 2607 1555 Cf.
2629 1538 2677 1560 arg.
2705 1532 2754 1554 Sed

2538 1561 2623 1581 contra
2640 1566 2659 1581 ι.
