2878 4088
409 211 454 247 52
605 208 868 255 QUAESTIO
899 209 1048 256 XXVII,
1069 208 1362 246 ARTICULUS
1390 208 1447 255 III,
1469 207 1519 244 IV
1538 229 1562 233 -
1583 205 1846 253 QUAESTIO
1877 206 2042 253 XXVIII,
2068 206 2360 245 ARTICULUS
2389 208 2403 244 1

459 289 509 318 An
534 297 649 317 panum
673 297 756 317 nuno
779 297 939 317 mmmmm
963 287 1062 328 quod,
1080 288 1225 328 quamvis
1249 287 1415 327 religiosus
1431 287 1471 316 sit
1524 296 1619 316 causa
1643 285 1718 322 dari,
1736 285 1775 315 ad
1790 285 1854 316 hoc
1870 285 1960 325 quod
1979 285 2094 326 aliquis
2108 295 2166 326 per
2180 286 2411 327 indulgentiam
2427 286 2467 318 ad
2482 293 2589 318 actum

404 334 437 363 in
461 338 543 362 statu
566 331 781 372 perfectionis,
805 337 913 362 tamen
935 332 1004 372 ipse
1027 332 1095 362 sine
1118 337 1251 372 peccato
1274 332 1379 361 vivere
1402 340 1469 361 non
1524 330 1665 370 aliquem
1687 335 1882 370 provocetur
1905 330 1962 369 qui
1984 330 2018 360 in
2041 330 2210 361 utilitatem
2236 331 2398 362 Ecclesiae
2420 337 2452 362 et
2472 332 2507 362 in
2529 332 2589 362 ho-

404 382 518 417 potest.
550 377 591 407 Et
614 375 705 412 ideo,
730 377 756 406 si
779 375 950 417 aliquando
981 382 1112 416 propter
1141 381 1310 416 peccatum
1338 374 1470 415 aliquod
1523 384 1653 409 norem.
1664 374 1725 404 Dei
1755 379 1872 414 vergat.
1903 374 2064 404 Praelatus
2091 379 2213 411 autem,
2241 376 2293 405 cui
2322 385 2400 406 cura
2428 376 2590 407 Ecclesiae

405 422 614 451 commissum
629 419 666 450 fit
676 430 749 451 reus
763 430 899 460 poenae,
912 426 1018 461 potest
1033 430 1089 461 per
1104 420 1335 460 indulgentiam
1351 420 1389 449 ab
1406 420 1469 449 hoc
1524 418 1665 449 utilitatis
1690 424 1720 448 et
1742 419 1875 448 honoris
1899 418 1997 449 divini
2020 418 2218 458 propagandi
2241 424 2288 449 est
2311 421 2498 457 commissa,
2521 430 2590 451 non

405 466 533 506 expiari.
557 465 633 495 Non
656 465 743 495 enim
766 470 812 495 est
834 466 1065 496 inconveniens
1088 466 1114 495 si
1137 465 1189 495 ille
1213 465 1269 504 qui
1287 469 1333 495 est
1349 464 1468 504 simpli·
1491 475 1500 495 5
1524 463 1618 493 habet
1642 472 1780 498 causam,
1800 468 1836 492 ut
1859 463 2000 503 seipsum
2024 462 2064 493 ad
2086 463 2150 493 hoc
2173 469 2338 503 provocet.
2362 464 2403 494 Et
2424 463 2498 495 ideo
2522 474 2590 495 non

405 511 481 540 citer
504 508 775 550 superabundans,
793 510 902 550 aliquo
925 515 1071 550 tempore
1095 509 1235 549 indigeat
1259 514 1289 539 et
1312 514 1469 548 quantum
1523 512 1630 547 potest
1653 506 1756 537 facere
1779 507 1838 537 sibi
1861 506 2102 547 indulgentiam.
2128 506 2191 538 Sed
2209 512 2316 547 potest
2330 508 2378 538 uti
2392 508 2590 548 indulgentia

405 554 445 584 ad
472 553 608 594 aliquid,
634 559 665 584 et
695 554 739 584 sic
770 554 891 594 indiget
921 554 1147 594 supplemento
1179 563 1245 593 quo
1277 553 1467 583 sublevetur.
1524 561 1622 592 quam
1645 561 1704 591 pro
1728 552 1795 582 aliis
1818 551 1902 587 facit,
1927 552 2003 592 quia
2026 552 2094 582 aliis
2117 552 2225 582 su'best
2248 561 2343 582 causa
2365 551 2512 583 faciendi.

2619 948 2670 970 'In
2685 953 2792 976 corpore.

167 598 177 608 '
193 596 256 619 Vers.
273 602 293 618 ²·
405 598 499 630 Unde
522 598 637 629 dicitur
661 598 768 629 Galat.
784 608 816 629 vr
832 599 864 628 *2
892 599 984 629 Alter
1006 598 1140 629 alterius
1164 606 1265 628 onera
1283 602 1424 638 portate.
1578 596 1629 626 An
1645 606 1762 626 ramum
1786 606 1868 626 enno
1892 606 2052 626 memnon
2073 596 2163 636 quod
2179 601 2267 626 actus
2282 595 2508 627 iurisdictionis
2522 606 2590 627 non

459 643 510 673 An
535 653 697 673 SECUNDUM
719 653 878 673 monimum
903 642 992 683 quod
1015 648 1145 682 propter
1167 641 1379 681 indulgentias
1402 650 1469 671 non
1523 645 1630 680 potest
1645 640 1759 680 aliquis
1774 641 1809 670 in
1824 641 1966 681 seipsum
1986 650 2141 671 exercere.
2166 640 2229 671 Sed
2245 641 2290 670 eis
2306 649 2389 681 quae
2405 641 2591 671 auctoritate
2634 672 2636 674 ,

406 686 500 718 debet
522 687 651 718 dissolvi
674 687 824 727 regularis
848 687 1064 718 observantia:
1098 687 1173 726 quia
1202 686 1342 726 religiosi
1369 686 1470 726 magis
1485 696 1510 712 ιο
1523 684 1749 716 iurisdictionis
1773 684 1887 715 dantur
1910 685 1992 722 aliis,
2016 691 2123 725 potest
2146 685 2241 725 etiam
2264 685 2422 725 praelatus
2444 685 2502 721 uti,
2525 690 2591 715 tam

404 737 567 771 merentur
581 731 770 771 religionem
786 741 877 762 suam
892 730 1058 767 servando,
1072 736 1228 771 quantum
1241 730 1280 761 ad
1291 731 1471 771 praemium
1523 730 1557 760 in
1572 729 1802 769 temporalibus
1818 739 1916 769 quam
1931 730 1965 760 in
1981 730 2210 770 spiritualibus:
2236 730 2318 759 sicut
2333 730 2429 760 etiam
2445 728 2592 759 saceidos

404 777 487 806 vitae
518 781 673 812 aeternae,
706 785 804 816 quam
834 775 1045 816 indulgentias
1077 775 1293 815 exquirendo;
1325 775 1470 815 quamvis
1524 774 1583 804 sibi
1598 774 1829 804 Eucharistiam
1852 774 1977 814 accipit,
1995 784 2093 814 quarn
2117 774 2184 804 aliis
2208 773 2270 804 dat.
2294 774 2336 804 Et
2353 774 2398 804 ita
2413 774 2508 803 etiam
2525 774 2592 813 epi-

405 821 511 851 minus
535 825 692 860 quantum
715 819 755 850 ad
778 819 998 859 dimissionem
1021 829 1156 860 poenae,
1181 819 1271 859 quod
1294 825 1341 849 est
1364 820 1470 849 minus
1524 828 1642 858 scopus
1665 823 1771 858 potest
1794 819 1938 859 accipere
1961 819 2021 849 sibi
2044 818 2191 859 suffragia
2217 818 2392 854 Ecclesiae,
2418 827 2502 858 quae
2524 817 2592 848 aliis

406 866 539 895 bonum.
553 883 575 887 -
590 865 658 894 Nec
682 865 797 894 iterum
813 874 870 904 per
885 863 1097 904 indulgentias
1122 864 1323 894 dimittuntur
1346 873 1470 904 poenae
1525 862 1694 902 dispensat,
1712 872 1852 903 quorum
1873 862 2002 894 effectus
2025 863 2228 894 immediatus
2245 868 2291 893 est
2306 862 2450 893 remissio
2466 871 2592 903 poenae

405 910 566 939 iniunctae
581 909 615 938 in
632 908 792 948 capitulo:
818 909 893 948 quia
908 909 941 938 in
958 908 1099 948 capitulo
1124 909 1225 948 agitur
1249 908 1339 947 quasi
1363 907 1470 938 forum
1486 919 1507 939 ις
1524 916 1581 947 per
1603 906 1825 947 indulgentias,
1851 913 1882 938 et
1904 917 1972 938 non
1998 907 2235 938 iurisdictionis.

405 953 552 983 iudiciale
576 953 675 992 magis
699 962 796 992 quam
824 952 1072 992 poenitentiale;
1103 952 1190 982 unde
1221 953 1315 982 etiam
1339 962 1470 982 non-sa·
1579 951 1630 981 An
1654 961 1816 981 sncuunuu
1839 957 1926 992 patet
1949 952 2067 982 solutio
2092 962 2130 982 ex
2154 951 2245 982 dictis
2260 953 2287 982 ’ζ

406 997 549 1027 cerdotes
566 997 742 1036 capitulum
761 1001 880 1026 tenent.
906 995 968 1026 Sed
985 996 1159 1026 absolvitur
1174 1006 1192 1026 a
1207 1005 1314 1035 poena
1329 997 1471 1026 iniuncta
1579 995 1630 1025 An
1655 1005 1788 1025 τιιιιτιυιι
1811 1005 1971 1026 mmmmm
1995 996 2085 1036 qu'od
2113 996 2405 1027 excommunicatio
2433 994 2593 1042 profertur

404 1042 455 1071 vel
478 1041 583 1071 debita
605 1043 664 1080 pro
688 1045 821 1080 peccato
845 1041 878 1070 in
902 1039 973 1070 foro
997 1040 1227 1079 poenitentiali.
1524 1048 1582 1078 per
1611 1038 1747 1069 modum
1781 1041 1974 1076 sententiae,
2007 1050 2105 1081 quam
2138 1041 2246 1071 nullus
2276 1041 2309 1071 in
2340 1040 2481 1080 seipsum
2511 1032 2593 1069 ferre

493 1106 592 1136 ART.
610 1106 661 1136 HL
686 1115 790 1135 UTRUM
814 1115 844 1134 m
869 1115 923 1135 om
946 1114 1010 1134 NON
1034 1115 1125 1134 men*
1149 1114 1212 1134 HOC
1235 1114 1295 1134 PRO
1317 1114 1380 1135 QUO
1524 1087 1648 1122 potest:
1682 1092 1721 1156 elo
1731 1083 1835 1156 dqiliod
1858 1084 1892 1113 in
1915 1084 2035 1115 iudicio
2064 1094 2133 1115 non
2162 1087 2269 1126 pot'est
2295 1084 2382 1115 idem
2406 1093 2474 1115 esse
2495 1082 2592 1114 iudex

426 1159 636 1181 mnumssnrm
659 1159 772 1186 DATUR,
794 1159 897 1179 Possm*
922 1158 1117 1178 oumnontm
1140 1158 1351 1178 monton-nrm
1374 1158 1448 1178 mm
1484 1131 1660 1205 ὀῗὲῃῖῗὲῗ
1676 1136 1732 1200 serg
1752 1128 2249 1212 ζὲξῖἓὲᾰὲἒθῐέεὲἒῗὲζῇέἑὲ
2276 1128 2592 1212 Ξξῖυζὲξὲιῑῖωςῧῐζ

468 1227 488 1246 n
519 1225 652 1246 ram-rma
679 1225 724 1245 src
752 1224 956 1244 moen-mrim.
986 1213 1120 1244 Videtur
1150 1213 1240 1254 quod
1268 1215 1297 1244 ei
1321 1215 1378 1254 qui
1400 1223 1469 1244 non
1524 1213 1625 1244 homo
1648 1218 1756 1254 potest
1779 1213 1883 1245 facere
1906 1214 1946 1245 ad
1969 1216 2121 1255 seipsum.

406 1229 543 1290 Afacit
558 1261 620 1290 hoc
641 1269 699 1299 pro
721 1269 787 1299 quo
811 1258 1008 1309 indulgentia
1031 1258 1132 1294 datur,
1148 1259 1249 1299 possit
1272 1257 1469 1309 quandoque

404 1305 600 1344 indulgentia
623 1303 699 1334 dari.
724 1304 810 1341 Quia
833 1304 862 1333 ei
886 1304 942 1343 qui
957 1313 1025 1334 non
1040 1308 1147 1343 potest
1167 1303 1302 1343 operari,
1319 1303 1469 1334 voluntas
1694 1291 1946 1336 QUAESTIO
1969 1292 2420 1328 VIGESIMAOCTAVA

167 1353 221 1374 ·ct
230 1359 269 1380 qu·
278 1359 299 1379 ¹
309 1355 349 1373 3η-
357 1357 376 1377 2
399 1359 463 1390 pro
479 1350 576 1391 facto
601 1353 771 1388 reputatur
785 1349 811 1378 ’ἦ
844 1347 907 1379 Sed
930 1347 1102 1387 aliquando
1127 1347 1163 1378 fit
1185 1347 1383 1387 indulgentia
1408 1357 1468 1387 pro
1483 1357 1506 1377 ²5
1767 1359 1812 1384 DE
1831 1357 2078 1384 SOLEMNITATE
2097 1360 2354 1385 POENITENTIAE

167 1386 214 1406 arg
231 1386 250 1401 ²⁴
404 1394 510 1434 aliqua
533 1394 737 1433 eleemosyna
760 1391 921 1427 facienda,
946 1401 1044 1432 quam
1075 1392 1189 1432 aliquis
1216 1401 1339 1432 pauper
1366 1391 1469 1422 facere

404 1448 471 1469 non
495 1443 610 1478 potest,
628 1443 659 1467 et
673 1443 781 1467 tamen
804 1437 938 1466 libenter
961 1436 1087 1467 faceret.
1111 1437 1197 1477 Ergo
1221 1436 1419 1477 indulgentia
1440 1437 1469 1467 ei
1590 1444 1814 1464 cnseo-nnuma
1843 1433 2113 1464 considerandum
2141 1439 2187 1465 est
2221 1434 2261 1465 de
2291 1435 2492 1466 solemnitate
2514 1444 2594 1476 poe-

405 1483 497 1513 valet.
1589 1479 1741 1510 nitentiae
1756 1479 1783 1509 ὓ.

463 1537 491 1557 2.
516 1527 711 1562 ΡιιΑιιΤιιιιιιΑ,
728 1535 812 1556 ιιιιιι5
835 1530 942 1566 potest
964 1535 1023 1566 pro
1045 1525 1107 1555 alio
1124 1524 1311 1556 satisfacere.
1335 1524 1399 1556 Sed
1421 1526 1469 1555 in-
1524 1523 1619 1555 Circa
1642 1522 1732 1563 quod
1754 1523 1813 1554 tria
1835 1528 2043 1563 quaeruntur.

2621 1486 2820 1542 ffiffffi.
2810 1493 2834 1510 ω

406 1572 568 1612 dulgentia
587 1570 627 1601 ad
642 1570 864 1601 remissionem
887 1579 1014 1610 poenae
1037 1575 1188 1610 operatur
1205 1570 1287 1600 sicut
1303 1574 1334 1599 et
1349 1568 1469 1600 satisfa-
1485 1578 1510 1598 ιο
1578 1568 1707 1598 Primo:
1731 1572 1841 1598 uirum
1867 1567 1974 1607 aliqua
2003 1568 2203 1608 poenitentia
2233 1569 2335 1609 possit
2364 1569 2522 1609 publicari
2542 1569 2595 1600 vel
2642 1584 2644 1586 ·

406 1617 480 1646 ctio.
505 1616 590 1655 Ergo
613 1624 698 1645 unus
720 1624 779 1655 pro
796 1614 860 1645 alio
875 1619 982 1654 potest
1002 1614 1234 1654 indulgentiam
1250 1615 1404 1654 accipere.
1429 1614 1470 1644 Et
1613 1612 1824 1643 solemnizari.

405 1661 450 1691 sic
473 1660 526 1690 ille
550 1664 765 1699 consequetur
794 1658 1026 1699 indulgentiam
1057 1659 1113 1699 qui
1135 1668 1203 1689 non
1227 1658 1301 1689 facit
1323 1659 1387 1689 hoc
1410 1668 1469 1699 pro
1580 1656 1750 1687 Secundo:
1775 1661 1884 1687 utrum
1907 1656 2060 1688 solemnis
2083 1657 2282 1697 poenitentia
2304 1658 2406 1698 possit
2427 1657 2543 1689 iterari.

407 1714 473 1745 quo
496 1704 693 1744 indulgentia
716 1703 816 1734 datur.
1580 1701 1711 1732 Tertio:
1735 1700 1776 1732 de
1799 1701 1863 1732 ritu
1885 1701 2038 1732 solemnis
2060 1702 2289 1742 poenitentiae.

460 1749 522 1780 San
547 1758 679 1784 com-im,
696 1753 820 1779 remota
843 1757 938 1778 causa
960 1753 1141 1778 removetur
1165 1747 1306 1778 effectus.
1337 1746 1370 1778 Si
1393 1757 1470 1788 ergo

406 1794 519 1833 aliquis
535 1803 603 1824 non
618 1792 693 1823 facit
715 1793 779 1823 hoc
801 1802 860 1832 pro
885 1802 951 1832 quo
975 1791 1172 1832 indulgentia
1195 1792 1296 1828 datur,
1318 1791 1408 1832 quod
1424 1797 1471 1823 est
1486 1804 1508 1824 ις

405 1837 620 1877 indulgentiae
647 1847 751 1873 causa,
775 1836 1005 1877 indulgentiam
1028 1847 1095 1867 non
1119 1837 1335 1876 consequitur.

459 1883 649 1912 stpomsso
673 1891 832 1912 nicasium
856 1881 961 1922 quod,
985 1891 1052 1912 non
1084 1882 1236 1912 existente
1267 1880 1469 1917 conditione,
1527 1889 1611 1953 An
1634 1889 1752 1910 mmmm
1782 1888 1827 1910 s1c
1857 1888 2063 1911 moerim-run.
2094 1878 2229 1910 Videtur
2262 1879 2353 1920 quod
2378 1889 2447 1910 non
2480 1879 2595 1911 debeat

405 1936 473 1957 non
497 1927 703 1966 consequitur
726 1926 805 1956 illud
829 1925 918 1966 quod
941 1926 999 1956 sub
1024 1925 1209 1956 conditione
1233 1925 1334 1956 datur.
1365 1924 1469 1961 Unde,
1591 1924 1698 1964 aliqua
1715 1923 2094 1963 poenitentia·pub1ieari
2115 1923 2166 1954 vel
2190 1923 2401 1954 solemnizari.
2425 1923 2595 1962 Quianon

407 1981 481 2001 cum
504 1970 700 2010 indulgentia
731 1970 822 2000 detur
853 1971 911 2000 sub
938 1970 997 2000 hac
1022 1970 1207 2000 conditione
1238 1969 1329 2010 quod
1357 1970 1470 2010 aliquis
1525 1969 1600 1999 licet
1623 1967 1794 2004 sacerdoti,
1823 1968 1919 1998 etiam
1948 1973 2051 2005 metu,
2075 1973 2246 2008 peccatum
2276 1968 2410 1999 alicuius
2437 1967 2594 2005 confiteri,

405 2015 525 2055 aliquid
548 2014 641 2046 faciat
663 2015 713 2045 vel
737 2014 799 2050 det,
824 2015 849 2045 si
872 2014 951 2046 illud
974 2024 1040 2045 non
1066 2019 1218 2051 exerceat,
1239 2014 1512 2054 indulgentiarum
1526 2018 1827 2054 quantumcumque
1858 2011 2035 2052 publicum.
2071 2011 2134 2043 Sed
2164 2022 2223 2053 per
2250 2013 2484 2053 poenitentiam
2509 2012 2595 2044 sole-

406 2069 472 2090 non
497 2059 714 2099 consequitur.
1525 2067 1636 2089 mnem
1654 2057 1837 2097 publicatur
1859 2062 2039 2097 peccatum.
2063 2057 2149 2097 Ergo
2173 2067 2241 2087 non
2264 2057 2360 2088 debet
2381 2057 2593 2089 solemnizari.

459 2104 510 2134 An
534 2114 650 2134 munim
673 2113 755 2133 anco
779 2113 938 2134 mensuum
962 2103 1051 2144 quod
1074 2104 1138 2135 hoc
1160 2103 1346 2143 intelligitur
1369 2114 1470 2145 quan·
1582 2112 1612 2133 2.
1637 2102 1834 2137 ΡιιΑιιτιιιιιιΑ,
1857 2101 2014 2132 iudicium
2031 2100 2133 2132 -debet
2148 2111 2216 2132 esse
2231 2101 2412 2132 secundum
2435 2101 2595 2133 conditio·-

405 2154 474 2179 tum
498 2148 538 2178 ad
560 2148 740 2188 praemium
763 2149 946 2178 essentiale:
975 2147 1030 2178 sed
1053 2157 1121 2178 non
1144 2154 1302 2188 quantum
1325 2148 1365 2179 ad
1388 2149 1470 2180 acci·
1524 2156 1602 2178 nem
1624 2146 1696 2177 fori.
1729 2145 1792 2177 Sed
1821 2146 2020 2186 poenitentia
2050 2151 2097 2176 est
2127 2145 2293 2186 quoddam
2321 2145 2478 2178 iudicium
2504 2145 2595 2187 quod

405 2193 541 2223 dentalia
571 2193 676 2232 aliqua
706 2193 862 2232 praemia,
894 2193 976 2223 sicut
1003 2198 1049 2223 est
1073 2192 1215 2224 dimissio
1245 2202 1387 2233 poenae,
1419 2194 1470 2224 vel
1525 2193 1558 2222 in
1582 2191 1654 2221 foro
1679 2191 1808 2221 occulto
1832 2190 1944 2230 agitur.
1972 2190 2058 2231 Ergo
2081 2200 2149 2221 non
2173 2190 2269 2222 debet
2289 2191 2446 2231 publicari
2467 2190 2520 2222 vel
2541 2200 2594 2222 so-

406 2236 525 2277 aliquid
549 2236 742 2267 huiusmodi.
1484 2247 1508 2268 45
1525 2236 1698 2267 lemnizari.
2117 2249 2123 2255 ⁴

460 2282 510 2312 An
527 2291 688 2312 saeui-inum
711 2291 871 2311 menmium
887 2281 976 2321 quod
992 2291 1075 2321 opus
1091 2282 1259 2322 proprium
1277 2287 1383 2322 potest
1399 2283 1470 2323 quis
1581 2281 1611 2311 3.
1635 2280 1832 2315 Pam-ranna,
1850 2279 2052 2320 poenitentia
2083 2289 2193 2310 omnes
2223 2279 2367 2322 defectus
2397 2285 2529 2311 revocat
2550 2279 2595 2310 ad

406 2327 563 2366 applicare
594 2335 650 2366 per
680 2326 892 2356 intentionem
924 2327 1118 2366 cuicumque
1148 2327 1302 2357 voluerit:
1335 2332 1367 2357 et
1395 2326 1469 2358 ideo
1519 2325 1726 2366 perfectum:
1755 2329 1791 2354 ut
1813 2323 2004 2354 Ambrosius
2027 2323 2104 2354 dicit
2126 2325 2152 2354 '.
2188 2323 2252 2355 Sed
2274 2324 2495 2355 solemnizatio
2518 2323 2631 2355 facit·

406 2376 511 2410 potest
541 2380 599 2410 pro
632 2380 841 2410 quocumque
864 2370 932 2401 vult
962 2370 1149 2401 satisfacere.
1181 2370 1244 2402 Sed
1273 2370 1471 2411 indulgentia
1525 2370 1739 2404 contrarium,
1764 2369 1839 2408 quia
1862 2368 2083 2408 poenitentem
2106 2368 2215 2398 multis
2241 2367 2417 2399 defectibus
2439 2369 2591 2399 innectit.

405 2425 473 2445 non
492 2420 597 2454 potest
620 2415 770 2454 applicari
787 2414 824 2444 ad
841 2415 974 2445 alterum
997 2416 1058 2445 nisi
1075 2425 1112 2446 ex
1128 2416 1307 2446 intentione
1331 2416 1398 2447 eius
1415 2417 1470 2456 qui
1525 2424 1593 2445 non
1625 2414 1711 2444 enim
1741 2413 1840 2446 laicus
1863 2418 1970 2453 potest
1999 2418 2073 2453 post
2095 2413 2274 2444 solemnem
2297 2414 2530 2453 poenitentiam
2548 2413 2594 2445 nd

407 2459 459 2489 dat
482 2458 722 2498 indulgentiam.
746 2459 787 2488 Et
805 2458 888 2495 ideo,
907 2469 981 2490 cum
1004 2460 1072 2499 ipse
1091 2460 1230 2500 applicet
1246 2460 1285 2490 ad
1301 2459 1471 2491 facientem
1486 2473 1512 2494 ςο
1526 2459 1709 2490 clericatum
1734 2457 1928 2498 promoveri,
1944 2465 2006 2488 nec
2030 2457 2164 2488 clericus
2188 2457 2228 2488 ad
2250 2458 2430 2498 superiores
2453 2457 2592 2489 ordines.

406 2503 457 2533 vel
481 2502 608 2533 dantem
631 2503 694 2533 hoc
718 2508 772 2533 aut
794 2503 883 2538 illud,
907 2514 975 2534 non
998 2509 1104 2544 potest
1122 2505 1174 2535 ille
1191 2505 1247 2544 qui
1262 2505 1326 2536 hoc
1341 2504 1417 2536 facit
1433 2505 1471 2536 ad
1526 2504 1612 2543 Ergo
1635 2502 1834 2543 poenitentia
1856 2511 1924 2533 non
1948 2506 1995 2532 est
2018 2501 2266 2533 solemnizanda.

406 2548 540 2578 alterum
567 2548 648 2578 hanc
675 2548 887 2579 intentionem
915 2548 1092 2579 transferre.
1125 2548 1156 2580 Si
1180 2554 1288 2580 tamen
1314 2550 1358 2580 sic
1382 2549 1471 2580 fieret
1582 2547 1644 2578 San
1676 2556 1816 2583 com-rm,
1847 2546 2046 2586 poenitentia
2075 2551 2123 2577 est
2153 2546 2318 2586 quoddam
2347 2551 2592 2578 sacramentum.

406 2592 618 2631 indulgentia,
643 2591 705 2622 Ille
730 2592 786 2632 qui
806 2592 911 2634 facit,
940 2593 990 2623 vel
1010 2602 1075 2633 pro
1102 2603 1165 2633 quo
1191 2594 1253 2624 hoc
1269 2594 1330 2634 fit,
1357 2594 1473 2626 habeat
1526 2591 1639 2623 sedin
1655 2591 1800 2632 quolibet
1815 2596 2014 2621 sacramento
2030 2591 2215 2623 solemnitas
2234 2590 2393 2632 quaedam
2415 2590 2593 2623 adhibetur.

407 2641 530 2666 tantam
559 2635 806 2677 indulgentiam,
831 2637 948 2666 valeret
971 2638 999 2667 ei
1023 2646 1082 2677 pro
1107 2647 1173 2678 quo
1196 2637 1241 2668 fit.
1273 2638 1341 2669 Nec
1364 2644 1471 2669 tamen
1526 2637 1612 2677 Ergo
1637 2641 1668 2666 et
1691 2637 1724 2666 in
1747 2635 1946 2676 poenitentia
1969 2634 2110 2666 adhiberi
2133 2635 2238 2667 debet.

406 2681 465 2711 iste
489 2681 544 2720 qui
567 2680 642 2710 facit
665 2681 727 2711 hoc
744 2689 836 2720 opuS‚
854 2680 941 2711 daret
964 2681 1051 2711 alteri
1075 2681 1322 2722 indulgentiam.
1347 2683 1403 2713 sed
1418 2683 1471 2714 ille
1486 2695 1510 2715 ις
1583 2690 1612 2712 2
1636 2681 1836 2716 mamm,
1860 2679 2020 2711 medicina
2043 2679 2137 2711 debet
2159 2679 2355 2720 respondere
2376 2679 2503 2711 morbo
2531 2678 2595 2711 Sed

407 2725 464 2765 qui
486 2724 717 2764 indulgentiam
740 2725 799 2755 sub
822 2725 876 2755 tali
899 2725 1002 2756 forma
1025 2725 1108 2756 facit.
1525 2730 1695 2766 peccatum
1712 2724 1909 2765 quandoque
1925 2729 1972 2755 est
1987 2724 2165 2764 publicum,
2182 2724 2273 2765 quod
2295 2724 2416 2756 multos
2432 2723 2472 2755 ad
2487 2728 2594 2756 exem-

1525 2770 1617 2810 plum
1640 2769 1794 2820 peccandi
1817 2769 1920 2799 trahit.
1945 2769 2079 2808 Ergoet
2094 2769 2302 2809 poenitentia,
2319 2778 2402 2810 quae
2425 2773 2473 2799 est
2491 2767 2594 2800 medi-

1525 2815 1598 2845 cina
1621 2814 1699 2852 eius,
1716 2813 1811 2844 debet
1833 2823 1902 2844 esse
1925 2813 2054 2853 publica
2077 2819 2109 2844 et
2130 2813 2293 2850 solemnis,
2311 2823 2376 2854 qua
2396 2812 2491 2844 muni
2506 2811 2593 2843 aedi-

470 2866 490 2886 D
516 2866 663 2886 ouAR'run
692 2866 737 2886 slc
761 2866 965 2887 PROCBDITUR.
994 2856 1128 2887 Videtur
1158 2857 1248 2897 quod
1275 2857 1471 2898 indulgentia
1525 2858 1671 2890 ficentur.

408 2870 538 2931 Anon
566 2900 669 2931 valeat
692 2901 721 2931 ei
745 2901 802 2940 qui
830 2900 912 2931 facit.
945 2901 1031 2939 Quia
1053 2901 1156 2932 facere
1185 2901 1396 2941 indulgentias
1425 2909 1512 2935 estro
1579 2903 1770 2933 Raspozmno
1794 2911 1954 2933 memnon
1969 2901 2060 2943 quod
2075 2902 2182 2942 aliqua
2203 2901 2400 2943 poenitentia
2415 2900 2510 2932 debet
2524 2909 2592 2931 esse

406 2944 640 2975 iurisdictionis.
673 2944 735 2975 Sed
766 2945 873 2975 nullus
900 2946 933 2975 in
957 2946 1098 2985 seipsum
1129 2951 1236 2986 potest
1266 2956 1411 2977 exercere
1435 2956 1472 2978 ea
1525 2948 1654 2987 publica
1677 2952 1708 2977 et
1731 2947 1894 2983 solemnis,
1911 2952 2042 2987 propter
2065 2952 2214 2986 quatuor.
2237 2946 2356 2981 Primo,
2372 2950 2409 2976 ut
2422 2949 2593 2995 peccatum

407 2999 489 3028 quae
512 2994 586 3019 sunt
608 2989 844 3020 iurisdictionis.
875 2990 961 3029 Ergo
988 2990 1095 3033 nullus
1122 2995 1229 3030 potest
1255 2990 1472 3031 indulgentiae
1525 2992 1693 3031 publicum
1721 2991 1884 3031 publicam
1911 2991 2026 3022 habeat
2054 2990 2257 3022 medicinam.
2279 3006 2304 3013 —
2325 2988 2492 3026 Secundo,
2517 2989 2593 3039 quia

407 3043 425 3063 a
447 3043 481 3063 se
505 3032 604 3063 factae
628 3034 785 3074 particeps
809 3043 886 3064 esse.
1525 3037 1663 3066 maxima
1693 3035 1886 3066 confusione
1909 3035 1943 3066 in
1965 3034 2030 3066 hoc
2055 3033 2180 3066 mundo
2209 3034 2306 3064 etiam
2328 3038 2375 3064 est
2398 3032 2513 3084 dignus
2536 3034 2593 3073 qui

463 3086 492 3107 2.
517 3077 716 3114 Pam-remu,
741 3078 920 3109 secundum
943 3079 1021 3114 hoc,
1045 3079 1098 3110 ille
1122 3079 1178 3118 qui
1206 3078 1281 3110 facit
1302 3079 1471 3119 indulgen·
1525 3081 1748 3120 gravissimum
1771 3079 1874 3110 scelus
1897 3079 2068 3115 commisit.
2090 3096 2116 3101 —
2137 3078 2259 3114 Tertio,
2274 3082 2311 3108 ut
2325 3077 2393 3108 aliis
2416 3077 2456 3107 sit
2475 3077 2516 3108 ad
2531 3083 2592 3108 ter-

406 3122 483 3152 tiam
507 3127 615 3161 posset
637 3131 696 3162 pro
720 3122 829 3162 aliquo
853 3122 984 3153 modico
1008 3122 1093 3153 facto
1117 3123 1175 3154 sibi
1198 3132 1339 3163 poenam
1364 3125 1471 3155 remit·
1485 3134 1510 3160 ες
1526 3133 1642 3155 rorem.
1665 3142 1690 3147 —
1711 3124 1846 3162 Quarto,
1863 3128 1900 3154 ut
1919 3124 1959 3154 sit
1981 3122 2021 3154 ad
2043 3121 2227 3162 exemplum
2249 3121 2456 3161 poenitendi:
2479 3131 2521 3152 ne
2538 3121 2592 3153 de-

407 3171 472 3196 tere
496 3166 644 3196 omnium
666 3172 890 3206 peccatorum,
914 3172 946 3198 et
968 3167 1012 3198 ita
1034 3167 1168 3208 impune
1197 3177 1341 3208 peccare.
1372 3168 1472 3206 Quod
1526 3174 1655 3209 sperent
1677 3169 1735 3208 qui
1756 3169 1790 3199 in
1812 3167 1960 3208 gravibus
1982 3166 2121 3207 peccatis
2144 3165 2336 3197 detinentur.

408 3209 532 3239 videtur
555 3206 722 3240 absonum.
1581 3213 1632 3244 Ar>
1656 3222 1774 3243 munim
1800 3221 1884 3242 ιιιιαο
1910 3220 2071 3242 mem-mnu
2098 3209 2188 3250 quod
2215 3209 2362 3242 sacerdos
2384 3219 2453 3240 non
2475 3211 2593 3242 revelat

465 3254 493 3283 3.
517 3254 712 3290 ΡιιΑιιτιιιιιῑΑ,
730 3254 873 3285 eiusdem
896 3256 1060 3295 potestatis
1077 3262 1123 3286 est
1138 3255 1242 3287 facere
1259 3256 1471 3296 indulgentias
1527 3256 1764 3287 confessionem
1779 3255 1875 3286 talem
1890 3254 2122 3295 poenitentiam
2144 3253 2353 3294 iniungendo,
2371 3255 2516 3294 quamvis
2538 3265 2593 3286 su-

410 3303 441 3327 et
456 3299 743 3329 excommunicare.
768 3298 831 3329 Sed
851 3299 965 3339 aliquis
980 3309 1048 3330 non
1064 3305 1171 3340 potest
1193 3301 1472 3332 excommunicare
1526 3301 1629 3340 spicio
1645 3301 1765 3332 oriatur
1779 3299 1871 3331 illum
1886 3297 2019 3338 aliquod
2037 3307 2169 3329 enorme
2191 3303 2360 3338 peccatum
2383 3299 2591 3330 commisisse.

410 3342 559 3380 seipsum.
583 3341 668 3382 Ergo
692 3352 753 3373 nec
776 3342 990 3383 indulgentiae
1014 3353 1112 3384 quam
1135 3343 1209 3375 facit
1231 3345 1389 3384 particeps
1404 3353 1472 3375 esse
1486 3360 1513 3381 70
1526 3345 1603 3375 Non
1627 3344 1714 3375 enim
1737 3343 1831 3383 culpa
1853 3352 1912 3383 pro
1937 3347 2024 3373 certo
2047 3342 2144 3373 scitur
2160 3351 2198 3372 ex
2213 3351 2329 3382 poena,
2347 3343 2422 3383 quia
2445 3343 2591 3384 quando-

409 3390 524 3424 potest.
1527 3397 1591 3428 que
1614 3388 1730 3427 aliquis
1757 3387 1988 3427 poenitentiam
2011 3395 2071 3426 pro
2095 3386 2158 3417 alio
2186 3385 2278 3417 facit:
2310 3387 2392 3419 sicut
2421 3387 2536 3428 legitur
2557 3389 2592 3419 in

465 3428 526 3459 San
551 3439 672 3460 com-m
692 3439 746 3460 nsr
762 3431 836 3470 quia
859 3436 936 3461 tunc
958 3437 1039 3461 esset
1054 3432 1122 3471 ipse
1137 3432 1255 3472 peioris
1278 3431 1472 3463 conditionis
1532 3432 1610 3462 Vitis
1627 3432 1761 3462 Patr-um
1777 3431 1794 3448 *
1816 3429 1857 3463 de
1881 3429 2023 3470 quodam
2047 3431 2113 3470 qui,
2138 3435 2173 3461 ut
2196 3431 2322 3462 socium
2345 3441 2442 3463 suum
2457 3431 2498 3463 ad
2511 3441 2592 3472 poe-

411 3481 507 3511 quam
531 3473 592 3509 alii,
610 3474 634 3503 si
651 3474 718 3513 ipse
734 3483 802 3504 non
817 3480 926 3514 posset
948 3475 995 3505 uti
1018 3476 1167 3506 thesauro
1184 3475 1356 3512 Ecclesiae,
1373 3485 1472 3516 quem
1526 3476 1693 3507 nitentiam
1716 3479 1920 3514 provocaret,
1944 3475 2013 3514 ipse
2037 3483 2112 3505 cum
2136 3484 2175 3505 eo
2199 3476 2431 3515 poenitentiam
2454 3477 2527 3516 egit.
2558 3476 2592 3507 Si

411 3515 478 3546 aliis
502 3516 670 3556 dispensat.
1526 3524 1635 3550 autem
1657 3519 1698 3549 sit
1719 3523 1889 3558 peccatum
1911 3518 2088 3558 publicum,
2112 3519 2181 3559 ipse
2203 3520 2383 3560 poenitens,
2401 3520 2591 3562 exequendo

464 3560 652 3590 Ruspommo
677 3571 835 3591 DICENDUM
858 3562 947 3602 quod
970 3562 1166 3602 indulgentia
1190 3562 1284 3594 debet
1306 3572 1345 3594 ex
1366 3563 1472 3603 aliqua
1486 3578 1510 3598 75
1526 3563 1768 3603 poenitentiam,
1793 3562 2030 3594 confessionem
2053 3573 2072 3594 a
2094 3572 2128 3594 se
2151 3562 2268 3595 factam
2289 3563 2479 3596 manifestat.

1665 1767 1765 1799 ART.
1791 1767 1813 1797 Ῑ.
1838 1777 1943 1797 UTRUM
1966 1777 2088 1798 DEBRAT
2109 1777 2227 1798 ALIQUA
2249 1777 2457 1799 POENITENTIA

1825 1821 1988 1842 PUBLICARI
2010 1821 2070 1842 VEL
2092 1820 2298 1843 SOLEMNIZARI

476 2790 575 2822 ART.
596 2790 649 2821 IV.
674 2800 779 2821 UTRUM
802 2800 1012 2821 INDULGENTIA
1036 2801 1155 2822 VALEAT
1180 2802 1209 2822 ιιι
1233 2803 1287 2822 QUI
1311 2803 1400 2823 FAcrr

2650 2328 2755 2352 Pseudo·
2756 2328 2811 2357 Aug

2621 2334 2836 2385 Hymetton-,enp-

2619 3439 2831 3522 ἓξζνωίιῖἶῃ
2807 3472 2832 3494 v,
