2918 4088
212 1062 358 1089 'Num.u1,
374 1062 423 1084 init.

214 1090 299 1111 ''.Loc
309 1089 347 1111 cit.
367 1095 426 1110 con-

214 1116 290 1144 clus.3
304 1105 356 1137 -Cif
365 1115 425 1136 Part.

214 1142 231 1165 1
244 1122 345 1170 qu.31.vu,
355 1145 397 1163 art.
405 1148 424 1169 5,

213 1158 346 1190 Comment.
361 1173 424 1189 num.

213 1200 244 1221 iv,
259 1201 280 1215 v

214 1211 274 1243 'Cfl
296 1226 359 1243 num.
374 1226 424 1241 vni.

211 1634 221 1643 ·
236 1632 306 1654 Num.
322 1638 356 1654 ιιι.
372 1632 421 1654 init.

211 1681 221 1690 '
237 1680 291 1701 Loc.
307 1680 354 1707 cit„
370 1683 424 1708 post

211 1708 314 1728 conclus.
328 1713 349 1729 2.
360 1718 370 1723 -
386 1707 423 1729 Cs.

211 1739 274 1755 num.
290 1739 321 1755 ix.

211 2297 324 2320 'Ariston
331 2297 423 2319 deCae-

211 2323 241 2350 Io,
253 2324 292 2346 lib.
308 2324 326 2351 1,
341 2330 391 2352 cap.
400 2331 422 2352 v,

212 2356 233 2371 n.
251 2357 269 2375 ι,
285 2356 305 2372 2.
320 2351 368 2373 -S.
377 2351 421 2373 Th.

210 2376 261 2398 lect.
278 2383 308 2398 ix.

211 2822 270 2844 ·.Cf
291 2823 421 2846 Autissiod.

210 2848 295 2871 Summ.
322 2850 361 2872 lib.
386 2850 422 2877 11,

209 2879 275 2897 tract.
291 2883 312 2903 ν
328 2882 366 2903 qu.
381 2883 400 2904 5.

211 2903 232 2912 “¹
256 2902 291 2924 ef.
306 2892 375 2924 Part.
397 2903 422 2930 1,

211 2933 401 2982 ‘³¹¹Cf?1¹{}d‘.¹‘2·n¹.·
402 2962 413 2977 2

210 3269 220 3278 '
245 3267 301 3289 Gen
326 3273 377 3294 cap.
400 3273 422 3293 1,

209 3299 270 3342 ἒὶἳῗ
286 3300 360 3348 1³¹2...
375 3294 422 3346 kf}

210 3351 251 3368 art.
266 3352 291 3372 2·
311 3353 350 3374 qu.
369 3353 421 3373 ινιι,

209 3377 250 3395 art.
265 3379 284 3401 5.

210 3438 413 3475 Lloan.cnp.1x

222 3465 312 3487 '.Ioan
329 3471 379 3493 cap.
396 3471 422 3492 ιι,

209 3497 231 3512 n.
248 3491 268 3513 6.
285 3498 336 3519 sqq.

416 3455 422 3466 ν
449 3442 643 3473 differentiae
667 3443 758 3479 entis,
775 3449 806 3473 et
829 3442 1023 3474 differentiae
1042 3443 1132 3474 modi
1147 3443 1293 3474 faciendi.

458 158 531 195 190

455 234 573 264 corpus
598 223 714 254 Christi
743 224 777 254 in
800 233 833 254 se
862 229 908 254 est
931 224 1095 254 obiectum
1118 223 1397 263 proportionatum
1422 221 1516 251 etiarn

454 269 630 299 intellectui
646 268 700 298 tali
723 273 759 298 ut
781 268 934 304 intuenti;
960 277 1034 308 ergo
1058 267 1174 298 modus
1193 266 1394 297 accidentalis
1417 265 1516 305 ipsius

455 313 597 352 corporis
628 322 696 342 non
718 311 852 352 impedit
883 312 961 353 quin
984 313 1023 342 sit
1047 312 1210 342 obiectum
1236 310 1380 340 intuibile
1412 309 1516 339 eidem

455 356 640 387 intellectui.

513 400 649 437 Quarto.
669 401 786 431 Anima
803 400 919 431 Christi
935 401 1024 431 novit
1039 399 1221 430 naturaliter
1236 408 1269 428 se
1286 407 1353 428 esse
1370 397 1517 427 ubicum-

455 454 519 484 que
543 450 598 475 est.
634 445 675 475 Et
698 454 755 484 per
778 454 979 484 consequens
1010 444 1101 474 novit
1123 443 1306 473 naturaliter
1336 451 1369 472 se
1393 450 1461 471 esse
1484 441 1517 470 in

454 489 661 519 Eucharistia.
685 489 726 519 Et
741 490 784 519 ita
798 489 980 519 naturaliter
1003 493 1108 528 potest
1123 496 1218 517 nosse
1235 486 1431 516 existentiam
1448 494 1518 515 cor-

454 533 542 573 poris
564 534 614 563 sui
636 534 690 569 ibi,
715 542 798 573 quae
822 538 868 563 est
891 533 949 562 sibi
973 533 1052 562 ratio
1077 531 1166 571 quod
1190 531 1228 560 sit
1251 531 1284 560 in
1307 535 1516 560 sacramento.

513 577 644 613 Quinto.
673 578 846 607 Existentia
869 577 937 606 talis
961 586 1028 606 non
1052 581 1098 606 est
1122 574 1326 605 excellentius
1350 574 1517 613 cognosci-

454 622 517 652 bile
541 631 638 661 quam
663 622 797 651 existens
821 621 912 651 cuius
936 625 982 650 est
1006 619 1180 650 existentia.
1216 618 1279 650 Sed
1303 618 1447 649 Christus
1471 623 1518 648 est

453 666 637 696 naturaliter
660 665 883 705 cognoscibilis
914 674 931 694 a
954 664 1008 694 tali
1031 663 1194 694 intellectu
1225 668 1340 693 creato.
1376 662 1462 702 Ergo
1487 667 1518 692 et

455 710 615 750 quaelibet
631 710 699 740 eius
711 709 884 740 existentia.
896 727 919 730 —
930 709 1085 738 Probatur
1096 708 1208 737 maior.
1228 707 1313 744 Quia
1328 716 1396 736 non
1411 711 1517 746 potest

454 754 569 793 aliquis
591 753 708 784 modus
730 753 1058 793 improportionaliter
1081 751 1232 782 excedere
1252 750 1332 782 illud
1356 751 1447 780 cuius
1471 755 1518 780 est

453 797 581 828 modus.

508 841 618 872 Sexto.
641 842 758 872 Beatus
781 841 963 871 naturaliter
982 840 1068 871 videt
1083 841 1116 870 in
1132 840 1195 870 alio
1211 839 1304 869 beato
1321 844 1428 869 actum
1444 839 1517 868 bea-

453 885 587 916 tificum.
619 886 661 915 Et
683 891 790 915 tamen
813 885 866 915 illa
888 884 1051 915 beatitudo
1075 894 1142 914 non
1167 889 1213 914 est
1236 884 1342 914 minus
1366 892 1521 923 superna-⁷

454 931 562 960 ruralis
594 939 692 970 quam
716 929 879 959 existentia
903 929 1045 969 corporis
1069 928 1186 958 Christi
1209 928 1242 957 in
1266 927 1472 957 Eucharistia.
1495 945 1518 948 —

453 973 656 1004 Antecedens
678 973 840 1012 probatur.
865 973 950 1010 Quia
973 973 1146 1002 substantia
1168 972 1268 1011 ipsius
1288 971 1371 1001 beati
1395 976 1442 1001 est
1465 980 1517 1000 ex-

455 1018 620 1047 cellentius
644 1017 861 1056 cognoscibile
884 1026 981 1056 quarn
1005 1017 1073 1046 eius
1097 1015 1270 1045 beatitudo.

509 1061 561 1091 IV.
579 1060 700 1090 Contra
715 1061 869 1090 tertium*
881 1069 957 1089 vero
970 1059 1056 1089 idem
1072 1059 1174 1098 arguit
1186 1060 1230 1094 st,
1242 1058 1411 1088 intendens
1428 1057 1517 1097 quod

453 1105 632 1134 intellectus
655 1105 766 1134 beatus
789 1103 879 1133 nullo
903 1103 1003 1133 modo
1027 1112 1084 1142 per
1103 1107 1210 1132 actum
1226 1101 1409 1132 beatificum
1431 1101 1518 1131 videt

453 1157 570 1188 corpus
587 1148 704 1178 Christi
726 1148 760 1178 in
785 1147 982 1177 Eucharistia
997 1148 1024 1176 ’ἢ
1048 1146 1165 1176 Beatus
1181 1155 1248 1175 non
1273 1145 1476 1184 distinguitur
1499 1154 1517 1174 a

451 1202 520 1222 non
544 1192 638 1222 beato
661 1191 722 1221 nisi
744 1191 884 1221 videndo
908 1191 1071 1221 obiectum
1095 1189 1278 1220 beatificum
1301 1194 1338 1219 ut
1361 1189 1416 1224 sic,
1433 1193 1464 1218 et
1481 1198 1517 1218 ea

453 1245 536 1276 quae
559 1235 767 1266 includuntur
796 1235 830 1265 in
853 1245 892 1265 eo
916 1240 953 1264 ut
976 1235 1030 1264 sic.
1066 1234 1129 1265 Sed
1157 1243 1274 1274 corpus
1301 1233 1419 1263 Christi
1449 1241 1517 1262 esse

451 1281 485 1310 in
508 1280 705 1311 Eucharistia
727 1289 794 1310 non
811 1285 858 1309 est
876 1279 1039 1309 obiectum
1055 1277 1248 1314 beatificum,
1274 1283 1309 1308 ut
1327 1282 1430 1317 patet:
1456 1286 1517 1306 nec

451 1325 613 1355 inclusum
628 1325 662 1354 in
681 1324 808 1354 obiecto
825 1322 982 1354 beatifico.
1008 1322 1107 1361 Quod
1126 1323 1288 1362 probatur.
1313 1321 1398 1359 Quia
1414 1330 1516 1361 aeque

452 1369 657 1399 essentialiter
679 1369 817 1408 pertinet
840 1367 880 1398 ad
903 1368 1066 1398 obiectum
1090 1366 1274 1397 beatificum
1296 1365 1459 1396 includere
1483 1366 1516 1395 in

451 1414 574 1443 ratione
598 1413 715 1442 obiecti
738 1421 837 1442 unam
860 1421 928 1442 rem
950 1411 1000 1442 vel
1020 1412 1185 1441 veritatem
1208 1411 1304 1441 unius
1328 1410 1516 1440 sacramenti

451 1458 533 1487 sicut
555 1457 696 1487 alterius:
721 1457 803 1487 sicut
826 1465 928 1496 aeque
952 1457 1089 1496 pertinet
1112 1455 1152 1485 ad
1170 1455 1335 1485 veritatem
1350 1453 1426 1484 fidei
1449 1463 1515 1484 cre-

451 1501 525 1532 dere
547 1502 712 1531 veritatem
735 1501 831 1530 unius
847 1500 970 1530 articuli
993 1501 1074 1530 sicut
1097 1499 1234 1530 alterius.
1260 1498 1322 1529 Sed
1337 1499 1371 1528 in
1387 1498 1515 1528 obiecto

450 1545 597 1576 beatifico
621 1555 688 1576 non
712 1544 868 1575 clauditur
890 1545 1023 1584 gratiam
1045 1543 1172 1574 infundi
1194 1543 1249 1574 tali
1272 1543 1442 1583 baptizato,
1462 1548 1516 1573 aut

450 1590 635 1630 suscipienti
658 1595 892 1619 sacramentum
915 1589 1142 1629 poenitentiae.
1166 1588 1263 1627 Ergo,
1281 1593 1340 1618 etc.

506 1634 545 1664 V.
570 1633 691 1664 Contra
714 1639 864 1673 quartum
879 1634 906 1669 ὕ,
924 1633 1081 1663 rationem
1104 1632 1224 1663 scilicet
1240 1641 1303 1671 qua
1326 1631 1443 1662 modus
1468 1640 1515 1661 es-

451 1678 541 1708 sendi
569 1684 616 1708 est
638 1678 766 1718 penitus
789 1677 1052 1717 supernaturalis,
1084 1677 1187 1716 arguit
1212 1675 1332 1706 ibidem
1348 1676 1364 1692 ⁴⁶
1388 1676 1514 1711 Scotus,

451 1723 526 1762 quia
548 1722 690 1752 naturale
715 1727 745 1752 et
768 1722 1006 1762 supernaturale
1029 1731 1097 1751 non
1119 1721 1318 1760 distinguunt
1342 1729 1397 1750 ens
1420 1721 1453 1750 in
1470 1729 1513 1753 se,

450 1766 506 1797 sed
528 1772 654 1797 tantum
676 1767 710 1796 in
733 1766 973 1806 comparatione
989 1765 1029 1796 ad
1044 1775 1150 1805 agens.
1174 1765 1215 1795 Et
1238 1770 1417 1804 propterea,
1441 1764 1515 1794 licet

449 1821 498 1841 res
521 1811 627 1850 aliqua
650 1811 928 1850 supernaturaliter
951 1809 1014 1845 fiat,
1039 1815 1212 1850 postquam
1235 1808 1316 1839 facta
1341 1814 1398 1844 est,
1422 1813 1514 1838 natu-

449 1855 554 1886 raliter
578 1855 791 1894 cognoscitur.

505 1900 546 1929 Et
569 1898 776 1931 confirmatur
799 1904 1010 1939 assumptum.
1035 1898 1119 1936 Quia
1143 1897 1381 1938 supernaturale
1405 1902 1436 1927 et
1459 1907 1515 1927 na-

449 1944 550 1974 turale
573 1948 709 1983 possunt
731 1953 765 1973 se
788 1943 904 1973 habere
928 1944 1010 1973 sicut
1027 1942 1253 1982 imperfectum
1277 1947 1308 1972 et
1323 1940 1512 1981 perfectius:

449 1993 529 2028 puta
551 1987 698 2018 accidens
723 1993 754 2017 et
776 1988 960 2018 substantia.

505 2032 546 2062 Et
569 2031 776 2062 confirmatur
798 2041 906 2062 rursus
930 2031 1148 2061 subiunctum.
1172 2031 1258 2069 Quia
1280 2029 1370 2066 fides,
1394 2039 1466 2070 spes
1483 2035 1514 2060 et

449 2077 559 2106 caritas
583 2081 657 2106 sunt
671 2076 796 2106 habitus
813 2075 1076 2116 supernaturales.
1101 2076 1142 2105 Et
1164 2081 1271 2105 tamen
1295 2075 1399 2114 angeli
1422 2080 1513 2104 natu-

448 2121 553 2151 raliter
576 2125 776 2160 cognoscunt
800 2130 865 2156 eos,
890 2119 1068 2150 secundum
1087 2120 1159 2150 illos
1183 2121 1239 2159 qui
1262 2124 1390 2159 ponunt
1409 2119 1442 2149 in
1458 2128 1513 2149 an-

449 2165 522 2205 gelo
549 2164 732 2195 naturaliter
758 2165 896 2195 rationes
926 2164 1143 2204 cognoscendi
1170 2173 1284 2194 omnes
1311 2164 1433 2204 species
1457 2173 1512 2193 en—

449 2210 540 2239 tium.

504 2253 557 2283 VI.
574 2252 627 2283 Ad
643 2252 833 2283 evidentiam
850 2253 976 2289 horum,
989 2252 1231 2293 praelibandum
1244 2258 1290 2283 est
1306 2251 1395 2292 quod
1405 2261 1512 2292 parva

448 2298 602 2328 distantia
615 2297 647 2327 in
654 2297 818 2337 principio
836 2307 957 2338 magna
970 2297 1063 2328 valde
1078 2302 1214 2338 apparet
1225 2297 1257 2327 in
1265 2296 1473 2337 principiatis
1484 2297 1512 2326 ἒ.

449 2342 491 2372 Et
513 2342 588 2372 hinc
612 2347 658 2371 est
688 2341 778 2381 quod
801 2351 839 2371 ex
863 2341 984 2372 diversa
1007 2342 1162 2381 opinione
1193 2342 1276 2371 circa
1302 2340 1439 2372 modum
1464 2340 1513 2370 in-

449 2385 628 2425 telligendi,
652 2391 701 2415 tot
724 2386 926 2425 quaestiones
951 2391 1109 2416 emanant.
1145 2385 1321 2425 Opinantes
1353 2384 1513 2425 siquidem

450 2430 648 2460 intellectum
670 2439 737 2459 non
759 2430 921 2469 alligatum
945 2430 1156 2470 phantasmati
1179 2429 1353 2469 intelligere
1369 2439 1427 2469 per
1441 2438 1513 2459 mo-

450 2474 573 2504 tionem
597 2474 634 2503 ab
651 2474 726 2513 ipsis
742 2474 836 2504 rebus
853 2483 934 2514 quae
951 2474 1083 2514 intelligi
1099 2473 1258 2509 dicuntur,
1279 2479 1513 2513 consequenter

450 2518 623 2558 opinantur
640 2518 820 2548 intellectus
836 2518 1008 2548 abstractos
1031 2518 1148 2550 intueri
1163 2527 1212 2548 res
1227 2522 1408 2557 praesentes
1431 2518 1513 2548 sicut

449 2571 510 2592 nos
532 2561 678 2592 videmus
701 2562 907 2602 corporaliter
923 2562 1047 2592 colores
1062 2567 1254 2602 praesentes.
1279 2562 1440 2592 Tenentes
1457 2571 1513 2591 au-

449 2611 532 2642 tem,
557 2615 632 2636 cum
655 2606 870 2646 Peripateticis
894 2612 924 2636 et
947 2606 1166 2646 philosophis,
1193 2606 1373 2636 intellectus
1397 2606 1513 2636 abstra-

450 2656 519 2680 ctos
541 2651 665 2680 moveri
687 2656 813 2680 tantum
828 2659 846 2680 a
861 2651 971 2690 seipsis
987 2660 1044 2680 seu
1060 2651 1124 2680 suis
1140 2650 1331 2686 substantiis,
1348 2650 1399 2680 vel
1417 2651 1512 2680 etiam

450 2704 468 2724 a
491 2695 708 2734 superioribus
731 2704 855 2730 eorum,
880 2700 912 2724 et
933 2704 1001 2725 non
1024 2695 1062 2724 ab
1087 2694 1195 2734 aliquo
1219 2694 1375 2730 inferiori,
1400 2704 1512 2724 conse-

450 2744 585 2778 quenter
607 2743 735 2778 ponunt
757 2738 936 2769 intellectus
953 2739 1124 2769 abstractos
1144 2748 1339 2778 cognoscere
1355 2738 1514 2779 quidquid

450 2788 651 2822 cognoscunt
673 2783 865 2818 naturaliter,
891 2788 945 2813 aut
967 2792 1024 2823 per
1047 2783 1254 2813 substantiam
1275 2784 1438 2823 propriam
1461 2792 1513 2813 so-

449 2827 513 2857 lam
529 2828 555 2862 ⁸⁵,
581 2826 670 2867 quod
693 2836 753 2857 nos
776 2827 935 2857 credimus
958 2827 991 2857 in
1015 2827 1085 2857 solo
1110 2827 1181 2857 Deo
1205 2826 1359 2858 verificari
1375 2828 1426 2864 **;
1458 2833 1513 2858 aut

449 2881 506 2911 per
529 2871 736 2901 substantiam
759 2870 934 2911 perfectam
964 2871 1131 2911 speciebus
1154 2871 1404 2911 intelligibilibus
1431 2871 1512 2902 indi-

448 2916 487 2946 tis
503 2916 534 2952 ἢ
559 2921 615 2945 aut
637 2915 750 2952 etiam,
779 2921 815 2946 ut
838 2914 1029 2955 quibusdam
1056 2915 1192 2955 placuit,
1222 2925 1278 2955 per
1305 2916 1513 2946 substantiam

449 2959 657 2999 superiorem.
682 2959 724 2990 Et
745 2969 803 2999 per
819 2969 1021 2999 consequens
1037 2959 1216 2990 intellectus
1232 2961 1378 2990 abstracti
1402 2961 1512 3000 cogni-

449 3004 495 3033 tio
518 3004 668 3034 naturalis
690 3013 758 3034 non
781 3013 814 3034 se
838 3009 945 3044 potest
967 3003 1136 3034 extendere
1159 3004 1219 3034 nisi
1239 3004 1278 3034 ad
1295 3014 1331 3034 ea
1355 3014 1438 3044 quae
1457 3014 1513 3035 na-

449 3047 589 3078 turaliter
612 3048 755 3078 relucent
781 3049 814 3078 in
837 3049 885 3078 his
910 3057 992 3088 quae
1016 3053 1090 3079 sunt
1113 3048 1199 3088 apud
1221 3048 1420 3079 intellectum
1443 3049 1513 3079 abs-

449 3096 595 3121 tractum.
630 3092 671 3122 Et
694 3093 848 3131 quoniam
878 3093 957 3123 haec
980 3102 1047 3122 non
1071 3098 1145 3123 sunt
1174 3093 1236 3123 nisi
1257 3094 1448 3133 pertinentia
1473 3093 1513 3124 ad

450 3135 627 3165 naturalem
645 3136 791 3166 ordinem
807 3137 956 3172 universi,
981 3137 1136 3176 quoniam
1153 3137 1239 3168 solae
1254 3143 1303 3167 res
1318 3138 1512 3178 pertinentes

450 3178 490 3208 ad
513 3188 611 3218 opera
635 3189 687 3209 sex
712 3179 836 3210 dierum
859 3179 989 3210 fuerunt
1012 3180 1187 3220 productae
1211 3191 1228 3211 a
1244 3181 1315 3211 Deo
1339 3182 1372 3211 in
1395 3182 1512 3212 menti-

450 3223 509 3252 bus
533 3222 682 3262 angelicis
706 3229 737 3253 et
759 3224 792 3253 in
816 3233 921 3254 rerum
939 3230 1061 3260 natura,
1086 3225 1216 3265 quando
1234 3225 1313 3256 vidit
1326 3226 1417 3256 Deus
1434 3235 1511 3256 cun-

449 3271 501 3297 cta
524 3276 607 3307 quae
612 3267 754 3307 fecerat
779 3272 810 3297 et
825 3273 919 3298 erant
934 3268 1027 3299 valde
1041 3269 1126 3299 bona
1142 3270 1176 3286 ὕ·
1170 3278 1428 3309 ,quaecumque
1443 3279 1512 3300 non

449 3310 490 3341 ad
504 3316 645 3346 naturae,
662 3310 718 3340 sed
732 3311 850 3350 gratiae
866 3311 1011 3342 ordinem
1035 3321 1092 3351 per
1107 3322 1140 3342 se
1156 3318 1310 3352 spectant,
1330 3314 1512 3344 eximuntur

450 3365 468 3384 a
496 3354 631 3385 naturali
662 3355 848 3394 cognitione
881 3355 1069 3395 angelorum
1101 3356 1279 3387 secundum
1306 3357 1388 3387 hanc
1416 3357 1510 3387 viam.

449 3398 635 3429 Secundum
658 3408 757 3439 quam
785 3399 880 3429 etiam
903 3399 1045 3430 naturale
1069 3405 1100 3429 et
1122 3401 1360 3439 supernaturale
1383 3406 1458 3430 sunt
1481 3406 1512 3431 et

1317 3444 1400 3475 Nam
1423 3445 1511 3475 oculi

449 3486 512 3516 dati
537 3496 632 3517 caeco
656 3492 732 3517 nato
749 3488 775 3523 ’ἢ
801 3492 831 3517 et
847 3488 958 3518 vinum
982 3486 1102 3518 facturn
1125 3488 1158 3518 in
1182 3488 1302 3528 nuptiis
1318 3489 1362 3524 *⁴2
1387 3487 1510 3518 differe-

1100 144 1362 192 QUAESTIO
1392 143 1567 189 LXXVI,
1599 143 1890 181 ARTICULUS
1918 145 1983 182 VII

1570 221 1646 252 bant
1669 223 1708 252 ab
1733 222 1800 252 aliis
1824 223 1926 253 oculis
1950 227 1981 253 et
1996 223 2077 253 vinis
2101 222 2279 254 secundum
2302 224 2444 254 naturale
2468 229 2499 254 et
2522 233 2632 265 super-

1570 266 1712 296 naturale
1737 265 1845 306 quoad
1867 266 2004 297 modum
2027 266 2125 297 fiendi
2148 272 2283 297 tanturn.
2311 267 2374 298 Sed
2397 268 2517 304 caritas,
2534 274 2566 299 et
2583 269 2632 299 in-

1571 310 1710 340 carnatio
1735 310 1862 346 Christi,
1888 316 1919 340 et
1942 309 2106 341 Christum
2130 320 2198 341 esse
2221 311 2280 341 sub
2296 317 2505 348 sacramento,
2530 318 2561 343 et
2583 312 2642 344 lu-v

1569 362 1645 384 men
1667 354 1803 394 gloriae,
1829 359 1859 384 et
1881 354 2011 390 similia,
2037 353 2186 385 differunt
2208 365 2226 384 a
2248 355 2415 386 virtutibus
2437 356 2632 387 naturalibus

1571 402 1602 427 et
1625 398 1692 428 aliis
1716 407 1798 438 quae
1823 398 1907 428 entia
1922 398 2076 428 naturalia
2091 408 2254 434 vocamur»,
2279 408 2378 439 penes
2394 400 2632 440 supernaturale

1571 447 1602 471 et
1624 442 1766 472 naturale
1798 447 1955 482 quantum
1977 442 2018 472 ad
2040 443 2109 482 ipsa
2132 443 2247 473 entiaz'
2268 449 2343 474 sunt
2373 444 2460 474 enim
2489 444 2568 474 haec
2594 453 2633 475 ex

1571 495 1630 516 suo
1654 496 1770 526 genere
1794 487 2043 526 supernaturalia
2068 487 2168 523 entia,
2197 487 2273 527 quia
2298 487 2379 518 nulli
2408 493 2544 527 possunt
2567 489 2633 519 enti

1571 540 1638 560 esse
1662 536 1716 560 aut
1739 530 1808 563 fieri
1832 531 2058 566 connaturalia,
2083 536 2119 560 ut
2142 531 2248 561 alibi*
2272 530 2510 562 declaravimus.

1625 574 1693 604 VII.
1718 574 1776 604 His
1800 574 1989 615 praelibatis,
2014 574 2057 604 ad
2073 574 2217 615 primum
2241 575 2329 605 Scoti
2344 575 2361 592 ὓ
2384 574 2499 606 dicitur
2521 575 2632 606 falsam

1571 628 1638 649 esse
1661 619 1837 654 minorem,
1872 619 1992 649 scilicet
2018 618 2216 649 intellectum
2243 619 2434 650 abstractum
2460 619 2576 650 habere
2600 629 2634 651 se

1570 662 1610 693 ad
1633 672 1731 693 omne
1754 662 1951 703 intelligibile
1977 662 2156 693 secundum
2184 662 2330 694 ordinem
2359 663 2670 703 intelligibilitatisff

1570 707 1643 737 Hoc
1668 708 1754 737 enim
1777 712 1864 747 patet
1886 716 1954 737 esse
1978 706 2102 738 falsum.
2138 707 2225 737 Tum
2249 708 2324 747 quia
2346 716 2414 737 non
2429 708 2475 737 sic
2490 717 2523 738 se
2538 708 2635 739 habet

1570 751 1610 781 ad
1625 752 1766 791 primurn
1781 751 1988 791 intelligibile,
2000 751 2089 791 quod
2105 757 2152 782 est
2167 751 2264 782 Deus.
2276 770 2299 774 -
2309 751 2397 782 Tum
2409 752 2485 791 quia
2500 752 2635 792 quilibet

1569 796 1749 826 intellectus
1773 796 1945 826 abstractus
1961 795 2107 835 intelligit
2123 802 2154 826 et
2169 795 2259 836 quod
2275 801 2322 826 est
2336 805 2431 836 supra
2447 805 2480 826 se
2497 802 2528 826 et
2544 796 2634 836 quod

1571 845 1618 870 est
1632 839 1713 870 infra
1729 849 1772 876 se,
1794 849 1851 880 per
1869 839 2006 870 modurn
2029 841 2088 870 sui.

1626 884 1750 914 Dicitur
1778 884 1987 914 nihilominus
2018 883 2122 924 quod,
2147 884 2221 914 licet
2250 884 2429 914 intellectus
2460 884 2633 915 abstractus

1570 927 1675 958 videat
1699 937 1815 968 corpus
1836 927 1963 962 Christi.
1983 938 2050 958 non
2066 933 2235 968 propterea
2254 929 2414 968 sequitur:
2438 926 2525 968 Ergo
2547 927 2634 960 videt

1571 973 1639 1002 eius
1655 972 1791 1003 modum
1810 972 1934 1003 essendi
1949 973 1982 1002 in
1998 978 2207 1002 sacramento.
2231 973 2272 1002 Et
2294 973 2368 1008 hoc,
2384 981 2453 1002 non
2477 973 2552 1012 quia
2574 973 2633 1003 iste

1570 1015 1687 1046 modus
1703 1016 1827 1046 essendi
1844 1022 1890 1046 est
1906 1016 2137 1047 excellentioris
2153 1017 2461 1056 cognoscibilitatis'
2453 1027 2487 1047 m
2503 1027 2552 1048 se:
2577 1017 2634 1053 sed

1571 1060 1646 1098 quia
1662 1065 1709 1089 est
1724 1060 1940 1099 cognoscibile
1956 1060 2083 1090 alterius
2099 1060 2228 1096 ordinis,
2241 1061 2361 1091 scilicet
2375 1061 2631 1106 supernaturalis,

1571 1108 1602 1132 et
1617 1109 1748 1142 propter
1762 1104 1826 1133 hoc
1843 1109 1889 1133 est
1905 1109 1991 1133 extra
2005 1109 2111 1134 totum
2127 1104 2274 1134 ordinem
2296 1113 2402 1134 rerum
2417 1103 2632 1151 praesentium

1571 1147 1808 1186 cognitionibus
1832 1147 2027 1177 naturalibus
2043 1148 2069 1177 *.

1626 1190 1666 1219 Et
1689 1190 1764 1220 hinc
1787 1195 1874 1230 patet
1896 1191 2063 1230 responsio
2087 1191 2131 1221 ad
2145 1191 2330 1222 secundum.
2353 1191 2439 1230 Quia
2455 1192 2570 1223 falsum
2587 1199 2634 1224 est

1569 1239 1676 1264 totum
1700 1243 1755 1264 ens
1780 1240 1922 1264 creatum
1946 1242 2013 1264 esse
2037 1235 2201 1265 obiectum
2219 1236 2500 1275 proportionatum
2515 1237 2570 1267 tali
2584 1238 2633 1267 in*-

1569 1278 1720 1308 tellectui.
1745 1278 1786 1308 Et
1809 1279 1954 1316 intuitive
1979 1278 2128 1318 quidem:
2154 1280 2230 1319 quia
2245 1279 2414 1319 quaedam,
2437 1281 2558 1311 scilicet
2581 1291 2633 1312 su-

1569 1323 1796 1362 pernaturalia,
1828 1328 1902 1353 sunt
1926 1322 1966 1353 de
1990 1322 2102 1353 ordine
2128 1333 2195 1354 non
2218 1325 2434 1363 praesentium
2457 1325 2635 1364 cognitioni

1569 1366 1714 1397 naturali.
1749 1366 1946 1397 Abstractive
1969 1377 2061 1397 vero:
2094 1368 2169 1407 quia
2194 1368 2420 1398 incarnationis
2447 1369 2635 1409 mysterium

1568 1411 1653 1447 latet,
1679 1410 1788 1451 quoad
1811 1411 1986 1451 perfectam
2009 1410 2251 1451 quidditativam
2275 1413 2504 1452 cognitionem,
2528 1413 2634 1444 omnis

1568 1455 1749 1485 intellectus
1773 1456 1868 1486 creati
1892 1455 2111 1496 cognitionem
2134 1456 2321 1492 naturalem,
2342 1457 2418 1496 quia
2439 1457 2524 1488 illius
2546 1455 2635 1488 nulla

1569 1499 1668 1530 indita
1690 1500 1812 1540 speeies
1836 1505 1883 1530 est
1906 1501 2135 1540 praesentativa
2157 1499 2307 1540 perfecte.
2338 1501 2380 1531 Et
2401 1500 2488 1532 idem
2511 1501 2636 1532 videtur

1569 1543 1609 1574 de
1633 1553 1700 1574 esse
1725 1545 1868 1584 corporis
1896 1544 2014 1574 Christi
2044 1545 2077 1574 in
2105 1550 2314 1575 sacramento.
2351 1545 2513 1585 Supponit
2538 1546 2634 1586 igitur

1568 1593 1794 1628 argumentum
1816 1589 1880 1618 hoc
1904 1588 2030 1625 falsum,
2054 1589 2174 1619 scilicet
2189 1588 2325 1620 modum
2342 1589 2466 1620 essendi
2481 1590 2515 1621 in
2531 1599 2633 1621 sacra-

1568 1638 1679 1662 mento
1703 1638 1903 1672 praesentem
1927 1633 2123 1673 quandoque
2147 1642 2216 1663 esse
2238 1634 2374 1664 naturali
2392 1635 2569 1674 cognitioni
2584 1634 2633 1667 in-

1568 1676 1713 1707 tellectus
1737 1677 1892 1707 abstracti.

1623 1720 1674 1751 Ad
1697 1721 1825 1751 tertium
1857 1721 1973 1752 dicitur
2001 1721 2149 1761 negando
2181 1721 2293 1752 eadem
2315 1722 2366 1752 vel
2389 1722 2484 1753 simili
2509 1723 2633 1755 ratione

1568 1774 1663 1804 posse
1687 1766 1840 1805 cognosci
1866 1766 2079 1806 praesentiam
2102 1767 2245 1806 corporis
2269 1765 2396 1797 Christi.
2431 1767 2473 1797 Et
2495 1767 2536 1798 ad
2558 1768 2633 1798 sub-

2659 535 2779 589 Ῐοὲςρῖἲῗ;
2793 535 2871 585 fflgtt:
2916 575 2918 591 j

2659 587 2705 614 111,
2729 587 2758 609 de
2772 577 2871 611 Ῥοιεηε.

2660 604 2870 678 ξεκιείῖιιιςῃιέιη.

2707 673 2754 689 um.
2765 672 2800 689 ΙΙΙ.

2660 1151 2720 1173 ‘Cfi
2735 1150 2795 1173 Infra
2807 1150 2847 1173 Aa

2660 1177 2771 1206 quintum.

1567 1809 1711 1839 iunctam
1730 1810 1956 1849 probationem
1979 1811 2095 1840 iterum
2111 1809 2340 1850 dicituquuod
2354 1810 2471 1841 modus
2487 1811 2633 1850 accidene
2652 1846 2659 1850 ,

1567 1853 1647 1889 talis,
1671 1863 1739 1884 non
1763 1860 1921 1894 quatenus
1937 1854 2149 1890 accidentalis,
2174 1854 2231 1885 sed
2254 1859 2412 1894 quatenus
2436 1860 2483 1885 est
2505 1855 2633 1887 alterius

1569 1897 1698 1934 ordinis,
1722 1898 1857 1938 impedit
1880 1908 1913 1929 se
1935 1899 2052 1929 intueri
2076 1899 2115 1929 ab
2136 1898 2300 1929 intellectu
2323 1899 2376 1929 cui
2391 1899 2473 1929 ordo
2488 1899 2542 1930 ille
2564 1909 2633 1931 non

1569 1947 1615 1972 est
1633 1951 1796 1982 praesens:
1822 1943 1924 1983 qualis
1948 1949 1994 1973 est
2012 1943 2192 1974 intellectus
2211 1943 2373 1983 angelicus
2395 1944 2587 1975 naturaliter.

1623 1986 1674 2016 Ad
1695 1992 1864 2027 quartum,
1889 1986 1928 2017 de
1952 1988 2059 2017 anima
2082 1987 2213 2023 Christi,
2238 1987 2407 2027 dupliciter
2429 1987 2493 2018 dici
2515 1994 2631 2028 potest.

1567 2030 1694 2066 Primo,
1726 2031 1915 2071 excipiendo
1947 2031 2065 2062 Christi
2095 2032 2251 2062 animam:
2284 2041 2321 2062 ea
2347 2032 2471 2062 ratione
2494 2033 2570 2072 quia
2593 2032 2634 2064 ad

1567 2075 1669 2114 ipsam
1690 2081 1820 2115 spectat,
1839 2076 1984 2115 quamvis
2000 2076 2264 2111 concomitanter‚
2278 2076 2347 2106 talis
2363 2074 2481 2107 modus
2497 2076 2630 2108 essendi.

1568 2119 1613 2149 Ita
1637 2119 1736 2159 quod,
1761 2120 1842 2150 sicut
1866 2119 2002 2150 dicimus
2025 2121 2235 2160 cogitationes
2259 2119 2362 2151 cordis
2376 2121 2442 2151 mei
2464 2121 2560 2152 latere
2575 2131 2632 2154 na-

1567 2164 1702 2194 turalem
1733 2165 1951 2204 cognitionem
1982 2165 2187 2204 angelorum,
2218 2163 2399 2195 manifestas
2429 2170 2535 2196 tamen
2563 2174 2631 2197 esse

1567 2208 1692 2238 animae
1715 2218 1823 2244 meae,
1848 2209 1924 2248 quia
1946 2208 1986 2239 ad
2009 2209 2111 2250 ipsam
2134 2214 2294 2249 spectant,
2326 2214 2357 2239 et
2379 2218 2437 2249 per
2458 2209 2522 2240 hoc
2548 2208 2632 2241 fiunt

1567 2252 1626 2282 sibi
1649 2258 1840 2292 praesentes,
1865 2263 1949 2293 quae
1972 2263 2039 2283 non
2063 2258 2137 2284 sunt
2159 2258 2340 2293 praesentes
2363 2253 2498 2293 angelis;
2529 2253 2574 2285 sic
2597 2254 2631 2285 in

1565 2297 1734 2337 proposito
1757 2296 1875 2327 modus
1890 2298 1949 2328 iste
1973 2296 2097 2328 essendi
2120 2302 2167 2327 est
2189 2306 2338 2337 praesens
2361 2298 2496 2328 naturali
2519 2299 2631 2338 cogni—

1566 2342 1647 2371 tioni
1670 2341 1795 2372 animae
1820 2341 1937 2372 Christi
1959 2350 2017 2381 per
2032 2341 2095 2371 hoc
2119 2340 2209 2381 quod
2228 2341 2267 2371 ad
2284 2342 2391 2381 ipsum
2407 2347 2537 2382 spectat.
2561 2342 2631 2374 Nec

1566 2390 1613 2415 est
1636 2385 1738 2415 simile
1762 2385 1802 2416 de
1825 2385 1892 2415 aliis
1915 2385 2139 2421 intellectibus,
2163 2390 2199 2415 ut
2221 2391 2318 2425 patet.

1621 2429 1771 2460 Secundo
1803 2429 1917 2459 dicitur
1946 2429 2093 2469 negando
2125 2430 2264 2460 animam
2296 2429 2413 2460 Christi
2447 2430 2631 2470 cognitione

1565 2473 1701 2503 naturali
1724 2474 1840 2504 intueri
1862 2473 1999 2504 modum
2023 2483 2090 2513 quo
2107 2483 2224 2513 corpus
2241 2473 2359 2504 Christi
2383 2479 2429 2504 est
2451 2475 2485 2504 in
2503 2475 2568 2505 hoc
2582 2484 2631 2515 sa-

1566 2523 1744 2548 cramento:
1777 2518 1859 2548 sicut
1887 2518 2072 2558 cognitione
2102 2517 2236 2548 naturali
2258 2527 2326 2548 non
2349 2518 2491 2548 intuetur
2513 2523 2632 2560 myste-

1565 2563 1649 2592 rium
1679 2562 1915 2592 incarnationis.
1955 2561 2048 2593 Unde
2075 2562 2203 2592 Auctor
2229 2561 2305 2592 dicit
2334 2562 2387 2592 hic
2417 2562 2523 2603 quod,
2555 2563 2632 2603 qnia

1566 2606 1683 2636 modus
1707 2606 1831 2636 essendi
1855 2607 1888 2636 in
1911 2607 1974 2636 hoc
1997 2611 2196 2636 sacramento
2221 2612 2267 2636 est
2289 2603 2418 2646 penitus
2439 2613 2631 2658 supernam<-

1566 2651 1654 2686 ralis,
1686 2660 1753 2680 non
1777 2651 1837 2680 nisi
1861 2660 1878 2680 a
1901 2650 2133 2690 supernaturali
2159 2650 2340 2686 intellectu,
2363 2651 2415 2681 vel
2437 2651 2537 2692 ipsius
2559 2660 2631 2700 par—

1565 2695 1769 2734 ticipatione‚
1794 2700 1840 2724 est
1862 2695 1896 2725 in
1920 2704 1952 2725 se
1975 2694 2189 2734 intelligibilis.
2225 2694 2266 2725 Et
2288 2695 2367 2725 haec
2389 2695 2555 2735 responsio
2578 2697 2630 2726 so-

1566 2739 1660 2769 lidior
1683 2738 1817 2769 videtur.

1621 2783 1672 2813 Ad
1694 2783 1850 2823 quintum,
1874 2783 1938 2813 iam
1965 2788 2052 2823 patet
2082 2793 2120 2813 ex
2147 2782 2239 2814 dictis
2254 2783 2271 2800 ⁴
2294 2782 2385 2823 quod
2413 2793 2482 2814 non
2507 2783 2630 2815 ratione
2658 2786 2668 2798 ·

1567 2827 1791 2863 excellentiae,
1822 2827 1878 2857 sed
1909 2828 2032 2858 ratione
2062 2828 2222 2858 absentiae
2252 2836 2309 2858 seu
2338 2827 2629 2867 non-praesentiae,

1567 2872 1732 2902 existentia
1761 2872 1794 2902 in
1821 2877 2019 2902 sacramento
2051 2871 2142 2908 latet;
2175 2877 2206 2902 et
2231 2877 2339 2902 tamen
2369 2881 2486 2912 corpus
2513 2871 2631 2906 Christi

1566 2922 1663 2956 patet.

1622 2960 1672 2991 Ad
1694 2965 1830 2996 sextum,
1847 2966 1980 3001 negatur
2003 2965 2213 3000 assumptum,
2237 2959 2357 2991 scilicet
2379 2965 2487 2990 actum
2508 2959 2630 2991 beatifi-

1567 3015 1642 3035 cum
1666 3005 1762 3035 unius
1785 3005 1869 3035 beati
1891 3004 1999 3035 videri·
2017 3003 2149 3035 naturali
2175 3004 2358 3044 cognitione
2381 3003 2420 3034 ab
2444 3003 2554 3035 altero.
2589 3003 2630 3035 Et

1566 3050 1646 3080 ratio
1671 3054 1718 3079 est
1741 3058 1835 3089 saepe
1851 3048 1950 3080 dicta:
1975 3058 2043 3079 non
2065 3053 2196 3088 propter
2220 3047 2439 3078 excellentiam
2462 3048 2630 3088 cognosci·-

1567 3094 1648 3129 bilis,
1672 3092 1728 3123 sed
1751 3098 1882 3133 propter
1905 3093 2090 3123 absentiam.
2114 3091 2199 3130 Quia
2217 3091 2368 3122 naturalis
2384 3093 2526 3132 cognitio
2551 3101 2629 3123 con-

1566 3143 1653 3168 tenta
1677 3142 1724 3168 est
1746 3137 1961 3177 spectantibus
1981 3136 2021 3168 ad
2036 3135 2182 3167 ordinem
2196 3135 2388 3166 naturalem:
2413 3141 2502 3166 actus
2521 3141 2629 3168 autem

1566 3181 1731 3212 beatificus
1754 3186 1875 3221 spectat
1898 3180 1938 3212 ad
1960 3179 2106 3211 ordinem
2127 3180 2410 3219 supernaturalem.

1621 3225 1703 3256 VIII.
1727 3225 1779 3256 Ad
1802 3225 1927 3256 obiecta
1949 3229 2060 3255 contra
2077 3223 2236 3254 visionem
2249 3223 2345 3254 huius
2361 3225 2549 3256 sacramenti
2571 3234 2629 3266 per
2647 3227 2653 3236 ‘

1566 3275 1674 3300 actum
1695 3268 1878 3299 beatificum
1894 3270 1910 3285 ⁸*
1926 3267 2162 3308 respondendo,
2175 3267 2378 3308 distinguitur
2393 3268 2483 3308 quod
2499 3269 2539 3300 de
2555 3274 2629 3301 actu
2654 3271 2666 3282 '

1566 3313 1713 3344 beatifico
1738 3322 1910 3353 possumus
1933 3311 2103 3352 dupliciter
2125 3311 2226 3352 loqui.
2261 3311 2322 3342 Vel
2350 3313 2491 3352 praecise
2514 3323 2628 3349 secun—
2650 3316 2659 3329 '¹
2699 3326 2710 3331 ··

1565 3357 1643 3387 dum
1666 3357 1841 3387 necessaria
1864 3355 1903 3386 ad
1927 3355 2165 3386 beatitudinem.
2190 3356 2231 3386 Et
2254 3356 2299 3386 sic
2321 3356 2551 3396 proculdubio
2573 3367 2628 3389 ve-

1564 3411 1638 3432 rum
1661 3406 1708 3431 est
1729 3410 1787 3441 per
1810 3405 1917 3431 actum
1940 3399 2124 3430 beatificum
2153 3409 2221 3430 non
2243 3399 2342 3430 videri
2370 3400 2488 3432 Christi
2511 3411 2628 3442 corpus

1564 3446 1598 3475 in
1622 3449 1837 3481 sacramento,
1868 3453 1929 3474 nec
1956 3445 2143 3495 mysterium
2171 3445 2411 3481 incarnationis,
2442 3446 2544 3476 immo
2567 3454 2629 3477 nec

1565 3488 1686 3528 aliquid
1710 3488 1799 3528 quod
1822 3489 1879 3518 scit
1906 3488 1993 3518 Deus
2017 3489 2147 3519 scientia
2170 3489 2316 3518 visionis.
2353 3494 2389 3519 ut
2411 3494 2498 3529 patet
2525 3499 2563 3520 ex
2587 3499 2627 3520 eo
