2878 4088
91 683 112 704 ⁹·
126 691 185 714 Τοῦ.
204 696 255 719 σιμ.
271 696 313 718 ιιι,

104 723 164 740 ven.
179 723 213 740 aa.

101 1001 313 1031 'Pu-amanu-

101 1085 195 1114 Ἐν...
207 1091 245 1125 aa.

104 1882 197 1907 ‘Vn
210 1889 233 1906 a.

108 2678 190 2728 ine-§d
199 2684 242 2708 qu.
262 2684 322 2706 ιω,

113 3154 325 3208 300103230’2.,¹2¹23

112 3208 142 3230 Di
159 3223 166 3231 .
182 3207 274 3235 xxm,
288 3213 313 3229 m

113 3241 126 3257 e
159 3250 166 3258 .
181 3234 216 3257 tir.
227 3250 234 3263 ‚
248 3241 275 3263 7,
289 3234 325 3263 56,

112 3261 170 3310 ²⁶65.
180 3287 202 3309 ιι
217 3287 251 3310 αα
259 3287 325 3314 cor„

113 3319 140 3336 ea
157 3329 164 3336 .
174 3319 208 3341 ιι,
217 3319 276 3336 ven.
291 3319 312 3336 π.

596 127 860 175 QUAESTIO
890 127 1023 174 XCIV,
1050 125 1343 164 ARTICULUS
1371 125 1417 161 ΠΙ
1436 146 1462 151 -
1481 125 1748 172 QUAESTIO
1778 125 1900 171 XCV,
1921 126 2213 164 ARTICULUS
2242 127 2256 162 I

2437 135 2512 171 227

337 207 477 247 pientiae
500 211 532 236 et
554 206 691 237 iustitiae
713 216 791 237 suae
814 206 966 237 convenit
988 216 1006 236 a
1028 206 1155 236 miseria
1169 204 1309 235 liberari:
1333 212 1400 234 non
1456 203 1517 234 Iac.
1543 213 1555 233 1
1569 204 1603 239 ³,
1632 202 1733 233 Omne
1765 203 1876 233 datum
1906 204 2058 243 optimum
2088 210 2119 235 et
2141 214 2235 235 omne
2262 204 2382 235 donum
2406 204 2517 245 perfe-
2546 215 2555 224 ·
2570 213 2636 235 Vm.
2653 219 2686 240 ιγ.

338 249 428 290 quod
451 249 677 281 damnatorum
700 251 902 287 misereatur,
925 250 987 280 nisi
1016 250 1099 281 forte
1126 247 1293 290 puniendo
1325 247 1402 278 citra

339 293 549 335 condignum.

382 368 482 399 ART.
499 368 552 399 111.
575 379 681 400 urium
703 378 794 399 Βιιᾼτι
816 378 998 399 LARTBNTUR
1021 377 1060 398 nn
1082 376 1192 398 ronms
1206 375 1359 396 rumorum

512 418 598 447 Quodl.
613 418 676 446 vm,
691 425 731 447 qu.
745 424 784 446 vn,
799 422 841 441 art.
858 425 877 445 ι,
892 418 921 440 ad
937 424 960 444 ι;
974 418 1002 440 In
1014 417 1102 440 Pmlm.
1116 416 1224 439 XXXVI.

404 478 425 498 n
441 479 577 500 mmm
592 479 639 500 sic
657 478 863 500 moerim-nm.
887 468 1022 500 Videtur
1042 467 1132 509 quod
1147 468 1232 498 beati
1251 476 1319 497 non
1339 466 1403 497 lae—

342 482 512 544 Atentur
538 513 579 544 de
610 514 726 554 poenis
754 514 940 554 impiorum.
977 513 1102 543 Laetari
1131 512 1217 542 enim
1248 510 1288 542 de
1317 510 1403 541 malo

340 557 468 588 alterius
484 557 524 588 ad
540 557 653 588 odium
667 558 814 598 pertinet.
831 557 895 589 Sed
905 558 939 588 in
951 557 1050 587 beatis
1061 556 1189 587 nullum
1206 556 1264 586 erit
1279 554 1403 585 odium.

340 602 427 642 Ergo
448 611 518 632 non
539 602 743 633 laetabuntur
765 601 805 632 de
827 601 962 632 miseriis
985 600 1220 631 damnatorum.

397 655 428 676 2.
451 646 648 682 Pnamnn,
673 646 756 676 beati
778 646 812 676 in
835 646 936 686 patria
959 649 1053 675 erunt
1075 653 1201 674 summe
1224 643 1295 673 Deo
1327 651 1405 672 con-

340 689 470 721 formes.
495 689 559 721 Sed
573 690 664 720 Deus
679 699 744 720 non
760 689 939 720 delectatur
953 689 987 719 in
999 688 1115 729 poenis
1131 687 1251 718 nostris
1266 687 1294 716 *.
1318 685 1404 725 Ergo

340 743 402 765 nec
424 734 509 765 beati
531 733 775 765 delectabuntur
797 734 831 763 in
853 733 968 774 poenis
991 732 1226 762 damnatorum.

399 778 429 809 3.
452 778 657 814 Pan-rma,
680 776 760 808 illud
783 776 874 817 quod
903 781 951 807 est
978 775 1188 816 vituperabile
1215 775 1250 804 in
1272 774 1404 809 viatore,

341 822 432 853 nullo
448 821 549 852 modo
566 821 650 852 cadit
663 822 698 852 in
721 821 1037 861 comprehensorem.
1061 818 1126 850 Sed
1140 819 1175 849 in
1193 818 1326 849 homine
1341 818 1406 847 via-

340 871 411 897 tore
434 871 482 896 est
503 866 642 896 maxime
664 864 874 905 vituperabile
897 863 987 905 quod
1002 863 1161 895 reficiatur
1177 862 1312 893 aliorum
1327 871 1407 902 poe-

340 910 406 946 nis;
431 915 463 940 et
484 909 623 940 maxime
647 908 905 940 commendabile
928 914 965 939 ut
987 908 1027 939 de
1049 908 1164 948 poenis
1187 907 1303 938 doleat.
1320 906 1406 946 Ergo

340 954 425 985 beau*
447 953 539 984 nullo
561 952 664 984 modo
686 953 844 984 laetantur
866 952 906 983 de
928 953 1044 993 poenis
1067 951 1302 983 damnatorum.

396 997 459 1028 San
484 1007 608 1028 coum
631 1007 686 1028 nsi·
709 997 800 1038 quod
822 998 856 1028 in
878 997 1006 1028 Psalmo
1022 998 1039 1014 ⁴*
1063 996 1194 1028 dicitur:
1219 995 1408 1027 Laetabitur

341 1042 445 1073 iustus
467 1051 540 1072 cum
563 1041 681 1073 viderit
702 1041 887 1073 vindictam.

398 1088 428 1116 2.
451 1086 648 1123 PmrmA,
666 1086 763 1117 Isaiae
778 1086 835 1117 ult.
852 1087 886 1116 “:
910 1085 1021 1116 Erunt
1042 1094 1142 1126 usque
1164 1085 1207 1115 ad
1229 1085 1408 1116 satietatem

341 1130 476 1162 visionis
500 1131 589 1161 omni
617 1131 721 1161 carni.
753 1130 885 1162 Satietas
915 1135 1023 1161 autem
1052 1129 1262 1160 refectionem
1292 1129 1409 1160 mentis

342 1174 495 1216 designat.
519 1175 606 1215 Ergo
629 1175 714 1206 beati
736 1174 922 1215 gaudebunt
946 1174 985 1205 de
1008 1175 1122 1214 poenis
1145 1174 1330 1214 impiorum.

395 1219 586 1250 Rnsronnno
614 1229 774 1250 υιοιιιωυιι
799 1218 890 1259 quod
914 1218 1035 1259 aliquid
1057 1223 1164 1259 potest
1187 1227 1256 1248 esse
1277 1218 1410 1248 materia

341 1262 652 1304 gaudiislupliciter.
677 1264 752 1295 Uno
775 1263 887 1299 modo,
911 1273 969 1303 per
992 1273 1041 1293 se:
1068 1261 1198 1303 quando
1222 1262 1342 1292 scilicet
1370 1261 1409 1292 de

342 1307 452 1348 aliquo
476 1307 633 1348 gaudetur
654 1308 848 1348 inquantum
871 1306 1068 1338 huiusmodi.
1092 1307 1135 1337 Et
1156 1307 1202 1336 sic
1225 1306 1326 1336 sancti
1340 1314 1408 1336 non

341 1352 545 1383 laetabuntur
567 1351 607 1383 de
629 1353 745 1392 poenis
767 1352 953 1392 impiorum.
977 1370 1000 1374 -
1022 1351 1097 1381 Alio
1120 1350 1232 1387 modo,
1249 1359 1306 1390 per
1328 1350 1411 1380 acci-

343 1395 441 1432 dens,
454 1395 536 1427 idest
558 1397 683 1427 ratione
705 1397 840 1427 alicuius
863 1395 1013 1427 adiuncti.
1038 1395 1079 1426 Et
1101 1395 1166 1425 hoc
1188 1394 1290 1425 modo
1310 1394 1411 1424 sancti

343 1439 384 1472 de
405 1441 521 1481 poenis
543 1441 720 1481 impiorum
741 1439 937 1480 gaudebunt,
962 1438 1194 1470 considerando
1210 1439 1244 1469 in
1261 1439 1305 1469 eis
1325 1437 1411 1469 ordi-

342 1494 420 1516 nem
443 1484 570 1516 divinae
591 1485 730 1516 iustitiae
754 1490 786 1515 et
808 1494 900 1515 suam
922 1484 1159 1519 liberationem,
1184 1483 1224 1514 de
1248 1492 1312 1523 qua
1333 1492 1411 1523 gau—

343 1528 476 1560 debunt.
500 1529 542 1560 Et
564 1530 610 1560 sic
632 1528 740 1560 divina
761 1529 880 1559 iustitia
904 1533 935 1558 et
958 1538 1016 1558 sua
1033 1527 1180 1558 liberatio
1197 1532 1290 1558 erunt
1305 1535 1362 1567 per
1377 1536 1412 1557 se

344 1582 441 1604 causa
462 1572 571 1614 gaudii
593 1573 772 1609 beatorum,
797 1572 853 1603 sed
875 1581 1011 1612 poenae·
1025 1571 1251 1602 damnatorum
1274 1580 1332 1612 per
1359 1580 1412 1601 ac-

343 1617 464 1648 cidens.
662 1630 666 1632 ι

399 1661 451 1692 Αι)
473 1671 592 1692 rammi
614 1670 698 1691 anuo
722 1670 884 1691 mmmm
906 1659 996 1700 quod
1019 1660 1127 1690 laetari
1155 1659 1195 1690 de
1224 1659 1311 1690 malo
1335 1659 1412 1689 alte—

343 1706 409 1736 rius
431 1706 625 1745 inquantum
647 1704 852 1740 huiusmodi‚
876 1705 1014 1744 pertinet
1041 1703 1081 1734 ad
1111 1703 1240 1734 odium:
1265 1713 1334 1733 non
1356 1713 1412 1733 au-

343 1754 410 1781 tem
427 1749 536 1780 laetari
559 1748 600 1780 de
622 1749 709 1779 malo
733 1749 861 1779 alterius
884 1749 1007 1779 ratione
1030 1748 1165 1778 alicuius
1184 1747 1336 1778 adiuncti.
1361 1747 1413 1778 Sic

344 1799 453 1825 autem
476 1794 591 1834 aliquis
613 1793 653 1824 de
676 1793 763 1824 malo
786 1793 919 1834 proprio
943 1792 1140 1832 quandoque
1156 1792 1306 1822 laetatur:
1331 1792 1414 1822 sicut

344 1847 421 1869 cum
437 1838 510 1878 quis
524 1837 643 1878 gaudet
657 1837 698 1868 de
718 1838 855 1878 propriis
879 1836 1104 1867 afflictionibus
1127 1836 1308 1867 secundum
1324 1835 1413 1876 quod

344 1887 482 1923 prosunt
497 1882 526 1913 ei
541 1882 582 1913 ad
595 1882 747 1913 meritum
769 1883 869 1918 vitae;
895 1881 955 1912 Iac.
973 1892 983 1911 1
999 1882 1026 1917 ὓ,
1050 1881 1152 1912 Omne
1169 1881 1328 1922 gaudium
1344 1880 1413 1911 exi-

1457 252 1552 283 ctum,
1577 252 1637 277 etc.
1661 247 1747 287 Ergo
1771 247 1957 277 huiusmodi
1981 248 2066 278 dona
2089 258 2172 289 quae
2195 249 2294 279 beatis
2310 248 2435 284 dantur,
2450 257 2518 278 non

1457 296 1532 322 sunt
1554 290 1645 322 dotes
1668 290 1886 331 appellandae.

1514 335 1544 366 3.
1567 335 1764 371 Pnumna,
1788 335 1823 364 in
1845 335 2052 365 matrimonio
2076 335 2190 366 dantur
2213 336 2304 366 dotes
2327 336 2366 366 ad
2395 335 2519 366 facilius

1425 390 1434 410 ς
1457 378 1623 410 toleranda
1638 388 1737 410 onera
1751 379 1947 409 matrimonii
1963 379 1989 408 *.
2014 378 2076 409 Sed
2092 380 2125 409 in
2140 381 2345 410 matrimonio
2366 380 2520 420 spirituali

1457 433 1526 454 non
1549 429 1624 454 sunt
1647 423 1752 464 aliqua
1776 432 1893 453 onera:
1917 423 2055 452 maxime
2079 424 2257 454 secundum
2276 430 2393 454 statum
2408 424 2520 454 Eccle-

1459 468 1523 498 siae
1546 468 1781 508 niumphantis.
1805 467 1892 507 Ergo
1915 476 1983 497 non
2007 472 2081 496 sunt
2103 468 2147 497 ibi
2170 468 2295 508 aliquae
2327 468 2417 499 dotes
2447 469 2520 498 assi-

1459 511 1615 552 gnandae.

1514 565 1545 594 4.
1562 555 1758 591 Parin-mm,
1775 555 1867 586 dotes
1886 563 1955 585 non
1971 554 2086 585 dantur
2100 555 2161 585 nisi
2177 565 2270 586 causa
2288 557 2483 586 matrimonii
2493 557 2520 585 *.

1421 609 1446 623 ιο
1460 598 1523 630 Sed
1546 600 1788 630 matrimonium
1811 598 1973 640 spirituale
1997 599 2194 629 contrahitur
2217 609 2292 630 cum
2316 599 2443 630 Christo
2466 609 2523 640 per

1459 642 1558 673 fidem
1575 643 1754 674 secundum
1769 649 1886 674 statum
1902 643 2064 673 Ecclesiae
2079 643 2242 673 militantis
2252 645 2278 674 ’ἱ
2298 643 2395 683 Ergo,
2412 643 2523 674 eadem

1459 687 1602 723 ratione,
1626 688 1653 717 si
1682 687 1782 717 beatis
1810 688 1935 727 aliquae
1963 686 2054 717 dotes
2085 688 2300 724 conveniunt,
2334 688 2525 718 convenient

1461 731 1557 761 etiam
1580 731 1695 761 sanctis
1711 732 1918 762 existentibus
1933 731 1967 761 in
1982 731 2043 761 via.
2068 730 2131 762 Sed
2146 732 2212 761 istis
2227 741 2295 762 non
2317 732 2523 762 conveniunt.

1460 775 1547 814 Ergo
1570 784 1632 805 nec
1655 775 1764 806 beatis.

1518 819 1548 849 5.
1571 819 1769 856 Pnanraassa,
1793 819 1885 850 dotes
1908 818 1949 850 ad
1971 819 2057 850 bona
2080 820 2234 850 exteriora
2256 821 2426 860 pertinent,
2443 829 2526 860 quae

1462 861 1612 894 dicuntur
1635 864 1721 894 bona
1744 863 1902 895 fortunae.
1927 863 1991 894 Sed
2013 865 2155 904 praemia
2177 864 2346 895 beatorum
2370 869 2464 895 erunt
2487 863 2526 894 de

1461 907 1665 938 interioribus
1688 909 1792 939 bonis.
1816 908 1903 948 Ergo
1926 917 1994 938 non
2018 907 2136 938 debent
2159 907 2250 938 dotes
2272 909 2444 939 nominari.

1518 951 1580 982 San
1605 962 1738 988 comm,
1754 952 1870 993 Ephes.
1886 962 1908 983 v
1923 953 1940 969 ⁴*
1963 952 2095 983 dicitur:
2120 952 2366 983 Sacramentum
2381 953 2443 983 hoc
2458 961 2526 983 ma-

1461 1005 1564 1037 gnum
1588 1001 1653 1027 est:
1675 996 1747 1027 dico
1771 1001 1877 1027 autem
1902 997 1935 1026 in
1955 997 2084 1027 Christo
2101 1002 2132 1027 et
2145 997 2313 1028 Ecclesia:
2336 998 2374 1028 ex
2390 1006 2456 1038 quo
2472 997 2527 1027 ha-

1424 1053 1450 1067 ιο
1462 1041 1556 1071 betur
1579 1041 1669 1081 quod
1692 1041 1854 1081 spirituale
1877 1041 2119 1071 matrimonium
2141 1051 2200 1082 per
2223 1041 2346 1072 carnale
2369 1040 2527 1082 significa-

1462 1090 1524 1115 tur.
1549 1084 1612 1116 Sed
1634 1086 1668 1116 in
1692 1086 1810 1116 carnali
1832 1086 2038 1116 matrimonio
2069 1095 2187 1125 sponsa
2218 1085 2325 1117 dotata
2353 1085 2528 1116 traducitur

1463 1130 1496 1159 in
1520 1129 1656 1160 domum
1680 1131 1800 1170 sponsi.
1830 1130 1934 1170 Ergo,
1959 1139 2035 1160 cum
2058 1131 2157 1160 sancti
2187 1130 2221 1160 in
2251 1130 2387 1160 domum
2411 1129 2528 1160 Christi

1463 1173 1669 1204 traducantur
1692 1183 1767 1205 cum
1790 1173 2020 1210 beatificantur,
2044 1173 2169 1204 videtur
2185 1174 2274 1214 quod
2290 1174 2450 1214 aliquibus
2471 1173 2528 1204 do-

1463 1218 1550 1248 tibus
1573 1218 1734 1248 dotentur.

1521 1271 1550 1292 2.
1567 1262 1764 1299 Primi-nana,
1777 1262 1869 1293 dotes
1884 1263 1916 1292 in
1933 1262 2140 1293 matrimonio
2158 1263 2317 1303 corporali
2332 1263 2530 1303 assignantur

1464 1305 1504 1336 ad
1527 1307 1723 1337 matrimonii
1747 1307 1897 1337 solatium
1912 1308 1939 1336 *ἦ
1964 1306 2026 1337 Sed
2041 1307 2283 1337 matrimonium
2299 1307 2460 1347 spirituale
2483 1311 2529 1336 est

1465 1349 1683 1381 delectabilius
1707 1360 1804 1391 quam
1829 1349 2007 1391 corporale.
2031 1351 2117 1390 Ergo
2141 1351 2171 1381 ei
2194 1356 2269 1381 sunt
2284 1351 2375 1382 dotes
2390 1351 2528 1382 maxime

1465 1394 1681 1435 assignandae.

1522 1439 1552 1469 3.
1576 1439 1774 1476 Palmam,
1799 1444 1986 1469 ornamenta
2009 1448 2200 1479 sponsarum
2224 1439 2264 1470 ad
2294 1438 2403 1469 dotem
2433 1439 2530 1479 perti-

1427 1493 1452 1513 ιο
1465 1488 1553 1513 nent.
1583 1483 1646 1514 Sed
1670 1484 1770 1514 sancti
1793 1483 1896 1513 ornati
1919 1484 1952 1513 in
1975 1484 2109 1523 gloriam
2132 1483 2397 1514 introducuntur:
2421 1488 2458 1513 ut
2484 1483 2530 1514 di-

1466 1528 1548 1558 citur
1571 1527 1640 1557 lsai.
1660 1537 1711 1557 Lxx
1727 1529 1760 1557 *:
1786 1527 1897 1558 Induit
1925 1537 1975 1558 me
2005 1528 2199 1558 vestimentis
2221 1528 2352 1564 salutis,
2377 1533 2409 1558 et
2437 1528 2530 1568 quasi

1466 1577 1793 1646 Ξροηεαζιὺονηαῑανη
1817 1571 1991 1602 monilibus
2013 1572 2090 1602 suis.
2121 1572 2207 1612 Ergo
2237 1573 2337 1602 sancti
2367 1573 2401 1602 in
2431 1573 2531 1612 patria

1489 1621 1558 1646 otes
1605 1626 1623 1645 a
1647 1622 1709 1646 ent.

1522 1660 1712 1690 Rnsponnno
1736 1670 1896 1690 mensumn
1912 1660 2001 1700 quod
2017 1660 2138 1700 absque
2154 1659 2253 1691 dubio
2269 1661 2378 1696 beatis,
2400 1659 2530 1700 quando

1428 1713 1451 1734 ις
1467 1705 1501 1734 in
1523 1704 1659 1744 gloriam
1681 1704 1922 1740 transferuntur,
1947 1704 2053 1743 aliqua
2076 1704 2162 1734 dona
2185 1704 2335 1734 divinitus
2359 1704 2472 1734 dantur
2493 1704 2531 1734 ad

1468 1757 1582 1778 eorum
1606 1754 1772 1778 ornatum:
1798 1754 1829 1778 et
1851 1749 1884 1778 hi
1908 1754 2039 1778 ornatus
2063 1758 2081 1778 a
2104 1748 2261 1788 Magistris
2276 1748 2367 1779 dotes
2382 1754 2457 1778 sunt
2471 1757 2531 1778 no-

1467 1793 1590 1823 minati.
1623 1792 1718 1823 Unde
1749 1791 1841 1823 datur
1871 1792 2029 1832 quaedam
2059 1791 2204 1823 definitio
2232 1792 2272 1822 de
2300 1792 2375 1823 dote
2405 1792 2445 1823 de
2469 1801 2532 1832 qua

1467 1846 1556 1867 nunc
1578 1837 1754 1876 loquimur,
1778 1837 1864 1867 talis:
1888 1837 1959 1867 Dos
1982 1842 2030 1867 est
2045 1842 2223 1877 perpetuus
2246 1842 2382 1867 ornatus
2404 1837 2533 1867 animae

1468 1886 1499 1911 et
1521 1881 1680 1921 corporis,
1698 1881 1783 1911 vitae
1800 1881 1976 1922 sufficiens,
1993 1882 2025 1911 in
2047 1886 2179 1912 aeterna
2195 1881 2390 1912 beatitudine
2412 1882 2534 1922 iugiter

343 1927 482 1963 stimate,
492 1927 624 1968 fratres
646 1926 718 1962 mei,
735 1936 808 1956 cum
827 1926 860 1956 in
881 1926 1074 1956 tentationes
1090 1925 1200 1955 varias
1224 1925 1412 1956 incideritis.
1427 1934 1455 1954 40
1466 1935 1688 1966 perseverans.
1712 1925 1754 1955 Et
1776 1926 1913 1955 sumitur
1934 1926 2014 1956 haec
2038 1925 2208 1965 descriptio
2233 1925 2271 1956 ad
2292 1925 2532 1956 similitudinem

399 1971 451 2002 An
467 1980 631 2002 sxcunmnr
653 1980 814 2001 DICENDUM
830 1970 929 2011 quod,
954 1971 1101 2010 quamvis
1125 1970 1213 2000 Deus
1235 1979 1303 2000 non
1328 1968 1414 1999 dele-

345 2020 449 2046 ctetur
470 2016 504 2046 in
527 2016 642 2056 poenis
664 2016 858 2055 inquantum
881 2013 1079 2050 huiusmodi,
1103 2013 1278 2044 delectatur
1305 2018 1413 2044 tamen

345 2060 392 2091 eis
413 2060 609 2100 inquantum
632 2065 707 2090 sunt
728 2069 786 2099 per
808 2068 900 2089 suam
922 2059 1075 2089 iustitiam
1098 2058 1271 2089 ordinatae.

400 2104 452 2134 An
475 2114 612 2134 ‘runi-mn
634 2113 796 2134 mermmm
819 2103 909 2143 quod
931 2104 965 2133 in
987 2103 1109 2133 viatore
1131 2112 1200 2133 non
1231 2108 1278 2133 est
1304 2101 1413 2133 lauda-

346 2148 410 2179 bile
433 2147 525 2188 quod
548 2147 723 2178 delectetur
746 2147 787 2178 de
809 2148 947 2178 aliorum
970 2148 1084 2188 poenis
1099 2146 1280 2177 secundum
1295 2156 1345 2177 se:
1367 2152 1414 2177 est
1427 2159 1452 2180 ⁴5

346 2197 455 2223 tamen
469 2191 629 2223 laudabile
644 2193 670 2222 si
686 2191 861 2223 delectetur
884 2191 923 2222 de
939 2192 984 2222 eis
1007 2192 1200 2231 inquantum
1217 2192 1336 2222 habent
1357 2191 1412 2221 ali-

347 2236 427 2277 quid
449 2246 620 2267 annexum.
644 2254 668 2259 —
690 2236 816 2267 Tamen
838 2236 899 2267 alia
921 2236 1001 2266 ratio
1019 2241 1066 2266 est
1081 2236 1121 2266 de
1135 2236 1257 2266 viatore
1272 2241 1304 2266 et
1324 2245 1414 2266 cotn-

346 2281 552 2321 prehensore.
583 2280 670 2319 Quia
697 2281 732 2311 in
761 2281 882 2311 viatore
912 2280 1077 2321 passiones
1104 2279 1289 2320 frequenter
1311 2280 1414 2311 insur-

347 2330 428 2365 gunt
450 2325 519 2366 siqe
541 2324 662 2356 iudicio
685 2325 826 2356 rationis.
850 2325 892 2355 Et
914 2330 1022 2355 tamen
1037 2325 1115 2355 tales
1130 2326 1295 2365 passiones
1318 2325 1414 2355 inter-

1469 1969 1552 2000 dotis
1575 1970 1760 2009 corporalis,
1783 1979 1842 2010 per
1865 1979 1963 2009 quam
1986 1979 2104 2010 sponsa
2126 1975 2257 2000 ornatur
2287 1975 2318 2000 et
2346 1969 2533 2010 providetur

1467 2015 1537 2044 viro
1561 2013 1648 2044 unde
1671 2014 1772 2054 possit
1794 2013 1988 2044 sufficienter
2011 2023 2162 2054 sponsam
2193 2019 2224 2044 et
2255 2014 2372 2044 liberos
2401 2015 2531 2050 nutrire,

1469 2063 1500 2088 et
1522 2063 1630 2088 tamen
1653 2058 1899 2088 inamissibiliter
1928 2058 1986 2089 dos
2016 2068 2153 2098 sponsae
2183 2064 2406 2095 conservatur,
2430 2064 2466 2089 ut
2493 2058 2532 2089 ad

1469 2112 1539 2133 eam
1563 2107 1708 2142 separato
1731 2103 1938 2133 matrimonio
1962 2108 2144 2133 revertatur.

1523 2146 1587 2177 Sed
1610 2146 1650 2177 de
1674 2147 1796 2177 ratione
1819 2147 1960 2177 nominis
1984 2147 2098 2177 diversi
2113 2146 2326 2177 diversimode
2349 2148 2531 2187 opinantur.

1468 2191 1610 2229 Quidam
1634 2191 1720 2221 enim
1744 2191 1855 2221 dicunt
1878 2191 1968 2231 quod
1991 2191 2050 2221 dos
2079 2201 2146 2221 non
2177 2191 2332 2232 accipitur
2361 2201 2398 2222 ex
2427 2191 2533 2231 aliqua

1468 2235 1676 2266 similitudine
1708 2235 1748 2265 ad
1778 2236 2020 2266 matrimonium
2050 2236 2235 2275 corporale;
2269 2235 2325 2266 sed
2354 2235 2532 2267 secundum

1468 2279 1605 2310 modum
1629 2279 1785 2319 loquendi
1804 2289 1871 2320 quo
1896 2289 2027 2310 omnem
2050 2279 2283 2320 perfectionem
2306 2289 2363 2310 seu
2384 2286 2532 2311 ornatum

1469 2325 1705 2364 cuiuscumque
1727 2325 1868 2354 hominis
1888 2324 1993 2355 dotem
2009 2325 2234 2361 nominamus;
2259 2325 2341 2355 sicut
2355 2325 2469 2364 aliquis
2486 2324 2532 2355 di-

347 2368 428 2400 dum
442 2375 518 2400 simt
531 2369 716 2406 laudabiles,
733 2368 912 2400 secundum
928 2369 1018 2410 quod
1033 2369 1154 2399 bonam
1169 2369 1414 2409 dispositionem
1430 2383 1456 2403 ςο
1469 2369 1551 2399 citur
1574 2378 1643 2399 esse
1665 2368 1796 2399 dotatus
1818 2369 1952 2399 scientia
1975 2369 2031 2408 qui
2055 2369 2185 2399 scientia
2200 2369 2310 2409 pollet.
2335 2369 2376 2399 Et
2395 2370 2439 2399 sic
2456 2369 2533 2399 Ovi-

347 2414 465 2445 mentis
491 2413 650 2444 indicant:
681 2414 764 2444 sicut
786 2419 873 2454 patet
896 2413 936 2444 de
957 2413 1150 2444 verecundia
1181 2419 1212 2444 et
1234 2414 1414 2444 misericor-

349 2457 401 2489 dia
424 2463 456 2488 et
477 2459 675 2499 poenitentia
694 2458 735 2489 de
757 2458 854 2489 malo.
879 2457 942 2489 Sed
957 2458 991 2488 in
1008 2459 1331 2498 comprehensoribus
1346 2467 1414 2489 non

348 2507 456 2543 potest
478 2511 546 2533 esse
568 2503 675 2543 passio
698 2503 758 2533 nisi
783 2512 986 2543 consequens
1008 2501 1165 2533 iudicium
1187 2503 1328 2533 rationis

483 2566 737 2611 QUAEsrro
761 2566 1279 2610 NONAGnsmAQUmTA

664 2620 710 2645 DE
730 2619 882 2647 DOTIBUS
901 2619 1096 2646 BEATORUM

412 2688 506 2709 amon
530 2677 799 2709 considerandum
822 2683 870 2708 est
892 2677 932 2708 de
955 2677 1084 2708 dotibus
1108 2678 1276 2709 beatorum
1292 2679 1318 2708 *.

353 2689 506 2754 DCirca
530 2722 620 2763 quod
643 2727 841 2763 quaeruntur
864 2723 1019 2762 quinque.

404 2767 529 2798 Primo:
554 2772 663 2797 utrum
686 2767 785 2797 beatis
808 2767 871 2797 sint
893 2765 1100 2806 assignandae
1124 2767 1249 2807 aliquae
1268 2766 1370 2797 dotes.

405 2811 573 2843 Secundo:
598 2816 707 2842 utrum
730 2810 790 2841 dos
813 2820 831 2841 a
853 2810 1050 2841 beatitudine
1073 2810 1204 2842 differat.

405 2856 535 2886 Tertio:
559 2861 668 2886 utrum
692 2855 821 2886 Christo
845 2855 942 2885 insint
965 2854 1067 2885 dotes.

405 2900 548 2939 Quarto:
572 2905 682 2930 utrum
705 2899 834 2940 angelis.

405 2944 547 2983 Quinto:
572 2950 682 2975 utrum
705 2945 935 2974 convenienter
957 2944 1158 2984 assignentur
1180 2943 1282 2974 dotes.

467 3010 567 3041 ART.
585 3010 608 3041 1.
633 3020 738 3041 urium
761 3020 927 3040 rommnan
950 3019 1018 3040 smr
1041 3019 1178 3040 armum
1201 3019 1301 3040 nores

707 3065 739 3084 m
762 3064 931 3085 nominans
954 3064 1060 3084 naurs

354 3129 438 3193 Ab
460 3130 579 3152 mmm
601 3131 647 3152 src
670 3131 875 3152 moerorum.
906 3120 1042 3151 Videtur
1069 3119 1160 3160 quod
1178 3129 1247 3150 non
1267 3121 1330 3151 sint
1356 3130 1416 3160 po-

417 3164 542 3196 nendae
563 3165 690 3206 aliquae
713 3165 804 3196 dotes
826 3166 859 3196 in
879 3165 1065 3195 hominibus
1086 3165 1195 3195 beatis.
1220 3165 1289 3195 Dos
1313 3165 1415 3201 enim,

319 3224 325 3234 ·
352 3207 533 3239 secundum
553 3209 623 3240 iura
638 3210 665 3246 “,
689 3209 781 3240 datur
804 3219 925 3251 sponso
949 3208 989 3239 ad
1012 3208 1196 3239 sustinenda
1220 3218 1319 3239 onera
1349 3219 1417 3239 ma-

1469 2413 1540 2444 dius
1563 2423 1640 2443 usus
1664 2418 1711 2443 est
1726 2413 1859 2443 nomine
1879 2413 1973 2449 dotis,
1991 2412 2100 2443 dicens
2115 2414 2147 2443 *ε
2171 2413 2215 2443 Et
2229 2422 2429 2454 quacumque
2439 2418 2533 2454 potes

1469 2458 1544 2488 dote
1560 2458 1704 2498 placere,
1723 2458 1829 2497 place.

1525 2502 1588 2532 Sed
1610 2501 1696 2532 istud
1718 2511 1786 2532 non
1809 2501 1934 2532 videtur
1956 2511 2191 2542 usquequaque
2215 2503 2421 2532 conveniens.
2449 2502 2535 2540 Quia

1469 2546 1743 2587 quandocumque
1767 2545 1899 2586 aliquod
1921 2555 2043 2576 nomen
2067 2551 2114 2576 est
2135 2547 2324 2586 impositum
2348 2546 2387 2576 ad
2415 2546 2535 2587 aliquid

1431 2604 1454 2624 55
1469 2591 1686 2633 principaliter
1709 2589 1965 2630 significandum,
1989 2600 2057 2621 non
2081 2591 2248 2621 consuevit
2277 2590 2317 2621 ad
2349 2591 2408 2621 alia
2435 2596 2535 2621 trans-

1470 2635 1543 2665 ferri
1566 2635 1627 2665 nisi
1657 2634 1837 2665 secundum
1867 2635 2006 2674 aliquam
2037 2634 2288 2665 similitudinem.
2322 2634 2434 2671 Unde,
2460 2645 2534 2665 cum

1469 2679 1650 2710 secundum
1673 2679 1811 2719 primam
1840 2679 2074 2709 institutionem
2103 2679 2244 2709 nominis
2275 2679 2335 2709 dos
2366 2679 2406 2709 ad
2428 2680 2535 2709 matri-

1470 2724 1620 2754 monium
1643 2723 1768 2753 carnale
1791 2724 1966 2763 pertineat,
1991 2728 2120 2763 oportet
2142 2723 2231 2763 quod
2254 2723 2288 2753 in
2311 2723 2453 2763 qualibet
2475 2724 2535 2754 alia

1470 2768 1657 2808 acceptione
1681 2766 1859 2798 attendatur
1882 2768 1988 2807 aliqua
2015 2766 2190 2798 similitudo
2221 2766 2261 2797 ad
2290 2767 2464 2807 principale
2494 2768 2535 2798 si-

1515 2812 1522 2819 ·
1550 2817 1667 2842 catum.

1469 2811 1567 2886 gmgt
1589 2855 1663 2886 ideo
1688 2856 1740 2886 alii
1763 2855 1874 2886 dicunt
1896 2855 1986 2896 quod
2008 2855 2187 2885 secundum
2210 2855 2274 2885 hoc
2297 2855 2472 2885 similitudo
2489 2861 2535 2885 at-

1470 2900 1620 2936 tenditur,
1645 2899 1734 2940 quod
1757 2899 1816 2930 dos
1838 2900 1968 2940 proprie
1991 2899 2106 2929 dicitur
2128 2899 2251 2930 donum
2275 2899 2364 2939 quod
2379 2900 2411 2929 in
2428 2900 2535 2930 matri-

1470 2945 1584 2975 monio
1609 2943 1770 2984 corporali
1792 2943 1884 2974 datur
1906 2953 2043 2984 sponsae
2074 2953 2111 2973 ex
2143 2948 2232 2983 parte
2255 2944 2379 2984 sponsi,
2404 2943 2534 2983 quando

1470 2988 1645 3019 traducitur
1668 2989 1702 3018 in
1725 2987 1861 3018 domum
1884 2988 2004 3028 sponsi,
2028 2987 2068 3018 ad
2091 2993 2240 3018 omatum
2270 2997 2408 3028 sponsae
2439 2988 2535 3028 perti-

1430 3039 1455 3064 65
1470 3042 1567 3063 nens:
1592 3032 1682 3073 quod
1705 3037 1792 3072 patet
1815 3042 1853 3062 ex
1876 3032 1939 3062 hoc
1956 3031 2046 3072 quod
2061 3031 2139 3062 dixit
2154 3031 2282 3063 Sichem
2298 3032 2393 3062 Iacob
2410 3037 2441 3062 et
2462 3031 2535 3062 filiis

1472 3078 1550 3113 eius,
1577 3077 1690 3107 Genes.
1707 3086 1801 3106 xxx1v
1817 3077 1849 3106 *2
1874 3077 1999 3117 Augete
2021 3076 2127 3106 dotem
2151 3081 2182 3106 et
2195 3086 2331 3107 munera
2348 3077 2536 3116 postulate;

1472 3127 1503 3152 et
1525 3120 1633 3151 Exod.
1649 3131 1714 3151 xxn
1729 3122 1762 3150 *ε
1786 3120 1822 3150 Si
1843 3120 2009 3151 seduxerit
2029 3120 2100 3160 quis
2122 3120 2283 3161 virginem
2306 3121 2536 3161 dormieritque

1472 3175 1544 3196 cum
1567 3175 1616 3201 ea,
1641 3165 1764 3196 dotabit
1786 3174 1856 3195 eam
1879 3169 1911 3195 et
1933 3165 2068 3205 accipiet
2086 3174 2157 3194 eam
2173 3165 2206 3195 in
2224 3175 2370 3195 uxorem.
2395 3164 2489 3195 Unde
2505 3170 2536 3195 et

1472 3214 1603 3240 ornatus
1619 3210 1675 3250 qui
1691 3219 1708 3239 a
1726 3208 1854 3239 Christo
1869 3210 1984 3239 sanctis
2001 3209 2165 3239 exhibetur
2180 3208 2311 3249 quando
2327 3208 2537 3239 traducuntur

353 3252 505 3283 trimonii.
529 3252 593 3284 Sed
614 3254 715 3284 sanen·
737 3263 806 3285 non
828 3259 943 3294 gerunt
957 3253 1093 3294 figuram
1109 3254 1229 3293 sponsi,
1246 3253 1302 3284 sed
1317 3254 1418 3293 magis
1431 3265 1458 3285 70
1472 3254 1504 3284 in
1529 3253 1665 3284 domum
1688 3253 1818 3293 gloriae,
1842 3253 1901 3283 dos
1923 3254 2117 3283 nominatur.

353 3295 489 3336 figuram
521 3305 677 3336 sponsae,
705 3298 899 3340 inquantum
931 3304 1006 3328 sunt
1037 3298 1199 3328 Ecclesiae
1229 3298 1374 3328 membra
1389 3299 1416 3328 *.

113 3343 124 3352 “
175 3340 241 3368 ὢν,
255 3339 328 3367 ¹¹:0¹²
354 3340 440 3379 Ergo
465 3340 510 3370 eis
533 3339 624 3371 dotes
646 3350 715 3372 non
737 3341 861 3373 dantur.

113 3367 183 3442 ἵει
198 3366 327 3448 aaa

114 3452 148 3474 ιιι,
159 3446 189 3469 de
197 3446 253 3468 Iure
261 3436 298 3468 D’o
309 3435 326 3474 „⁸

112 3478 133 3502 ⁵·

1529 3297 1592 3328 Sed
1614 3299 1678 3328 hoc
1701 3297 1869 3327 manifeste
1893 3302 1939 3328 est
1963 3303 2073 3328 conua
2096 3296 2128 3327 id
2151 3296 2241 3337 quod
2264 3298 2391 3328 iuristae
2415 3297 2535 3333 dicunt,

1473 3341 1512 3372 ad
1535 3351 1618 3382 quos
1641 3342 1779 3382 pertinet
1802 3341 1841 3372 de
1864 3342 1913 3372 his
1935 3347 2077 3372 tractare.
2110 3341 2231 3371 Dicunt
2254 3342 2341 3372 enim
2364 3341 2454 3382 quod
2477 3341 2536 3371 dos

2547 390 2557 400 ·
2572 388 2608 410 Cf.
2623 394 2670 415 arg.
2686 395 2705 411 ι.

2550 564 2559 573 ·
2574 562 2626 589 Dig.
2639 561 2763 588 XXlll,nr,

2550 588 2579 609 de
2592 588 2648 610 Iure
2662 588 2725 614 Dot.,
2739 594 2759 616 3.

2552 654 2560 663 ·
2582 651 2618 674 Cf.
2646 657 2693 678 arg.
2715 650 2763 672 Sea

2551 680 2633 699 contra
2650 685 2669 700 r.

2554 960 2565 970 ·
2580 958 2646 981 Vers.
2661 964 2695 987 3²-

2556 1313 2566 1323 ·
2581 1311 2618 1334 Cf.
2633 1317 2679 1338 arg.
2697 1318 2715 1333 ι.

2559 1532 2567 1541 ·
2583 1530 2650 1552 Vers.
2668 1535 2702 1551 ro.

2561 2418 2570 2428 ·
2591 2417 2636 2438 Art
2666 2416 2772 2437 Amator.

2561 2443 2602 2465 lib.
2617 2443 2706 2471 1,·vers.
2722 2443 2772 2470 596.

2563 3080 2573 3090 ·
2588 3078 2654 3099 Vers.
2670 3083 2702 3099 ιι.

2563 3124 2572 3133 ·
2588 3121 2655 3143 Vers.
2673 3121 2707 3143 26.

411 3393 440 3414 2.
464 3383 666 3421 Panum,
690 3385 782 3416 dotes
803 3396 870 3417 non
899 3386 1029 3423 dantur,
1054 3386 1234 3417 secundum
1261 3387 1330 3417 iura
1345 3387 1375 3422 ”,
1400 3396 1418 3416 a
1471 3387 1601 3427 proprie
1625 3391 1672 3416 est
1694 3385 1851 3426 quaedam
1871 3386 1959 3416 datio
1983 3396 2025 3416 ex
2041 3391 2139 3426 parte
2161 3386 2306 3416 mulieris
2328 3386 2377 3417 his
2392 3386 2447 3427 qui
2462 3391 2538 3416 sunt
2565 3399 2636 3421 ·s,R.
2653 3398 2775 3420 msumm.

353 3432 443 3468 patre
458 3428 579 3467 sponsi,
594 3428 651 3459 sed
666 3438 684 3459 a
699 3435 787 3469 patre
802 3440 950 3471 sponsae.
974 3431 1093 3462 Omnia
1115 3436 1224 3461 autem
1243 3430 1329 3461 dona
1344 3431 1417 3461 bea-

1472 3440 1514 3461 ex
1536 3435 1634 3471 parte
1656 3430 1719 3460 viri
1732 3430 1830 3472 facta
1854 3440 1920 3471 pro
1945 3440 2044 3461 onere
2067 3430 2266 3460 matrimonii
2288 3430 2375 3471 quod
2403 3430 2538 3461 sustinet

2564 3426 2604 3447 lib.
2619 3426 2629 3446 1
2655 3442 2661 3451 ,
2672 3425 2706 3447 tit.
2722 3431 2775 3451 xxv,

2564 3453 2600 3474 De
2613 3452 2675 3473 Dote
2689 3453 2713 3472 et
2725 3451 2777 3473 Do-

354 3470 498 3502 titudinis
527 3470 642 3503 dantur
670 3473 770 3504 beatis
800 3483 818 3504 a
848 3474 940 3506 Patre
970 3475 1104 3516 Sponsi,
1129 3475 1249 3506 scilicet
1277 3474 1416 3506 Christi:
1432 3485 1456 3506 75
1472 3475 1524 3506 vir
1539 3476 1565 3505 ’ἦ
1590 3474 1653 3506 Sed
1668 3474 1748 3505 illud
1763 3474 1852 3515 quod
1869 3484 2006 3515 sponsus
2023 3474 2076 3505 dat
2091 3484 2238 3515 sponsae,
2254 3480 2387 3505 vocatur
2402 3474 2535 3505 donatio
2563 3481 2612 3500 nat·
2628 3482 2680 3505 etc„
2696 3479 2704 3504 5
2721 3485 2740 3500 ¹·
