2878 4088
83 1911 215 1938 sensere,
240 1928 243 1931 ,

74 2219 290 2270 aaa:

0 3799 21 3892 3

665 194 929 241 QUAESTIO
959 195 1027 242 IX,
1047 193 1340 233 ARTICULUS
1369 193 1419 229 IV
1447 214 1472 218 —
1501 194 1765 240 QUAESTIO
1795 196 1845 242 X,
1873 197 2165 235 ARTICULUS
2194 200 2207 235 I

379 273 431 303 An
455 283 617 303 secuuntur
640 284 799 304 meatuum
828 274 918 314 quod
940 275 973 304 in
997 284 1037 305 eo
1061 275 1117 314 qui
1140 283 1236 305 usum
1264 274 1391 313 linguae

324 326 393 347 non
415 317 520 353 habet,
540 318 623 348 sicut
644 323 754 348 mutus
777 318 827 348 vel
851 319 907 358 qui
931 324 978 349 est
1001 319 1127 349 alterius
1151 319 1288 358 linguae,
1304 315 1391 347 suffi-

325 361 368 391 cit
391 360 481 400 quod
503 371 560 401 per
587 363 757 402 scriptum,
785 368 840 392 aut
866 372 923 402 per
945 368 1078 399 nutum,
1102 368 1157 393 aut
1186 363 1389 401 interpretem

325 404 524 441 confiteatur,
550 407 624 446 quia
647 416 715 436 non
739 407 873 446 exigitur
888 407 927 436 ab
943 407 1075 437 homine
1099 407 1171 447 plus
1195 415 1292 446 quam
1315 414 1390 445 pos-

324 449 381 479 sit:
407 450 553 489 quamvis
580 450 680 480 homo
709 460 777 481 non
801 450 914 481 debeat
941 451 1136 491 baptismum
1164 451 1307 490 accipere
1329 449 1390 479 nisi

323 493 358 523 in
381 502 473 533 aqua.
498 493 584 532 Quia
606 504 689 534 aqua
713 500 760 525 est
782 495 916 525 omnino
941 495 980 525 ab
1004 496 1160 530 exteriori,
1181 500 1212 525 et
1234 494 1328 524 nobis
1351 493 1390 523 ab

323 537 387 567 alio
412 538 586 569 exhibetur.
610 538 674 569 Sed
688 544 777 569 actus
800 538 1011 569 confessionis
1027 545 1074 569 est
1089 549 1107 569 a
1121 539 1233 569 nobis:
1259 543 1290 568 et
1304 537 1389 574 ideo,

324 581 455 621 quando
483 592 551 613 non
577 592 750 622 possumus
780 593 848 614 uno
878 582 996 619 modo,
1028 583 1182 614 debemus
1212 581 1390 613 secundum

324 625 415 665 quod
437 636 610 666 possumus
634 626 790 658 confiteri.

380 670 430 700 An
454 681 589 701 ran-rrum
617 681 776 701 mmmmm
806 671 896 711 quod
919 672 952 701 in
975 671 1115 702 absentia
1144 671 1265 710 proprii
1288 679 1390 700 sacer—

324 713 408 744 dotis
424 720 530 755 potest
546 716 641 745 etiam
656 715 739 746 laico
755 715 824 745 fieri
840 715 1011 745 confessio.
1033 715 1074 745 Et
1089 714 1163 745 ideo
1179 724 1246 744 non
1262 719 1391 754 oportet

325 758 414 798 quod
430 768 487 799 per
502 759 655 799 scriptum
678 758 751 789 fiat:
776 759 852 799 quia
874 759 946 799 plus
962 759 1099 799 pertinet
1114 758 1154 788 ad
1169 759 1390 789 necessitatem

323 802 536 833 confessionis
559 808 647 833 actus
671 812 769 843 quam
792 803 845 833 ille
869 803 921 833 cui
944 802 980 833 fit
1004 801 1174 833 confessio.

389 868 488 900 ART.
514 869 566 899 IV.
590 878 695 899 UTRUM
717 879 807 898 ILLAE
831 878 982 899 saxonem
1006 878 1212 899 conmrronas
1237 879 1319 898 QUAE

351 922 371 943 A
394 922 554 943 uAfflsrms
577 922 797 949 ASSIGNANTUR,
822 923 1041 943 REQUIRANTUR
1064 923 1105 943 AD
1130 922 1360 943 conrassmmzu

388 988 408 1008 n
433 988 582 1008 oum-run
605 988 650 1008 src
679 988 884 1009 PROCEDITUR.
912 978 1047 1010 Videtur
1070 979 1159 1019 quod
1182 979 1253 1010 illae
1280 979 1389 1010 sexde-

325 991 453 1053 Acim
474 1022 676 1053 conditiones
700 1032 783 1063 quae
805 1033 824 1053 a
845 1024 1000 1063 magistris
1024 1024 1232 1064 assignantur,
1249 1024 1298 1054 his
1320 1034 1389 1054 ver-

277 1082 280 1087 *
321 1066 408 1097 sibus
439 1072 626 1103 contentae,
653 1076 722 1097 non
751 1068 952 1107 requirantur
981 1067 1021 1098 ad
1051 1067 1307 1098 confessionem:
1342 1068 1391 1099 Sit

320 1111 467 1151 simplex,
490 1111 621 1142 humilis
643 1111 815 1153 confessio,
833 1121 932 1152 pura,
946 1112 1079 1153 fidelis:
1101 1113 1205 1153 Atque
1218 1113 1388 1154 frequens,

322 1155 420 1191 nuda,
444 1155 593 1191 discreta,
618 1155 728 1191 libens,
753 1157 954 1187 verecunda:
977 1157 1123 1198 Integra,
1142 1162 1275 1193 secreta,
1293 1157 1390 1188 lacri-

321 1199 457 1236 mabilis,
480 1200 685 1230 accelerata:
707 1200 817 1231 Fortis
840 1206 872 1231 et
892 1210 1059 1236 accusans,
1080 1206 1111 1231 et
1132 1201 1174 1232 sit
1189 1211 1312 1242 parere
1327 1212 1390 1242 pa-

277 1258 280 1262 *
322 1249 406 1275 rata.
429 1244 526 1275 Fides
544 1245 631 1274 enim
655 1250 686 1275 et
708 1245 896 1285 simplicitas
919 1251 951 1276 et
968 1245 1138 1287 fortitudo
1169 1251 1243 1276 sunt
1271 1255 1330 1286 per
1356 1256 1390 1277 se

320 1289 463 1319 virtutes.
494 1288 580 1328 Ergo
603 1298 672 1319 non
695 1288 813 1320 debent
835 1290 915 1330 poni
938 1289 1140 1320 conditiones
1167 1290 1388 1321 confessionis.

321 1364 328 1365 e
379 1333 621 1369 amaruan,
631 1343 755 1373 purum
771 1339 818 1364 est
833 1333 923 1374 quod
938 1343 1005 1364 non
1021 1335 1116 1364 habet
1131 1335 1388 1374 permixtionem.

286 1370 291 1371 ⁷
322 1376 473 1408 Similiter
487 1377 624 1417 simplex
639 1378 911 1417 compositionem
927 1384 959 1409 et
973 1379 1162 1409 mixtionem
1178 1379 1289 1409 aufert.
1303 1379 1388 1419 Ergo

321 1420 483 1462 superflue
506 1427 680 1462 utrumque
703 1423 845 1462 ponitur.

377 1465 408 1497 3.
431 1465 635 1502 paramum,
659 1471 829 1506 peccatum
856 1467 955 1497 semel
979 1468 1188 1497 commissum
1211 1467 1319 1497 nullus
1342 1473 1388 1498 te-

280 1520 284 1523 ·
320 1515 415 1540 netur
437 1509 584 1541 confiteri
605 1510 667 1540 nisi
689 1511 799 1541 semel.
830 1511 930 1550 Ergo,
954 1511 980 1541 si
1003 1511 1104 1542 homo
1128 1517 1298 1551 peccatum
1320 1521 1388 1542 non

318 1554 421 1590 iterat,
444 1563 513 1584 non
536 1560 664 1594 oportet
688 1554 778 1594 quod
800 1556 839 1585 sit
853 1555 1024 1596 frequens.

374 1607 407 1637 4.
423 1597 620 1634 Punrma,
637 1598 798 1629 confessio
814 1598 854 1629 ad
869 1598 1118 1630 satisfactionem
1135 1599 1308 1630 ordinatur.
1325 1600 1388 1630 Sed

319 1641 491 1673 satisfactio
514 1641 712 1685 quandoque
737 1647 784 1672 est
806 1643 944 1683 publica.
972 1643 1058 1683 Ergo
1083 1649 1114 1674 et
1137 1643 1296 1674 confessio
1320 1654 1388 1674 non

318 1695 446 1726 semper
469 1685 565 1716 debet
587 1695 655 1716 esse
677 1691 811 1717 secreta.

377 1730 406 1761 5.
429 1729 631 1765 Pitinum,
654 1730 735 1761 illud
758 1730 848 1770 quod
871 1740 939 1761 non
963 1737 1010 1762 est
1033 1732 1066 1761 in
1090 1737 1246 1771 potestate
1269 1737 1387 1768 nostra,

318 1783 387 1805 non
409 1774 582 1814 requiritur
603 1784 621 1804 a
641 1775 746 1805 nobis.
771 1774 834 1805 Sed
858 1775 1011 1806 lacrimas
1034 1776 1178 1806 emittere
1197 1786 1265 1806 non
1287 1782 1334 1806 est
1354 1777 1385 1807 in

318 1823 477 1859 potestate
499 1823 616 1849 nostra.
641 1819 727 1858 Ergo
751 1829 818 1849 non
842 1820 1013 1859 requiritur
1035 1830 1053 1850 a
1077 1819 1261 1851 confitente.

373 1863 563 1894 Rnsronnao
587 1873 746 1893 meatuum
763 1863 852 1904 quod
868 1863 1024 1894 dictarum
1049 1864 1273 1895 conditionum
1290 1874 1388 1905 quae-

318 1906 393 1938 dam
415 1912 491 1937 sunt
517 1906 557 1937 de
583 1908 770 1938 necessitate
801 1907 1029 1944 confessionis,
1054 1908 1212 1948 quaedam
1243 1909 1282 1940 de
1306 1910 1388 1940 bene

319 1961 387 1982 esse
402 1951 512 1992 ipsius.
532 1951 579 1981 Ea
594 1957 702 1982 autem
718 1961 801 1992 quae
818 1958 892 1982 sunt
908 1952 947 1982 de
962 1954 1149 1984 necessitate
1166 1953 1386 1990 confessionis,

316 1995 370 2026 vel
392 2001 584 2035 competunt
606 1996 635 2026 ei
659 1995 838 2026 secundum
866 1996 956 2037 quod
983 2003 1030 2027 est
1053 2003 1141 2028 actus
1165 1998 1305 2034 virtutis;
1337 1999 1387 2029 vel

318 2039 498 2070 secundum
522 2039 612 2080 quod
635 2046 682 2070 est
705 2049 776 2080 pars
800 2042 997 2071 sacramenti.

373 2084 407 2115 Si
430 2085 535 2124 primo
558 2084 670 2120 modo,
690 2090 746 2115 aut
760 2086 883 2116 ratione
906 2086 1030 2116 virtutis
1053 2086 1086 2115 in
1109 2095 1244 2125 genere;
1262 2092 1324 2127 ,aut
1339 2097 1387 2117 ra-

317 2129 406 2159 tione
429 2129 575 2168 specialis
597 2129 721 2159 virtutis
745 2130 836 2160 cuius
860 2135 907 2159 est
926 2135 1032 2165 actus;
1058 2135 1112 2160 aut
1128 2139 1166 2160 ex
1181 2130 1250 2170 ipsa
1265 2131 1387 2161 ratione

317 2178 417 2205 actus.
441 2173 574 2203 Virtutis
597 2178 706 2204 autem
721 2174 755 2203 in
770 2182 886 2213 genere
909 2179 984 2204 sunt
1006 2179 1145 2213 quatuor
1168 2174 1385 2206 conditiones:

317 2222 354 2248 ut
376 2218 410 2248 in
434 2217 461 2247 11
484 2217 589 2247 Ethic.
605 2218 622 2234 ¹*
645 2216 770 2248 dicitur.
801 2217 906 2248 Prima
934 2223 981 2248 est
1003 2223 1040 2248 ut
1063 2218 1177 2258 aliquis
1207 2219 1246 2249 sit
1273 2220 1386 2250 sciens.

318 2261 360 2292 Et
382 2266 540 2301 quantum
563 2260 604 2291 ad
627 2261 707 2296 hoc,
732 2261 893 2292 confessio
922 2261 1036 2292 dicitur
1064 2272 1132 2293 esse
1158 2262 1318 2294 discreta:
1339 2274 1387 2295 se-

318 2305 463 2336 cundum
487 2304 577 2345 quod
592 2306 626 2336 in
641 2310 715 2335 actu
739 2306 844 2336 omnis
867 2307 990 2337 virtutis
1013 2306 1183 2346 prudentia
1205 2309 1385 2347 requiritur.

318 2350 375 2380 Est
398 2355 507 2387 autem
529 2350 608 2380 haec
631 2348 779 2380 discretio
803 2355 839 2380 ut
861 2351 983 2381 maiora
1005 2360 1080 2381 cum
1103 2352 1217 2381 maiori
1244 2352 1387 2392 pondere

318 2393 518 2424 confiteatur.
542 2412 565 2416 —
587 2393 735 2424 Secunda
764 2394 907 2425 conditio
939 2400 986 2425 est
1013 2401 1049 2425 ut
1072 2395 1111 2425 sit
1134 2395 1280 2437 eligens:
1312 2398 1387 2436 quia

318 2443 408 2469 actus
422 2438 578 2468 virtutum
601 2437 718 2468 debent
741 2447 809 2468 esse
832 2439 1013 2470 voluntarii.
1037 2439 1078 2470 Et
1095 2446 1252 2479 quantum
1269 2441 1308 2471 ad
1324 2442 1387 2471 hoc

318 2481 396 2512 dicit
418 2482 528 2513 libens.
551 2500 575 2504 -
597 2482 705 2512 Tertia
728 2482 872 2513 conditio
896 2489 943 2514 est
965 2488 1001 2514 ut
1018 2489 1156 2524 propter
1177 2485 1248 2520 hoc,
1268 2486 1387 2516 scilicet

319 2526 464 2557 debitum
487 2525 596 2562 finem,
621 2532 781 2567 operetur.
805 2527 846 2557 Et
869 2533 1027 2567 quantum
1050 2527 1089 2558 ad
1112 2529 1186 2565 hoc,
1203 2529 1279 2560 dicit
1297 2530 1387 2569 quod

319 2570 413 2605 debet
437 2580 505 2601 esse
529 2579 619 2610 pura
633 2579 644 2600 .·
674 2576 710 2601 ut
733 2571 853 2602 scilicet
881 2578 966 2602 recta
989 2573 1029 2602 sit
1051 2573 1198 2603 intentio.
1220 2592 1244 2596 —
1266 2574 1387 2612 Quarta

319 2620 366 2645 est
393 2620 429 2645 ut
457 2615 663 2645 immobiliter
692 2620 852 2655 operetur.
885 2616 927 2646 Et
950 2622 1107 2656 quantum
1135 2617 1174 2648 ad
1202 2618 1282 2654 hoc,
1311 2618 1387 2649 dicit

319 2659 409 2699 quod
433 2658 527 2689 debet
554 2669 622 2689 esse
642 2659 772 2700 fortis:
803 2665 839 2690 ut
861 2660 982 2691 scilicet
1008 2666 1139 2701 propter
1161 2662 1387 2693 verecundiam

318 2712 387 2734 non
410 2702 556 2733 dimittat.

374 2747 431 2777 Est
454 2753 562 2778 autem
585 2747 745 2778 confessio
774 2753 863 2778 actus
886 2749 1009 2779 virtutis
1036 2750 1263 2790 poenitentiae.
1294 2751 1386 2789 Quae

318 2790 451 2832 quidem
474 2792 580 2832 primo
603 2792 731 2822 initium
754 2793 852 2823 sumit
874 2793 908 2823 in
931 2793 1063 2824 horrore
1085 2795 1290 2834 turpitudinis
1310 2805 1386 2835 pec-

318 2836 390 2867 cati.
415 2836 456 2866 Et
472 2842 630 2876 quantum
646 2836 686 2866 ad
701 2837 775 2872 hoc,
793 2836 953 2867 confessio
977 2837 1072 2868 debet
1095 2848 1162 2869 esse
1186 2840 1387 2871 verecunda:

318 2885 355 2910 ut
377 2880 497 2911 scilicet
519 2890 587 2910 non
611 2890 644 2910 se
667 2881 762 2911 iactet
785 2880 824 2911 de
847 2882 986 2921 peccatis
1010 2887 1141 2922 propter
1164 2883 1304 2924 aliquam
1319 2894 1387 2915 sae-

318 2924 383 2955 culi
406 2925 578 2955 vanitatem
602 2924 784 2955 admixtam.
811 2943 835 2948 —
858 2925 1018 2961 Secundo,
1043 2926 1244 2967 progreditur
1267 2927 1306 2958 ad
1329 2927 1387 2959 do—

318 2969 421 2999 lorem
445 2968 484 2999 de
508 2974 641 3009 peccato
672 2970 856 2999 commisso.
891 2970 932 3000 Et
955 2975 1113 3010 quantum
1136 2971 1175 3001 ad
1202 2972 1276 3008 hoc,
1293 2972 1387 3003 debet

318 3022 388 3044 esse
410 3013 631 3044 lacrimabilis.
653 3031 676 3035 —
699 3013 827 3049 Tertio,
851 3014 885 3044 in
909 3014 1088 3045 abiectione
1118 3016 1168 3046 sui
1190 3017 1386 3047 terminatur.

318 3057 360 3088 Et
383 3063 540 3097 quantum
564 3057 604 3088 ad
626 3058 704 3094 hoc,
729 3057 823 3088 debet
847 3068 914 3088 esse
937 3059 1089 3090 humilis:
1120 3065 1156 3090 ut
1178 3069 1212 3090 se
1234 3061 1387 3092 miserum

318 3100 510 3133 confiteatur
533 3107 564 3132 et
585 3101 761 3132 infirmum.

374 3145 438 3176 Sed
460 3155 499 3176 ex
521 3146 651 3186 propria
677 3147 800 3177 ratione
830 3147 925 3177 huius
953 3152 1042 3178 actus
1066 3148 1122 3187 qui
1146 3153 1193 3178 est
1215 3148 1386 3186 confessio,

318 3189 415 3220 habet
443 3190 534 3229 quod
556 3191 596 3220 sit
618 3190 859 3222 manifestativa.
893 3191 986 3229 Quae
1015 3191 1147 3231 quidem
1173 3193 1387 3224 manifestatio

319 3242 377 3273 per
406 3239 545 3273 quatuor
573 3234 722 3274 impediri
751 3241 867 3275 potest.
900 3236 1026 3272 Primo,
1051 3246 1108 3276 per
1137 3236 1314 3268 falsitatem.
1347 3238 1388 3268 Et

319 3282 477 3316 quantum
500 3277 542 3308 ad-
562 3279 635 3314 hoc,
655 3278 731 3310 dicit
742 3279 866 3320 fidelis,
890 3279 972 3310 idest
994 3290 1082 3311 vera.
1105 3298 1129 3303 —
1151 3280 1312 3317 Secundo,
1331 3291 1389 3322 per

320 3321 558 3352 obscuritatem.
581 3323 623 3353 Et
645 3329 756 3354 contra
778 3324 843 3354 hoc
866 3323 942 3354 dicit
966 3325 1074 3355 nuda:
1097 3330 1133 3355 ut
1154 3335 1223 3355 non
1246 3326 1388 3356 involvat

320 3365 548 3397 obscuritatem
569 3367 751 3398 verborum.
774 3386 799 3390 -
821 3368 943 3404 Tertio,
959 3378 1016 3408 per
1038 3370 1212 3400 verborum
1234 3370 1387 3410 multipli-

1405 677 1430 691 m

1404 1124 1430 1138 20

1403 1346 1427 1366 ²5

1404 1786 1425 1806 35

1401 2007 1428 2027 4⁰

1401 2232 1424 2251 ⁴5

1402 2452 1428 2472 50

1402 2673 1424 2693 55

1400 2892 1427 2911 60

1400 3111 1425 3137 ⁶5

1401 3337 1428 3358 70

2461 209 2504 234 21

1502 272 1687 304 Secundum
1711 279 1819 304 autem
1847 275 1936 314 quod
1964 276 2123 307 confessio
2148 283 2195 307 est
2217 287 2288 317 pars
2312 278 2509 313 sacramenti,

1446 316 1491 346 sic
1515 318 1680 348 concernit
1701 318 1858 349 iudicium
1886 319 2071 356 sacerdotis,
2097 322 2152 360 qui
2177 327 2223 351 est
2245 322 2387 352 minister
2410 331 2511 353 sacra-

1445 362 1556 391 menti.
1590 360 1683 392 Unde
1711 368 1839 402 oportet
1866 362 1955 402 quod
1983 364 2022 393 sit
2049 373 2205 395 accusans
2233 375 2270 396 ex
2298 371 2385 405 parte
2410 365 2510 396 confi-

1445 405 1558 441 tentis;
1575 415 1698 446 parere
1714 411 1838 446 parata
1860 416 1918 446 per
1941 409 2214 447 comparationem
2238 409 2277 439 ad
2293 409 2509 446 sacerdotem;

1444 454 1568 480 secreta
1592 456 1749 490 quantum
1772 450 1812 480 ad
1835 450 2056 482 conditionem
2078 451 2150 488 fori,
2171 453 2204 482 in
2228 462 2294 492 quo
2317 453 2356 483 de
2377 454 2510 483 occultis

1446 494 1660 524 conscientiae
1683 495 1795 534 agitur.

1501 537 1564 568 Sed
1587 537 1627 568 de
1649 539 1731 569 bene
1755 548 1823 569 esse
1847 538 2058 569 confessionis
2087 545 2133 570 est
2157 540 2246 579 quod
2272 541 2311 570 sit
2329 541 2511 582 frequens;

1445 586 1477 611 et
1497 581 1587 621 quod
1610 582 1649 612 sit
1672 583 1863 618 accelerata,
1887 588 1923 613 ut
1945 583 2066 614 scilicet
2088 584 2192 614 statim
2217 584 2415 615 confiteatur.

1499 626 1550 655 An
1574 636 1692 657 prmum
1714 637 1798 657 aneo
1822 637 1982 657 nxcasmm
2008 627 2098 667 quod
2120 637 2188 658 non
2212 634 2259 658 est
2280 629 2510 658 inconveniens

1425 708 1428 711 Ι
1445 669 1535 708 quod
1554 670 1698 701 conditio
1722 672 1818 702 unius
1833 672 1956 702 virtutis
1971 672 2005 701 in
2021 677 2094 702 actu
2110 672 2236 702 alterius
2260 673 2438 702 inveniatur
2454 673 2511 712 qui

1444 714 1483 742 ab
1506 714 1576 753 ipsa
1598 715 1791 754 imperatum
1815 715 1866 745 vel
1890 717 1965 755 quia
1987 715 2132 746 medium
2156 716 2245 756 quod
2269 722 2315 747 est
2338 717 2433 746 unius
2449 717 2510 746 vir-

1443 757 1519 786 tutis
1542 758 1766 798 principaliter,
1784 760 1880 790 etiam
1903 760 1981 790 aliae
2004 761 2135 790 virtutes
2159 770 2215 800 per
2234 761 2510 800 participationem

1443 801 1572 832 habent.

1499 846 1550 875 An
1579 856 1741 877 secuuntur
1772 857 1932 878 morannum
1963 848 2052 888 quod
2080 849 2158 879 haec
2182 848 2325 879 conditio
2349 859 2438 889 pura
2461 849 2510 879 in-

1419 890 1595 920 stentionis
1619 891 1758 922 excludit
1780 893 2035 932 perversitatem,
2059 903 2077 923 a
2101 903 2165 933 qua
2187 894 2287 923 homo
2318 893 2508 923 mundatur:

1444 933 1499 964 sed
1522 933 1659 975 simplex·
1682 936 1775 966 alieni
1799 935 2028 967 admixtionem
2052 937 2199 968 excludit.

1498 979 1550 1008 An
1573 989 1708 1010 Tannum
1730 990 1890 1011 monimum
1914 981 2004 1021 quod
2026 981 2090 1012 hoc
2113 991 2181 1012 non
2204 987 2251 1013 est
2270 981 2308 1012 de
2324 982 2510 1012 necessitate

1445 1022 1665 1060 confessionis,
1689 1024 1745 1055 sed
1768 1024 1807 1055 de
1831 1026 1912 1056 bene
1937 1035 2014 1056 esse.

1498 1067 1550 1097 Ad
1574 1078 1722 1098 anamim
1748 1079 1908 1100 meatuum
1935 1070 2034 1110 quod,
2062 1075 2193 1110 propter
2220 1070 2405 1101 scandalum
2432 1070 2510 1101 alio-

1444 1120 1526 1147 rum,
1551 1113 1608 1151 qui
1629 1118 1766 1152 possunt
1789 1123 1827 1144 ex
1849 1115 1987 1153 peccatis
2011 1114 2125 1146 auditis
2149 1114 2189 1145 ad
2210 1115 2333 1146 malum
2355 1114 2509 1150 inclinari,

1444 1165 1512 1185 non
1535 1155 1630 1187 debet
1652 1156 1811 1188 confessio
1835 1157 1904 1188 fieri
1926 1159 1960 1189 in
1983 1159 2132 1199 publico,
2157 1159 2212 1189 sed
2234 1160 2268 1189 in
2292 1159 2431 1190 occulto.
2463 1159 2511 1189 Ex

1444 1208 1551 1239 poena
1578 1206 1687 1231 autem
1714 1201 1920 1233 satisfactoria
1950 1213 2017 1233 non
2048 1203 2276 1234 scandalizatur
2304 1205 2347 1234 ita
2377 1203 2508 1243 aliquis:

1445 1245 1520 1284 quia
1543 1245 1740 1286 quandoque
1756 1256 1815 1286 pro
1831 1256 1930 1287 parvo
1947 1247 1997 1277 vel
2013 1247 2103 1278 nullo
2125 1253 2259 1288 peccato
2283 1248 2396 1279 similia
2412 1257 2510 1288 opera

1444 1288 1650 1319 satisfactoria
1672 1289 1765 1320 fiunt.

1497 1333 1548 1363 An
1574 1343 1714 1364 nummu
1737 1344 1897 1366 memnon
1920 1335 2009 1376 quod
2032 1336 2274 1376 intelligendum
2299 1342 2345 1367 est
2364 1335 2403 1367 de
2419 1337 2509 1367 lacri-

1443 1378 1503 1407 mis
1527 1379 1652 1408 mentis.

1713 1455 1996 1500 QUAESTIO
2027 1458 2236 1492 DECIMA

1732 1524 1777 1548 DE
1796 1524 1953 1550 EFFECTU
1973 1525 2216 1550 CONFESSIONIS

1446 1607 1597 1670 Damna
1621 1599 1889 1630 considerandum
1914 1606 1960 1630 est
1983 1600 2022 1630 de
2047 1600 2161 1631 effectu
2189 1601 2399 1632 confessionis
2415 1603 2442 1632 ἕ.

1505 1641 1599 1672 Circa
1622 1642 1712 1682 quod
1736 1649 1933 1683 quaeruntur
1957 1645 2112 1684 quinque.

1496 1686 1624 1716 Primo:
1649 1692 1758 1717 utrum
1781 1687 1941 1718 confessio
1965 1689 2076 1719 liberet
2099 1699 2117 1718 a
2139 1695 2243 1720 morte
2266 1691 2400 1729 peccati.

1497 1730 1667 1760 Secundo:
1688 1737 1797 1762 utrum
1813 1731 1973 1762 confessio
1989 1733 2101 1763 liberet
2116 1734 2225 1773 aliquo
2241 1734 2341 1764 modo
2358 1745 2376 1764 a
2391 1744 2507 1774 poena.

1498 1774 1628 1804 Tertio:
1654 1780 1762 1805 utrum
1786 1775 1946 1806 confessio
1971 1777 2090 1816 aperiat
2112 1777 2303 1818 paradisum.

1476 1851 1478 1853 ,
1497 1818 1640 1856 Quarto:
1666 1825 1775 1850 utrum
1799 1819 1959 1851 confessio
1983 1822 2099 1852 tribuat
2122 1831 2213 1862 spem
2236 1823 2353 1853 salutis.

1497 1863 1774 1938 nglnto:btliltrum
1798 1864 1958 1895 confessio
1981 1866 2136 1905 generalis
2160 1866 2263 1897 deleat
2278 1873 2409 1907 peccata
2424 1877 2510 1898 mor-

1530 1913 1543 1937 t
1574 1918 1604 1938 1a
1627 1918 1648 1938 ο
1686 1909 1736 1939 'ta.

1503 1983 1603 2014 ART.
1629 1983 1650 2013 Ι.
1676 1994 1780 2014 orama
1805 1993 1971 2015 CONFESSIO
1996 1990 2125 2015 mnsam
2148 1996 2168 2015 A
2191 1995 2295 2015 MORTE
2319 1995 2447 2016 PECCAH

1470 2043 1501 2065 lV
1515 2043 1589 2069 Sem..
1605 2043 1657 2065 dist.
1674 2049 1736 2070 xvm,
1752 2049 1791 2071 qu.
1807 2049 1822 2067 ι,
1839 2047 1880 2065 art.
2363 2051 2381 2067 ς.
2397 2045 2442 2092 ‹321⁸-
2456 2051 2481 2073 3;

2358 2070 2399 2092 xx
2425 2070 2441 2092 1.

1507 2069 1540 2091 lV
1557 2070 1623 2091 cont.
1642 2069 1717 2096 Gent„
1733 2075 1783 2097 cap.
1799 2076 1875 2096 ιικιις

1506 2140 1526 2160 n
1550 2140 1667 2160 ramum
1691 2140 1735 2160 sxc
1758 2139 1963 2160 PRocEDrrUR.
1988 2130 2121 2161 Videtur
2141 2130 2231 2170 quod
2258 2130 2418 2161 confessio
2441 2141 2508 2162 non

1443 2143 1618 2204 Aliberet
1632 2184 1653 2204 a
1669 2179 1773 2204 morte
1792 2175 1915 2214 peccati
1930 2176 1957 2205 ὕ.
1979 2174 2149 2205 Confessio
2174 2176 2260 2205 enim
2283 2176 2509 2206 contritionem

1441 2220 1594 2259 sequitur.
1620 2218 1683 2249 Sed
1698 2219 1847 2249 contritio
1864 2218 2057 2250 sufficienter
2072 2219 2156 2250 delet
2172 2219 2311 2259 culpam.
2328 2220 2414 2260 Ergo
2431 2230 2509 2251 con-

1442 2263 1537 2294 fessio
1561 2272 1629 2293 non
1651 2263 1763 2293 liberat
1787 2273 1805 2293 a
1827 2269 1930 2294 morte
1954 2263 2088 2303 peccati.

1498 2317 1527 2338 2.
1551 2307 1748 2343 Pium-euna,
1765 2308 1848 2337 sicut
1870 2308 2004 2338 mortale
2021 2313 2067 2338 est
2083 2307 2188 2347 culpa,
2205 2308 2247 2338 ita
2264 2309 2359 2338 etiam
2374 2309 2508 2339 veniale.

1441 2352 1505 2382 Sed
1519 2361 1577 2391 per
1592 2351 1829 2382 confessionem
1842 2353 1889 2393 fit
1911 2352 2036 2382 veniale
2058 2352 2145 2392 quod
2161 2352 2258 2392 prius
2271 2352 2346 2394 fuit
2360 2354 2507 2389 mortale,

1441 2402 1477 2426 ut
1499 2397 1532 2426 in
1556 2396 1658 2426 littera
1673 2396 1690 2412 '²
1713 2395 1838 2426 dicitur.
1863 2396 1948 2436 Ergo
1972 2406 2029 2436 per
2051 2395 2288 2429 confessionem
2311 2406 2379 2427 non
2402 2399 2509 2428 remit-

1441 2441 1518 2470 titur
1541 2440 1645 2480 culpa,
1670 2439 1726 2470 sed
1749 2440 1844 2480 culpa
1866 2441 1899 2470 in
1923 2441 2052 2480 culpam
2075 2446 2226 2471 mutatur.

1497 2485 1560 2515 San
1584 2494 1708 2514 courRA
1731 2494 1795 2514 as‘r.
1821 2484 1992 2515 Confessio
2012 2491 2059 2515 est
2074 2494 2146 2525 pars
2168 2486 2384 2525 poenitentiae
2408 2496 2509 2516 sacra-

1441 2529 1551 2559 menti.
1577 2528 1640 2559 Sed
1663 2529 1861 2568 poenitentia
1876 2539 1894 2559 a
1910 2529 2004 2569 culpa
2027 2529 2148 2559 liberat.
2173 2530 2259 2569 Ergo
2284 2536 2315 2560 et
2338 2530 2508 2561 confessio.

1496 2574 1686 2603 stpoxmzo
1710 2583 1871 2603 mensuum
1895 2573 1984 2613 quod
2011 2574 2223 2613 poenitentia,
2247 2575 2440 2614 inquantum
2464 2582 2510 2605 est

1441 2623 1686 2654 sacramentum,
1702 2618 1874 2658 praecipue
1890 2618 1923 2648 in
1940 2617 2143 2648 confessione
2159 2617 2337 2658 perficitur:
2363 2620 2438 2659 quia
2453 2629 2510 2659 per

1442 2671 1513 2692 eam
1535 2663 1636 2692 homo
1665 2662 1815 2692 ministris
1843 2662 2004 2692 Ecclesiae
2027 2672 2061 2692 se
2083 2663 2208 2698 subdit,
2233 2664 2290 2702 qui
2313 2669 2386 2693 sunt
2409 2673 2509 2694 sacra-

1440 2712 1626 2748 mentorum
1657 2706 1900 2746 dispensatoreS.
1935 2706 2095 2737 Contritio
2127 2708 2213 2737 enim
2243 2713 2357 2737 votum
2384 2707 2509 2738 confes-

1441 2751 1540 2781 sionis
1562 2760 1726 2781 annexum
1741 2751 1854 2781 habet:
1881 2756 1912 2781 et
1927 2751 2098 2782 satisfactio
2114 2761 2173 2791 pro
2194 2751 2315 2782 iudicio
2338 2752 2509 2783 sacerdotis

1441 2795 1495 2825 cui
1517 2794 1554 2825 fit
1576 2794 1748 2831 confessio,
1765 2801 1897 2826 taxatur.
1922 2795 1963 2826 Et
1979 2796 2055 2835 quia
2069 2796 2103 2826 in
2119 2802 2317 2826 sacramento
2341 2797 2510 2836 poeniten-

1440 2840 1502 2869 tiae
1525 2840 1624 2879 gratia
1646 2838 1839 2875 infunditur,
1863 2849 1921 2879 per
1944 2849 2042 2880 quam
2065 2839 2101 2870 fit
2124 2841 2267 2870 remissio
2291 2846 2508 2880 peccatorum,

1441 2884 1523 2914 sicut
1545 2884 1579 2913 in
1602 2884 1779 2923 baptism03
1803 2883 1877 2914 ideo
1901 2884 2017 2914 eodem
2040 2884 2140 2914 modo
2165 2884 2325 2915 confessio
2350 2895 2387 2915 ex
2408 2886 2440 2914 vi
2455 2886 2509 2915 ab-

1441 2927 1610 2958 solutionis
1635 2928 1827 2958 coniunctae
1853 2929 1984 2958 remittit
2012 2929 2140 2968 culpam
2164 2929 2246 2959 sicut
2269 2934 2300 2959 et
2323 2929 2507 2969 baptismus.

1441 2972 1569 3002 Liberat
1592 2972 1679 3002 enim
1710 2972 1886 3012 baptismus
1909 2982 1928 3002 a
1950 2978 2055 3003 morte
2085 2974 2208 3013 peccati
2237 2983 2304 3003 non
2331 2974 2437 3003 solum
2461 2983 2509 3004 se-

1442 3016 1586 3046 cundum
1610 3016 1700 3056 quod
1722 3022 1796 3047 actu
1819 3017 2003 3057 percipitur,
2020 3017 2076 3048 sed
2099 3018 2195 3048 etiam
2217 3017 2396 3048 secundum
2420 3017 2508 3058 quod

1441 3061 1475 3090 in
1493 3065 1571 3090 voto
1594 3061 1746 3091 habetur:
1771 3061 1853 3092 sicut
1868 3066 1955 3101 patet
1970 3062 2003 3092 in
2019 3062 2080 3092 illis
2099 3063 2155 3102 qui
2174 3062 2238 3092 iam
2261 3061 2447 3092 sanctificati
2470 3062 2509 3092 ad

1441 3105 1636 3144 baptismum
1670 3104 1836 3135 accedunt.
1871 3106 1911 3136 Et
1941 3106 1966 3135 si
1996 3106 2110 3146 aliquis
2142 3106 2409 3146 impedimentum
2441 3116 2509 3136 non

1441 3154 1628 3189 praestaret,
1653 3159 1691 3179 ex
1713 3149 1782 3189 ipsa
1805 3149 1976 3180 collatione
2000 3151 2148 3190 baptismi
2175 3151 2307 3190 gratiam
2331 3160 2508 3190 conseque-

1441 3199 1527 3223 retur
1549 3194 1765 3224 remittentem
1787 3199 1928 3234 peccata‚
1945 3194 1971 3224 si
1986 3195 2075 3235 prius
2091 3195 2120 3225 ei
2135 3196 2266 3225 remissa
2280 3205 2348 3225 non
2365 3194 2506 3225 fuissent.

1442 3237 1483 3267 Et
1505 3237 1650 3268 similiter
1677 3237 1850 3268 dicendum
1873 3243 1920 3268 est
1943 3238 1983 3269 de
2007 3238 2210 3270 confessione
2240 3239 2389 3270 adiuncta
2416 3240 2509 3269 abso-

1441 3282 1559 3312 lutioni
1588 3281 1696 3321 quod,
1720 3282 1899 3313 secundum
1926 3283 2016 3322 quod
2039 3283 2072 3313 in
2095 3289 2173 3314 voto
2203 3284 2396 3323 poenitentis
2418 3293 2508 3323 prae-

1442 3326 1545 3361 cessit,
1569 3336 1588 3355 a
1610 3326 1706 3366 culpa
1727 3326 1889 3363 liberavit;
1913 3327 2123 3367 postmodum
2147 3333 2255 3358 autem
2277 3328 2310 3357 in
2334 3332 2407 3357 actu
2431 3336 2508 3357 con-

1442 3369 1588 3400 fessionis
1612 3376 1643 3400 et
1667 3371 1876 3401 absolutionis
1899 3372 1998 3411 gratia
2021 3378 2171 3411 augetur;
2196 3378 2226 3402 et
2246 3372 2340 3402 etiam
2363 3371 2507 3401 remissio

1893 2049 1916 2098 ὃ,
1931 2043 1975 2070 qu*
1992 2050 2010 2066 ι.
2026 2049 2053 2069 23
2069 2044 2122 2066 dist.
2137 2050 2195 2069 xxu,
2210 2050 2248 2071 qu.
2264 2049 2288 2069 n,
2303 2047 2346 2065 art.

1915 2069 1978 2092 uodl.
1995 2070 2034 2096 lv,
2050 2076 2089 2098 qu.
2105 2076 2150 2097 vn,
2165 2074 2208 2092 art.
2225 2077 2248 2096 ις
2263 2070 2289 2092 In
2303 2070 2342 2092 Pa.

320 3409 492 3440 canonem.
516 3410 558 3440 Et
580 3416 692 3442 contra
709 3412 774 3442 hoc
796 3411 872 3443 dicit
893 3413 1053 3453 simplex:
1080 3419 1116 3444 ut
1138 3423 1206 3444 non
1229 3415 1339 3445 recitet
1353 3415 1387 3445 in
1440 3419 1649 3454 peccatorum
1676 3414 1811 3451 daretur,
1835 3416 1862 3445 si
1884 3415 2078 3455 praecedens
2101 3416 2195 3446 dolor
2218 3415 2257 3446 de
2280 3416 2417 3455 peccatis
2440 3424 2508 3445 non

321 3452 524 3484 confessione
548 3455 609 3484 nisi
639 3455 729 3495 quod
758 3455 798 3486 ad
824 3458 1034 3496 quantitatem
1057 3459 1180 3498 peccati
1203 3459 1349 3498 pertinet.
1365 3477 1386 3482 —

321 3497 462 3535 Quarto,
487 3503 523 3528 ut
545 3507 613 3529 non
640 3499 841 3530 subtrahatur
867 3501 989 3541 aliquid
1012 3501 1051 3532 de
1075 3503 1123 3533 his
1147 3512 1229 3543 quae
1253 3502 1386 3534 manife-

319 3541 431 3573 standa
453 3547 537 3572 sunt.
562 3542 603 3573 Et
626 3548 736 3574 contra
759 3544 822 3575 hoc
845 3544 922 3576 dicit
945 3546 1084 3588 integra.

1401 3559 1424 3579 75

1441 3458 1601 3489 sufficiens
1617 3458 1658 3489 ad
1673 3460 1900 3490 contritionem
1923 3458 2044 3496 fuisset,
2062 3466 2093 3490 et
2108 3461 2176 3500 ipse
2200 3466 2277 3490 tunc
2296 3460 2423 3490 obicem
2439 3468 2507 3498 gra-

1441 3503 1502 3533 tiae
1518 3513 1586 3533 non
1601 3504 1775 3543 praeberet.
1800 3503 1841 3534 Et
1856 3503 1941 3540 ideo,
1958 3505 2040 3534 sicut
2055 3504 2094 3535 de
2111 3505 2270 3544 baptismo
2289 3503 2403 3534 dicitur
2418 3502 2507 3543 quod

1441 3547 1551 3577 liberat
1575 3557 1592 3577 a
1615 3553 1729 3584 morte,
1753 3549 1796 3578 ita
1819 3548 1915 3578 etiam
1938 3548 1977 3579 de
2001 3548 2204 3579 confessione
2228 3548 2290 3578 dici
2313 3553 2427 3588 potest.

2536 1610 2546 1619 '¹
2557 1608 2591 1630 Cf.
2607 1614 2646 1636 qu.
2662 1614 2692 1636 vi,
2707 1609 2747 1630 ln-

2536 1635 2596 1656 trod.

2536 2186 2546 2195 ·
2561 2184 2597 2206 Cf.
2621 2184 2653 2206 1v
2673 2185 2747 2211 Sent„

2536 2211 2589 2232 dist.
2597 2217 2651 2236 xvn.
2659 2218 2710 2240 cap.
2719 2218 2746 2234 ι.-

2536 2237 2570 2259 Ex
2581 2238 2662 2259 Ambr.
2672 2238 2746 2260 Serm.

2536 2264 2614 2291 XXV,
2629 2265 2658 2286 al.
2673 2265 2703 2286 de
2721 2265 2746 2286 S.

2535 2290 2686 2319 Quadrages.
2702 2291 2746 2317 1X;

2535 2324 2584 2339 can.
2602 2317 2662 2339 Ecce
2688 2324 2748 2340 nunc

2536 2346 2632 2371 tempus,
2643 2344 2672 2366 de
2688 2344 2747 2366 Poe-

2536 2371 2587 2397 nit„
2603 2370 2656 2392 dist.
2676 2371 2692 2392 1.

2536 2403 2545 2412 ·
2560 2401 2626 2427 lbid.,
2640 2407 2690 2429 cap.
2701 2401 2749 2423 Sed

2552 2428 2599 2449 uod
2614 2428 2748 2449 sacerdoti-

2550 2461 2584 2476 us.
2598 2466 2608 2470 -
2618 2455 2652 2476 Ex
2669 2455 2707 2476 lib.
2719 2455 2749 2476 de

2542 2481 2599 2502 Vera
2606 2484 2630 2502 et
2627 2481 2683 2510 fals
2687 2481 2749 2503 Poe-

2536 2508 2587 2534 nit„
2603 2514 2654 2535 cap.
2665 2508 2749 2534 x‚.lin-

2537 2538 2571 2556 ter
2585 2534 2646 2562 Opp.
2667 2535 2747 2562 Aug).
