2878 4088
870 220 1950 330 PRAEFATIO

598 395 683 456 IN
737 392 1436 456 SUPPLEMENTUM
1491 392 1862 455 TERTIAE
1916 393 2223 457 PARTIS

694 513 927 564 sUMMAE
956 514 1310 565 THEOLOGIAE
1338 514 1536 564 SANCTI
1563 514 1798 563 THOMAE
1826 514 2126 573 AQUINATIS

413 785 434 808 -7
462 772 626 811 „purum
645 758 792 797 ratione
811 759 916 796 ducti
932 760 1255 810 Supplementum
1276 760 1383 810 quod

335 855 349 868 .·
385 812 467 873 232³:
511 821 651 852 vocant
678 812 791 850 nobis
820 813 1016 850 edendum
1043 825 1125 850 esse
1145 813 1381 863 putavimus.

332 866 349 915 {22¹3
380 862 470 922 §ug
510 867 640 904 Prima
659 873 749 913 erat,
769 873 812 903 ut
831 878 959 903 sacrae
984 866 1179 904 doctrinae
1204 865 1382 904 studiosis

329 915 403 950 (2³
383 916 702 966 Mmateriae,
732 931 828 968 quas
858 920 894 957 S.
917 920 1093 957 Thomas
1120 928 1245 957 morte
1273 932 1381 969 prae-

318 982 457 1011 ventus
484 974 524 1011 in
553 973 718 1011 Summa
745 980 904 1010 tractare
923 985 1004 1010 non
1031 973 1167 1022 potuit,
1188 973 1226 1010 in
1255 986 1381 1011 unum

318 1039 460 1076 corpus
487 1038 579 1064 cum
608 1026 772 1065 Summa
800 1027 979 1063 collectae
1006 1034 1157 1076 praesto
1186 1027 1380 1073 adessent;

318 1080 380 1118 cui
421 1079 567 1117 accedit
608 1080 716 1128 quod
750 1079 826 1116 hoc
859 1080 1055 1116 Volumen
1091 1079 1381 1117 Duodecimum

318 1134 597 1182 Supplemento
636 1132 766 1171 addito
804 1132 868 1169 vix
902 1134 1000 1170 ultra
1035 1132 1196 1170 aliorum
1233 1135 1380 1171 molem

317 1193 512 1224 cresceret.
542 1187 670 1223 Altera
699 1197 821 1234 eaque
849 1186 982 1223 fortior
1000 1185 1094 1223 ratio
1114 1186 1268 1224 aliunde
1291 1199 1380 1236 pro-

316 1240 412 1277 fecta
441 1247 506 1277 est.
537 1239 862 1288 Supplementum
881 1238 1021 1276 scilicet
1039 1251 1130 1276 cum
1149 1240 1280 1278 medio
1300 1252 1379 1278 sae-

317 1294 405 1330 culo
421 1293 518 1329 XIV.
535 1304 582 1329 ex
601 1291 730 1341 aliquo
750 1291 881 1328 codice
903 1292 1180 1329 Commentarii
1199 1293 1238 1330 in
1254 1293 1379 1340 Quar-

316 1353 401 1383 tum
423 1345 587 1383 Librum
614 1345 897 1383 Sententiarum
917 1346 1187 1395 transcriptum
1210 1346 1266 1393 sit,
1288 1348 1380 1383 alter

317 1398 524 1448 scripturae
555 1397 834 1436 Commentarii
861 1398 962 1436 testis
981 1399 1208 1436 habendum
1228 1407 1302 1446 est3
1328 1399 1379 1436 ita

316 1460 359 1489 ut
387 1452 435 1489 ab
471 1463 516 1488 ea
553 1452 684 1488 saltem
719 1459 839 1489 aetate
874 1452 912 1489 S.
940 1452 1120 1489 Thomae
1155 1459 1278 1489 textus
1308 1464 1379 1502 per

318 1504 654 1542 Commentarium
681 1511 718 1541 et
746 1505 1070 1553 Supplementum
1098 1513 1284 1554 tanquam
1315 1518 1377 1554 ge-

315 1558 424 1595 mino
439 1557 656 1595 testimonio
672 1557 720 1594 ad
735 1569 807 1594 nos
822 1557 1048 1606 pervenerit.
1071 1558 1190 1604 Quod
1205 1558 1236 1595 si
1257 1559 1372 1595 Com-

314 1611 453 1661 pilator
472 1611 753 1660 Supplementi,
773 1611 836 1647 vel
855 1610 1016 1659 scriptor
1034 1611 1261 1659 exemplaris
1281 1611 1375 1658 eius,

315 1677 336 1705 e
364 1664 496 1702 codice
524 1671 617 1700 tunc
644 1675 725 1700 non
752 1663 803 1701 ita
830 1663 971 1700 recenti
999 1663 1243 1712 scripserunt,
1264 1665 1376 1701 tradi-

315 1717 429 1754 tionis
448 1716 655 1766 duplicatio
674 1716 714 1753 in
733 1717 931 1753 saeculum
950 1717 1043 1753 XIII.
1071 1717 1374 1766 protenderetur.

314 1771 444 1819 Itaque
464 1769 542 1808 iam
561 1782 584 1807 a
601 1769 720 1818 priori
747 1769 860 1806 nobis
885 1769 1050 1806 dubium
1069 1782 1150 1807 non
1170 1778 1259 1817 erat,
1281 1771 1375 1820 quin

314 1823 397 1860 illos
416 1823 516 1860 duos
535 1830 647 1860 testes
667 1835 707 1860 se
726 1831 864 1860 mutuo
885 1822 1159 1860 confirmantes
1183 1825 1376 1885 explentes

314 1884 350 1913 et
377 1876 606 1925 corrigentes
634 1875 909 1914 inveniremus.
947 1876 1035 1913 Hoc
1062 1876 1294 1925 experientia
1322 1878 1376 1915 rei

314 1929 469 1966 abunde
498 1929 776 1978 comprobavit.
806 1928 881 1967 Ubi
909 1929 1113 1966 unanimes
1133 1938 1232 1976 sunt,
1252 1938 1376 1968 textus

313 1982 406 2020 locis
434 1994 515 2020 non
542 1982 672 2020 multis
700 1982 866 2031 exceptis
895 1995 940 2019 ea
968 1982 1135 2020 bonitate
1164 1991 1229 2029 est,
1260 1992 1302 2020 ut
1330 1997 1375 2022 ex

313 2036 387 2073 hac
413 2043 521 2085 parte
549 2036 719 2073 duorum
747 2035 974 2073 attestationi
1001 2043 1084 2072 tuto
1113 2036 1216 2073 credi
1243 2037 1374 2086 possit.

313 2088 388 2126 Ubi
407 2101 500 2125 vero
529 2088 746 2126 testimonia
765 2088 1006 2133 discordant,
1016 2088 1160 2126 mirum
1181 2097 1236 2126 est
1255 2103 1374 2144 quam

312 2142 531 2191 frequenter
563 2141 722 2179 variatio
757 2142 806 2179 acl
843 2141 1067 2190 scriptorem
1102 2143 1164 2179 vel
1200 2150 1375 2192 typogra-

311 2195 438 2244 phum
466 2195 594 2254 potius
623 2207 742 2244 quam
770 2195 819 2232 ad
847 2202 994 2232 textum
1022 2195 1151 2244 ipsum
1178 2196 1375 2234 referenda

313 2247 369 2285 sit.
401 2248 522 2285 Sola
512 2261 591 2285 iam
610 2247 810 2286 collatione
829 2256 1005 2285 veterum
1026 2248 1239 2285 editionum
1260 2250 1374 2287 Com-

311 2301 487 2338 mentarii
507 2313 528 2338 e
547 2301 732 2351 scriptura
756 2301 896 2338 codicis
916 2301 1130 2348 Brixiensis,
1152 2314 1173 2338 a
1194 2315 1272 2351 quo
1298 2303 1375 2340 edi-

311 2354 434 2391 tiones
470 2354 736 2404 Supplementi
763 2354 976 2404 incoepisse
1005 2355 1285 2404 comperimus,
1318 2368 1373 2393 er-

312 2419 417 2444 rores
446 2407 527 2445 sine
554 2419 720 2445 numero
748 2407 940 2445 removeri
967 2416 1141 2457 possunt,
1162 2408 1279 2458 idque
1306 2410 1374 2447 cri-

311 2460 406 2498 terio
435 2460 646 2498 maximam
665 2468 814 2511 partem
833 2468 948 2498 certo.
978 2462 1085 2498 Haec
1104 2473 1195 2498 cum
1215 2461 1265 2499 ita
1289 2462 1372 2510 sint,

312 2515 637 2563 Supplementum
665 2514 746 2552 sine
773 2513 985 2551 nimiorum
1013 2514 1200 2552 librorum
1229 2515 1373 2553 discus-

311 2567 419 2604 sione
447 2579 668 2616 magnoque
696 2567 881 2616 temporis
909 2575 1143 2617 consumptu
1172 2568 1292 2605 solide
1316 2581 1373 2606 re-

310 2620 457 2657 censeri
498 2633 611 2670 posse
652 2620 873 2666 videbatur,
908 2620 1094 2670 operique
1135 2621 1372 2670 perficiendo

310 2673 471 2711 libenter
497 2686 569 2711 nos
597 2673 787 2710 dedimus.
825 2673 1035 2722 Theologis
1067 2685 1147 2710 non
1182 2673 1373 2723 ingratum

310 2725 389 2773 erit,
411 2726 516 2776 quod
545 2734 699 2776 tempus
718 2725 817 2763 illius
838 2726 1028 2764 Omnium
1049 2727 1226 2776 Operum
1245 2728 1371 2777 partis,

309 2792 410 2828 quae
431 2781 638 2817 Summam
658 2779 923 2828 imperfectam
941 2779 1054 2816 unice
1074 2781 1269 2829 complere
1288 2789 1372 2830 pot-

309 2840 375 2880 est,
404 2833 483 2870 iam
511 2845 615 2870 nunc
643 2833 795 2870 edendo
815 2832 1120 2881 anticipavimus.
1150 2834 1248 2869 Ante
1269 2834 1373 2871 enim

309 2897 430 2935 quam
455 2885 767 2923 Commentarius
795 2885 834 2922 in
862 2885 1091 2934 Magistrum
1114 2887 1372 2924 recensendus

309 2947 504 2988 occurret,
542 2939 653 2976 multi
690 2938 780 2976 anni
821 2938 1060 2988 praeterituri
1094 2938 1298 2986 videntur;
1337 2947 1373 2977 et

308 2992 489 3042 quamvis
518 2993 566 3030 ad
595 2999 742 3030 textum
772 2992 809 3029 S.
831 2993 1010 3030 Thomae
1039 2991 1243 3029 ultimatim
1278 2992 1371 3030 defi-

308 3045 497 3084 niendum
534 3046 662 3095 plures
699 3044 911 3082 traditionis
945 3052 1057 3082 testes
1092 3057 1163 3082 suo
1196 3052 1371 3094 tempore

307 3111 456 3148 suaque
484 3099 575 3136 sede
604 3097 830 3136 discutiendi
850 3106 972 3143 erunt,
993 3097 1146 3134 interim
1164 3105 1294 3135 tamen
1313 3111 1371 3135 sa-

308 3163 394 3189 crae
423 3151 600 3189 scientiae
628 3152 790 3189 devotos
818 3151 989 3188 duorum
1016 3150 1170 3187 testium
1195 3151 1370 3188 examine

307 3204 363 3242 uti
390 3217 504 3254 posse
540 3204 696 3241 iuvabit.
735 3205 822 3241 Hoc
857 3204 951 3241 lucri
988 3204 1195 3241 certissime
1227 3204 1367 3241 factum

308 3265 374 3302 est,
395 3257 503 3307 quod
530 3265 653 3295 textus
678 3257 944 3307 Supplementi
964 3265 1000 3293 et
1021 3256 1299 3294 Commentarii
1318 3258 1367 3294 ab

308 3310 484 3348 indebitis
498 3310 780 3348 modernorum
794 3310 1096 3348 correctionibus
1110 3309 1255 3347 liberati
1270 3318 1368 3356 sunt,

308 3371 344 3400 et
363 3363 471 3412 quod
490 3363 539 3400 ad
558 3375 696 3400 eorum
724 3363 910 3401 editiones
939 3363 1091 3400 alterius
1119 3363 1369 3414 manuscripti

307 3416 457 3454 collatio
486 3415 789 3467 citationumque
809 3424 985 3456 accurata
1005 3415 1143 3454 revisio
1164 3424 1295 3455 nostro
1320 3418 1369 3454 la-

306 3469 401 3507 bore
429 3477 680 3506 accesserunt.

447 3540 558 3565 suumn
574 3539 678 3564 Tutor..
698 3540 728 3564 D.
742 3540 857 3565 Tuon:
876 3541 907 3565 T.
927 3541 970 3565 lx.

1399 626 1418 634 υ

1491 759 1644 797 Codicis
1679 759 1885 797 Brixiensis
1923 760 2120 797 mentione
2153 761 2249 798 facta
2283 761 2500 799 iucundum

1435 813 1548 850 nobis
1577 821 1643 858 est,
1670 812 2014 850 Reverendissimis
2042 813 2132 851 viris
2160 814 2331 852 Domino
2359 816 2499 852 Iacobo

1438 866 1568 903 Corna
1596 866 1796 915 Pellegrini
1824 866 2019 915 Episcopo
2052 867 2239 904 Brixiensi
2274 875 2310 904 et
2345 868 2501 917 Capitu-

1435 919 1578 957 laribus
1607 919 1798 957 Ecclesiae
1827 919 2074 966 Cathedralis.
2096 921 2318 970 praesertim
2347 923 2378 958 F
2380 922 2502 959 ranci-

1436 984 1501 1009 sco
1530 973 1683 1021 Pagani,
1704 973 1910 1010 Dominico
1938 973 2081 1021 Legati,
2110 975 2329 1024 Hyacintho
2358 975 2502 1023 Gaggia

1435 1033 1472 1063 et
1499 1026 1632 1064 Ioanni
1662 1028 1824 1075 Rampa,
1845 1026 2034 1064 maximas
2068 1028 2205 1075 gratias
2232 1040 2363 1076 agere,
2393 1029 2500 1077 quod

1434 1079 1577 1116 codicis
1614 1092 1731 1117 usum
1760 1079 1872 1117 nobis
1901 1080 2033 1117 iterato
2054 1088 2090 1117 et
2121 1081 2170 1118 ad
2198 1082 2326 1130 plures
2346 1094 2498 1118 menses

1433 1133 1701 1182 permiserunt.
1732 1134 1863 1180 Quam
1888 1133 2036 1179 merito,
2058 1146 2178 1183 quam
2206 1134 2321 1171 etiam
2340 1134 2497 1178 sincere,

1434 1198 1571 1223 eorum
1600 1187 1880 1224 humanitatem
1899 1194 2041 1234 gratam
2063 1195 2338 1236 acceptamque
2358 1188 2499 1224 habea-

1433 1252 1542 1286 mus,
1572 1252 1617 1277 ex
1646 1241 1722 1277 hoc
1749 1239 1955 1287 intelligant
1989 1241 2096 1289 quod
2133 1241 2399 1289 Supplementi
2433 1253 2499 1278 cu-

1434 1293 1542 1330 randi
1565 1294 1782 1330 facultatem
1808 1293 1856 1330 ab
1876 1293 2030 1330 illorum
2054 1294 2244 1331 beneficio
2268 1294 2381 1331 unice
2409 1294 2498 1331 fate-

1432 1358 1522 1383 mur
1541 1346 1742 1395 accepisse.
1773 1346 1857 1383 Nisi
1877 1346 1981 1383 enim
2009 1355 2162 1396 tempus
2183 1354 2336 1384 maturo
2356 1347 2499 1384 codicis

1432 1399 1559 1436 studio
1588 1399 1847 1436 necessarium
1876 1399 2076 1437 liberaliter
2103 1412 2332 1437 concessum
2355 1400 2496 1446 fuisset,

1431 1464 1503 1489 nos
1531 1453 1698 1490 latuisset
1727 1465 1818 1490 eum
1855 1453 2125 1502 compilatoris
2162 1453 2416 1502 praecipuum
2444 1461 2496 1490 te-

1431 1513 1526 1542 stem
1557 1514 1593 1542 et
1620 1514 1743 1543 textus
1765 1507 1871 1554 prelo
1901 1506 2001 1551 editi,
2027 1519 2147 1555 quem
2174 1514 2386 1555 utcumque
2415 1518 2499 1543 cor-

1431 1566 1577 1595 rectum
1607 1558 1740 1596 iterare
1769 1571 1849 1595 non
1878 1559 2072 1605 desinunt,
2101 1559 2324 1608 proximum
2351 1560 2496 1597 fontem

1432 1623 1533 1657 esse;
1564 1612 1759 1648 latuissent
1787 1612 1902 1648 etiam
1931 1613 2123 1661 quaedam
2160 1625 2318 1661 prorsus
2346 1612 2498 1649 insolita

1430 1665 1703 1713 phaenomena
1712 1665 2041 1724 palaeographica.
2066 1665 2219 1712 Quibus
2230 1665 2388 1713 cognitis
2400 1666 2498 1713 Sup-

1430 1718 1612 1776 plementi
1642 1718 1814 1755 recensio
1843 1726 1879 1754 et
1907 1727 2128 1767 opportuna
2156 1726 2192 1755 et
2219 1720 2342 1755 multo
2367 1730 2497 1766 prom-

1430 1770 1531 1820 ptior
1557 1771 1775 1820 gratiorque
1806 1771 1951 1808 reddita
1978 1772 2192 1809 videbatur.
2223 1771 2285 1809 Sic
2304 1771 2399 1808 liber
2418 1771 2499 1808 Bri-

1430 1823 1570 1860 xiensis
1605 1824 1717 1861 nobis
1752 1824 1862 1873 quasi
1897 1825 2035 1862 unicus
2073 1824 2212 1862 edendi
2250 1832 2383 1862 auctor
2416 1824 2495 1861 fuit.

1430 1878 1630 1925 Rogamus
1659 1890 1749 1926 ergo
1777 1878 2038 1916 venerabilem
2057 1878 2298 1928 Episcopum
2327 1885 2362 1914 et
2391 1890 2497 1914 reve-

1430 1930 1679 1967 rendissimos
1714 1931 1952 1977 Canonicos,
1991 1940 2033 1969 ut
2061 1932 2232 1981 accipere
2260 1931 2377 1968 velint
2404 1930 2497 1979 grati

1431 1983 1549 2020 animi
1578 1983 1905 2032 significationem.

1482 2038 1523 2073 In
1540 2037 1776 2074 Praefatione
1792 2050 1861 2086 per
1875 2037 2090 2086 simplicem
2108 2037 2318 2074 terminum
2340 2052 2358 2070 «
2379 2037 2496 2073 Com-

1431 2090 1640 2126 mentarius
1663 2106 1681 2123 »
1713 2090 1956 2139 intelligimus
1980 2090 2084 2127 illam
2111 2090 2388 2127 Commentarii
2407 2102 2495 2138 por-

1430 2143 1596 2189 tionem,
1626 2155 1672 2179 ex
1702 2156 1779 2192 qua
1815 2143 2081 2193 Supplementi
2111 2143 2351 2193 Compilator
2377 2150 2496 2180 mate-

1430 2196 1503 2233 rias
1532 2196 1581 2233 ad
1610 2197 1816 2233 Summam
1849 2197 2122 2246 complendam
2155 2195 2378 2245 desumpsit.
2421 2195 2496 2233 Ubi

1429 2249 1616 2286 terminus
1645 2262 1715 2299 pro
1744 2257 1824 2286 toto
1853 2262 1969 2298 opere
1999 2249 2212 2296 adhibetur,
2242 2263 2288 2287 ex
2316 2257 2496 2286 contextu

1429 2304 1591 2351 planum
1619 2303 1695 2339 hoc
1723 2303 1802 2339 erit.
1833 2304 1925 2340 Pars
1955 2302 2233 2341 Commentarii
2261 2302 2301 2339 in
2330 2303 2493 2351 Supple-

1429 2363 1562 2392 mento
1581 2356 1803 2405 transcripta
1831 2356 1962 2405 incipit
1990 2368 2011 2393 a
2039 2356 2158 2392 Libro
2187 2356 2335 2402 Quarto
2365 2355 2495 2392 distin-

1430 2409 1554 2446 ctione
1564 2421 1635 2455 xlv,
1648 2409 1871 2458 quaestione
1887 2422 1908 2455 1,
1921 2409 2078 2446 articulo
2097 2409 2130 2455 3,
2144 2409 2434 2457 quaestiuncula
2451 2420 2472 2444 2
2485 2422 2493 2445 ε

1433 2477 1451 2496 «
1474 2462 1649 2499 Ulterius
1680 2462 1841 2499 Videtur
1860 2463 1965 2512 quod
1995 2462 2034 2499 in
2062 2461 2331 2499 innocentibus
2359 2461 2493 2510 poeni-

1428 2515 1544 2552 tentia
1564 2528 1645 2552 esse
1665 2528 1746 2552 non
1765 2515 1883 2564 possit
1906 2532 1939 2552 ».
1970 2516 2028 2552 Ex
2053 2516 2126 2552 hac
2145 2515 2436 2564 quaestiuncula
2454 2514 2494 2551 in

1430 2569 1709 2618 Supplemento
1743 2569 1863 2606 factus
1901 2576 1956 2606 est
1985 2568 2231 2615 Quaestionis
2258 2581 2327 2605 XVI.
2358 2568 2495 2605 articu-

1428 2623 1487 2658 lus
1506 2634 1536 2659 1:
1570 2637 1588 2655 <‹
1606 2622 1666 2658 Ad
1685 2622 1857 2671 primum
1878 2622 1931 2659 sic
1949 2622 2180 2671 proceditur.
2207 2621 2368 2658 Videtur
2386 2622 2492 2670 quod

1427 2674 1466 2711 in
1495 2674 1765 2712 innocentibus
1788 2691 1806 2709 »
1838 2683 1906 2712 etc.
1945 2674 2169 2712 Dictionum
2205 2675 2345 2711 harum
2383 2674 2491 2711 diffe-

1427 2728 1588 2765 rentiam
1618 2735 1654 2764 et
1681 2728 1870 2765 rationem
1899 2728 1980 2765 eius
2009 2728 2104 2764 infra
2133 2727 2419 2776 explicabimus.
2443 2750 2489 2754 —

1426 2782 1590 2818 Utemur
1618 2781 1732 2818 etiam
1751 2782 1800 2818 ad
1820 2781 2099 2829 designandum
2121 2780 2303 2817 infimum
2327 2780 2489 2828 gradum

1426 2833 1663 2870 divisionum
1700 2834 1881 2871 materiae
1918 2834 2082 2871 termino
2111 2833 2286 2870 technico
2327 2848 2345 2866 «
2373 2845 2489 2881 quae-

1427 2887 1616 2924 stiuncula
1638 2902 1680 2932 »,
1720 2887 1937 2924 secundum
1974 2899 2091 2923 usum
2119 2899 2142 2923 a
2174 2885 2362 2935 principio
2395 2886 2490 2935 preli

1426 2951 1695 2986 communem,
1726 2939 1823 2976 sicut
1851 2941 2054 2988 hucusque
2083 2939 2265 2976 omnibus
2294 2938 2490 2987 experien-

1426 2992 1476 3029 tia
1504 3000 1641 3030 notum
1679 2992 1997 3050 supponebamus
2025 3005 2142 3029 usum
2170 3003 2315 3029 vocum
2342 2991 2487 3037 Lectio,

1428 3044 1661 3095 Capitulum,
1683 3040 1885 3083 Articulus.
1924 3046 2051 3083 Habet
2070 3053 2106 3082 et
2133 3045 2203 3082 ista
2221 3044 2489 3104 terminologia

1426 3111 1538 3136 suam
1566 3098 1777 3143 historiam,
1803 3098 1870 3135 sed
1897 3098 1960 3136 hic
1987 3098 2075 3136 satis
2104 3106 2140 3135 et
2165 3098 2260 3135 forte
2295 3109 2375 3134 non
2404 3097 2488 3134 inu-

1425 3151 1486 3188 tile
1516 3151 1585 3188 erit
1613 3128 1928 3198 animadvertere,
1960 3151 1997 3188 S.
2019 3152 2218 3188 Thomam
2251 3150 2380 3200 ipsum
2408 3163 2488 3187 non

1425 3217 1612 3253 usurpare
1648 3204 1810 3241 vocibus
1854 3203 2047 3241 Articulus
2084 3212 2120 3241 et
2164 3203 2487 3251 Quaestiuncula;

1424 3257 1546 3294 immo
1566 3257 1690 3307 ipsam
1709 3269 1849 3294 vocem
1878 3257 2063 3304 Quaestio
2082 3257 2212 3294 nescio
2234 3269 2284 3294 an
2312 3269 2488 3306 unquam

1424 3310 1529 3347 aliter
1547 3310 1727 3348 adhibeat
1745 3323 1865 3360 quarn
1884 3323 1954 3360 pro
1975 3323 2015 3349 re
2034 3322 2135 3360 quae
2155 3309 2360 3360 quaeritur.
2391 3310 2486 3346 Ter-

1423 3363 1519 3403 mini
1546 3363 1615 3408 isti,
1637 3363 1733 3401 sicut
1761 3363 1875 3402 etiam
1903 3363 2096 3413 inscriptio
2124 3363 2324 3401 titulorum
2353 3363 2401 3400 ad
2430 3375 2487 3399 ar-

1420 3417 1567 3462 ticulos,
1589 3416 1762 3454 adhiberi
1790 3424 1826 3454 et
1853 3416 1943 3454 addi
1970 3416 2096 3466 coepti
2124 3424 2213 3454 sunt
2231 3428 2301 3465 per
2328 3415 2486 3465 scripto-

1422 3482 1481 3507 res
1500 3469 1699 3507 iuniorum
1717 3469 1919 3516 codicum;
1948 3470 2037 3507 inde
2056 3469 2243 3520 paulatim
2271 3469 2371 3506 aucti
2398 3476 2487 3506 sunt

2308 3540 2341 3565 a*
