2878 4088
328 732 370 772 -93
386 733 405 761 b

331 811 374 842 94
390 812 407 832 a

433 228 540 255 XXXVI

855 292 989 322 Quassrto
1008 299 1075 316 xmx.

430 382 474 407 63.
493 381 588 405 habere
606 380 693 412 aliqua
710 379 779 404 bona
796 393 815 397 -
833 378 917 410 aliqua
935 377 1029 402 habere
1049 375 1080 405 Q,
1101 375 1196 400 habere
1215 373 1299 404 aliqua
1319 369 1411 396 LMNc.

433 417 476 450 67.
496 416 596 448 dignius
614 429 633 434 —
651 415 761 440 divinius
781 414 832 438 CN.

433 452 474 478 68.
494 451 668 476 excusandum
688 465 703 470 -
723 449 889 475 excusandae.

495 487 623 520 aliquibus
642 501 661 505 —
678 487 753 510 bonis
772 485 876 510 addunt
895 483 1037 508 modernae
1056 480 1145 513 Suppl.

433 523 474 557 75.
494 523 562 547 bona
580 529 622 547 om
642 522 667 546 S.
1046 518 1050 522 '

452 567 474 584 2.
495 559 544 583 Sed
564 558 707 582 secundum
725 570 744 575 —
762 556 808 580 sed
828 554 881 584 QL.

450 594 474 619 6.
495 594 559 619 sicut
622 601 645 625 7.
665 592 808 617 remedium
827 590 887 615 hom
907 596 948 614 om
969 587 1027 616 QM.

434 630 475 655 33.
494 630 551 662 ipso
569 643 588 647 —
606 629 662 661 lege
681 629 747 660 ipsa3
768 627 788 651 C
806 629 893 650 tamen
913 624 982 656 ipso3
1002 623 1034 655 cs.
1056 620 1160 654 79b49
1179 622 1205 643 et
1225 616 1301 658 233b
1322 623 1346 647 7.
1440 648 1445 654 .

433 666 475 691 61.
495 670 520 689 et
537 663 680 690 officiosum
701 667 726 687 et
744 661 886 686 remedium
903 667 944 684 om
965 657 995 687 Q,
1016 662 1040 681 et
1059 655 1096 689 (in
1115 654 1148 688 N)
1173 652 1286 677 officium
1305 655 1330 675 et
1348 649 1493 674 remedium

450 736 474 761 6.
494 700 638 768 oplei'iiisrpr
657 733 742 765 operis
762 731 825 763 Qcp.
935 728 974 753 16.
995 725 1180 751 indivisibilitas
1198 736 1217 741 —
1236 719 1457 746 indissolubilitas.

432 771 474 804 43.
495 771 544 795 Sed
562 784 581 789 —
599 770 637 795 Et.
747 767 787 792 55.
807 765 871 790 fiunt
889 779 907 783 -
925 763 1000 788 fuerit
1017 762 1050 792 M,
1069 761 1115 785 fuit
1133 767 1155 790 c,
1174 757 1235 782 fiant
1248 765 1279 789 p.

451 815 474 839 7.
494 806 536 830 hic
554 806 638 837 ipsum
657 817 676 822 —
694 803 743 827 hoc
762 801 819 831 QM.
839 800 880 824 hic
899 801 941 824 Lc.

451 841 475 867 8.
495 847 533 866 est
553 841 667 865 eiusdem
685 853 704 857 —-
723 838 765 869 (de
785 836 818 870 Q)
839 835 955 860 eiusdem
974 838 1014 857 est
1033 831 1127 860 QLMc.
1330 862 1336 867 .

435 885 474 910 17.
493 878 527 901 ita
544 890 563 894 -
581 876 644 899 infra
663 875 696 904 C;
717 873 746 898 S.
764 872 878 897 Thomas
896 870 978 903 refert
996 868 1033 892 ad
1051 873 1139 891 vocem
1159 862 1385 888 sacramentalitas.

494 913 562 936 bona
581 919 631 936 om.
741 908 781 932 31.
801 907 839 931 sui
859 923 884 931 ...
905 905 944 929 32.
965 911 995 927 ex
1013 902 1111 927 ratione
1130 901 1189 925 hom
1209 906 1251 923 om
1272 897 1343 930 QpL.

434 948 474 973 50.
494 947 602 979 pertinet
666 943 706 968 52.
727 951 778 967 non
797 947 882 967 autem
902 947 944 965 om
964 937 995 967 Q.
1244 969 1249 974 ι

434 983 473 1008 51.
494 989 570 1014 supra
589 988 630 1005 om
650 980 737 1010 LMcp.
847 975 888 1000 53.
910 973 1075 999 matrimonio
1093 986 1113 991 -
1131 972 1156 996 in
1176 970 1350 994 matrimonio.

432 1018 473 1043 61.
493 1018 572 1041 altero
591 1017 701 1040 duorum
721 1013 857 1037 modorum
875 1025 894 1029 —-
912 1009 1013 1035 duobus
1033 1007 1117 1033 modis
1138 1005 1251 1037 QLMcp.

432 1054 474 1086 73.
493 1050 683 1076 matrimonium
698 1052 761 1080 post
780 1047 921 1072 secundum
941 1052 976 1069 se.
1085 1051 1129 1076 74.
1147 1042 1205 1074 ipso
1224 1048 1268 1082 ont
1285 1047 1325 1072 cp.

448 1097 472 1121 9.
492 1095 544 1111 non
562 1094 604 1110 om
625 1084 728 1116 Qchp.
837 1082 877 1106 32.
898 1080 1009 1113 separari
1028 1083 1114 1111 potest
1132 1085 1174 1103 om
1195 1075 1309 1108 QMncp.

433 1124 472 1149 38.
492 1122 628 1146 succedere
646 1133 665 1137 -
684 1119 804 1143 accedere
824 1118 849 1141 S.

430 1167 473 1191 42.
493 1162 563 1183 actus
582 1155 672 1187 accipit
688 1169 707 1172 -
725 1153 814 1185 accipit
833 1151 951 1181 QLMNc.
1060 1149 1103 1182 43.
1123 1148 1214 1180 accipit
1225 1161 1245 1166 -
1259 1147 1337 1172 habet
1355 1146 1380 1171 S.

430 1194 472 1227 48.
492 1191 656 1217 sacramentis
676 1190 701 1214 in
720 1189 814 1221 quibus
831 1202 851 1207 -
869 1191 1031 1212 sacramento
1051 1186 1076 1210 in
1096 1192 1149 1218 quo
1168 1184 1194 1208 S.

449 1238 471 1254 2.
491 1227 634 1253 secundum
653 1226 842 1250 Damascenum
862 1230 904 1248 om
924 1221 1004 1251 QLM.

490 1262 631 1288 secundum
699 1260 720 1285 3.
741 1264 797 1284 actu
816 1260 876 1284 hom
895 1266 937 1283 om
956 1265 978 1282 c.
1089 1255 1129 1280 18.
1150 1254 1240 1279 dicitur
1257 1267 1276 1273 -
1293 1257 1381 1286 potest
1398 1260 1439 1285 cp.

430 1299 470 1325 28.
490 1307 520 1324 ex
539 1298 611 1322 dictis
630 1301 699 1329 patet
717 1310 736 1315 —
755 1296 849 1320 dictum
869 1299 909 1319 est
927 1294 951 1318 S.
1059 1299 1102 1323 40.
1123 1291 1148 1315 in
1167 1298 1199 1315 eo
1218 1297 1270 1315 om.

428 1335 471 1368 46.
490 1335 553 1359 ratio
572 1341 614 1358 om
634 1340 672 1364 cp.
780 1330 824 1362 48.
844 1328 1037 1363 quantitativam
1055 1342 1074 1346 —
1093 1327 1271 1360 quantitatem.

429 1379 470 1405 49.
490 1369 661 1395 intensionem
678 1381 697 1386 -
715 1366 866 1392 intensionis
885 1366 914 1395 L,
935 1365 965 1389 ad
985 1364 1153 1389 intentionem
1168 1369 1205 1394 p3
1223 1362 1256 1394 eff.
1277 1367 1335 1385 var.
1351 1366 1443 1392 praec.

431 1406 470 1431 52.
490 1403 663 1431 intensissima
680 1417 699 1421 —-
716 1403 842 1427 intensiva
861 1402 886 1426 S.

430 1441 469 1473 54.
490 1443 515 1467 in
533 1442 589 1473 ipsa
606 1454 625 1458 —
643 1440 668 1464 in
688 1438 729 1473 (ex
743 1439 775 1470 p)
795 1437 932 1470 praedicta.
1040 1433 1083 1468 67.
1103 1432 1260 1458 matrimonii
1279 1438 1322 1456 om
1342 1431 1394 1456 CN.

430 1485 470 1503 11.
489 1477 539 1502 Sed
601 1474 645 1500 fiat
663 1475 723 1500 hom
742 1481 784 1498 om
805 1472 891 1504 Qch.

429 1513 469 1538 13.
490 1513 539 1537 Sed
556 1526 575 1531 -
593 1515 663 1535 actus
682 1509 837 1535 matrimonii
855 1507 934 1533 addit
951 1508 972 1532 L
983 1515 989 1538 ;
1009 1507 1042 1540 cf.
1062 1513 1119 1531 var.
1134 1510 1226 1537 praec.

429 1548 469 1574 26.
489 1549 514 1573 in
533 1547 620 1572 habitu
639 1563 663 1571 ...
685 1553 725 1579 27.
745 1545 815 1577 quod
835 1549 896 1568 sunt
914 1544 974 1568 hom
994 1549 1036 1567 om
1057 1540 1103 1570 Qc.

430 1585 469 1610 31.
489 1584 559 1616 quod
617 1582 727 1615 pertinet
739 1594 759 1599 -
771 1579 915 1605 modernae
929 1578 1024 1611 Suppl3
1039 1584 1107 1609 quae
1160 1575 1287 1608 pertinent
1301 1580 1400 1599 omnes.

427 1620 469 1653 43.
490 1621 602 1644 salvatur
619 1632 638 1636 -
656 1619 770 1642 solvatur
789 1615 875 1648 Qch.
984 1621 1026 1645 44.
1046 1613 1072 1637 in
1091 1612 1165 1645 prole
1181 1625 1202 1630 —
1219 1610 1360 1643 improprie
1379 1608 1426 1638 Qc.

428 1656 470 1688 48.
489 1656 529 1680 vel
547 1669 566 1673 -
584 1661 643 1678 non.
752 1651 795 1685 75.
814 1652 839 1675 in
861 1657 917 1676 actu
931 1665 948 1670 -
964 1655 1021 1675 actu
1041 1647 1160 1678 CQLMc,
1174 1647 1206 1671 de
1225 1652 1282 1672 actu
1301 1646 1445 1671 modernae
1465 1645 1493 1670 C.

446 1700 470 1720 Q.
491 1691 556 1721 Quia
573 1704 592 1708 —
610 1689 675 1713 sicut
693 1688 798 1713 addunt
817 1687 842 1711 S.

430 1721 470 1759 24.
490 1732 589 1751 arcetur
606 1739 625 1744 —-
643 1729 753 1750 arctatur
772 1722 898 1752 CQLMN.
918 1726 1012 1746 atratur
1030 1727 1052 1745 c.

430 1763 470 1788 35.
490 1762 598 1787 mortale
663 1759 702 1785 36.
723 1765 762 1784 est
781 1763 914 1791 peccatum
934 1757 993 1782 hom
1013 1763 1056 1781 om
1077 1754 1134 1784 QM.

430 1799 470 1831 37.
490 1798 588 1830 respuit
605 1811 622 1816 —
641 1795 748 1828 despicit
767 1794 878 1826 QLMcp,
898 1793 1001 1825 respicit
1019 1792 1049 1816 N.
1158 1790 1200 1822 45.
1221 1790 1269 1814 erit
1285 1803 1305 1808 -
1323 1794 1393 1814 esset
1415 1795 1457 1820 cp.

431 1835 469 1859 51.
490 1835 521 1858 Et
538 1848 557 1852 —
577 1833 608 1857 Et
625 1832 683 1856 ideo
703 1830 766 1863 Qcp.
877 1829 918 1854 52.
938 1829 1040 1853 effertur
1057 1841 1076 1846 —-
1095 1827 1176 1851 fertur
1194 1826 1220 1850 S.

429 1870 470 1895 60.
490 1874 622 1902 peccatum
642 1868 750 1892 mortale
769 1867 814 1890 alt.
835 1867 890 1890 loco
908 1879 926 1884 -
945 1863 1082 1889 dicendum
1101 1861 1159 1891 QM.

429 1906 470 1938 64.
489 1905 628 1930 voluntatis
647 1902 725 1928 finem
742 1916 762 1922 -
781 1901 953 1926 delectationis
977 1898 1056 1924 finem
1073 1898 1115 1922 vel
1134 1897 1275 1922 voluntatis
1295 1895 1444 1929 (voluptatis
1459 1894 1492 1929 p)

518 1940 630 1972 QLMcp,
648 1939 727 1964 finem
746 1936 920 1963 delectationis
940 1941 983 1961 aut
1000 1934 1139 1967 voluptatis
1158 1933 1191 1958 N.

430 1976 472 2001 65.
490 1976 569 2001 utitur
587 1990 605 1994 -
622 1980 707 2000 utatur
726 1973 835 2005 QLNcp.

871 2047 1005 2078 anzsno
1023 2055 1046 2072 r..

432 2138 470 2162 3ο.
491 2137 538 2161 alia
555 2151 573 2154 -
592 2136 677 2168 aliqua
690 2142 719 2166 p.
830 2133 870 2166 57.
890 2132 915 2157 in
934 2131 1098 2156 matrimonio
1117 2138 1160 2155 om
1181 2129 1296 2162 QMNcp.

431 2172 471 2198 58.
490 2172 571 2205 ipsius
589 2186 608 2190 -
627 2170 780 2195 matrimonii
800 2170 825 2193 S.

430 2208 471 2234 63.
491 2207 601 2232 efficiunt
620 2207 644 2231 S.
753 2204 946 2230 matrimonium
964 2217 983 2221 -
1002 2207 1194 2227 sacramentum
1213 2202 1239 2226 S.

449 2252 471 2269 1.
491 2244 539 2268 hoc
559 2243 636 2267 modo
654 2256 673 2261 -
691 2241 732 2266 hic
747 2240 778 2270 Q,
793 2240 828 2264 sic
842 2240 930 2271 LMcp,
944 2238 1003 2263 hinc
1021 2238 1051 2262 N.
1160 2236 1184 2262 8.
1205 2244 1284 2269 supra
1302 2243 1345 2262 om
1359 2237 1384 2261 S.

433 2280 474 2305 23.
493 2280 588 2304 emisso
606 2293 625 2297 —
642 2277 753 2302 remisso
774 2275 820 2305 Qc.
930 2274 969 2299 28.
990 2274 1087 2298 scilicet
1105 2281 1157 2298 om.

432 2316 471 2340 32.
491 2315 608 2347 cognatio
625 2328 644 2332 -
662 2313 753 2338 deinde
772 2311 880 2336 affinitas
899 2310 1006 2335 addunt
1024 2309 1168 2334 modernae
1184 2308 1280 2340 Supp13
1299 2308 1332 2342 cs.
1348 2314 1407 2332 var.
1423 2313 1475 2339 seq.

433 2351 473 2376 33.
492 2351 634 2375 secundum
654 2357 682 2373 se
743 2348 784 2380 34.
803 2353 975 2379 personarum
998 2345 1058 2370 hom
1077 2353 1120 2370 om
1140 2343 1231 2376 CQcp,
1251 2343 1396 2368 secundum
1423 2350 1452 2367 se
1471 2346 1498 2367 et

520 2385 626 2410 affinitas
646 2385 674 2409 L.
782 2383 824 2414 48.
845 2390 949 2407 causam
966 2395 986 2400 -
1003 2385 1029 2405 et
1047 2381 1072 2405 in
1091 2381 1148 2405 Deo
1166 2380 1272 2405 addunt
1290 2379 1315 2404 S.

432 2421 474 2446 66.
493 2426 609 2450 naturae;
629 2420 781 2452 inquantum
841 2426 883 2451 70·
903 2418 1021 2442 statuitur
1040 2417 1097 2449 lege
1116 2416 1176 2441 hom
1195 2423 1238 2440 om
1258 2413 1347 2447 Qch.

451 2466 474 2488 9.
495 2457 636 2481 secundum
694 2454 837 2487 aliqualiter
855 2454 915 2478 hom
935 2460 977 2478 om
997 2451 1050 2481 QL.
1161 2458 1204 2477 11.
1223 2456 1249 2476 et
1265 2464 1285 2470 ·-
1302 2455 1328 2475 et
1345 2451 1412 2475 inter
1432 2449 1495 2481 Lep.

434 2493 473 2518 36.
493 2500 559 2524 quae
617 2491 778 2515 considerant
794 2504 814 2508 -
832 2497 898 2522 quae
917 2494 977 2513 sunt
1001 2488 1191 2521 particularium
1211 2486 1238 2511 in
1256 2486 1352 2519 quibus
1377 2489 1403 2510 et
1421 2489 1495 2510 actus

521 2527 714 2552 considerantur
733 2531 758 2551 et
777 2525 943 2550 conditiones,

871 2583 1005 2613 Qun-:suo
1023 2591 1056 2608 n.

451 2655 475 2677 4.
495 2645 620 2678 quidquid
637 2658 656 2662 -
673 2644 831 2676 quicumque
850 2641 913 2675 Qcp,
933 2643 1117 2675 quodcumque
1135 2642 1168 2672 Μ,
1188 2649 1231 2666 om
1251 2641 1281 2666 N.

437 2689 476 2706 10.
496 2681 666 2712 cognitionem
683 2693 702 2698 —
720 2679 891 2703 conditionem
912 2677 983 2707 QMc.

437 2724 477 2748 14.
497 2716 580 2741 differt
640 2714 680 2740 15.
695 2715 836 2746 ignorantia
850 2713 909 2738 hom
923 2721 965 2738 om
979 2712 1024 2743 Qc,
1040 2713 1071 2738 de
1085 2721 1132 2738 sua
1145 2713 1246 2738 ratione
1260 2712 1346 2737 differt
1363 2711 1396 2738 ab
1408 2715 1450 2738 etc
1461 2711 1495 2738 M.

436 2752 477 2778 16.
496 2760 548 2776 non
565 2752 687 2783 importat
702 2764 722 2769 —
739 2757 792 2774 non
811 2749 917 2781 impedit
936 2748 1028 2778 QLNc,
1046 2749 1154 2782 impedit
1171 2749 1205 2774 M.

455 2788 478 2813 5.
497 2788 546 2812 isto
565 2794 651 2811 errore
670 2787 830 2810 detineantur
846 2799 865 2803 -
882 2785 930 2809 iste
955 2792 1026 2809 error
1051 2785 1193 2809 detineatur
1212 2782 1307 2816 QMcp,
1326 2783 1368 2808 isti
1395 2790 1496 2808 errores

524 2823 682 2847 detineantur
700 2823 730 2852 L,
749 2821 796 2844 iste
815 2828 901 2845 errore
920 2820 1062 2845 detineatur
1080 2820 1110 2844 N.
1221 2819 1263 2845 26.
1282 2820 1346 2844 duas
1363 2826 1406 2844 om
1426 2818 1478 2844 CN.

438 2867 478 2892 29.
497 2858 576 2882 libere
594 2864 636 2882 om
656 2857 683 2882 C.
795 2855 834 2880 35.
854 2856 1008 2880 matrimonii
1026 2870 1044 2874 -
1063 2855 1253 2881 matrimoniali.

438 2895 478 2926 37.
498 2899 536 2918 est
553 2907 572 2912 —
590 2901 642 2918 non
660 2898 699 2917 est
718 2891 849 2924 QMchp.

439 2929 480 2955 38.
499 2930 563 2953 sicut
619 2928 660 2953 vel
679 2936 711 2952 an
730 2927 763 2952 sit
780 2942 799 2946 —
816 2927 912 2952 scilicet
931 2925 989 2960 (sed
1007 2925 1044 2961 M)
1104 2935 1136 2952 an
1157 2925 1247 2959 QMcp.

865 2985 1000 3015 Quaesno
1019 2994 1063 3012 m.

440 3047 479 3072 31.
499 3047 560 3072 alias
578 3060 598 3065 —
615 3051 701 3071 autern
719 3045 824 3071 addunt
843 3046 868 3070 S.

438 3090 480 3114 42.
500 3082 639 3114 Gregorius
659 3082 718 3106 dicit
733 3096 753 3100 —
771 3081 912 3113 Gregorius
932 3086 957 3105 et
975 3081 1098 3106 Boethius
1120 3081 1214 3106 dicunt.

440 3125 482 3150 72.
501 3118 664 3149 impotentiae
677 3123 720 3142 om
735 3116 794 3146 QM.

458 3152 481 3177 6.
501 3153 532 3177 ad
551 3160 630 3185 quem
647 3166 666 3170 -
683 3160 763 3184 quem
782 3150 842 3180 QM.
948 3151 972 3176 8.
993 3156 1018 3176 et
1037 3159 1088 3177 om.
1190 3159 1230 3177 21.
1250 3152 1316 3179 inter
1332 3165 1352 3171 —
1369 3152 1436 3177 circa
1458 3159 1498 3184 cp.

442 3187 482 3212 3ο.
501 3195 654 3212 conservare
681 3195 740 3212 esse
767 3187 793 3211 in
819 3194 872 3211 uno
884 3206 890 3217 ‚
910 3192 1045 3212 conservat
1063 3201 1083 3206 -
1101 3188 1248 3213 conservari
1267 3187 1438 3220 (conservare
1456 3186 1499 3222 N)

528 3223 552 3247 in
571 3231 622 3247 uno
641 3229 707 3251 esse,
727 3227 893 3246 conservatur
911 3221 1025 3254 QMNcp.

440 3265 484 3290 49.
503 3263 541 3282 est
559 3258 604 3282 alt.
624 3258 680 3283 loco
698 3265 740 3282 om
760 3256 787 3282 S.
895 3256 937 3282 61.
957 3263 1041 3282 cetera
1059 3265 1110 3282 om.

320 3287 382 3309 100
399 3289 416 3308 a
443 3292 484 3325 39.
503 3293 648 3317 clericatum
664 3306 684 3311 -
701 3293 803 3317 ordines
822 3293 846 3317 S.

444 3327 485 3352 52.
504 3327 723 3352 conservationem
740 3342 759 3346 —
776 3328 951 3359 operationem
971 3326 1081 3360 CQNcp.

322 3359 383 3380 100
396 3350 416 3379 b
463 3362 486 3386 3.
504 3363 610 3395 requirit
626 3376 646 3381 —
663 3363 804 3394 requirunt.
912 3370 935 3394 7.
955 3364 1116 3394 particularia
1133 3377 1153 3382 -
1171 3365 1284 3397 pericula
1301 3365 1327 3389 S.

446 3397 485 3421 31.
503 3398 669 3429 supervenire
685 3411 706 3416 —
723 3398 874 3422 intervenire
893 3396 964 3426 QNc.
1073 3398 1114 3431 37.
1134 3398 1176 3424 38.
1195 3399 1374 3424 favorabiliora
1392 3398 1483 3432 QMcp.

323 3428 379 3450 10¹
401 3429 418 3449 a
446 3439 487 3457 20.
506 3440 563 3456 esse
580 3446 599 3450 —
618 3433 736 3457 essentia.
843 3433 970 3464 dependet
986 3446 1005 3451 —-
1025 3433 1156 3459 descendit
1174 3433 1264 3466 QMcp.
1458 3459 1460 3461 ,

446 3467 487 3498 34.
506 3468 559 3491 aliis
577 3475 620 3492 om
635 3475 664 3499 p.
770 3466 819 3492 hoc
836 3467 955 3492 videmus
970 3472 1034 3499 post
1051 3474 1191 3494 nascuntur
1210 3470 1353 3496 modernae
1370 3470 1460 3502 Suppl.

325 3536 382 3559 101
399 3528 418 3558 b
445 3501 487 3561 45.
507 3509 574 3561 ἒβη
592 3502 714 3566 αιίρζῖεο
731 3515 750 3521 -
767 3502 909 3526 secundum
927 3503 998 3535 quod
1017 3503 1096 3536 (quae
1113 3503 1147 3537 N)
1166 3504 1194 3530 S.

481 3555 488 3562 .
536 3545 550 3561 ιι
569 3544 610 3562 om
680 3544 719 3569 cp.

1979 277 2113 307 Quaesuo
2138 285 2192 304 Lm.

1551 373 1591 397 ¹4
1611 366 1676 390 ordo
1695 372 1732 390 ex
1749 372 1781 396 cp
1800 364 1963 388 addidimus.
2074 362 2116 387 28.
2135 363 2266 387 Ecclesiae
2284 362 2381 387 adeo-
2398 360 2449 386 Dei
2467 361 2532 386 adeo
2552 359 2616 392 Qcp.

1551 401 1591 426 51.
1612 408 1734 434 expresse
1751 415 1770 419 —
1788 399 1923 424 manifeste
1943 399 1968 423 S.

1550 435 1592 461 56.
1611 440 1772 460 contractum
1790 449 1810 454 -
1827 440 1856 459 ut
1875 442 1905 459 ex
1925 435 1997 459 dictis
2017 439 2087 466 patet
2105 433 2211 458 addunt
2230 431 2322 464 QMcp.

1550 470 1591 503 57.
1606 479 1660 503 pro
1679 471 1700 495 N
1719 471 1752 503 cf.
1774 470 1854 495 Praef.
1874 478 1898 495 n.
1920 477 1960 494 22.
2069 468 2111 500 64.
2133 468 2199 494 facta
2215 482 2235 487 —
2253 467 2356 492 factam.

1549 506 1591 531 66.
1611 507 1707 531 scilicet
1726 506 1798 530 uxori
1817 513 1870 531 om.
1978 504 2020 538 73.
2039 503 2068 529 fit
2085 512 2137 529 om.
2246 511 2289 536 74.
2308 503 2407 535 obligat
2425 501 2517 534 QMcp.

1567 541 1591 566 3.
1609 542 1696 566 uxoris
1710 556 1729 560 —
1741 541 1855 566 mulieris
1873 541 1915 565 vel
1934 541 2021 565 uxoris
2037 539 2128 572 QMcp.
2254 538 2279 564 8.
2299 538 2370 571 quod
2383 552 2403 557 —-
2415 538 2486 570 quod
2499 536 2549 562 hoc
2562 536 2616 566 QL.
2649 537 2710 559 102
2727 539 2745 559 a

1550 583 1590 602 ιι.
1611 577 1794 609 consanguinei
1811 590 1830 595 -
1848 576 2065 608 consanguineae.
2175 581 2217 600 21.
2236 575 2287 599 iam
2306 581 2358 599 om.

1550 619 1590 637 22.
1611 618 1651 637 est
1670 613 1717 637 sibi
1735 626 1755 631 -
1771 613 1822 637 iam
1842 617 1882 636 est
1900 612 1923 636 ei
1942 610 2022 641 QLM,
2042 611 2093 635 iam
2113 615 2152 635 est
2169 617 2192 640 c,
2211 615 2251 635 est
2270 609 2318 634 sibi
2337 610 2388 634 iam
2403 617 2433 641 p.

1550 648 1590 672 23.
1609 653 1697 673 tamen
1716 655 1769 674 om.
1880 654 1921 679 24.
1940 647 1972 671 ad
1990 646 2040 671 hoc
2059 653 2112 671 om.
2221 645 2262 670 28.
2282 644 2364 669 factus
2383 645 2426 670 o'm
2446 643 2504 674 QM.

1547 683 1590 714 43.
1610 684 1804 708 matrimonium
1862 690 1905 714 44.
1925 682 2073 715 inspiciatur
2091 689 2134 706 om
2154 680 2213 714 QM.

1550 725 1590 751 14.
1611 720 1708 744 scilicet
1725 726 1768 744 om
1787 719 1812 744 S.
2029 716 2071 742 15.
2092 717 2146 742 Deo
2164 716 2227 741 illud
2245 730 2265 735 -
2282 723 2311 740 se
2330 715 2395 740 Deo.
2649 723 2710 745 102
2723 714 2744 744 b

1550 754 1589 779 16.
1610 755 1696 788 ipsum
1716 754 1768 787 (sic
1786 755 1843 788 lege
1861 761 1920 779 cum
1941 753 2000 787 CN)
2019 767 2039 772 -
2057 753 2181 785 seipsum.
2291 758 2333 785 19.
2353 751 2512 784 praedictum
2525 764 2544 769 —
2557 751 2616 776 tale.

1549 790 1590 815 26.
1609 795 1639 815 ut
1657 790 1694 815 sic
1711 805 1730 809 —
1748 791 1777 814 si.
1889 797 1929 823 29.
1949 789 2112 821 obligationis
2130 803 2149 807 —
2167 787 2270 820 generis
2289 786 2461 819 obligationis.

1550 825 1590 851 36.
1610 827 1729 851 solemne
1747 833 1790 851 om
1810 824 1857 855 Qc.
1964 823 2007 856 48.
2026 824 2097 857 Ergo
2161 823 2354 848 Occidentalem
2372 836 2391 841 -
2409 823 2479 854 Ergo
2498 826 2545 847 etc.

1549 861 1592 887 25.
1611 862 1661 886 iam
1681 866 1751 894 patet
1770 861 1841 894 quod
1855 868 1907 886 om.
2017 859 2058 885 26.
2077 859 2224 892 impedit
2246 866 2286 891 27.
2305 858 2403 891 ubique
2421 858 2482 883 hom
2501 865 2544 883 om
2564 857 2590 882 S.
2649 850 2710 881 103
2729 859 2749 880 a

1532 922 1534 924 ,
1549 904 1592 929 27.
1611 897 1704 922 habeat
1721 911 1740 916 -
1757 896 1835 921 habet
1854 895 1967 928 QLMc.-p,
1986 903 2038 920 non
2057 895 2135 920 habet
2153 895 2175 919 N
2181 903 2188 926 ;
2207 895 2240 928 cf.
2261 901 2318 919 var.
2333 901 2427 926 praec.

1550 932 1590 957 38.
1611 937 1735 957 statutum
1753 946 1773 951 -
1791 937 1895 957 statum.
2005 931 2178 956 Occidentalis
2195 945 2214 949 -
2234 930 2373 955 Orientalis
2393 928 2448 959 QL.

1547 975 1590 999 42.
1610 973 1636 992 et
1654 975 1684 992 ex
1701 983 1720 987 -
1738 976 1777 993 ex.
1884 966 1927 1001 43.
1946 966 2010 992 haec
2067 966 2217 991 auferuntur
2234 979 2254 984 —
2271 965 2321 990 hoc
2379 964 2501 989 aufertur.

1549 1003 1591 1037 59.
1611 1004 1780 1029 continentiae
1799 1007 1890 1028 votum
1909 1010 2037 1027 annexum
2054 1016 2074 1021 —-
2092 1001 2275 1027 continentiam
2294 1008 2419 1026 annexam
2439 1000 2466 1026 S.

1548 1046 1590 1071 72.
1610 1039 1657 1063 viri
1676 1047 1723 1072 per
1741 1039 1789 1063 viri
1807 1043 1893 1063 actum
1911 1052 1930 1057 -
1947 1046 1995 1071 per
2012 1038 2186 1063 iuramentum
2205 1036 2279 1067 QMc,
2297 1044 2345 1070 per
2361 1036 2408 1061 viri
2427 1041 2512 1061 actum
2527 1043 2558 1068 p.

1567 1081 1591 1099 2.
1611 1082 1625 1099 e
1644 1082 1770 1099 converso
1787 1088 1807 1093 ·-
1825 1078 1872 1099 etc.
1982 1080 2024 1105 14.
2043 1081 2146 1098 sacrum
2165 1073 2282 1097 ordinem
2302 1073 2406 1105 accipiat
2423 1079 2474 1098 om.
2649 1068 2711 1100 103
2725 1068 2747 1099 b

1550 1116 1591 1136 21.
1611 1110 1632 1134 si
1651 1117 1704 1134 non
1722 1110 1807 1142 possit
1824 1124 1844 1128 —
1862 1109 1909 1134 sed
1928 1117 1980 1134 non
1999 1113 2086 1141 potest
2104 1109 2207 1142 (posset
2225 1107 2260 1142 Q)
2280 1107 2337 1138 QN.

1547 1152 1593 1178 47.
1611 1145 1774 1178 praecedenti
1793 1159 1812 1164 -
1830 1145 1968 1177 praecepti.

1982 1232 2117 1263 Quas-no
2135 1240 2188 1259 uv.

1549 1323 1592 1349 61.
1608 1323 1735 1356 impediat
1753 1330 1790 1348 ex
1808 1323 1844 1354 N;
1855 1311 2028 1356 impediatur.

1568 1366 1591 1383 2.
1611 1359 1820 1400 convenientium
1836 1372 1855 1377 —-
1873 1357 2080 1384 contrahentium
2099 1357 2172 1388 QMc.
2513 1394 2519 1400 .
2650 1370 2714 1402 104
2729 1372 2750 1393 ι

1567 1402 1591 1428 7.
1611 1395 1756 1420 secundum
1775 1394 1963 1427 Phssosophum
1981 1401 2024 1419 om
2044 1393 2182 1427 QLMNcp.
2293 1393 2334 1426 34.
2354 1394 2543 1420 descendentis.

1547 1437 1593 1461 42.
1611 1435 1713 1454 motum
1728 1435 1828 1455 tantum
1840 1444 1860 1450 -
1873 1434 1975 1454 motum
1990 1429 2082 1462 QMcp.
2192 1429 2233 1462 54.
2254 1428 2404 1456 definitione
2414 1444 2435 1450 -
2448 1428 2618 1456 distinctione.

1550 1464 1591 1498 57.
1612 1465 1685 1490 dictis
1703 1479 1723 1484 -·
1740 1466 1877 1498 praedictis
1896 1465 1984 1497 LMcp.

1549 1499 1592 1534 67.
1611 1501 1742 1527 abscisum
1762 1506 1802 1526 est
1820 1502 1919 1534 lignum
1937 1515 1956 1520 —
1974 1501 2092 1526 abscisus
2112 1506 2159 1526 est.

1550 1543 1591 1562 ιι,
1612 1544 1747 1569 nunquam
1765 1551 1785 1556 —-
1803 1537 1962 1562 matrimonii
1981 1544 2116 1570 nunquam
2137 1535 2227 1569 QMc.-p.
2651 1532 2747 1572 104b

1550 1579 1592 1598 12.
1611 1577 1702 1605 posset
1717 1587 1737 1591 -
1755 1578 1842 1606 potest
1869 1571 1960 1605 QMcp.

1550 1608 1591 1642 37.
1611 1608 1702 1668 εαὲοῐῐι
1725 1607 1826 1633 videtur
1851 1609 1942 1633 divisio
1959 1621 1979 1626 —
1997 1607 2089 1632 eadem
2113 1609 2212 1634 ratione
2235 1607 2338 1633 videtur
2361 1607 2432 1640 quod
2451 1615 2504 1635 non
2528 1608 2621 1638 debeat

1657 1644 1693 1668 eri
1712 1644 1810 1669 divisio.
2248 1657 2251 1661 ·
2576 1639 2578 1641 ’

1547 1678 1591 1711 45.
1611 1687 1658 1711 per
1676 1680 1771 1711 gradus
1791 1687 1833 1705 om
1855 1678 1914 1708 QM.
2024 1679 2065 1704 51.
2085 1679 2195 1712 quilibet
2214 1677 2271 1709 QM.

1550 1713 1591 1739 56.
1611 1716 1840 1747 consanguinitatis
1861 1713 1935 1744 QMc.
2043 1722 2087 1748 70.
2105 1715 2224 1747 ipsorum
2241 1730 2261 1734 —
2279 1714 2361 1747 ipsius
2380 1715 2407 1740 S.

1550 1749 1592 1776 15.
1612 1750 1693 1775 sibi-
1705 1751 1797 1784 aliquis
1817 1749 1909 1783 QMcp,
1925 1750 2021 1784 aliquis
2040 1755 2081 1776 est
2099 1750 2148 1775 sibi
2162 1751 2192 1775 L.
2302 1749 2343 1776 23.
2362 1750 2555 1784 propagationis
2566 1757 2619 1780 ont.
2650 1746 2712 1776 105
2729 1755 2748 1776 a

1551 1785 1592 1811 26.
1612 1787 1724 1819 utrique.
1832 1785 1875 1819 46.
1896 1792 1978 1820 quoto
1995 1801 2015 1806 —
2032 1791 2098 1819 quot
2115 1786 2151 1811 N.
2577 1782 2579 1785 ’

1547 1829 1593 1854 47.
1611 1827 1667 1846 toto
1684 1836 1704 1841 —
1721 1827 1793 1847 tanto
1811 1822 1845 1852 Μ,
1864 1827 1903 1847 tot
1920 1822 1952 1847 N.
2059 1829 2103 1855 49.
2122 1822 2186 1846 illud
2202 1835 2222 1840 —-
2240 1826 2266 1847 et
2283 1821 2347 1846 illud
2365 1821 2393 1847 S.

1549 1864 1590 1883 11.
1610 1858 1644 1882 ita
1656 1872 1675 1876 -
1694 1863 1720 1883 et
1731 1858 1765 1882 ita
1780 1856 1867 1890 QNcp.
1881 1858 1916 1883 ita
1929 1863 1954 1883 et
1967 1858 2024 1883 LM.
2135 1856 2176 1883 28.
2196 1862 2354 1891 propatruus
2367 1871 2387 1876 -
2398 1862 2507 1891 paunus
2521 1853 2620 1889 QMNc,
2651 1851 2712 1882 105
2726 1851 2747 1881 b

1547 1893 1590 1919 36.
1609 1893 1675 1918 duae
1693 1900 1735 1918 om
1756 1892 1846 1926 QMcp.
1904 1916 1908 1918 .
1954 1893 1998 1925 48.
2016 1892 2238 1918 matrimonialiter
2255 1893 2310 1923 LN.
2328 1893 2422 1919 mulier
2439 1891 2533 1926 QMcp.

1548 1928 1590 1962 67.
1609 1929 1679 1954 iuvat
1695 1943 1715 1948 -
1733 1929 1789 1954 unit
1807 1928 1897 1961 QMc.-p.
2576 1927 2578 1930 ’

1549 1964 1591 1990 13.
1609 1969 1638 1989 ut
1656 1965 1768 1990 totaliter
1786 1965 1892 1990 tollatur
1907 1978 1927 1983 -
1945 1964 2057 1990 totaliter
2076 1963 2168 1996 QMcp.
2652 1961 2714 1992 106
2730 1971 2749 1992 a

1549 2000 1592 2026 16.
1610 2008 1663 2025 non
1681 2005 1711 2025 ut
1727 2014 1747 2019 —-
1764 2006 1793 2025 ut
1805 2008 1857 2025 non
1873 1998 1964 2032 QMcp.
2075 1999 2116 2024 26.
2136 2000 2184 2024 Cui
2201 2013 2220 2019 —-
2239 1999 2284 2032 qui
2298 2007 2328 2032 p.

1550 2037 1591 2062 32.
1611 2037 1717 2061 alterius
1732 2036 1811 2061 altera
1826 2034 1916 2067 QMcp.
2027 2035 2070 2069 39.
2085 2036 2238 2067 sanguine—
2247 2035 2469 2068 consanguinitate
2482 2034 2508 2060 S.

1548 2071 1603 2107 (52.
1622 2080 1690 2097 unus
1708 2079 1792 2104 equus
1813 2071 1924 2104 omnes).
2033 2069 2075 2096 61.
2094 2071 2183 2096 omnia
2200 2071 2321 2096 animalia
2336 2085 2356 2090 —
2374 2070 2504 2098 artimalia.

1549 2116 1592 2141 72.
1612 2108 1724 2139 cognitio
1741 2121 1761 2126 -
1779 2107 1850 2140 quod
1869 2112 1910 2132 est
1928 2106 2039 2140 cognitio
2059 2105 2151 2139 QMcp.

1547 2152 1592 2176 40.
1610 2143 1707 2168 habere
1723 2157 1743 2161 -
1761 2143 1893 2174 assignare
1911 2142 1952 2167 vel
1971 2142 2076 2168 habere.
2578 2139 2581 2143 ’
2652 2139 2715 2171 106
2726 2139 2748 2170 b

1547 2187 1591 2211 42.
1611 2186 1721 2203 numero
1738 2193 1758 2197 -
1775 2178 1940 2203 matrimonio
1959 2177 2116 2211 QMNchp.

1550 2215 1592 2249 59.
1612 2214 1765 2239 sacramenti
1784 2219 1810 2238 et
1827 2214 1853 2238 in
1872 2221 1967 2246 genere
1986 2214 2047 2239 hom
2066 2221 2109 2239 om
2129 2212 2162 2243 Q,
2173 2214 2334 2238 sacramenti
2353 2218 2379 2238 et
2397 2214 2427 2239 L.

1549 2250 1592 2283 64.
1612 2250 1704 2275 eadem
1764 2255 1900 2274 revocante
1917 2263 1937 2268 —-
1955 2250 2064 2274 eandem
2084 2249 2292 2274 coniunctionem
2315 2248 2489 2274 ecclesiastica
2506 2249 2620 2282 prohibi-

1639 2286 1709 2310 tione
1727 2290 1864 2310 revocante
1883 2284 1977 2317 Qch;
1996 2285 2169 2310 ecclesiastica
2187 2284 2268 2310 etiam
2287 2285 2321 2309 M.
2572 2295 2576 2297 -

1552 2321 1593 2348 23.
1613 2321 1749 2354 incipiebat
1765 2335 1785 2340 -
1804 2321 1948 2346 modernae
1967 2320 2062 2353 Suppl;
2081 2319 2235 2352 incipiebant
2251 2327 2350 2346 omnes.
2576 2316 2579 2317 ⁷
2647 2310 2748 2344 Ἰ073

1552 2356 1593 2382 26.
1613 2357 1681 2382 licite
1699 2364 1742 2382 om
1762 2357 1788 2382 S.
1896 2363 2019 2388 magnum
2038 2370 2058 2375 ·-
2076 2356 2226 2384 maximum.

1612 2392 1762 2418 incendium
1781 2391 1873 2424 QMcp.
1984 2391 2025 2425 37.
2045 2396 2070 2417 et
2087 2396 2116 2417 ut
2133 2406 2152 2410 -
2170 2396 2199 2417 ut
2217 2396 2243 2416 et
2261 2390 2356 2422 QLMc.
2375 2395 2404 2416 ut
2415 2398 2448 2425 p.

1549 2436 1593 2460 40.
1613 2432 1779 2461 promanaret
1795 2442 1815 2447 -
1831 2432 1997 2460 permaneret
2014 2425 2158 2457 CQLMNc.

1552 2463 1593 2489 51.
1613 2469 1668 2489 erat
1683 2478 1704 2483 —-
1721 2468 1776 2488 erat
1794 2463 2023 2496 consanguinitatis
2041 2463 2136 2497 gradus
2155 2461 2293 2495 prohibere
2312 2460 2409 2492 QLMc.
2427 2469 2470 2491 om
2485 2469 2515 2494 p.

1552 2499 1593 2533 59.
1613 2507 1642 2524 se
1660 2506 1703 2524 om
1724 2498 1838 2531 QMNcp.
1947 2498 1990 2524 60.
2008 2499 2158 2524 visitaturus
2177 2496 2242 2530 Qcp.
2350 2497 2394 2523 62.
2413 2496 2442 2523 fit
2453 2512 2474 2517 —
2485 2498 2553 2524 sicut
2571 2496 2618 2530 Qc.

1551 2535 1594 2560 63.
1613 2535 1741 2560 receditur
1753 2549 1772 2554 —
1790 2534 1912 2560 recedere
1931 2532 2005 2567 QpL.
2113 2533 2156 2559 66.
2175 2534 2306 2559 evanescit
2318 2547 2338 2552 -
2351 2541 2411 2559 esse
2429 2533 2561 2560 evanescit

1551 2578 1594 2604 74.
1614 2571 1724 2596 eandem
1783 2575 1809 2595 et
1825 2584 1845 2589 ·-
1862 2574 1960 2594 tantam
1983 2569 2168 2602 obligationem
2194 2569 2263 2594 sicut
2279 2574 2306 2594 et
2329 2568 2416 2602 Qch.
2434 2569 2545 2595 eandem
2566 2564 2620 2597 v'tm

1639 2606 1770 2638 obligandi
1784 2606 1850 2631 sicut
1868 2610 1894 2630 et
1906 2605 1940 2634 Μ,
1954 2605 2086 2638 quandam
2098 2605 2230 2637 obligandi
2247 2603 2387 2634 efficaciam
2402 2609 2529 2638 quantum
2543 2600 2621 2632 nd‘N.

1552 2648 1594 2668 11.
1608 2643 1649 2666 vel
1665 2650 1716 2666 non
1732 2642 1783 2667 sint
1797 2642 1857 2666 hom
1871 2648 1914 2666 om
1930 2639 1995 2672 Qcp.
2105 2647 2146 2665 12.
2165 2640 2227 2673 quia
2276 2639 2319 2666 13.
2331 2645 2518 2671 remanentem
2532 2634 2619 2677 Ωιφ.
2652 2636 2714 2669 ¹07
2726 2628 2747 2659 b

1554 2684 1595 2711 ¹9·
1615 2678 1666 2702 iam
1725 2677 1796 2710 quod
1815 2684 1858 2702 om
1878 2675 1993 2709 QMNcp.
2103 2683 2144 2708 24.
2164 2677 2210 2701 sed
2227 2689 2247 2695 —
2265 2681 2291 2701 et
2309 2673 2402 2708 QMcp.
2577 2672 2582 2676 ⁵

1552 2712 1594 2738 5ο.
1613 2718 1734 2746 nepotem
1754 2712 1910 2746 QMNchp.

1989 2787 2124 2818 Qumis-no
2142 2797 2183 2814 zv.

1571 2874 1595 2893 1.
1614 2867 1678 2892 illud
1697 2881 1715 2886 -—
1732 2871 1760 2892 et
1778 2866 1840 2892 illud
1858 2866 1886 2891 S.
1995 2873 2019 2891 2.
2040 2866 2090 2893 nisi
2109 2867 2208 2892 ratione
2225 2866 2273 2892 viri
2287 2866 2349 2892 hom
2368 2873 2412 2892 om
2431 2865 2496 2898 qu.
2653 2857 2714 2889 108
2730 2867 2750 2888 a

1554 2910 1594 2928 10.
1614 2911 1661 2936 per
1680 2901 1828 2927 affinitatem
1847 2909 1889 2927 om
1910 2901 2024 2934 QMNcp.
2135 2901 2175 2927 3ο.
2193 2902 2286 2928 radicis
2303 2915 2324 2922 -
2341 2901 2490 2927 communis
2505 2902 2621 2931 auant.

1554 2939 1595 2973 39.
1615 2946 1727 2971 persona
1745 2938 1850 2963 scilicet.
1960 2937 2002 2969 54.
2020 2937 2132 2970 separati
2150 2942 2177 2963 et
2195 2937 2391 2971 quodammodo
2404 2937 2466 2962 hom
2483 2944 2527 2963 ουκ
2541 2936 2602 2968 m..

1554 2975 1595 3009 59.
1615 2974 1684 3001 aliud
1702 2980 1755 3000 om.
1863 2972 1906 3005 64.
1926 2973 1959 2998 Et
1975 2987 1994 2992 -
2008 2973 2063 2998 sed
2082 2973 2108 2999 S.
2217 2972 2260 3006 73.
2278 2973 2320 2998 vel
2339 2973 2470 2998 minuatur
2482 2979 2540 2999 om.

1572 3009 1596 3036 5.
1615 3010 1671 3036 eius
1689 3016 1732 3034 om
1753 3007 1799 3038 Qc.
1907 3007 1932 3034 6.
1953 3016 2021 3033 nunc
2037 3022 2057 3028 ·-
2073 3013 2135 3035 tunc
2154 3007 2266 3042 QLNcp.
2653 2999 2715 3031 108
2728 3000 2749 3030 b

1554 3053 1597 3078 14.
1616 3045 1664 3070 viri
1681 3059 1700 3064 —
1718 3049 1762 3069 aut
1779 3045 1866 3069 uxoris
1884 3044 1991 3069 addunt
2009 3044 2035 3069 S.

1554 3088 1597 3113 24.
1616 3082 1682 3106 inter
1700 3087 1766 3113 quas
1785 3085 1825 3104 est
1843 3078 1952 3104 affinitas
1971 3087 2023 3104 om.
2132 3078 2175 3104 25.
2192 3079 2283 3104 tertiae
2300 3086 2352 3104 om.

1556 3117 1597 3150 39.
1612 3124 1681 3141 nunc
1689 3130 1709 3135 ·-
1720 3120 1782 3140 tunc
1792 3113 1907 3147 QMNcp.
1996 3121 2040 3146 44.
2056 3114 2259 3140 destructionem
2268 3127 2287 3133 —
2297 3114 2499 3140 subtractionem
2513 3114 2539 3141 S.

1553 3152 1597 3185 45.
1617 3151 1714 3176 scilicet
1732 3150 1879 3176 alterutrius
1896 3164 1916 3169 -
1934 3150 2078 3175 modernae
2096 3150 2193 3183 Supp1;
2211 3157 2258 3183 per
2276 3150 2429 3174 alterutrum
2447 3157 2547 3177 omnes.

1555 3195 1597 3213 22.
1615 3186 1765 3212 affinitatem
1781 3200 1802 3204 -
1819 3186 2013 3211 matrimonium
2031 3184 2105 3214 QMc.
2214 3184 2256 3211 28.
2274 3183 2383 3210 affinitas
2401 3193 2453 3211 om.
2535 3182 2538 3184 ’
2579 3199 2581 3202 <
2649 3187 2717 3222 ¹109
2731 3191 2754 3212 a

1554 3224 1598 3249 31.
1616 3223 1712 3248 divisas
1727 3235 1749 3241 --
1766 3222 1882 3246 diversas
1901 3220 2018 3254 QMNcp.
2127 3219 2169 3253 37.
2188 3220 2291 3246 inducta
2308 3227 2361 3247 om.

1553 3267 1598 3291 44.
1617 3258 1703 3290 aliqua
1720 3265 1764 3282 om
1783 3257 1809 3282 S.
1918 3256 1960 3289 57.
1979 3265 2011 3282 ax
2029 3256 2194 3288 sponsalibus
2211 3263 2254 3282 om
2274 3254 2366 3288 QMcp.

1556 3294 1597 3328 59.
1617 3294 1668 3319 Sed
1726 3292 1769 3318 60.
1788 3292 1937 3325 nuptiarum
1955 3292 2016 3317 hom
2035 3299 2078 3316 mn
2097 3290 2217 3320 QLMNc.

1574 3336 1598 3355 1.
1618 3334 1644 3354 et
1662 3328 1870 3361 consanguinitas
1888 3335 1940 3353 om.
2049 3333 2090 3359 14.
2108 3327 2204 3360 aliquis
2222 3333 2276 3352 om.
2385 3326 2428 3353 23.
2445 3327 2621 3353 scilicet-ut.
2654 3324 2716 3358 109
2729 3317 2751 3348 b

1556 3364 1598 3390 25.
1617 3365 1766 3398 permittent
1777 3362 1856 3393 ch,
1875 3363 2054 3396 permitterent
2071 3363 2101 3387 L.
2209 3362 2253 3388 32.
2271 3366 2427 3395 perpetuum
2444 3369 2497 3389 οηι.

1555 3400 1599 3432 43.
1617 3405 1646 3425 ut
1704 3399 1910 3425 Gonu-adicimus
1929 3405 1973 3423 om
1992 3397 2106 3430 QMNcp.
2579 3412 2582 3416 -

1574 3442 1598 3462 1.
1618 3436 1744 3460 dissimile
1760 3449 1780 3454 —
1798 3434 1882 3459 simile
1900 3432 1947 3464 Qc.
2052 3432 2080 3460 fi.
2098 3440 2207 3467 quoque
2225 3440 2268 3459 om
2287 3431 2405 3466 QMNep.
2653 3429 2716 3454 ¹10
2732 3432 2753 3453 a

1574 3479 1598 3504 7.
1618 3471 1743 3504 principio
1760 3485 1781 3490 -
1798 3469 1883 3503 primo
1900 3476 1998 3495 omnes.

1573 3514 1599 3539 9.
1619 3507 1640 3530 si
1657 3513 1689 3531 ex
1742 3513 1790 3532 »²0.
1805 3513 1839 3531 a
1855 3519 1875 3525 -
1888 3513 1923 3532 >ox
1984 3509 2012 3530 et
2029 3512 2061 3530 ox
2073 3504 2194 3536 QMNcp.

1575 3541 1598 3567 3.
1618 3542 1716 3566 dicatur
1731 3556 1751 3561 —
1769 3541 1860 3567 dicitur
1877 3541 1905 3566 S.
2118 3538 2162 3566 36.
2182 3540 2263 3565 Mutat
2318 3540 2415 3573 gradu
2432 3546 2476 3565 om
2487 3547 2522 3572 p-
