2878 4088
91 1311 107 1324 .
118 1309 172 1335 ω.
190 1309 240 1337 IV,
254 1316 309 1339 m·

93 1337 297 1387 {RQ-{Lm

94 1401 159 1453 ..ει
172 1401 309 1452 aa

94 1454 126 1491 11,
138 1460 190 1484 ap.
203 1461 246 1478 zu.

241 1874 273 1924 ,3‘
303 1910 310 1918 .
336 1889 383 1915 est
398 1888 558 1924 perpetua
578 1887 610 1913 et
631 1882 824 1912 immortalis

101 3039 184 3067 ’.Δις
197 3037 248 3061 Sed
259 3044 314 3060 cmi-

101 3067 184 3122 ‘mm-2
197 3091 246 3113 Sed
259 3097 313 3113 con-

102 3119 148 3141 w'a»
155 3124 176 3140 2.

1021 171 1284 219 QUAESTIO
1314 170 1412 216 XVI,
1432 168 1725 206 ARTICULUS
1754 170 1795 216 lI,
1816 171 1861 206 III

331 253 558 292 poenitentiae,
575 252 631 282 sed
649 257 786 292 possunt
807 252 933 288 habere,
950 257 1039 282 actus
1057 251 1272 291 poenitentiae
1295 250 1329 280 in
1353 250 1397 279 eis

333 306 400 328 esse
419 306 487 327 non
509 301 627 337 potest,
644 296 700 327 sed
722 297 848 327 habitus
863 302 979 337 potest.
1005 296 1046 326 Et
1060 296 1124 326 hoc
1148 296 1173 325 si
1188 295 1320 335 gratiam
1342 294 1398 324 ha-

332 342 437 377 beant,
455 349 531 371 eum
554 350 619 380 qua
642 350 755 371 omnes
778 341 908 371 virtutes
931 339 1153 371 infunduntur.

387 385 438 415 Ar>
461 394 579 415 pumma
609 394 692 415 nnoo
722 394 882 415 mmmmm
912 383 1018 424 quod,
1043 384 1188 424 quamvis
1210 392 1278 413 non
1309 391 1398 412 com-

331 429 490 465 miserint,
514 434 650 469 possunt
672 434 781 459 tamen
814 430 1024 459 committere.
1059 428 1100 459 Et
1129 427 1203 458 ideo
1234 427 1279 457 eis
1310 426 1399 456 habi-

332 479 403 504 tum
425 474 642 513 poenitentiae
657 473 774 504 habere
791 473 955 513 competit.
980 471 1043 503 Sed
1066 477 1174 502 tamen
1193 471 1318 501 habitus
1341 470 1399 500 iste

333 526 502 558 nunquam
524 518 559 548 in
581 522 689 548 actum
716 518 799 548 exire
834 522 958 557 potest,
982 516 1044 546 nisi
1067 515 1148 546 forte
1176 520 1324 555 respectu
1346 523 1400 544 ve-

333 561 466 592 nialium
489 567 712 602 peccatorum:
739 561 814 602 quia
828 566 960 601 peccata
982 560 1128 591 mortalia
1149 559 1291 590 ιοΙΙιιιιι
1283 567 1399 598 ipsum.

333 605 402 636 Nec
431 611 539 636 tamen
569 611 616 636 est
639 605 768 636 frustra:
794 605 869 645 quia
892 610 939 635 est
967 603 1122 644 perfectio
1153 604 1316 654 potentiae
1345 612 1401 632 na-

333 649 452 680 turalis.

389 694 440 724 An
464 703 627 725 suctmntm
649 703 810 724 mmmmm
832 692 932 733 quod,
957 691 1102 732 quamvis
1125 700 1193 721 non
1217 691 1256 720 sit
1279 691 1323 720 eis
1347 689 1402 720 de-

334 737 399 768 bita
421 747 528 778 poena
543 743 627 774 actu,
634 743 751 770 tamen
774 737 808 767 in
823 738 868 767 eis
885 742 932 767 est
953 735 1105 776 possibile
1122 744 1190 765 esse
1206 733 1326 774 aliquid
1342 743 1402 774 pro

334 791 402 822 quo
425 782 470 813 eis
492 791 600 822 poena
623 781 784 812 debeatur.

389 826 440 856 An
463 835 598 856 ‘tuarum
621 835 781 855 monimum
797 823 897 864 quod,
913 828 1097 854 remanente
1113 823 1257 862 potentia
1273 821 1312 852 ad
1327 830 1403 861 pec-

335 869 484 906 candum,
498 869 602 900 adhuc
617 869 748 900 haberet
761 869 873 898 locum
883 867 1075 898 vindicativa
1090 867 1208 897 iustitia
1224 865 1427 896 secundum.

334 914 496 944 habitum:
521 913 667 953 quamvis
689 922 757 943 non
781 911 960 943 secundum
984 917 1101 947 actum,
1128 911 1154 941 si
1176 916 1306 950 peccata
1330 915 1403 940 actu

334 967 402 989 non
426 962 540 988 essent.

390 1044 544 1076 ART.11.
569 1054 674 1075 uram(
697 1054 806 1075 sanem
827 1053 964 1075 nonnius
989 1054 1043 1074 om
1066 1054 1142 1074 sum·
1166 1053 1197 1074 m
1222 1053 1347 1079 omnm,

666 1098 811 1119 nuum·
841 1098 1070 1119 ΡοιιΝιιἚΝι-ῙΑΜ

782 1144 834 1165 Art.
849 1149 869 1172 3,
885 1143 914 1165 ad
928 1151 952 1170 4.

337 1231 442 1296 ΑΒ.
445 1230 607 1252 ειισυιωυιι
635 1229 681 1250 s1c
710 1229 915 1250 mocumrtm.
946 1218 1080 1250 Videtur
1110 1219 1199 1259 quod
1222 1220 1323 1250 sancti
1343 1220 1404 1250 ho-

399 1265 503 1296 mines
531 1265 588 1305 qui
611 1269 687 1294 sunt
709 1264 743 1294 in
765 1263 883 1304 gloria,
909 1273 978 1294 non
1001 1264 1138 1294 habeant
1160 1265 1402 1304 poenitentiam.

336 1309 446 1351 Quia
439 1308 623 1345 sicutdicit
641 1307 825 1364 Gregorius,
841 1309 875 1338 in
891 1308 1013 1338 Moral.
1030 1309 1063 1324 ’-
1056 1308 1183 1338 .Beati
1193 1313 1403 1348 peccatorum

295 1353 310 1365 ‘³
318 1354 554 1386 ‘recordantur
574 1351 679 1384 sicut
680 1362 753 1383 nos
761 1353 836 1383 sani
849 1352 919 1383 sine
941 1351 1056 1383 dolore
1071 1352 1222 1383 dolorum
1245 1362 1404 1383 memora-

336 1408 420 1430 mur.
456 1397 519 1429 Sed
541 1397 740 1438 poenitentia
763 1401 810 1427 est
833 1396 930 1427 dolor
952 1395 1060 1427 cordis
1075 1397 1102 1427 ⁴⁵.
1137 1397 1223 1436 Ergo
1247 1398 1347 1427 sancti
1370 1397 1403 1427 in

335 1443 437 1484 patria
459 1451 527 1473 non
549 1442 668 1472 habent
685 1441 928 1481 poenitentiam.

394 1497 423 1517 2.
446 1486 644 1521 Proxumum,
661 1486 761 1515 sancti
784 1485 818 1515 in
840 1485 941 1525 patria
964 1490 1038 1515 sunt
1057 1484 1185 1515 Christo
1209 1479 1402 1515 conformes.

337 1530 400 1563 Sed
422 1531 456 1562 in
479 1530 608 1561 Christo
630 1539 699 1560 non
723 1528 783 1559 fuit
798 1529 1010 1569 poenitentia:
1036 1529 1112 1569 quia
1133 1538 1194 1559 nec
1215 1528 1304 1565 fides,
1322 1539 1403 1569 quae

337 1580 384 1607 eet
405 1575 600 1625 principium
616 1573 843 1614 poenitentiae.
868 1573 954 1613 Ergo
970 1582 1031 1603 nec
1047 1574 1162 1603 sanctis
1182 1574 1214 1603 in
1230 1574 1331 1613 patria
1347 1574 1405 1603 erit

335 1619 543 1661 poenitentia.
642 1641 645 1644 Δ

393 1663 422 1694 3.
446 1663 644 1697 Ρωτιιιιιιᾼ,
661 1660 774 1691 frustra
798 1666 845 1691 est
862 1661 989 1692 habitus
1008 1661 1064 1701 qui
1087 1661 1128 1691 ad
1143 1667 1250 1692 actum
1273 1671 1342 1691 non
1356 1671 1405 1692 re-

336 1706 472 1738 ducitur.
497 1705 560 1737 Sed
582 1705 683 1735 sancti
705 1705 738 1735 in
761 1705 862 1745 patria
884 1714 952 1735 non
974 1705 1188 1745 poenitebunt
1215 1711 1305 1736 actu:
1330 1706 1406 1745 quia

335 1752 381 1783 sic
404 1751 449 1782 eis
471 1755 554 1782 esset
577 1748 698 1789 aliquid
721 1754 832 1779 contra
854 1754 978 1780 votum.
1012 1749 1098 1789 Ergo
1122 1758 1191 1780 non
1225 1755 1271 1780 est
1303 1750 1338 1780 in
1361 1750 1405 1780 eis

335 1795 462 1827 habitus
484 1794 711 1835 poenitentiae.

391 1839 454 1871 San
478 1848 612 1874 comm,
627 1838 826 1878 poenitentia
841 1843 889 1868 est
904 1847 975 1877 pars
998 1838 1135 1868 iustitiae
1151 1839 1178 1868 ff.
1203 1837 1267 1868 Sed
1283 1837 1406 1869 iustitia

839 1882 866 1918 *‚
884 1887 915 1912 et
930 1882 963 1912 in
986 1882 1087 1922 patria
1109 1882 1295 1913 remanebit.
1319 1883 1405 1922 Ergo

337 1933 369 1960 et
389 1927 597 1969 poenitentia.

393 1982 423 2003 2.
446 1971 650 2007 Pmmnm,
674 1971 708 2001 in
736 1970 813 2001 Vitis
835 1971 971 2001 Patrum
1001 1970 1116 2010 legitur
1139 1980 1157 2000 a
1181 1970 1324 2011 quodam
1347 1971 1406 2001 Pa-

335 2022 384 2048 tre
406 2015 529 2047 dictum
552 2014 643 2056 quod
666 2015 761 2046 etiam
784 2015 946 2045 Abraham
969 2015 1148 2055 poenitebit
1167 2014 1206 2045 de
1229 2015 1292 2045 hoc
1317 2015 1407 2055 quod

336 2070 405 2092 non
426 2060 520 2101 plura
541 2060 627 2090 bona
658 2058 743 2090 fecit.
767 2058 831 2090 Sed
860 2059 961 2099 magis
994 2058 1088 2089 debet
1110 2059 1212 2089 homo
1241 2060 1406 2099 poenitere

337 2105 378 2137 de
399 2105 486 2136 malo
510 2104 685 2135 commisso
709 2113 807 2143 quam
831 2102 870 2133 de
894 2103 983 2133 bono
1012 2104 1132 2133 omisso
1157 2102 1197 2133 ad
1226 2103 1316 2143 quod
1338 2113 1406 2134 non

336 2149 503 2180 tenebatur
527 2148 616 2188 (quia
639 2147 679 2178 de
702 2148 791 2178 bono
807 2147 862 2177 tali
884 2147 1053 2187 loquitur).
1077 2147 1163 2187 Ergo
1184 2147 1242 2178 erit
1264 2148 1308 2178 ibi
1326 2157 1405 2188 poe-

336 2194 470 2226 nitentia
493 2192 532 2223 de
555 2192 646 2222 malis
670 2191 860 2222 commissis.

391 2238 582 2268 stpounzo
606 2245 766 2266 DICBNDUM
790 2235 880 2275 quod
902 2235 1034 2266 virtutes
1065 2235 1239 2266 cardinales
1262 2245 1406 2267 remane-

337 2282 418 2313 bunt
440 2282 474 2312 in
497 2281 607 2321 patria,
623 2279 680 2310 sed
702 2279 881 2310 secundum
912 2285 1000 2310 actus
1024 2289 1106 2320 quos
1137 2281 1255 2310 habent
1278 2281 1311 2311 in
1342 2280 1406 2311 fine

303 2347 311 2359 ‚
337 2335 397 2357 suo
413 2326 440 2356 ³.
471 2325 512 2356 Et
534 2324 627 2360 ideo,
653 2334 729 2355 cum
756 2324 954 2364 poenitentia
977 2324 1075 2354 virtus
1098 2324 1137 2354 sit
1159 2334 1231 2364 pars
1246 2319 1406 2362 iustitiae,

303 2373 310 2380 ‘
338 2379 420 2411 quae
437 2375 484 2400 est
498 2370 624 2400 habitus
644 2368 819 2404 cardinalis,
836 2369 1035 2408 quicumque
1051 2369 1146 2398 habet
1169 2369 1313 2399 habitum
1329 2379 1407 2409 poe-

337 2413 494 2446 nitentiae
511 2423 545 2444 ιιι
568 2413 628 2444 hac
649 2413 728 2449 vita,
753 2413 881 2443 habebit
900 2413 934 2443 in
957 2411 1072 2443 futura.
1103 2412 1167 2444 Sed
1189 2422 1256 2443 non
1280 2413 1408 2444 habebit

338 2457 478 2491 eundem
501 2463 609 2488 actum
633 2466 731 2497 quem
746 2466 833 2487 nunc
856 2457 961 2493 habet,
978 2457 1034 2487 sed
1057 2457 1171 2487 alium:
1196 2457 1316 2488 scilicet
1338 2467 1407 2498 gra-

337 2503 396 2534 tias
419 2511 511 2542 agere
534 2502 605 2532 Deo
629 2511 688 2541 pro
711 2500 928 2532 misericordia
950 2501 1109 2532 relaxante
1132 2507 1273 2542 peccata.

393 2546 444 2577 An
467 2555 585 2577 mmmm
607 2555 690 2576 aneo
714 2555 875 2576 mmmmm
898 2545 988 2585 quod
1018 2546 1072 2576 illa
1099 2546 1269 2576 auctoritas
1292 2547 1407 2586 probat

339 2590 429 2632 quod
451 2600 520 2621 non
542 2590 661 2620 habent
685 2588 824 2620 eundem
847 2594 955 2620 actum
979 2599 1077 2630 quem
1099 2590 1152 2620 hic
1174 2590 1270 2620 habet
1293 2591 1407 2631 poeni-

338 2635 447 2666 tentia.
471 2635 513 2665 Et
534 2635 599 2665 hoc
623 2633 840 2665 concedimus.

393 2679 445 2710 An
469 2688 632 2709 sna-‚emmim
653 2687 814 2708 meis-,unum
837 2677 927 2718 quod
950 2677 1095 2708 Christus
1110 2688 1178 2709 non
1201 2679 1308 2718 potuit
1331 2689 1406 2719 pec-

339 2733 420 2754 care.
445 2723 486 2754 Et
508 2722 582 2753 ideo
598 2723 729 2753 materia
752 2722 847 2752 huius
862 2722 985 2752 virtutis
1008 2732 1077 2753 non
1096 2723 1252 2763 competit
1271 2723 1330 2753 sibi
1345 2733 1406 2754 nec

339 2773 412 2798 actu
435 2777 493 2798 nec
516 2767 670 2807 potentia.
693 2766 735 2797 Et
757 2770 888 2806 propter
905 2767 970 2797 hoc
992 2776 1060 2797 non
1084 2773 1130 2797 est
1145 2767 1247 2797 simile
1271 2767 1310 2798 de
1334 2768 1406 2808 ipso

340 2817 372 2843 et
394 2811 434 2843 de
458 2812 537 2842 aliis.

1421 435 1430 454 5

1418 659 1443 673 10

1420 879 1442 899 ¹5

1419 1101 1444 1115 20

1419 1321 1441 1341 25

1420 1541 1444 1561 30

1422 1761 1443 1780 35

1420 1981 1447 2000 40

1421 2201 1444 2221 ⁴5

1423 2421 1448 2442 50

1423 2648 1444 2667 55

394 2856 445 2887 An
461 2865 596 2886 'murum
611 2865 771 2885 monimum
787 2854 876 2895 quod
891 2855 1067 2895 poenitere,
1079 2856 1208 2895 proprie
1229 2855 1405 2896 loquendo,
1420 2863 1447 2883 ⁶0

338 2905 436 2941 prout
459 2899 534 2930 dicit
558 2905 665 2930 actum
688 2900 905 2939 poenitentiae
929 2899 985 2939 qui
1007 2909 1095 2929 nunc
1119 2905 1175 2935 est,
1200 2909 1269 2930 non
1293 2901 1351 2930 erit
1373 2901 1407 2931 in

339 2945 449 2985 patria.
472 2944 541 2975 Nec
565 2950 673 2974 tamen
695 2944 820 2974 habitus
843 2942 957 2974 frustra
980 2944 1053 2974 erit:
1079 2944 1154 2984 quia
1177 2944 1276 2974 alium
1299 2949 1407 2975 actum

339 2989 478 3020 habebit.

395 3032 555 3071 Quartum
570 3033 587 3049 ⁴*
611 3031 830 3063 concedimus.

396 3077 460 3108 Sed
481 3077 558 3117 quia
581 3077 693 3117 quinta
715 3077 795 3107 ratio
812 3078 828 3093 ³⁶
852 3076 966 3117 probat
982 3076 1070 3116 quod
1094 3076 1190 3107 etiam
1209 3076 1296 3107 idem
1319 3082 1408 3107 actus
1421 3084 1445 3109 65

340 3121 558 3162 poenitentiae
581 3121 639 3151 erit
660 3121 695 3151 in
717 3121 817 3161 patria
841 3121 897 3161 qui
920 3120 1020 3151 modo
1045 3126 1108 3151 est:
1131 3120 1206 3151 ideo
1235 3120 1408 3151 dicendum

342 3164 383 3196 ad
405 3165 555 3206 quintum
578 3164 668 3205 quod
689 3165 838 3196 voluntas
865 3170 973 3195 nostra
1001 3165 1034 3195 in
1064 3165 1164 3204 patria
1191 3165 1326 3195 omnino
1351 3166 1409 3196 erit

343 3208 518 3240 conformis
540 3209 698 3240 voluntati
720 3209 791 3240 Dei.
820 3209 923 3245 Unde,
949 3210 1031 3239 sicut
1054 3209 1142 3239 Deus
1165 3209 1330 3239 voluntate
1353 3219 1408 3239 an-

342 3252 508 3284 tecedente
530 3253 599 3284 vult
622 3254 732 3285 omnia
754 3263 822 3284 esse
852 3254 938 3284 bona
961 3259 992 3284 et
1015 3263 1072 3294 per
1095 3262 1297 3294 consequens
1330 3254 1409 3284 nihil

344 3306 411 3328 esse
434 3297 520 3334 mali,
535 3306 603 3328 non
619 3303 727 3328 autem
749 3298 914 3329 voluntate
933 3303 1168 3338 consequente;
1192 3298 1236 3328 ita
1251 3298 1346 3328 etiam
1363 3303 1409 3328 est
1423 3309 1449 3329 70

343 3340 384 3372 de
406 3341 514 3372 beatis.
538 3341 580 3372 Et
594 3341 664 3372 talis
678 3341 827 3373 voluntas
842 3343 1016 3383 improprie
1033 3341 1147 3372 dicitur
1163 3342 1202 3372 ab
1225 3342 1281 3372 illo
1298 3347 1408 3373 sancto

343 3385 434 3416 Patre
457 3385 664 3426 poenitentia.

482 3580 594 3605 Sunium
612 3580 714 3605 Τηεοι..
734 3581 765 3606 D.
778 3581 894 3606 ΤιιοιιΑιι
913 3581 945 3606 Τ.
965 3581 1007 3606 ΙΧ.

2466 169 2512 206 33

1527 270 1628 301 ART.
1647 270 1697 300 111.
1722 280 1826 300 UTRUM
1851 280 1946 300 ιιτιΑιι
1970 281 2117 307 Amanus,
2135 281 2232 302 noxus
2256 283 2309 302 suu
2333 282 2441 308 MALus,

1727 324 1772 344 SIT
1796 324 1991 345 SUSCEPTIVUS
2020 324 2242 345 POENITENTIAE

1453 370 1514 390 Part.
1527 369 1545 395 1,
1556 375 1595 396 qu.
1611 375 1672 395 mv,
1687 372 1728 390 art.
1744 374 1768 394 23
1784 368 1806 390 11
1816 368 1890 394 Sem„
1906 369 1958 390 dist.
1970 375 2010 395 vn,
2025 375 2063 396 qu.
2080 375 2094 395 ι,
2104 373 2146 391 art.
2157 376 2180 395 23
2197 370 2232 391 De
2246 370 2320 397 Malo,
2335 377 2374 399 qu.
2389 377 2436 392 xvi.
2446 376 2486 394 art.
2497 378 2515 400 5.

1520 435 1540 455 D
1565 433 1699 455 TERTIUM
1722 433 1767 454 src
1791 433 1996 454 Ριιοειιιιιτυιι.
2027 423 2160 454 Videtur
2190 426 2278 464 quod
2302 427 2396 456 etiarn
2424 437 2518 467 ange-

1458 436 1587 505 Alus,
1618 469 1723 498 bonus
1755 477 1812 498 seu
1842 468 1962 503 malus,
1994 468 2033 497 sit
2063 470 2261 507 susceptivus
2292 471 2517 509 poenitentiae.

1455 513 1542 551 Quia
1557 514 1654 543 timor
1670 517 1717 542 est
1732 512 1859 542 initium
1875 512 2090 551 poenitentiae
2103 513 2129 541 *.
2156 512 2218 542 Sed
2233 514 2266 542 in
2283 515 2327 543 eis
2344 520 2389 544 est
2404 516 2516 545 timor:

1456 558 1517 588 Iac.
1534 567 1556 587 11
1571 558 1597 593 *,
1614 557 1798 586 Daemones
1814 555 1950 586 credunt
1972 560 2003 585 et
2022 557 2279 586 contremiscunt.
2304 558 2388 597 Ergo
2412 559 2445 588 in
2476 560 2519 589 eis

1456 606 1563 641 potest
1586 610 1654 631 esse
1677 600 1885 640 poenitentia.

1514 655 1543 675 2.
1567 645 1764 679 PRAETEREA,
1781 644 1996 684 Philosophus
2020 643 2104 679 dicit,
2120 644 2162 673 IX
2176 644 2279 674 Ethic.
2297 645 2313 661 ἦ
2317 645 2431 685 ,quod
2440 656 2520 685 poe-

1458 689 1603 719 nitudine
1627 689 1793 729 replentur
1815 688 1911 724 mali,
1939 693 1970 718 et
1992 688 2071 718 haec
2101 693 2148 718 est
2170 689 2307 718 maxima
2337 698 2442 728 poena
2466 691 2519 720 eis.

1457 733 1520 763 Sed
1544 733 1717 763 daemones
1741 733 1878 762 maxime
1909 737 1982 762 sunt
2005 733 2109 772 pravi,
2130 741 2190 762 nec
2213 733 2319 772 aliqua
2348 742 2454 772 poena
2478 735 2521 764 eis

1458 777 1555 807 deest.
1580 777 1665 816 Ergo
1690 776 1863 807 daemones
1886 774 2022 816 possunt
2044 777 2219 816 poenitere.

1515 821 1544 851 3.
1569 821 1765 855 ΡιιΑιιτιιιιιιΑ,
1783 819 1906 850 facilius
1929 825 2078 850 movetur
2110 820 2230 860 aliquid
2252 821 2285 850 in
2309 821 2341 851 id
2365 821 2453 861 quod
2477 828 2523 852 est

1458 864 1637 895 secundum
1652 870 1808 900 naturam,
1826 873 1924 904 quam
1947 865 1980 894 in
1996 864 2028 894 id
2052 864 2141 904 quod
2165 870 2211 894 est
2227 871 2337 895 contra
2360 871 2521 896 naturam:

1458 910 1541 940 sicut
1569 919 1651 949 aqua
1684 917 1766 949 quae
1790 918 1847 948 per
1870 909 2055 939 violentiam
2086 909 2236 939 calefacta
2259 915 2324 946 est,
2349 910 2443 939 etiam
2466 920 2523 950 per

1459 954 1596 994 seipsam
1611 953 1651 984 ad
1666 954 1842 984 naturalem
1865 954 2094 993 proprietatem
2109 953 2198 983 redit.
2223 953 2286 984 Sed
2304 954 2434 994 angelus
2450 960 2522 994 pot-

1460 1003 1506 1028 est
1528 999 1644 1028 mutari
1667 998 1701 1028 in
1716 1002 1895 1038 peccatum,
1913 997 2003 1037 quod
2027 1003 2073 1027 est
2096 1003 2206 1028 contra
2223 1007 2354 1028 omnem
2377 1004 2522 1029 naturam

1460 1051 1573 1072 eorum
1589 1043 1615 1072 *.
1640 1043 1726 1082 Ergo
1742 1042 1845 1073 multo
1863 1041 1976 1072 fortius
1992 1047 2098 1081 potest
2114 1043 2254 1072 revocari
2270 1043 2302 1072 in
2319 1043 2351 1073 id
2371 1042 2460 1082 quod
2477 1048 2523 1073 est

1459 1086 1637 1117 secundum
1659 1092 1815 1117 naturam.
1840 1085 1902 1116 Sed
1926 1086 1988 1116 hoc
2013 1085 2086 1116 facit
2109 1087 2314 1126 poenitentia.
2339 1087 2424 1127 Ergo
2449 1093 2522 1117 sunt

1459 1131 1677 1171 susceptibiles
1700 1131 1926 1171 poenitentiae.

1513 1184 1544 1214 4.
1568 1175 1764 1211 Pium-raam,
1781 1175 1867 1206 idem
1890 1174 2045 1205 iudicium
2069 1180 2125 1211 est,
2151 1174 2328 1205 secundum
2352 1175 2522 1206 Damasce-

1458 1229 1538 1250 num
1554 1220 1580 1255 ὕ,
1605 1219 1644 1250 de
1667 1219 1786 1260 angelis
1810 1225 1841 1249 et
1864 1218 1903 1249 de
1932 1219 2098 1249 animabus
2121 1220 2278 1259 separatis.
2314 1219 2376 1249 Sed
2399 1221 2432 1250 in
2455 1221 2522 1250 ani-

1458 1264 1571 1294 mabus
1595 1265 1743 1303 separatis
1767 1269 1873 1304 potest
1896 1273 1963 1293 esse
1993 1264 2206 1303 poenitentia,
2229 1268 2266 1293 ut
2289 1263 2419 1303 quidam
2436 1265 2452 1280 4*
2475 1264 2522 1294 di-

1459 1313 1554 1338 cunt:
1579 1308 1660 1338 sicut
1675 1309 1708 1338 in
1725 1308 1890 1338 animabus
1912 1308 2010 1338 beatis
2027 1317 2110 1347 quae
2129 1313 2203 1338 sunt
2222 1308 2255 1337 in
2270 1308 2370 1347 patria
2385 1309 2412 1338 ἢ
2436 1308 2521 1348 Ergo

1459 1358 1490 1383 et
1512 1353 1546 1382 in
1570 1352 1689 1392 angelis
1712 1358 1818 1392 potest
1842 1361 1908 1382 esse
1932 1352 2139 1391 poenitentia.

1514 1396 1576 1427 SED
1597 1406 1730 1432 CONTRA,
1746 1406 1804 1436 per
1819 1396 2050 1436 poenitentiam
2066 1396 2167 1426 homo
2184 1401 2345 1436 reparatur
2360 1396 2400 1426 ad
2415 1397 2522 1432 vitam,

1458 1446 1591 1481 peccato
1616 1440 1756 1470 dimisso.
1782 1440 1844 1471 Sed
1867 1441 1930 1470 hoc
1954 1445 2001 1470 est
2015 1440 2212 1480 impossibile
2235 1441 2268 1470 in
2285 1440 2412 1480 angelis.
2437 1441 2522 1480 Ergo

1458 1494 1526 1515 non
1549 1490 1624 1514 sunt
1646 1485 1865 1524 susceptibiles
1888 1485 2114 1524 poenitentiae.

1516 1538 1545 1558 2.
1569 1529 1765 1565 PRAETEREA‚
1782 1529 2000 1558 Damascenus
2016 1528 2091 1558 dicit
2107 1529 2123 1544 ᾖ
2148 1528 2237 1568 quod
2259 1529 2354 1558 homo
2361 1529 2524 1570 fungitur

1452 1573 1654 1613 poenitentia
1672 1578 1810 1613 propter
1824 1572 1972 1612 corporis
1995 1572 2222 1613 infirmitatem.
2247 1572 2309 1604 Sed
2325 1573 2428 1613 angeli
2451 1579 2525 1603 sunt

1459 1617 1651 1656 incorporei.
1675 1617 1761 1656 Ergo
1785 1618 1818 1646 in
1843 1617 1887 1647 eis
1909 1626 1977 1646 non
2000 1622 2106 1656 potest
2129 1626 2196 1646 esse
2220 1617 2426 1657 poenitentia.

1513 1661 1704 1691 Rssspomo
1728 1670 1887 1690 memnon
1911 1660 2001 1700 quod
2028 1661 2225 1700 poenitentia
2247 1661 2279 1690 in
2303 1661 2397 1690 nobis
2421 1661 2525 1700 dupli-

1460 1706 1537 1735 citer
1556 1706 1719 1744 accipitur.
1744 1705 1819 1735 Uno
1836 1704 1947 1739 modo,
1964 1704 2143 1734 secundum
2159 1704 2249 1744 quod
2272 1710 2319 1734 est
2333 1705 2455 1744 passio:
2480 1706 2524 1735 sic

1460 1750 1547 1779 enim
1569 1749 1648 1779 nihil
1672 1748 1757 1778 aliud
1773 1754 1820 1778 est
1843 1758 1941 1788 quam
1965 1748 2058 1778 dolor
2073 1749 2123 1778 vel
2138 1749 2261 1778 tristitia
2276 1748 2315 1778 de
2334 1749 2419 1778 malo
2437 1758 2525 1778 com-

1459 1794 1569 1823 misso.
1594 1793 1635 1823 Et
1650 1793 1806 1832 quamvis,
1823 1792 2002 1823 secundum
2022 1792 2111 1832 quod
2128 1798 2174 1822 est
2196 1793 2312 1832 passio,
2329 1802 2396 1823 non
2413 1794 2451 1822 sit
2466 1794 2526 1823 nisi

1460 1838 1494 1868 in
1506 1837 1759 1877 concupiscibili,
1772 1842 1878 1867 tamen
1894 1837 2008 1877 aliquis
2021 1842 2109 1867 actus
2121 1837 2294 1867 voluntatis
2306 1837 2526 1867 similitudina-

1460 1882 1504 1912 rie
1521 1882 1718 1922 poenitentia
1735 1880 1858 1917 dicitur,
1872 1891 1939 1921 quo
1957 1882 2028 1921 quis
2044 1881 2216 1911 detestatur
2232 1881 2321 1921 quod
2338 1880 2427 1911 facit:
2445 1882 2526 1911 sicut

1461 1935 1551 1956 amor
1568 1931 1599 1956 et
1614 1925 1692 1956 aliae
1707 1926 1872 1966 passiones
1897 1925 2046 1956 dicuntur
2061 1926 2095 1955 in
2110 1925 2305 1955 intellectivo
2329 1926 2481 1965 appetitu.

1515 1970 1590 2000 Alio
1613 1969 1714 2000 modo
1731 1970 1884 2010 accipitur
1899 1969 2078 2000 secundum
2099 1969 2188 2009 quod
2212 1975 2258 2000 est
2275 1970 2383 2000 virtus.
2408 1970 2449 1999 Et
2463 1970 2527 2000 hoc

1460 2014 1560 2045 modo
1577 2014 1723 2044 detestari
1738 2013 1860 2044 malum
1877 2014 2085 2044 commissum
2109 2023 2183 2044 cum
2205 2013 2436 2044 emendationis
2451 2023 2526 2053 pro-

1459 2059 1566 2099 posito
1591 2063 1623 2088 et
1645 2058 1823 2088 intentione
1847 2058 2011 2098 expiandi,
2037 2058 2087 2088 vel
2115 2058 2220 2088 Deum
2243 2057 2391 2098 placandi
2415 2057 2454 2088 de
2478 2057 2526 2088 of-

1461 2103 1550 2133 fensa
1573 2103 1753 2138 commissa,
1771 2107 1817 2132 est
1840 2107 1928 2132 actus
1945 2103 2022 2132 eius.
2047 2102 2221 2132 Detestatio
2241 2107 2348 2132 autem
2373 2102 2527 2142 competit

1461 2147 1556 2177 alicui
1571 2146 1750 2177 secundum
1766 2146 1856 2186 quod
1871 2147 1967 2177 habet
1981 2146 2127 2176 ordinem
2143 2146 2319 2176 naturalem
2336 2145 2375 2175 ad
2391 2147 2525 2176 bonum.

1460 2192 1502 2222 Et
1525 2192 1600 2231 quia
1622 2191 1656 2221 in
1678 2191 1767 2221 nulla
1789 2196 1931 2221 creatura
1953 2191 2023 2221 talis
2047 2190 2205 2221 ordinatio
2233 2190 2372 2220 totaliter
2393 2190 2524 2226 tollitur,

1460 2235 1534 2266 ideo
1552 2236 1647 2265 etiam
1662 2235 1696 2265 in
1712 2234 1867 2265 damnatis
1882 2235 1952 2265 talis
1968 2234 2133 2265 detestatio
2149 2240 2272 2264 manet:
2295 2239 2326 2264 et
2340 2243 2398 2274 per
2413 2243 2526 2264 conse-

1462 2289 1564 2320 quens
1579 2279 1796 2319 poenitentiae
1815 2280 1932 2319 passio,
1944 2279 1995 2309 vel
2011 2279 2114 2309 simile
2133 2279 2171 2315 ei,
2189 2284 2224 2308 ut
2247 2278 2361 2308 dicitur
2372 2278 2447 2318 Sap.
2459 2289 2480 2307 v
2491 2280 2524 2308 ᾖε;

1462 2325 1555 2354 Intra
1578 2333 1612 2354 se
1628 2323 1863 2364 poenitentiam
1877 2329 2020 2364 agentes.
2045 2323 2085 2353 Et
2107 2324 2186 2353 haec
2203 2322 2334 2362 quidem
2358 2323 2527 2362 poeniten-

1461 2369 1514 2405 tia,
1532 2378 1607 2398 cum
1631 2377 1698 2398 non
1721 2368 1761 2397 sit
1782 2368 1918 2404 habitus,
1935 2367 1991 2398 sed
2009 2368 2114 2407 passio
2130 2367 2181 2397 vel
2204 2372 2302 2403 actus„
2319 2367 2410 2397 nullo
2426 2366 2525 2397 modo

1462 2414 1495 2443 in
1519 2413 1617 2442 beatis
1641 2412 1760 2452 angelis
1784 2422 1851 2442 esse
1874 2417 1990 2452 potest,
2006 2412 2040 2442 in
2064 2412 2180 2451 quibus
2203 2417 2334 2451 peccata
2357 2412 2527 2441 commissa

1461 2466 1529 2487 non
1553 2462 1808 2496 praecesserunt:
1833 2455 1889 2486 sed
1912 2456 1946 2486 in
1968 2456 2058 2486 malis
2082 2456 2202 2495 angelis
2226 2461 2288 2491 est,
2315 2464 2390 2485 cum
2413 2456 2452 2485 sit
2475 2465 2526 2485 ea-

1462 2501 1536 2532 dem
1551 2502 1631 2531 ratio
1649 2500 1688 2531 de
1712 2501 1760 2530 his
1777 2506 1808 2530 et
1826 2500 1866 2531 de
1882 2501 2048 2530 animabus
2064 2499 2229 2535 damnatis,
2247 2500 2331 2539 quia,
2349 2499 2527 2529 secundum

1461 2546 1698 2576 Damascenum
1714 2546 1741 2581 ὓ,
1761 2544 1848 2585 quod
1869 2545 1992 2574 homini
2015 2549 2061 2574 est
2082 2553 2180 2579 mors,
2205 2549 2252 2574 est
2273 2543 2400 2585 angelis
2423 2553 2526 2574 casus.

1461 2589 1524 2621 Sed
1546 2595 1717 2630 peccatum
1747 2589 1851 2629 angeli
1874 2594 1921 2619 est
1943 2588 2166 2619 irremissibile.
2196 2588 2236 2618 Et
2260 2588 2335 2628 quia
2357 2594 2527 2627 peccatum

1461 2640 1497 2664 ut
1520 2634 1705 2667 remissibile
1730 2639 1776 2663 est
1798 2633 1850 2664 vel
1873 2633 2039 2673 expiabile,
2057 2638 2103 2663 est
2128 2633 2256 2672 propria
2274 2633 2405 2662 materia
2428 2633 2527 2672 ipsius

1460 2679 1584 2708 virtutis
1608 2688 1691 2718 quae
1714 2678 1912 2718 poenitentia
1935 2677 2066 2713 dicitur;
2090 2676 2182 2713 ideo,
2209 2686 2284 2707 cum
2307 2677 2437 2706 materia
2460 2686 2527 2707 non

1460 2723 1562 2763 possit
1585 2723 1629 2753 eis
1653 2728 1855 2762 competere,
1881 2731 1949 2752 non
1981 2721 2068 2752 adest
2092 2722 2137 2751 eis
2167 2722 2311 2761 potentia
2335 2720 2471 2750 exeundi
2494 2722 2527 2751 in

1461 2773 1578 2798 actum.
1610 2767 1651 2797 Et
1673 2766 1747 2797 ideo
1772 2776 1832 2796 nec
1855 2766 1980 2796 habitus
2005 2767 2049 2796 eis
2073 2766 2232 2796 convenit.
2264 2765 2305 2794 Et
2327 2764 2400 2795 ideo
2425 2765 2527 2804 angeli

1461 2811 1633 2852 susceptivi
1655 2811 1778 2841 virtutis
1801 2811 2017 2851 poenitentiae
2042 2819 2109 2840 esse
2132 2819 2199 2839 non
2223 2814 2367 2849 possunt.

1519 2856 1571 2886 An
1594 2865 1711 2885 PRIMUM
1733 2864 1816 2885 ERGO
1843 2865 2002 2884 ntem-mun
2030 2853 2119 2894 quod
2149 2863 2187 2884 ex
2210 2854 2325 2884 timore
2349 2853 2381 2883 in
2406 2853 2450 2883 eis
2472 2863 2527 2893 ge-

1461 2905 1589 2930 neratur
1605 2900 1718 2940 aliquis
1734 2900 1951 2939 poenitentiae
1966 2904 2084 2934 motus,
2102 2897 2157 2928 sed
2179 2907 2246 2928 non
2264 2907 2347 2938 quae
2363 2897 2402 2926 sit
2417 2897 2525 2927 virtus.

1517 2944 1558 2974 Et
1580 2944 1724 2974 similiter
1746 2943 1919 2974 dicendum
1943 2943 1982 2973 ad
2005 2942 2193 2973 secundum.

1516 2989 1567 3018 An
1591 2998 1726 3018 τιιιιτιιιιι
1741 2997 1901 3018 nlcnxnum
1917 2987 2007 3027 quod
2030 2986 2186 3027 quidquid
2202 2987 2234 3016 in
2252 2987 2295 3016 eis
2313 2991 2358 3015 est
2374 2986 2525 3021 naturale,

1461 3038 1568 3063 totum
1592 3038 1638 3063 est
1661 3033 1785 3063 bonum
1801 3037 1832 3062 et
1855 3031 1895 3062 ad
1917 3032 2040 3062 bonurn
2061 3031 2231 3061 inclinans:
2257 3030 2311 3060 sed
2327 3030 2463 3059 liberum
2480 3039 2527 3059 ar-

1462 3077 1592 3107 bitrium
1616 3082 1663 3106 est
1685 3077 1719 3107 in
1742 3077 1787 3106 eis
1810 3077 1843 3106 in
1867 3076 1985 3106 malitia
2013 3076 2216 3106 obstinatum.
2251 3074 2291 3104 Et
2321 3074 2395 3114 quia
2418 3079 2526 3103 motus

1462 3122 1585 3151 virtutis
1618 3126 1650 3151 et
1671 3121 1739 3150 vitii
1761 3130 1828 3151 non
1859 3121 2002 3160 sequitur
2033 3119 2273 3150 inclinationem
2302 3124 2447 3153 naturae,
2472 3117 2527 3148 sed

1462 3166 1563 3205 magis
1581 3170 1708 3195 motum
1724 3165 1814 3195 liberi
1830 3165 1964 3201 arbitrii;
1981 3164 2054 3194 ideo
2071 3173 2137 3194 non
2154 3168 2282 3203 oportet
2298 3161 2397 3202 quod,
2414 3171 2527 3201 quam-

1462 3210 1509 3239 vis
1532 3209 1714 3239 naturaliter
1737 3209 1930 3239 inclinentur
1954 3208 1993 3238 ad
2016 3209 2149 3243 bonurn,
2167 3206 2256 3247 quod
2274 3212 2382 3237 motus
2405 3206 2526 3236 virtutis

1462 3254 1495 3283 in
1520 3254 1564 3283 eis
1587 3253 1627 3283 sit
1649 3253 1700 3283 vel
1724 3262 1792 3284 esse
1815 3254 1926 3293 possit.

1518 3297 1569 3327 Αι)
1595 3307 1742 3327 QUARTUM
1766 3307 1926 3327 meatuum
1956 3296 2045 3337 quod
2075 3306 2142 3326 non
2166 3301 2212 3326 est
2243 3294 2353 3325 eadem
2384 3295 2464 3324 ratio
2488 3293 2527 3323 de

1464 3342 1582 3381 angelis
1606 3342 1721 3372 sanctis
1745 3347 1776 3372 et
1800 3341 1839 3372 de
1862 3342 2028 3372 animabus
2052 3341 2182 3371 sanctis:
2208 3340 2282 3379 quia
2305 3339 2337 3368 in
2362 3338 2526 3368 animabus

1463 3386 1578 3416 sanctis
1601 3386 1780 3426 praecessit,
1796 3386 1847 3416 vel
1866 3385 2056 3426 praecedere
2079 3385 2184 3425 potuit
2200 3388 2368 3424 peccatum
2391 3382 2527 3412 remissi-

1463 3430 1543 3466 bile;
1567 3439 1635 3460 non
1659 3435 1766 3460 autem
1789 3430 1823 3460 in
1847 3430 1976 3470 angelis.
2008 3430 2049 3459 Et
2071 3430 2130 3465 ita,
2157 3428 2302 3468 quamvis
2325 3428 2387 3457 sint
2410 3426 2527 3456 similes

1464 3480 1622 3514 quantum
1645 3473 1684 3504 ad
1708 3479 1824 3504 statum
1848 3479 2062 3514 praesentem,
2087 3483 2155 3503 non
2178 3478 2284 3502 tamen
2309 3476 2465 3511 quantum
2489 3469 2527 3500 acl

1423 3530 1446 3550 75
1463 3524 1580 3549 statum
1603 3519 1818 3558 praeteritum,
1836 3527 1935 3558 quem
1957 3518 2155 3558 poenitentia
2178 3516 2304 3556 respicit
2328 3515 2454 3545 directe.

2353 3577 2384 3602 5*

2547 521 2628 542 '.Part
2640 521 2679 546 ΙΙΙ,
2693 527 2732 550 qu.

2546 554 2573 568 ιιι
2577 554 2629 574 xxv,
2644 552 2686 570 art.
2700 554 2719 576 5.

2547 563 2637 595 ‘Vei-s.
2655 580 2689 602 19.

2566 652 2598 673 Ca
2617 658 2664 678 .1v‚
2675 658 2697 674 n.
2708 659 2759 674 ιο.-

2548 678 2571 699 S.
2580 678 2624 700 T.
2638 679 2689 700 lect.
2702 685 2732 700 iv.

2550 1042 2559 1052 ‘
2568 1041 2603 1062 Cf.
2615 1041 2721 1063 Damnsc.
2733 1041 2762 1062 de

2549 1067 2607 1089 Fide
2613 1068 2679 1090 Orth.
2687 1069 2725 1090 lib.
2731 1068 2760 1094 u,

2549 1100 2599 1122 cap.
2615 1100 2644 1116 ιιι.

2549 1224 2559 1233 ·
2573 1222 2640 1248 lbid.,
2655 1228 2705 1250 cap.
2720 1227 2760 1244 ιιι.

2549 1263 2676 1315 3ῑὲῗὶἐῖ
2684 1264 2761 1312 §532

2549 1323 2600 1338 nav.
2622 1317 2679 1338 ibid.
2699 1323 2722 1344 p.

2550 1347 2590 1365 art.
2601 1349 2622 1370 2,
2648 1343 2760 1365 u.1.-Cf.

2550 1370 2616 1418 εοΙιῗὲι.
2627 1376 2696 1423 libfrl¹
2710 1370 2762 1424 ἐς).

2550 1429 2606 1471 ῊΕἷ.
2621 1453 2663 1470 art.
2678 1454 2698 1475 2,
2713 1455 2761 1476 arg.

2550 1476 2598 1497 Sed
2611 1477 2694 1497 contra
2709 1481 2729 1497 2.

2551 1533 2560 1542 ·
2569 1532 2604 1553 De
2619 1531 2677 1553 Fide
2692 1531 2761 1553 Orth.

2551 1558 2591 1579 lib.
2607 1558 2634 1585 11,
2650 1564 2701 1586 cap.
2720 1564 2752 1579 ιιι.

2553 2278 2564 2288 ¹
2580 2277 2645 2298 Vers.
2659 2283 2680 2306 3.

2555 2547 2565 2558 '¹
2573 2546 2628 2568 Loc.
2635 2546 2672 2568 cit.
2679 2551 2728 2573 cap.
2735 2551 2765 2567 iv.
