2918 4088
217 1269 227 1279 ·
242 1267 278 1288 Ad
290 1267 363 1293 Rom„
378 1272 429 1294 cap.

218 1301 240 1320 v,
255 1299 313 1315 vers.
327 1299 346 1321 5.

217 2378 227 2388 '
246 2376 256 2398 1
274 2376 353 2403 Sena,
375 2376 429 2397 dist.

318 2409 339 2424 u.
354 2408 370 2429 1,
386 2406 428 2424 art.

332 2429 391 2457 ispp.
401 2429 430 2450 de

293 2472 301 2482 ,
310 2461 349 2482 qu.
357 2462 380 2482 x,
387 2459 428 2477 art.

218 2409 272 2424 xvni
280 2419 285 2429 ,

219 2499 252 2529 ’Ἰ
262 2508 296 2529 ad
304 2497 367 2534 cor„
378 2514 429 2535 cap.

218 2541 269 2559 xm,
283 2540 343 2556 vers.
356 2541 376 2562 3.

219 2684 229 2694 ·
243 2683 277 2705 Cf.
296 2683 384 2710 priores
394 2689 431 2710 pa-

219 2715 268 2737 rag.
284 2710 352 2731 huius
365 2715 428 2731 num.

464 171 537 218 342

462 251 712 286 concubinariis,
741 256 771 280 et
799 251 865 280 aliis
891 251 1062 285 similibus,
1092 251 1147 290 qui
1175 249 1367 280 confitentur
1390 253 1519 287 peccata

462 303 527 329 sua,
553 294 761 334 displicetque
786 295 829 324 eis
850 304 1007 334 peccasse,
1024 296 1205 333 habentque
1222 294 1410 323 velleitatem
1427 291 1519 320 relin-

463 338 581 377 quendi
605 344 784 378 peccatum,
809 348 875 368 non
899 345 1006 368 tamen
1025 338 1173 368 deserunt
1189 337 1449 370 concubinatum,
1467 340 1520 365 aut

461 383 630 412 restituunt
645 392 766 419 usuras,
784 388 842 412 etc.
868 383 907 412 Et
926 383 1004 412 haec
1021 382 1217 421 displicentia
1241 390 1315 410 curn
1335 378 1520 409 huiusmodi

461 426 617 456 velleitate
644 427 760 456 attritio
785 426 846 456 dici
870 432 984 466 potest.
1009 443 1029 448 —
1053 426 1111 455 Vel
1139 434 1195 464 per
1218 425 1422 463 negationem
1446 432 1519 461 pro-

460 470 557 509 positi
574 471 727 510 expliciti:
753 476 830 510 puta
846 471 920 510 quia
936 470 1104 509 poenitens
1121 475 1166 498 est
1183 469 1226 497 sic
1244 467 1414 506 dispositus
1431 465 1520 505 quod

461 513 629 554 displicent
652 515 681 544 ei
704 520 833 554 peccata
857 514 1031 553 praeterita,
1057 518 1087 542 et
1111 522 1177 542 non
1194 511 1328 541 intendit
1351 516 1519 549 peccatum

460 558 594 588 mortale
618 558 749 598 aliquod
773 559 981 592 committere,
1007 562 1037 586 et
1059 555 1193 586 intendit
1216 561 1369 594 tanquam
1388 555 1421 583 in
1438 563 1519 593 quo-

461 601 533 632 dam
551 601 686 632 confuso
711 612 821 632 cavere
845 612 862 631 a
885 602 1039 640 peccatis;
1064 601 1106 629 ita
1130 598 1218 639 quod
1242 598 1307 628 duo
1323 598 1434 637 prima,
1459 598 1519 627 sci-

461 646 533 676 licet
550 646 715 676 affirmatio
732 645 947 685 displicentiae
965 650 995 675 et
1010 644 1136 683 negatio
1154 642 1338 672 intentionis
1354 641 1518 681 peccandi,

460 690 616 720 habentur
639 690 801 729 explicite;
826 690 954 719 tertium
970 694 1086 722 autem,
1111 687 1230 717 scilicet
1254 685 1419 715 affirmatio
1444 695 1518 725 pro-

459 735 555 774 positi
579 734 618 764 de
642 739 747 764 cetero
771 743 838 763 non
862 732 1014 772 peccandi
1033 731 1216 765 mortaliter,
1233 739 1300 760 non
1315 730 1376 759 nisi
1392 730 1424 759 in
1441 739 1519 759 con-

460 777 532 808 fuso
556 779 698 813 habetur,
722 786 780 817 pro
805 782 925 816 quanto
949 777 981 806 in
997 776 1162 805 voluntate
1180 784 1247 804 non
1263 773 1418 813 peccandi
1442 783 1519 803 con—

459 821 602 852 funditur
618 827 649 851 et
664 827 790 861 tempus
806 821 950 860 proxime
967 819 1109 850 futurum
1127 824 1157 848 et
1172 824 1276 848 toturn
1293 823 1420 857 tempus
1436 818 1519 848 vitae

460 875 548 900 suae,
574 866 613 895 ad
637 865 725 904 quod
748 874 814 894 non
839 865 984 904 explicite
1009 862 1148 893 extendit
1171 872 1203 892 se
1230 863 1293 891 hoc
1318 861 1421 891 debile
1444 871 1519 901 pro-

458 910 600 949 positum
625 909 663 938 de
688 918 753 948 quo
778 914 823 938 est
847 918 962 938 sermo.
990 908 1030 937 Et
1053 907 1123 937 talis
1147 906 1345 946 displicentia
1367 905 1450 936 forte
1474 911 1520 936 est

458 953 548 983 valde
573 953 763 988 communis,
789 958 819 982 et
835 953 887 982 illa
904 961 985 991 quae
1010 952 1226 981 communiter
1241 956 1374 980 vocatur
1391 950 1518 980 attritio.

514 996 605 1026 Circa
624 996 796 1035 'defectum
823 1006 898 1026 vero
931 996 1039 1026 tertiae
1068 994 1262 1026 conditionis
1289 994 1519 1024 advertendum

458 1046 504 1071 est
520 1040 608 1080 quod
623 1041 656 1070 in
669 1039 858 1082 *conditione
874 1040 926 1070 illa
942 1039 1134 1069 clauduntur
1150 1039 1233 1069 duo:
1259 1048 1400 1078 quorum
1416 1048 1519 1069 unum

457 1090 503 1115 est
526 1085 558 1114 in
582 1089 738 1123 potestate
761 1089 877 1119 nostra,
903 1089 933 1113 et
957 1083 996 1113 de
1013 1093 1052 1113 eo
1077 1084 1152 1113 certi
1170 1093 1237 1113 esse
1260 1093 1450 1123 possumus;
1476 1084 1520 1113 al-

456 1135 560 1159 terum
585 1134 630 1158 est
654 1138 691 1158 ex
708 1128 813 1157 divina
831 1128 938 1167 gratia,
964 1133 995 1157 et
1010 1128 1102 1157 nobis
1118 1129 1286 1158 incertum.
1311 1127 1440 1157 Horum
1455 1129 1519 1168 pri-

456 1182 546 1203 mum
571 1178 617 1202 est
640 1172 769 1211 diligere
786 1172 891 1202 Deum
908 1181 1003 1211 super
1019 1173 1143 1202 omnia:
1169 1171 1347 1202 secundum
1364 1177 1411 1202 est
1430 1172 1520 1212 quod

455 1216 639 1248 huiusmodi
656 1216 785 1255 diligere
801 1217 840 1246 sit
854 1215 1063 1246 informatum
1080 1217 1207 1246 caritate
1223 1216 1342 1257 diffusa
1359 1226 1379 1246 a
1396 1216 1519 1256 Spiritu

456 1262 574 1292 Sancto
600 1261 631 1291 in
657 1260 806 1291 cordibus
818 1261 972 1301 filiorum
993 1261 1056 1290 Dei
1071 1262 1098 1290 *.
1123 1261 1163 1290 Et
1179 1261 1204 1290 si
1221 1260 1352 1300 quidem
1369 1257 1520 1291 defecerit

455 1307 612 1346 primum,
637 1305 756 1335 scilicet
779 1304 907 1334 dilectio
932 1305 991 1335 Dei
1019 1314 1115 1344 super
1138 1306 1263 1340 omnia,
1288 1305 1423 1341 attritio,
1451 1314 1519 1335 non

456 1350 604 1381 contritio
630 1355 691 1380 est:
717 1350 833 1379 sivero
853 1350 993 1389 primum
1017 1349 1150 1385 affuerit,
1172 1350 1322 1379 contritio
1338 1355 1481 1380 vocatur.
1497 1368 1519 1371 —

455 1395 532 1425 Esse
555 1399 662 1424 autem
693 1394 774 1423 hanc
802 1393 1007 1423 dilectionem
1038 1394 1070 1423 in
1094 1399 1251 1433 potestate
1278 1399 1386 1423 nostra
1417 1403 1454 1424 ex
1479 1403 1518 1424 eo

455 1444 541 1478 patet
565 1438 663 1478 quod,
688 1438 770 1468 sicut
792 1437 826 1467 in
846 1443 1004 1477 potestate
1019 1444 1128 1468 nostra
1152 1444 1198 1468 est
1214 1438 1409 1468 constituere
1424 1439 1519 1468 nobis

454 1493 513 1523 pro
537 1483 651 1513 ultimo
675 1481 739 1512 fine
763 1481 1009 1512 delectationem
1032 1491 1201 1512 veneream
1217 1487 1271 1512 aut
1286 1482 1374 1512 lucra
1397 1487 1451 1512 aut
1469 1492 1519 1513 re-

454 1537 564 1567 gnum,
588 1527 631 1556 ita
653 1527 686 1556 in
710 1531 866 1566 potestate
890 1532 998 1556 nostra
1022 1532 1068 1557 est
1090 1527 1207 1556 habere
1230 1527 1347 1562 Deum,
1365 1527 1460 1556 etiam
1483 1532 1520 1557 ut

454 1571 617 1602 beatitudo
641 1576 687 1601 est
710 1576 902 1606 sanctorum,
927 1580 985 1610 pro
1009 1571 1124 1601 ultimo
1141 1571 1215 1607 fine,
1240 1572 1283 1601 ita
1303 1570 1392 1611 quod
1414 1571 1519 1601 inten-

455 1617 566 1648 damus
590 1621 621 1645 et
644 1615 855 1646 deliberemus
878 1614 1035 1655 praeferre
1057 1616 1164 1655 ipsum
1179 1616 1393 1646 in'voluntate
1411 1621 1520 1646 nostra

455 1661 605 1691 omni-bus
629 1669 711 1700 quae
734 1659 902 1690 desiderari
925 1660 1073 1699 haberive
1097 1660 1231 1699 possint.
1254 1678 1276 1682 —
1299 1659 1399 1697 Quod
1423 1661 1519 1690 etiam

454 1704 639 1737 huiusmodi
655 1704 783 1735 dilectio
800 1704 940 1743 exigatur
956 1704 995 1734 ad
1011 1705 1248 1740 contritionem,
1262 1709 1293 1735 et
1309 1704 1520 1744 distinguatur

424 1750 430 1756 '
455 1751 493 1781 ab
517 1750 687 1785 attritione,
712 1758 749 1778 ex
773 1758 812 1778 eo
835 1754 922 1788 patet
945 1748 1034 1788 quod
1058 1749 1125 1779 sine
1144 1748 1330 1779 huiusmodi
1346 1748 1518 1779 dilectione

454 1804 521 1825 non
545 1800 650 1834 potest
669 1803 736 1823 esse
752 1792 935 1823 informatio
953 1793 1097 1823 caritatis.
1123 1793 1341 1824 Substernitur
1357 1794 1443 1824 enim
1459 1794 1519 1824 hu-

454 1838 591 1870 iusmodi
610 1838 738 1868 dilectio
755 1838 907 1877 acquisita
924 1838 1058 1867 caritatis
1074 1837 1278 1868 formationi:
1304 1843 1335 1868 et
1357 1843 1435 1868 tunc
1454 1843 1519 1868 tam

454 1884 611 1923 sapientes
628 1892 725 1923 quam
741 1883 819 1912 boni
834 1881 943 1911 fideles
959 1887 1024 1912 tam
1040 1883 1161 1921 seipsos
1178 1891 1276 1922 quam
1297 1882 1375 1912 alios
1401 1883 1519 1913 habent

454 1938 512 1969 pro
541 1928 682 1958 contritis
713 1936 787 1957 cum
814 1927 892 1956 haec
919 1925 1046 1956 dilectio
1077 1927 1293 1957 testimonium
1317 1927 1474 1967 perhibet.
1497 1945 1520 1949 —

454 1972 553 2011 Quod
569 1972 700 2002 demum
716 1970 902 2001 huiusmodi
917 1975 982 2000 tam
999 1970 1127 2002 dilectio
1141 1980 1238 2011 quam
1251 1971 1402 2002 contritio
1418 1972 1520 2011 possit

455 2027 522 2048 esse
546 2017 612 2047 sine
637 2017 774 2051 caritate,
794 2025 831 2045 ex
848 2024 887 2045 eo
904 2020 990 2054 patet
1014 2015 1103 2055 quod
1122 2015 1214 2046 multi
1234 2016 1338 2046 sciunt
1353 2025 1387 2046 se
1402 2015 1518 2046 habere

454 2063 535 2092 hanc
560 2061 774 2096 dilectionem,
800 2065 830 2090 et
853 2061 1000 2090 nesciunt
1023 2069 1056 2090 se
1080 2069 1147 2090 esse
1163 2061 1197 2090 in
1214 2061 1350 2090 caritate.
1376 2060 1408 2091 Si
1433 2061 1518 2090 enim

454 2105 639 2136 huiusmodi
669 2110 734 2134 tam
759 2105 907 2134 contritio
939 2113 1037 2144 quam
1061 2103 1189 2134 dilectio
1220 2114 1288 2134 non
1315 2110 1424 2144 posset
1451 2115 1518 2135 esse

453 2150 613 2186 informis,
645 2149 811 2179 manifeste
835 2154 1020 2188 sequeretur
1047 2148 1136 2188 quod
1159 2149 1238 2179 scire
1261 2158 1430 2188 possemus
1454 2150 1518 2179 evi-

455 2195 565 2225 denter
588 2204 648 2224 nos
672 2203 739 2223 esse
762 2194 795 2223 in
818 2193 879 2223 Dei
902 2194 1017 2232 gratia:
1043 2193 1118 2232 quia
1135 2193 1296 2223 evidenter
1315 2194 1391 2223 certi
1407 2203 1518 2224 sumus

455 2239 494 2270 de
517 2240 611 2269 nobis
627 2239 702 2278 ipsis
726 2237 815 2277 quod
830 2238 984 2267 habemus
999 2238 1082 2267 hanc
1097 2238 1297 2267 voluntatem
1313 2237 1518 2268 deliberatam

455 2282 653 2324 praeferendi
669 2282 819 2312 omnibus
835 2281 951 2317 Deum,
965 2287 1025 2311 etc.
1047 2282 1087 2311 Et
1102 2282 1182 2312 haec
1198 2287 1245 2311 est
1263 2281 1391 2312 dilectio
1408 2283 1518 2313 similis

456 2328 576 2358 caritati
599 2327 737 2357 infusae:
771 2327 804 2356 in
827 2331 952 2356 tantum
976 2325 1084 2365 quod,
1116 2331 1247 2366 propter
1277 2326 1519 2357 similitudinem

457 2378 598 2407 actuum,
622 2376 730 2401 censet
754 2369 845 2400 divus
868 2370 1012 2400 Thomas
1031 2371 1047 2386 ⁴*
1069 2379 1138 2400 non
1162 2369 1297 2400 discerni
1321 2380 1338 2400 a
1360 2371 1455 2401 nobis
1478 2381 1519 2401 an

457 2416 584 2447 dilectio
608 2420 715 2445 nostra
739 2424 802 2454 qua
825 2414 931 2444 Deum
955 2413 1116 2452 diligimus
1139 2419 1171 2443 et
1193 2414 1394 2454 proximum,
1419 2415 1458 2445 sit
1481 2425 1519 2445 ex

456 2459 561 2490 infusa
583 2460 681 2498 gratia
703 2459 754 2489 vel
777 2468 854 2488 non.
879 2458 920 2488 Et
942 2459 981 2488 ab
1005 2458 1067 2488 hoc
1089 2467 1199 2488 amore
1221 2458 1391 2498 provenire
1413 2465 1520 2499 potest

458 2500 547 2544 quod
569 2503 745 2543 Apostolus
768 2503 810 2532 ait
825 2503 856 2532 *z
888 2502 923 2532 Si
949 2502 1142 2532 distribuero
1160 2502 1342 2543 facultates
1368 2513 1455 2534 meas
1486 2503 1518 2534 in

457 2548 560 2579 cibum
577 2557 770 2588 pauperum,
794 2552 825 2577 et
846 2547 875 2576 si
897 2546 1063 2576 tradidero
1087 2555 1204 2586 corpus
1222 2556 1326 2577 meum
1350 2547 1396 2577 ita
1416 2553 1451 2578 ut
1465 2557 1519 2579 ar-

457 2593 559 2628 deam,
584 2592 751 2622 caritatem
774 2596 881 2622 autem
904 2600 968 2621 non
992 2590 1144 2626 habuero,
1169 2596 1229 2621 etc.

512 2636 552 2666 Et
567 2636 642 2666 hinc
657 2636 773 2666 habere
788 2640 881 2676 potes
899 2635 1052 2665 terminos
1069 2635 1252 2674 quantitatis
1267 2640 1333 2665 tam
1350 2635 1519 2675 displicen-

456 2681 518 2711 tiae
541 2681 663 2720 peccati
687 2689 784 2719 quam
806 2679 965 2719 propositi
980 2688 1047 2709 non
1064 2679 1219 2719 peccandi
1235 2680 1261 2709 *.
1286 2679 1520 2717 Quantificatur

457 2725 544 2754 enim
559 2729 732 2763 utrumque
748 2724 865 2754 horum
882 2732 919 2753 ex
936 2723 1111 2763 quantitate
1127 2724 1244 2753 amoris
1260 2724 1334 2754 Dei:
1359 2725 1402 2754 ita
1418 2724 1518 2764 quod,

456 2769 538 2799 sicut
560 2777 651 2798 amor
673 2768 734 2798 Dei
758 2773 804 2797 est
827 2777 922 2808 super
945 2768 1054 2797 omnia
1070 2767 1226 2804 amabilia,
1250 2768 1293 2797 ita
1316 2769 1518 2808 propositum

455 2812 575 2842 vitandi
598 2813 720 2852 peccati
743 2811 838 2842 debet
861 2821 928 2842 esse
952 2821 1048 2851 super
1068 2812 1178 2842 omnia
1194 2812 1361 2848 evitabilia,
1386 2818 1417 2843 et
1433 2813 1519 2844 simi-

455 2857 525 2887 liter
547 2856 744 2896 displicentia
760 2857 882 2896 peccati
906 2866 1002 2896 super
1020 2857 1129 2886 omnia
1145 2855 1284 2886 odibilia.
1308 2857 1356 2887 Ac
1372 2866 1429 2896 per
1444 2858 1518 2894 hoc,

456 2901 653 2940 displicentia
676 2901 799 2940 peccati
822 2900 959 2936 modica,
984 2910 1067 2940 quae
1090 2909 1157 2930 non
1181 2901 1325 2940 pervenit
1348 2901 1388 2931 ad
1410 2901 1519 2942 displi-

456 2945 592 2976 centiam
623 2945 839 2981 contritionis,
871 2950 918 2975 est
944 2945 997 2975 illa
1028 2954 1092 2984 qua
1121 2945 1228 2974 minus
1255 2944 1332 2975 odio
1363 2945 1519 2977 habemus

455 2994 623 3029 peccatum
647 2998 745 3029 quam
768 2988 900 3029 aliquod
923 2988 1009 3019 aliud
1032 2988 1200 3019 damnum:
1226 2994 1257 3019 et
1279 2989 1421 3020 similiter
1443 2999 1518 3030 pro-

455 3033 597 3074 positum
620 3033 699 3063 illud
727 3038 773 3063 est
796 3033 900 3063 debile
927 3043 963 3063 ac
987 3032 1139 3063 deficiens
1166 3043 1184 3063 a
1207 3034 1376 3074 proposito
1400 3035 1518 3065 contri-

455 3078 561 3113 tionis,
589 3087 655 3117 quo
678 3077 751 3117 plus
774 3078 987 3117 proponimus
1011 3087 1121 3107 cavere
1149 3078 1187 3107 ab
1211 3078 1320 3117 aliquo
1345 3078 1407 3108 alio
1431 3079 1517 3110 malo

457 3131 553 3161 quam
577 3131 594 3151 a
616 3126 749 3161 peccato
773 3122 908 3152 mortali.

512 3165 544 3196 Si
567 3171 730 3205 postremo
755 3165 880 3196 deficiat
904 3167 1023 3202 caritas,
1043 3167 1197 3196 stantibus
1213 3167 1342 3207 reliquis
1359 3167 1518 3198 conditio-

457 3209 559 3244 nibus,
577 3210 736 3245 contritio,
753 3216 788 3240 ut
804 3209 925 3240 dictum
942 3216 997 3247 est,
1010 3216 1159 3241 vocatur:
1180 3212 1325 3251 quamvis
1341 3212 1519 3252 appelletur

459 3253 575 3283 attritio
592 3253 629 3282 ab
646 3253 706 3283 illis
722 3254 778 3293 qui
794 3254 862 3284 sine
878 3255 1005 3285 caritate
1022 3255 1249 3285 contritionem
1265 3265 1333 3286 non
1348 3262 1518 3287 noverunt.

513 3297 561 3326 Ex
584 3297 700 3336 quibus
723 3298 873 3328 omnibus
897 3298 1045 3338 colligere
1068 3308 1240 3338 possumus
1264 3299 1427 3339 duplicem
1450 3310 1518 3331 esse

460 3340 670 3376 attritionem,
695 3346 725 3371 et
748 3340 908 3381 duplicem
933 3343 1168 3373 contritionem.
1204 3343 1309 3374 Prima
1332 3344 1448 3374 attritio
1472 3349 1519 3375 est

461 3384 656 3423 displicentia
678 3386 809 3424 peccati,
834 3395 909 3416 cum
931 3386 1086 3416 velleitate
1110 3396 1177 3417 non
1200 3387 1364 3427 peccandi,
1387 3388 1421 3418 in
1436 3393 1519 3419 statu

460 3434 567 3458 tamen
590 3429 722 3468 peccati.
747 3429 787 3458 Et
810 3430 889 3459 haec
913 3435 959 3459 est
982 3430 1097 3460 attritio
1121 3432 1335 3468 meretricum,
1360 3432 1519 3462 usurario-

461 3481 542 3508 rum,
563 3478 594 3502 et
616 3472 751 3502 aliorum
774 3473 968 3503 huiusmodi.
992 3474 1032 3503 Et
1055 3474 1133 3505 haec
1156 3481 1289 3505 vocatur
1312 3476 1436 3506 attritio
1461 3476 1518 3506 im-

455 3516 699 3555 poenitentium.
727 3534 749 3538 -
776 3516 922 3547 Secunda
949 3518 1064 3547 attritio
1096 3524 1142 3548 est
1172 3519 1368 3559 displicentia
1395 3520 1519 3560 peceati

1261 168 1570 207 CARDINALIS
1601 167 1847 203 CAIETANI

1576 256 1650 276 cum
1674 245 1921 275 non-voluntate
1945 246 2109 284 peccandi,
2135 252 2166 276 et
2190 256 2264 277 curn
2283 248 2447 278 voluntate
2471 257 2538 278 non
2562 257 2637 288 pec-

1576 290 1668 320 candi
1691 291 1723 319 in
1749 289 1896 319 confus0.
1928 290 1968 319 Et
1991 290 2069 320 haec
2094 296 2140 320 est
2163 291 2279 320 attritio
2303 292 2555 331 poenitentium,
2581 293 2638 332 qui

1574 335 1618 363 sic
1642 335 1675 363 in
1699 333 1836 363 confuso
1859 338 1925 362 tam
1948 339 2053 364 totum
2069 339 2197 373 tempus
2213 334 2367 371 futurum,
2384 345 2482 375 quarn
2506 346 2637 376 compa-

1574 378 1730 407 rationem
1759 377 1881 416 peccati
1913 376 1952 406 ad
1979 377 2039 407 alia
2069 378 2218 414 odibilia,
2251 388 2347 418 quarn
2381 381 2475 410 etiam
2506 389 2637 420 compa-

1574 422 1730 451 rationem
1754 421 1815 451 Dei
1839 420 1878 450 ad
1901 421 1961 450 alia
1984 422 2147 457 amabilia,
2179 423 2212 452 in
2235 423 2399 453 voluntate
2423 433 2479 454 sua
2508 425 2636 454 habent.

1574 466 1614 495 Et
1637 466 1715 495 haec
1739 470 1872 495 vocatur
1895 465 2019 495 attritio
2044 465 2315 506 imperfectorum.

1628 509 1737 543 Prima
1755 518 1831 538 vero
1857 509 2005 539 contritio
2037 515 2084 539 est
2107 510 2261 549 acquisita
2288 510 2485 550 displicentia
2515 513 2639 552 peccati

1574 562 1669 592 supra
1685 562 1782 582 omne
1799 552 1927 588 odibile,
1945 562 2019 583 cum
2035 555 2204 594 proposito
2220 554 2339 584 vitandi
2355 561 2525 594 peccatum
2543 565 2639 596 supra

1574 606 1672 626 omne
1692 597 1830 632 vitabile,
1856 606 1893 626 ex
1909 606 2018 627 amore
2035 598 2095 627 Dei
2111 607 2205 638 supra
2221 607 2318 628 omne
2335 599 2479 629 amabile.
2503 599 2544 629 Et
2559 600 2638 630 haec

1573 646 1706 671 vocatur
1729 641 1880 671 contritio
1906 641 2066 682 informis.
2090 659 2114 663 —
2136 641 2284 672 Secunda
2299 648 2407 673 autem
2427 644 2576 674 contritio
2593 649 2640 674 est

1573 685 1652 715 haec
1677 684 1788 716 eadem
1812 684 2025 724 displicentia,
2050 695 2126 716 cum
2149 686 2235 717 dicto
2259 692 2324 717 tarn
2347 688 2516 727 proposito
2541 697 2639 727 quam

1573 738 1693 765 amore,
1717 730 1845 759 caritate
1867 729 2046 760 informata.
2071 730 2112 760 Et
2135 731 2213 761 haec
2235 737 2369 762 vocatur
2392 731 2544 762 contritio
2559 732 2640 773 for-

1573 778 1671 803 mata.
1695 791 1716 795 —
1739 773 1829 804 Haec
1853 773 1892 804 de
1915 774 2070 805 secundo.

1629 818 1681 848 IV.
1706 817 1825 855 Quoad
1854 819 1982 848 tertium
2005 819 2038 854 ὓ,
2069 819 2326 859 praenotandum
2356 825 2403 850 est
2433 819 2522 860 quod
2553 820 2640 851 aliud

1573 867 1620 892 est
1644 871 1796 902 quaerere
1820 872 1860 893 an
1884 862 1923 892 de
1939 863 2045 893 attrito
2069 862 2124 893 fiat
2139 865 2311 894 contritus:
2337 870 2378 900 et,
2395 874 2436 894 an
2451 865 2569 895 attritio
2585 864 2640 895 fiat

1574 907 1735 937 contritio.
1759 906 1864 936 Prima
1884 907 1971 937 enim
1995 909 2140 947 quaestio
2157 908 2239 938 clara
2256 914 2318 938 est:
2345 909 2499 948 quoniam
2516 914 2641 940 constat

1573 951 1692 981 multos
1715 957 1900 991 peccatores
1930 952 2083 991 paulatim
2107 952 2146 982 ad
2169 953 2401 992 poenitentiam
2426 954 2585 990 converti,
2610 959 2641 984 et

1573 1005 1615 1025 ex
1634 995 1822 1035 imperfecta
1845 995 2044 1035 displicentia
2067 1006 2104 1026 ac
2128 1006 2165 1027 ex
2181 996 2371 1037 imperfecto
2388 998 2556 1038 proposito
2580 999 2640 1028 im-

1572 1038 1783 1079 perfectoque
1813 1040 1873 1070 Dei
1900 1049 2010 1070 amore
2039 1040 2079 1071 ad
2101 1040 2333 1080 perfectionem
2361 1042 2563 1072 contritionis
2586 1042 2640 1073 de-

1573 1082 1664 1119 duci,
1695 1084 1738 1113 ita
1762 1089 1797 1114 ut
1820 1094 1894 1114 vere
1918 1085 2146 1115 contritionem
2173 1086 2301 1115 caritate
2324 1085 2529 1116 informatam
2556 1096 2640 1117 asse-

1574 1133 1724 1167 quantur.

1628 1172 1775 1202 Secunda
1803 1177 1911 1202 autem
1940 1173 2102 1212 quaestio,
2127 1173 2167 1203 de
2191 1182 2255 1213 qua
2279 1179 2325 1204 est
2348 1183 2471 1210 sermo,
2502 1184 2571 1205 non
2594 1180 2639 1206 est

1573 1226 1809 1256 usquequaque
1825 1217 1922 1247 clara:
1948 1217 2104 1256 quoniam
2127 1218 2348 1257 permanentia
2363 1223 2494 1248 actuum
2510 1219 2641 1250 interio-

1572 1271 1645 1291 rum
1668 1262 1701 1304 in
1725 1260 1888 1291 identitate
1911 1261 2068 1291 numerali
2092 1262 2165 1291 satis
2181 1262 2308 1292 occulta
2323 1262 2458 1293 videtur.
2482 1263 2641 1301 Verunta-

1572 1315 1648 1336 men
1665 1305 1837 1336 dicendum
1850 1304 2002 1345 estquod
2017 1306 2142 1336 attritio
2160 1306 2433 1346 impoenitentium
2449 1308 2466 1324 ⁹
2484 1317 2552 1338 non
2567 1313 2641 1348 pot-

1573 1355 1620 1380 est
1643 1349 1711 1380 fieri
1735 1350 1895 1380 contritio.
1920 1349 2019 1387 Quod
2042 1350 2196 1390 probatur
2218 1360 2285 1380 non
2310 1351 2416 1381 solum
2440 1360 2478 1381 ex
2494 1361 2534 1382 eo
2551 1351 2642 1392 quod

1572 1394 1712 1425 velleitas
1735 1404 1803 1424 non
1827 1399 1873 1424 est
1895 1393 1982 1424 idem
2006 1399 2094 1424 actus
2118 1404 2193 1424 cum
2216 1395 2381 1425 voluntate
2405 1395 2585 1432 deliberata,
2610 1401 2642 1427 et

1573 1439 1716 1470 similiter
1739 1438 1938 1478 displicentia
1960 1439 2210 1478 proportionalis
2232 1439 2382 1470 velleitati
2401 1449 2469 1470 non
2486 1445 2532 1470 est
2554 1440 2641 1472 idem

1573 1489 1662 1515 actus
1679 1492 1754 1514 cum
1774 1483 1972 1523 displicentia
1995 1483 2229 1523 proportionali
2252 1484 2410 1514 voluntati
2433 1483 2640 1516 deliberatae:

1573 1527 1629 1558 sed
1644 1528 1817 1568 praecipue
1833 1537 1871 1557 ex
1888 1537 1927 1557 eo
1945 1527 2034 1567 quod
2050 1533 2139 1557 actus
2155 1528 2251 1558 unius
2266 1528 2385 1568 speciei
2400 1538 2468 1559 non
2483 1530 2593 1559 transit
2607 1530 2642 1560 in

1573 1564 1680 1602 iactum
1704 1572 1832 1602 alterius
1855 1572 1984 1611 speciei.
2009 1571 2218 1612 Displicentia
2241 1578 2349 1603 autem
2368 1573 2487 1603 summi
2503 1573 2641 1609 odibilis,

1573 1626 1656 1657 quae
1672 1622 1719 1647 est
1734 1617 1897 1652 contritio,
1922 1621 1953 1646 et
1968 1615 2168 1656 displicentia
2184 1616 2312 1659 odibilis
2326 1626 2394 1647 non
2410 1617 2539 1654 summi,
2557 1627 2642 1658 quae

1573 1667 1620 1691 est
1653 1661 1788 1697 attritio,
1821 1660 1971 1691 differunt
1998 1661 2120 1700 specie:
2153 1661 2228 1700 quia
2255 1670 2420 1692 summum
2452 1661 2572 1693 odibile
2601 1670 2641 1694 ar

1572 1715 1632 1736 suo
1656 1715 1773 1745 genere
1797 1705 1905 1745 specie
1936 1703 2039 1735 differt
2062 1705 2101 1734 ab
2125 1704 2237 1735 odibili
2258 1714 2326 1735 non
2350 1714 2498 1743 summo,
2523 1712 2554 1737 et
2575 1704 2641 1738 hoc

1571 1755 1638 1780 tam
1660 1751 1700 1780 in*
1717 1759 1834 1790 genere
1856 1749 1932 1779 mali
1955 1758 2054 1789 quam
2075 1749 2110 1779 in
2132 1758 2249 1789 genere
2273 1749 2409 1780 odibilis.
2434 1750 2475 1781 Et
2497 1751 2577 1783 haec
2591 1751 2640 1783 in-

1571 1794 1678 1834 tellige
1701 1794 1889 1824 formaliter:
1914 1793 2005 1829 idest,
2030 1794 2106 1833 quia
2126 1794 2243 1824 attritio
2267 1799 2315 1824 est
2337 1793 2538 1834 displicentia
2562 1804 2640 1836 pec-

1572 1839 1633 1869 cati
1656 1839 1715 1869 sub
1739 1839 1862 1868 ratione
1885 1847 1952 1868 non
1976 1847 2102 1868 summe
2126 1837 2263 1874 odibilis,
2288 1839 2439 1868 contritio
2455 1844 2564 1869 autem
2580 1840 2639 1870 sub

1571 1884 1694 1913 ratione
1718 1892 1844 1913 summe
1868 1881 2009 1918 odibilis3
2035 1883 2087 1912 cui
2111 1882 2197 1912 enim
2221 1882 2343 1912 offensa
2359 1882 2420 1913 Dei
2443 1889 2491 1913 est
2513 1893 2640 1914 summe

1572 1927 1709 1963 odibilis,
1732 1927 1778 1957 illi
1802 1927 1890 1957 Deus
1914 1931 1961 1956 est
1983 1936 2110 1956 summe
2126 1927 2279 1962 amabilis,
2305 1932 2336 1957 et
2351 1936 2369 1956 a
2385 1936 2451 1967 quo
2468 1927 2556 1958 Deus
2571 1937 2640 1959 non

1571 1981 1699 2003 summe
1721 1977 1859 2007 amatur,
1891 1970 1937 2001 illi
1960 1969 2082 2001 offensa
2104 1970 2167 2001 Dei
2188 1980 2256 2001 non
2281 1976 2328 2001 est
2350 1980 2476 2002 summe
2500 1971 2639 2003 odibilis.

1623 2016 1754 2046 Attritio
1771 2024 1905 2056 quoque
1918 2015 2180 2056 imperfectorum
2192 2015 2208 2031 ⁴*
2220 2025 2288 2045 non
2300 2014 2336 2044 fit
2348 2016 2513 2046 contritio:
2527 2016 2640 2048 eadem

1570 2061 1693 2091 ratione
1710 2070 1774 2100 qua
1790 2060 1933 2100 cognitio
1951 2058 2086 2089 confusa
2101 2069 2168 2089 non
2184 2058 2220 2089 fit
2236 2060 2378 2099 cognitio
2395 2059 2551 2091 distincta.
2565 2061 2638 2098 Sed,

1570 2106 1653 2135 sicut
1676 2105 1818 2145 cognitio
1835 2103 1971 2134 confusa
1994 2104 2196 2143 approximat
2211 2103 2411 2134 intellectum
2426 2103 2466 2134 ad
2482 2106 2640 2145 cognitio-

1570 2159 1647 2180 nem
1670 2149 1861 2184 distinctam,
1885 2149 1928 2178 ita
1952 2147 2151 2188 displicentia
2174 2147 2319 2184 confusa,
2344 2157 2427 2188 quae
2450 2150 2568 2180 attritio
2593 2149 2640 2180 di-

1572 2195 1663 2231 citur,
1688 2193 1776 2224 ducit
1800 2198 1830 2223 et
1853 2193 2091 2233 appropinquat
2117 2192 2317 2223 voluntatem
2340 2191 2380 2222 ad
2406 2192 2639 2233 displicentiam

1571 2238 1762 2274 distinctam,
1786 2246 1870 2277 quae
1893 2242 1940 2266 est
1963 2237 2124 2266 contritio.

1627 2283 1676 2313 De
1688 2282 1842 2322 acquisita
1858 2286 1966 2311 autem
1982 2281 2185 2317 contritione,
2199 2290 2282 2320 quae
2294 2281 2446 2312 contritio
2460 2281 2638 2323 informis*
2664 2284 2675 2295 ·

1571 2326 1696 2362 dicitur,
1720 2325 1895 2356 dicendum
1910 2329 1958 2355 est
1980 2324 2070 2364 quod
2092 2330 2200 2364 potest
2217 2323 2287 2355 fieri
2310 2326 2460 2356 contritio
2484 2325 2637 2358 formata:

1571 2371 1726 2411 quoniam
1749 2374 1856 2410 potest
1879 2369 2059 2399 continuari
2081 2368 2168 2400 idem
2190 2379 2328 2400 numero
2351 2375 2441 2400 actus
2464 2370 2639 2410 acquisitae

1572 2414 1772 2445 contritionis
1795 2423 1898 2453 usque
1922 2412 1962 2443 ad
1985 2413 2121 2443 caritatis
2143 2412 2341 2445 infusionem
2363 2414 2529 2451 inclusive,
2547 2419 2578 2445 et
2593 2415 2639 2446 sic

1572 2459 1700 2490 caritate
1722 2457 1898 2488 informari.
1922 2457 1963 2487 Et
1986 2457 2062 2497 quia
2077 2457 2264 2488 huiusmodi
2280 2458 2441 2494 contritio,
2465 2464 2640 2499 antequam

1571 2502 1762 2533 informetur
1778 2502 1916 2538 caritate,
1932 2507 2065 2532 vocatur
2081 2501 2176 2531 etiarn
2193 2501 2390 2542 quandoque
2406 2503 2539 2539 attritio;
2563 2503 2641 2534 ideo

1571 2548 1635 2578 hoc
1658 2548 1751 2577 tertio
1775 2545 1875 2577 modo
1899 2551 2027 2585 sumpta
2050 2546 2167 2575 attritio
2192 2552 2298 2586 potest
2321 2546 2389 2577 fieri
2413 2547 2574 2578 contritio.
2597 2547 2639 2578 Et

1572 2592 1636 2622 hoc
1648 2592 1712 2622 iam
1723 2591 1839 2621 habere
1850 2595 1944 2630 potes
1956 2600 1974 2620 a
1986 2589 2060 2620 divo
2072 2590 2201 2620 Thoma
2213 2590 2369 2631 superius,
2380 2591 2414 2622 in
2427 2600 2482 2631 qu.
2490 2601 2604 2622 Lxxxrx
2610 2592 2638 2629 ⁵,

1572 2636 1628 2666 ubi
1651 2635 1728 2666 dixit
1751 2634 1840 2675 quod
1862 2635 2011 2665 contritio
2036 2639 2082 2664 est
2098 2634 2211 2664 ultima
2226 2634 2393 2675 dispositio
2410 2635 2450 2666 ad
2466 2636 2639 2667 caritatem.

1627 2680 1666 2710 V.
1692 2679 1755 2711 Sed
1777 2679 1916 2710 occurrit
1938 2679 1989 2709 hic
2019 2688 2087 2709 non
2110 2678 2377 2710 dissimulandum
2401 2679 2551 2716 dubium,
2580 2689 2639 2720 per

1573 2724 1661 2764 quid,
1688 2734 1745 2754 seu
1769 2722 1937 2764 quomodo
1961 2722 2148 2753 huiusmodi
2171 2724 2306 2760 attritio,
2331 2733 2388 2754 seu
2412 2724 2562 2755 contn'tio
2586 2733 2639 2756 ac-

1572 2769 1697 2809 quisita,
1722 2769 1761 2798 sit
1784 2768 1896 2798 ultima
1919 2767 2086 2807 dispositio
2110 2766 2149 2798 ad
2171 2768 2314 2808 gratiam.
2346 2768 2403 2798 Est
2426 2769 2513 2799 enim
2536 2777 2638 2809 quan·

1573 2813 1681 2853 doque
1703 2822 1771 2843 non
1795 2813 1908 2842 ultima
1931 2811 2116 2852 dispositio:
2142 2817 2178 2842 ut
2200 2818 2288 2852 patet
2306 2821 2344 2843 ex
2360 2822 2400 2843 eo
2424 2811 2514 2853 quod
2530 2818 2638 2853 potest

1573 2867 1640 2888 esse
1663 2856 1819 2888 informis.
1845 2856 1878 2887 Si
1897 2857 1983 2886 enim
2000 2866 2126 2896 semper
2142 2862 2224 2887 esset
2238 2857 2352 2887 ultima
2367 2856 2545 2897 dispositio,
2561 2866 2638 2888 cum

1572 2902 1660 2932 Deus
1683 2907 1749 2932 tam
1772 2902 1805 2931 in
1828 2901 2024 2931 naturalibus
2047 2910 2145 2941 quam
2161 2901 2194 2931 in
2209 2901 2353 2941 gratuitis
2375 2900 2430 2931 det
2446 2910 2573 2941 semper
2588 2901 2637 2932 ul-

1571 2946 1651 2976 timo
1679 2945 1838 2986 dispositis
1866 2944 2003 2975 formam
2033 2954 2092 2985 pro
2121 2955 2185 2985 qua
2215 2950 2290 2975 sunt
2318 2945 2434 2975 ultimo
2465 2945 2636 2985 disposita,

1572 2995 1757 3030 sequeretur
1789 2989 1878 3030 quod
1907 2990 2010 3020 homo
2043 2990 2163 3023 habens
2193 2988 2379 3020 huiusmodi
2409 2989 2636 3023 contritionem

1572 3035 1760 3075 acquisitam
1785 3039 1888 3065 certus
1912 3039 1993 3064 esset
2016 3043 2049 3064 se
2073 3043 2141 3064 esse
2163 3034 2198 3064 in
2219 3034 2318 3073 gratia
2332 3033 2403 3063 Dei.
2428 3032 2637 3074 Quandoque

1572 3085 1680 3110 autem
1707 3084 1754 3109 est
1779 3078 1892 3109 ultima
1918 3077 2103 3118 dispositio:
2136 3083 2172 3108 ut
2198 3077 2290 3108 divus
2313 3077 2457 3108 Thomas
2484 3077 2577 3115 dixit,
2604 3083 2637 3110 et

1571 3124 1651 3154 ratio
1675 3123 1851 3163 approbat3
1876 3123 1952 3162 quia
1972 3122 2072 3162 gratia
2093 3121 2219 3162 perficit
2240 3127 2397 3158 naturam,
2421 3131 2458 3152 ac
2481 3131 2539 3162 per
2560 3123 2635 3159 hoc,

1571 3167 1758 3198 rationabile
1782 3172 1829 3198 est
1851 3172 1887 3197 ut
1902 3176 1920 3196 a
1935 3166 2028 3197 nobis
2051 3166 2207 3206 acquisita
2222 3165 2421 3206 displicentia
2436 3167 2561 3206 peccati
2583 3175 2637 3197 su·-

1571 3221 1682 3252 prema
1705 3210 1886 3252 perficiatur
1909 3210 2105 3251 quandoque
2128 3211 2263 3250 gratuita
2287 3210 2423 3240 caritate.

1628 3256 1661 3286 Si
1685 3255 1807 3286 dicatur
1830 3254 1920 3295 quod
1942 3253 2128 3285 huiusmodi
2150 3255 2299 3285 transitus
2321 3253 2357 3284 fit
2372 3263 2429 3294 per
2444 3260 2573 3286 motum
2587 3255 2636 3286 in-

1571 3300 1739 3330 tensionis:
1757 3300 1800 3330 ita
1815 3298 1905 3340 quod
1920 3299 2073 3338 acquisita
2087 3298 2274 3329 huiusmodi
2286 3297 2426 3338 perfecta
2438 3298 2638 3341 displicentia

1572 3344 1705 3384 peccati,
1730 3344 1755 3374 si
1779 3349 1825 3374 est
1848 3343 1987 3379 remissa,
2011 3348 2058 3373 est
2080 3343 2208 3380 attn‘tio,
2233 3348 2264 3373 et
2286 3352 2354 3373 non
2369 3343 2465 3374 habet
2478 3344 2636 3374 rationem

1571 3388 1703 3418 ultimae
1727 3387 1944 3428 dispositionis
1967 3386 2006 3417 ad
2030 3387 2207 3424 caritatem;
2232 3388 2258 3417 si
2277 3392 2385 3418 autem
2408 3387 2582 3418 intenditur
2604 3392 2637 3419 et

1573 3433 1694 3468 crescit,
1719 3437 1765 3462 est
1788 3431 1937 3463 contritio
1962 3436 1993 3461 et
2015 3431 2127 3461 ultima
2143 3431 2310 3471 dispositio
2334 3431 2374 3462 ad
2397 3432 2576 3468 caritatem;
2599 3437 2636 3462 ut

1573 3476 1618 3506 sic
1641 3475 1829 3512 verificetur,
1852 3475 1942 3516 quasi
1966 3484 2140 3506 commune
2163 3475 2295 3512 dictum,
2320 3475 2409 3515 quod
2433 3476 2581 3507 contritio
2605 3481 2637 3507 et

1573 3520 1689 3550 attritio
1707 3518 1855 3550 differunt
1871 3519 2048 3550 secundum
2064 3520 2163 3560 magis
2180 3526 2211 3550 et
2226 3521 2349 3550 minus:
2365 3539 2388 3543 -
2404 3525 2524 3550 contra.
2540 3519 2634 3556 Nam,

2665 821 2676 832 ¹
2695 819 2739 851 95¹.
2756 826 2822 844 num.
2843 826 2868 848 ιι,

2667 852 2765 875 princip.

2667 1310 2719 1334 ‘CL
2723 1317 2788 1334 num.
2794 1317 2880 1340 praec„

2665 2019 2677 2030 ·
2691 2017 2727 2041 cf.
2741 2017 2798 2041 ibid.

2663 2593 2675 2605 ·
2688 2593 2741 2615 Art.
2756 2599 2777 2622 ι,
2791 2592 2821 2615 ed
2834 2597 2856 2615 ι.
