2878 4088
153 637 162 646 ⁹
173 634 208 656 Cf.
221 633 296 656 Exod.
313 640 364 661 cap.

153 667 200 684 xxi.
217 666 274 682 vers.
292 667 322 688 ¹5.

154 990 162 999 ·
173 988 210 1009 Cf.
222 987 292 1008 Arist.
303 986 364 1013 Phy-

152 1014 194 1036 sic.
209 1014 248 1035 lib.
264 1014 295 1039 11,
313 1019 338 1033 ca
356 1027 362 1033 .

153 1047 184 1066 ιιι,
197 1047 217 1062 n.
233 1047 267 1064 113
283 1046 300 1060 s·
318 1039 337 1059 Τ
356 1054 361 1060 ‹

154 1068 203 1088 lect.
228 1073 259 1087 νι.
278 1076 285 1080 ·
304 1065 362 1086 Vide

150 1093 365 1146 ῗξρὶιῖἼρῗέἶιΖῖ

152 1215 160 1222 ·
169 1212 223 1233 Can.
235 1210 334 1238 Interfe-

150 1240 228 1259 ctores
240 1254 245 1262 ,
273 1243 333 1258 caus.

152 1263 293 1291 xxxiu.qu
309 1269 334 1285 ιι.

151 1386 200 1408 ·Cf.
208 1386 264 1413 Sap.
272 1390 360 1412 capas,

151 1419 207 1435 vers.
226 1419 257 1440 ¹7-

151 1525 160 1534 ·
184 1522 218 1545 Cf.
242 1528 290 1549 arg.
314 1520 362 1542 Sed

150 1552 209 1571 cont.
228 1556 252 1573 t:
268 1552 289 1569 et
310 1553 359 1568 can.

150 1576 177 1597 Si
197 1575 249 1603 quis·
263 1575 360 1600 viuente,

149 1601 360 1628 caus.xxxl‚qu.1.

150 1739 159 1748 ·
175 1737 210 1759 Cf.
223 1743 272 1758 can.
289 1736 327 1758 eit.
339 1736 361 1757 in

151 1770 197 1791 arg⁴
215 1764 263 1785 Sed
272 1765 331 1784 cont.
343 1769 361 1784 ι.

151 1963 160 1972 ·
166 1961 220 1988 Cap.
228 1961 304 1992 Super
311 1961 361 1987 hoc,

149 1991 171 2009 et
181 1993 231 2015 cap.
238 1987 363 2015 Srgm'fica-

150 2015 180 2035 sti
195 2015 269 2040 nobis,
285 2014 321 2035 De
334 2020 362 2035 eo

150 2041 191 2069 qui
205 2041 272 2062 duxit
285 2044 328 2062 etc.

151 2315 160 2324 '
184 2313 240 2335 Dist.
266 2318 361 2339 xxxvu,

152 2346 201 2367 cap.
227 2339 271 2361 His
300 2339 362 2361 adii-

151 2366 254 2388 ciendum
268 2368 310 2387 est.

151 2395 160 2404 ·
170 2393 226 2414 Dist.
234 2399 301 2419 xxxv,
310 2399 360 2420 cap.

151 2419 364 2450 Spletetiamquae-

151 2452 181 2468 rt.

154 3139 163 3148 ·
173 3137 220 3164 Qu.
230 3143 311 3158 xxvux.
322 3141 364 3159 art.

156 3171 175 3189 ι,
190 3163 218 3185 ad
232 3170 252 3192 3.

154 3510 164 3519 ¹
179 3507 227 3535 Qu.
241 3512 297 3528 an.

399 209 470 245 124

459 298 558 329 ART.
585 298 621 328 11.
646 307 751 328 UTRUM
774 307 978 328 Uxomcmnm
1002 307 1148 328 lMPEDIAT
1175 304 1393 327 MATRIMONIUM

482 349 514 370 1v
528 349 600 375 Sent„
617 348 669 370 dist.
685 355 755 372 xxxv,
771 348 858 375 Expos.
874 348 931 373 1i11.;
948 347 1038 375 Quodl.v
1049 347 1079 373 V,
1094 353 1132 375 qu.
1149 352 1196 372 νιιι,
1212 349 1253 367 art.
1271 353 1290 371 ι,
1306 345 1334 365 ad
1351 351 1368 365 ι.

457 419 477 438 n
494 417 655 438 SECUNDUM
676 418 721 438 sm
744 417 948 438 PROCEDITUR.
976 406 1109 437 Videtur
1133 404 1221 445 quod
1244 401 1458 451 uxoricidium

394 420 524 484 Aaou
539 451 692 492 impediat
713 452 965 482 matrimonium.
990 450 1147 481 Directius
1172 449 1258 478 enim
1282 450 1458 485 oppomtur

392 497 596 528 matrimonio
620 496 811 527 adulterium
829 505 926 535 quam
943 493 1163 525 homicidium.
1188 491 1251 522 Sed
1267 490 1458 520 adulterium

392 551 459 572 non
482 540 616 580 impedit
639 540 889 570 matrimonium.
914 539 999 578 Ergo
1023 547 1083 567 nec
1107 534 1330 566 uxoricidium.

449 595 478 615 2.
503 586 704 620 PRAETEREA‚
729 585 852 624 gravius
878 590 923 613 est
947 586 1114 622 peccatum
1146 578 1291 609 occidere
1322 582 1457 607 matrem

393 639 491 670 quam
514 639 663 660 uxorem:
696 630 771 668 quia
794 636 960 667 nunquam
984 626 1057 656 licet
1080 624 1244 654 verberare
1266 626 1401 652 matrem
1422 621 1455 656 ’ἢ

391 675 466 704 licet
496 679 604 704 autem
633 674 796 703 verberare
828 679 972 701 uxorem.
1007 667 1070 699 Sed
1099 667 1219 698 occisio
1249 666 1358 696 matris
1388 674 1456 695 non

391 718 525 758 impedit
548 717 797 748 matrimonium.
823 716 907 754 Ergo
931 723 991 744 nec
1015 712 1122 742 uxoris
1147 710 1277 741 occisio.

448 762 477 792 3.
503 763 696 796 PRAETEREA‚
714 760 813 800 magis
829 763 940 799 peccat
956 757 1012 796 qui
1028 765 1162 787 uxorem
1184 754 1311 784 alterius
1326 758 1458 794 propter

392 806 583 838 adulterium
606 804 754 835 interficit
778 812 875 843 quam
898 810 1033 832 uxorem
1056 799 1238 840 propriam:
1263 799 1457 838 inquantum

391 851 497 880 minus
527 850 622 879 habet
645 848 684 878 de
707 848 847 882 motivo,
874 852 903 876 et
927 846 1033 875 minus
1062 843 1102 873 ad
1130 853 1206 874 eum
1237 848 1358 883 spectat
1389 842 1457 873 eius

391 894 556 925 correctio.
582 892 643 924 Sed
668 893 723 932 qui
747 891 883 921 alienam
906 898 1041 919 uxorem
1065 887 1183 919 occidit
1201 897 1268 918 non
1284 886 1458 926 impeditur
1473 903 1481 916 ι

391 948 408 968 a
420 938 634 969 matrimonio.
649 937 734 975 Ergo
750 945 810 965 nec
825 935 878 964 ille
895 934 952 973 qui
967 933 1130 973 propriam
1146 941 1281 962 uxorem
1297 930 1456 962 interficit.

445 992 476 1020 4.
501 982 695 1015 Proxumum,
712 984 835 1009 remota
859 987 953 1008 causa
976 982 1160 1007 removetur
1184 975 1317 1006 effectus
1332 977 1359 1005 *.
1394 974 1458 1006 Sed

390 1031 558 1066 peccatum
573 1023 738 1055 homicidii
753 1028 859 1063 potest
871 1031 928 1062 per
939 1022 1172 1061 poenitentiam
1188 1020 1357 1051 removeri.
1370 1019 1456 1059 Ergo

390 1075 421 1100 et
443 1069 710 1109 impedimentum
734 1066 930 1097 matrimonii
954 1065 1044 1106 quod
1061 1075 1098 1096 ex
1115 1075 1154 1096 eo
1172 1070 1328 1095 causatur.
1353 1064 1394 1094 Et
1413 1063 1456 1093 ita

389 1113 512 1144 videtur
529 1112 627 1153 quod,
640 1117 713 1152 post
730 1116 890 1151 peractam
910 1110 1153 1150 poenitentiam,
1166 1119 1234 1140 non
1250 1109 1457 1149 prohibeatur

389 1158 629 1189 matrimonium
654 1156 850 1187 contrahere.

444 1202 506 1233 Ser>
531 1211 654 1231 CONTRA
676 1210 731 1231 nsi·
754 1199 844 1240 quod
868 1200 1002 1230 canon*
1018 1198 1108 1230 dicit:
1134 1198 1366 1240 Interfectores
1381 1205 1456 1227 sua-

389 1257 460 1277 rum
490 1246 666 1286 coniugum
697 1244 740 1275 ad
758 1244 991 1284 poenitentiam
1017 1242 1187 1284 redigendi
1216 1247 1309 1278 sunt,
1340 1241 1455 1282 quibus

382 1291 513 1331 penitus
536 1290 717 1331 denegatur
739 1289 939 1330 coniugium.

445 1345 474 1366 2.
498 1335 700 1370 Plurimum,
727 1334 761 1364 in
785 1342 824 1364 eo
848 1334 881 1363 in
905 1342 972 1373 quo
1000 1333 1071 1372 quis
1094 1337 1220 1372 peccat,
1244 1330 1338 1361 debet
1361 1330 1457 1361 etiam

388 1379 493 1420 puniri
514 1380 539 1409 ἃ.
576 1378 639 1409 Sed
669 1383 781 1418 peccat
814 1383 924 1408 contra
956 1377 1199 1408 matrimonium
1233 1376 1290 1416 qui
1321 1383 1457 1405 uxorem

388 1423 514 1455 occidit.
540 1423 626 1462 Ergo
650 1422 744 1453 debet
766 1422 873 1463 puniri
896 1427 932 1452 ut
955 1421 1162 1452 matrimonio
1186 1421 1337 1461 privetur.

442 1469 631 1499 Rnsrounno
655 1476 815 1497 DICENDUM
839 1465 929 1506 quod
951 1465 1167 1497 uxoricidium
1191 1475 1229 1496 ex
1252 1469 1370 1495 statuto
1394 1463 1456 1494 Ec-

389 1513 500 1543 clesiae
523 1512 764 1542 matrimonium
794 1510 928 1551 impedit
943 1511 970 1542 *.
1002 1510 1066 1541 Sed
1095 1509 1292 1550 quandoque
1321 1507 1455 1548 impedit

389 1556 643 1588 contrahendum
674 1561 705 1586 et
736 1565 804 1586 non
839 1555 957 1586 dirimit
988 1560 1204 1586 contractum:
1237 1553 1368 1594 quando
1396 1552 1456 1583 sci-

388 1602 462 1632 licet
491 1602 538 1631 vir
561 1606 692 1640 propter
722 1599 914 1631 adulterium
948 1604 1003 1630 aut
1033 1605 1164 1639 propter
1194 1598 1308 1629 odium
1338 1596 1457 1628 occidit

389 1655 532 1677 uxorem.
557 1645 699 1680 Tamen,
723 1645 750 1675 si
772 1645 901 1675 timetur
925 1643 964 1675 de
987 1643 1220 1674 incontinentia
1243 1643 1359 1683 ipsius,
1384 1646 1456 1681 pot-

390 1696 436 1721 est
468 1699 543 1720 cum
567 1699 606 1721 eo
631 1689 805 1729 dispensari
828 1698 885 1729 per
907 1688 1095 1725 Ecclesiam,
1119 1693 1155 1719 ut
1177 1688 1262 1718 licite
1292 1686 1456 1718 matrimo-

389 1735 480 1767 nium
504 1734 669 1765 contrahat
684 1734 711 1764 θ’.

445 1777 651 1818 Quandoque
675 1778 770 1809 etiam
794 1776 912 1807 dirimit
936 1782 1154 1808 contractum:
1185 1782 1222 1807 ut
1245 1775 1376 1816 quando
1401 1774 1456 1805 ali-

390 1823 461 1863 quis
485 1821 633 1852 interficit
657 1831 790 1851 uxorem
815 1831 905 1851 suam
921 1827 957 1851 ut
974 1821 1069 1852 ducat
1092 1831 1163 1851 eam
1187 1831 1263 1852 cum
1287 1829 1351 1860 qua
1366 1828 1456 1850 moe-

390 1868 509 1898 chatur.
538 1867 633 1898 Tunc
657 1867 743 1897 enirn
767 1865 902 1897 efficitur
924 1866 1089 1906 illegitima
1112 1875 1252 1906 persona
1272 1864 1457 1904 simpliciter

390 1911 429 1942 ad
453 1910 707 1942 contrahendum
731 1920 805 1941 cum
829 1910 892 1947 illa,
916 1911 959 1941 ita
983 1910 1082 1950 quod,
1099 1911 1125 1940 si
1149 1910 1187 1941 de
1211 1909 1296 1940 facto
1320 1918 1396 1939 cum
1420 1917 1457 1938 ea

390 1956 596 1991 contraxerit,
627 1955 870 1986 matrimonium
893 1954 1050 1986 dirimitur
1065 1956 1091 1985 *.
1125 1954 1189 1985 Sed
1218 1964 1275 1994 per
1302 1954 1366 1984 hoc
1388 1961 1455 1983 non

390 2000 524 2030 efficitur
553 1999 738 2039 simpliciter
769 2008 906 2038 persona
942 1999 1107 2039 illegitima
1138 2004 1286 2039 respectu
1323 1997 1456 2028 aliarum

389 2045 570 2075 mulierum.
601 2043 704 2079 Unde,
726 2044 752 2074 si
775 2053 850 2074 curn
874 2043 934 2074 alia
957 2044 1158 2079 contraxerit,
1175 2043 1321 2083 quamvis
1344 2046 1457 2082 peccet

389 2094 501 2120 contra
531 2093 684 2118 statutum
717 2088 879 2119 Ecclesiae
911 2086 1047 2123 faciens,
1075 2093 1181 2118 tamen
1213 2086 1456 2118 matrimonium

389 2138 589 2164 contractum
612 2142 679 2162 non
703 2131 860 2163 dirimitur
882 2138 1014 2172 propter
1036 2133 1110 2163 hoc.

441 2178 491 2207 An
515 2187 632 2207 pamma
655 2186 738 2207 BRoo
762 2186 922 2207 mensuum
942 2176 1032 2216 quod
1054 2175 1266 2207 homicidium
1283 2180 1315 2206 et
1333 2174 1456 2206 adulte-

388 2222 471 2252 rium
483 2222 516 2252 in
528 2221 637 2261 aliquo
655 2231 731 2252 casu
745 2220 927 2262 impediunt
941 2221 1184 2252 matrimonium
1200 2218 1455 2251 contrahendum

389 2272 420 2297 et
443 2265 595 2296 dirimunt
619 2271 837 2296 contractum:
862 2266 944 2297 sicut
967 2265 1007 2296 de
1030 2265 1209 2296 uxoricidio
1233 2265 1285 2296 hic
1302 2264 1417 2295 dicitur
1428 2264 1454 2300 *‚

389 2317 420 2342 et
443 2310 483 2341 de
506 2309 662 2341 adulterio
686 2319 781 2350 supra
797 2311 813 2327 ⁴*
836 2310 981 2341 habiturn
1005 2315 1061 2340 est.

443 2354 503 2385 Vel
519 2354 692 2386 dicendum
709 2354 798 2394 quod
819 2354 1035 2385 uxoricidium
1050 2359 1098 2384 est
1113 2359 1225 2384 contra
1248 2353 1456 2384 substantiam

389 2399 548 2439 coniugii,
572 2398 627 2430 sed
659 2398 850 2430 adulterium
882 2405 993 2430 contra
1021 2399 1146 2429 bonum
1168 2397 1244 2429 fidei
1268 2398 1297 2429 ei
1321 2397 1454 2428 debitae.

389 2444 441 2475 Sic
464 2443 655 2474 adulterium
678 2453 747 2475 non
770 2449 818 2474 est
839 2444 939 2484 magis
963 2449 1075 2474 contra
1096 2443 1339 2474 matrimonium
1358 2451 1457 2482 quam

390 2487 613 2519 uxoricidium.
638 2488 679 2518 Et
701 2488 745 2518 ita
767 2488 846 2518 ratio
870 2488 1016 2528 procedit
1040 2497 1078 2518 ex
1101 2486 1196 2518 falsis.

444 2532 495 2562 An
527 2542 689 2562 SECUNDUM
718 2542 878 2562 mcmmtm
909 2532 1018 2572 quod,
1051 2532 1237 2572 simpliciter
1268 2530 1455 2571 loquendo,

390 2577 515 2616 gravius
537 2581 707 2616 peccatum
731 2581 778 2606 est
801 2576 948 2608 occidere
971 2582 1106 2607 matrem
1130 2586 1229 2616 quam
1251 2585 1400 2612 uxorem,
1426 2580 1457 2606 et

390 2621 490 2660 magis
514 2626 624 2650 contra
647 2626 809 2651 naturam:
835 2621 911 2660 quia
926 2621 1109 2652 naturaliter
1131 2621 1232 2651 homo
1257 2625 1392 2651 matrem
1407 2629 1454 2650 re-

389 2670 524 2695 veretur.
549 2665 590 2695 Et
606 2664 679 2695 ideo
695 2665 802 2695 minus
826 2665 996 2696 inclinatur
1011 2665 1051 2696 ad
1065 2665 1322 2696 interfectionem
1337 2665 1455 2701 matris,

391 2715 422 2740 et
445 2709 578 2749 pronior
601 2714 647 2739 est
670 2708 709 2740 ad
732 2708 990 2740 interfectionem
1014 2711 1131 2740 uxoris.
1155 2710 1208 2740 Ad
1232 2710 1323 2740 cuius
1347 2710 1456 2749 proni-

390 2754 460 2784 tatis
477 2754 719 2793 repressionem,
735 2753 907 2785 uxoricidis
932 2760 979 2785 est
1001 2755 1243 2785 matrimonium
1259 2755 1297 2784 ab
1314 2754 1457 2785 Ecclesia

390 2797 605 2829 interdictum.

445 2843 496 2872 An
520 2852 655 2872 TERTIUM
678 2852 836 2873 mem-imm
852 2842 942 2883 quod
960 2843 1030 2874 talis
1045 2853 1114 2874 non
1130 2849 1242 2883 peccat
1265 2848 1375 2873 contra
1389 2852 1457 2874 ma-

390 2887 595 2923 trimonium,
619 2887 701 2916 sicut
724 2887 777 2917 ille
801 2888 857 2927 qui
880 2888 1044 2928 propriam
1067 2897 1203 2918 uxorem
1226 2887 1385 2918 interficit.
1416 2887 1457 2918 Et

391 2931 464 2961 ideo
488 2940 556 2961 non
579 2936 626 2961 est
650 2931 761 2961 simile.
853 2970 856 2972 v

445 2975 496 3005 An
521 2985 669 3006 unaarum
692 2985 852 3007 memnon
867 2975 957 3016 quod
972 2986 1041 3007 non
1056 2982 1103 3006 est
1118 2977 1332 3007 necessarium
1357 2976 1456 3016 quod,

392 3018 494 3050 deleta
516 3019 620 3060 culpa,
638 3019 780 3050 deleatur
803 3021 909 3051 omnis
931 3030 1053 3061 poena:
1078 3021 1160 3051 sicut
1176 3020 1215 3051 de
1230 3021 1458 3061 irregularitate

391 3069 486 3103 patet.
518 3064 593 3094 Non
617 3064 703 3094 enim
726 3066 923 3104 poenitentia
953 3066 1088 3096 restituit
1110 3065 1144 3095 in
1166 3066 1332 3106 pristinam
1356 3065 1458 3106 digni-

391 3112 498 3141 tatem.
523 3108 667 3148 quamvis
690 3109 792 3148 possit
814 3110 978 3140 restituere
1001 3111 1034 3141 in
1057 3110 1226 3150 pristinum
1250 3115 1367 3142 statum
1388 3120 1458 3151 gra-

391 3152 463 3188 tiae,
487 3158 523 3183 ut
546 3151 667 3183 dictum
691 3158 738 3184 est
753 3154 779 3184 ⁴⁶.

545 3217 796 3260 QUAESTIO
825 3217 1309 3254 SEXAGESIMAPRIMA

393 3274 437 3297 DE
456 3273 693 3300 lMPEDIMENTo
715 3275 922 3302 MATRIMONH
945 3277 1042 3308 Quoi)
1064 3278 1129 3302 EST
1147 3277 1272 3303 vorum
1295 3278 1456 3304 somnne

396 3336 547 3401 Damni:
568 3327 835 3360 considerandum
852 3335 899 3361 est
922 3329 961 3360 de
985 3330 1222 3371 impedimentis
1246 3341 1329 3371 quae
1347 3341 1457 3372 super-

455 3377 587 3402 veniunt
607 3373 824 3403 matrimonio.
849 3373 890 3404 Et
910 3374 1025 3413 primo,
1046 3374 1086 3405 de
1110 3375 1344 3415 impedimento
1368 3375 1457 3416 quod

393 3416 575 3454 supervenit
597 3417 814 3453 matrimonio,
830 3417 950 3448 scilicet
966 3417 1005 3449 de
1021 3424 1098 3449 voto
1122 3420 1279 3456 solemni;
1302 3419 1456 3457 secundo,

1480 458 1489 477 5

1473 681 1498 696 10

1471 1122 1497 1136 ²0

1471 1343 1495 1363 ²5

1472 1565 1497 1585 ψ

1472 1786 1494 1806 35

1471 2007 1497 2028 40

1470 2228 1494 2249 4ἳ

1471 2454 1497 2475 ςο

1471 2675 1494 2696 55

1471 2896 1498 2916 6ο

1471 3117 1496 3144 ⁶5

1471 3343 1498 3365 ⁷⁰

679 196 943 243 QUAESTIO
972 197 1054 242 LX,
1075 195 1367 233 ARTICULUS
1397 194 1426 230 ΙΙ
1445 214 1470 219 -
1491 190 1754 238 QUAESTIO
1773 190 1881 234 LXI,
1902 188 2196 226 ARTICULUS
2224 189 2250 235 1,
2271 189 2301 225 II

1569 270 1693 299 Primo:
1720 274 1827 298 utrum
1851 268 1928 298 alter
1951 268 2138 307 coniugum,
2163 267 2263 297 altero
2287 267 2399 303 invito,
2418 273 2497 308 post
2516 277 2584 298 car-

1603 313 1708 343 nalem
1732 312 1884 351 copulam
1907 312 2009 351 possit
2030 311 2220 351 religionem
2242 312 2368 342 intrare.

1569 356 1736 387 Secundo:
1763 361 1872 386 utrum
1889 361 1962 386 ante
1978 355 2139 386 carnalem
2157 356 2310 395 copulam
2333 356 2434 396 possit
2457 356 2583 387 intrare.

1569 401 1699 430 Tertio:
1724 405 1833 430 utrum
1859 399 1975 430 mulier
2004 400 2105 440 possit
2133 400 2256 430 nubere
2284 400 2390 436 alteri,
2413 400 2482 431 viro
2511 405 2584 432 ante

1602 444 1762 476 carnalem
1785 444 1937 484 copulam
1960 444 2149 483 religionem
2171 444 2325 484 ingresso.

1749 510 1848 540 ART.
1874 510 1896 540 Ι.
1921 520 2027 540 urium
2050 520 2150 540 arran
2173 520 2346 547 connisum,

1557 565 1652 586 ΕτιΑΜ
1674 564 1751 585 ΡοεΤ
1775 564 1940 585 cannarum
1963 564 2118 591 eorunm,
2142 564 2255 591 possrr,
2276 564 2397 585 ALrnRo
2421 564 2539 591 mvrro,

1835 609 1876 629 AD
1900 608 2093 629 RELIGIONRM
2115 609 2264 630 TRANSmR

1577 674 1597 694 n
1619 674 1736 694 pamma
1752 674 1797 695 src
1813 674 2018 695 Pnocnm'rtm.
2039 664 2175 695 Videtur
2190 664 2281 705 quod
2296 665 2375 696 alter
2395 666 2583 706 coniugum,

1514 679 1673 740 Aetiam
1701 714 1775 749 post
1804 709 1963 740 carnalem
1991 709 2163 749 copulam,
2186 709 2304 750 possit,
2334 709 2434 740 altero
2464 710 2583 747 invito,

1512 752 1553 784 ad
1574 753 1764 793 religionem
1785 754 1926 784 transire.
1951 753 2038 791 Quia
2060 754 2111 784 lex
2135 753 2241 785 divina
2263 754 2364 794 magis
2383 753 2478 786 debet
2493 755 2584 795 spiri-

1511 797 1650 828 tualibus
1679 797 1785 829 favere
1813 807 1912 838 quam
1935 798 1986 828 lex
2008 799 2159 829 humana.
2191 797 2255 829 Sed
2281 798 2332 828 lex
2355 799 2497 829 humana
2519 799 2584 830 hoc

1511 842 1656 882 permisit
1670 843 1697 872 *.
1721 842 1808 882 Ergo
1824 843 1928 873 multo
1945 842 2059 874 fortius
2074 843 2125 873 lex
2141 843 2249 874 divina
2263 843 2447 883 permittere
2463 843 2582 874 debuit.

1569 896 1597 917 2.
1615 886 1812 923 Pmrrua,
1828 888 1935 918 minus
1951 887 2077 918 bonurn
2092 897 2161 918 non
2176 887 2312 927 impedit
2326 888 2430 918 maius
2446 888 2582 919 bonum.

1511 930 1575 961 Sed
1597 931 1794 962 matrimonii
1817 937 1915 962 status
1939 937 1986 962 est
2009 933 2116 962 minus
2142 932 2268 962 bonum
2291 941 2390 972 quam
2413 937 2512 963 status
2534 942 2583 963 re-

1511 974 1650 1015 ligionis,
1666 981 1703 1006 ut
1724 981 1813 1015 patet
1835 976 1848 1006 1
1867 976 1943 1006 Cor.
1959 977 2042 1007 ω’.
2067 977 2153 1016 Ergo
2176 986 2235 1017 per
2256 977 2499 1007 matrimonium
2514 987 2584 1008 non

1511 1018 1607 1050 debet
1629 1020 1731 1050 homo
1761 1020 1910 1060 impediri
1934 1021 2013 1061 quin
2040 1021 2141 1061 possit
2164 1021 2204 1051 ad
2226 1021 2417 1061 religionem
2440 1022 2582 1052 transire.

1568 1063 1598 1094 3.
1622 1064 1820 1101 Pmrnnm,
1843 1065 1878 1095 in
1902 1065 2044 1105 qualibet
2065 1065 2220 1106 religione
2244 1065 2281 1096 fit
2304 1065 2470 1106 quoddam
2491 1066 2583 1106 spiri-

1510 1107 1597 1139 tuale
1612 1109 1865 1139 manimonium.
1890 1109 1953 1140 Sed
1969 1109 2044 1140 licet
2059 1109 2098 1140 de
2114 1109 2226 1140 leviori
2242 1110 2397 1150 religione
2413 1110 2453 1141 ad
2468 1111 2583 1141 arctio-

1510 1161 1579 1183 rem
1603 1153 1734 1183 transire
1750 1153 1777 1183 “.
1808 1153 1894 1193 Ergo
1918 1153 1994 1184 licet
2016 1153 2056 1184 de
2078 1155 2285 1185 matrimonio
2309 1155 2439 1191 leviori,
2463 1155 2584 1186 scilicet

1512 1196 1640 1232 carnali,
1663 1196 1703 1227 ad
1727 1198 1853 1234 arctius,
1877 1197 1999 1228 scilicet
2020 1199 2263 1229 matrimonium
2285 1199 2459 1239 religionis,
2482 1204 2584 1230 trans—

1510 1241 1566 1277 ire,
1592 1241 1687 1271 etiarn
1710 1241 1809 1272 invita
1832 1251 1944 1272 uxore.

1567 1285 1629 1316 San
1654 1295 1779 1316 eon-rm
1802 1291 1849 1324 est
1871 1285 1962 1326 quod
1985 1286 2101 1317 dicitur
2123 1287 2136 1318 Ι
2156 1287 2231 1317 Cor.
2247 1297 2294 1318 vn
2307 1288 2334 1323 *‚
2351 1292 2388 1318 ut
2402 1297 2464 1318 nec
2487 1288 2584 1319 etiam

1511 1329 1551 1360 ad
1574 1335 1702 1370 tempus
1725 1336 1839 1361 vacent
1863 1331 2001 1362 orationi
2024 1333 2180 1372 coniuges
2195 1332 2263 1362 sine
2277 1337 2394 1362 mutuo
2412 1341 2582 1370 consensu,

1511 1383 1530 1405 a
1551 1375 1758 1406 matrimonio
1783 1375 1987 1407 abstinentes.

1569 1428 1597 1450 2.
1622 1419 1825 1456 Parmam,
1850 1420 1958 1451 nullus
1988 1425 2096 1461 potest
2125 1419 2230 1451 facere
2257 1421 2343 1451 licite
2367 1420 2457 1461 quod
2481 1426 2528 1452 est
2549 1422 2584 1453 in

1511 1463 1744 1503 praeiudicium
1768 1465 1906 1501 alterius,
1930 1465 1999 1496 sine
2022 1465 2090 1495 eius
2113 1464 2290 1496 voluntate.
2314 1464 2378 1496 Sed
2400 1470 2515 1496 votum
2534 1476 2584 1498 re-

1510 1507 1638 1548 ligionis
1668 1509 1822 1540 emissum
1844 1510 1883 1540 ab
1907 1519 1975 1540 uno
2007 1510 2185 1550 coniugum
2216 1515 2263 1540 est
2289 1510 2323 1540 in
2350 1510 2584 1550 praeiudicium

1511 1552 1654 1583 alterius:
1688 1554 1763 1594 quia
1787 1563 1871 1585 unus
1894 1555 1990 1584 habet
2014 1559 2207 1595 potestatem
2236 1555 2385 1595 corporis
2412 1554 2541 1586 alterius
2555 1556 2583 1587 '.

1510 1597 1597 1637 Ergo
1621 1607 1705 1628 unus
1728 1598 1797 1629 sine
1821 1608 1982 1630 consensu
2005 1599 2132 1630 alterius
2155 1608 2222 1629 non
2245 1605 2353 1640 potest
2374 1605 2490 1630 votum
2511 1599 2584 1631 reli-

1510 1642 1615 1681 gionis
1639 1643 1793 1674 emittere.

1564 1686 1755 1718 Ruspoxmno
1785 1697 1946 1718 DICENDUM
1977 1687 2067 1728 quod
2096 1687 2205 1718 nullus
2232 1693 2340 1728 potest
2365 1687 2474 1736 facere
2494 1689 2584 1720 obla—

1510 1730 1634 1762 tionem
1651 1731 1721 1762 Deo
1739 1731 1779 1762 de
1794 1732 1900 1762 alieno
1916 1733 1943 1762 ⁴⁹.
1968 1732 2072 1769 Unde,
2093 1742 2168 1763 cum
2184 1742 2242 1773 per
2260 1733 2504 1764 matrimonium
2518 1733 2583 1765 iam
2611 1739 2622 1750 ·

1511 1781 1774 1807 consummatum
1797 1776 1836 1807 sit
1860 1786 1978 1816 corpus
2001 1778 2059 1807 viri
2082 1776 2204 1808 fact-um
2234 1777 2360 1813 uxoris,
2384 1787 2453 1808 non
2476 1783 2584 1818 potest

1511 1820 1579 1850 sine
1607 1827 1768 1852 consensu
1799 1821 1867 1851 eius
1897 1821 1968 1852 Deo
1998 1822 2107 1862 ipsum
2137 1821 2251 1852 offerre
2281 1831 2339 1862 per
2366 1822 2583 1854 continentiae

1510 1869 1635 1895 votum.

1565 1908 1616 1939 An
1639 1919 1757 1940 ramim
1783 1919 1866 1940 mmo
1888 1917 2055 1940 memmi
2079 1910 2169 1950 quod
2192 1910 2243 1941 lex
2266 1911 2408 1941 humana
2436 1910 2584 1942 conside-

1510 1953 1599 1983 rabat
1621 1954 1864 1984 matrimonium
1887 1954 1993 1985 solum
2017 1955 2211 1995 inquantum
2235 1959 2283 1985 est
2305 1954 2339 1985 in
2362 1954 2507 1986 officium
2525 1965 2582 1986 na-

1510 2002 1609 2028 turae.
1635 1997 1699 2028 Sed
1713 1998 1764 2028 lex
1787 1998 1895 2029 divina
1917 1999 2097 2030 secundum
2120 1998 2211 2039 quod
2234 2004 2281 2029 est
2305 2005 2540 2030 sacramentum
2555 2001 2583 2037 θ,

1511 2051 1549 2072 ex
1572 2051 1639 2082 quo
1663 2042 1759 2073 habet
1782 2043 2006 2074 omnimodam
2028 2043 2322 2074 indivisibilitatem.
2351 2043 2392 2074 Et
2415 2043 2492 2075 ideo
2514 2053 2584 2076 non

1511 2090 1558 2116 est
1580 2086 1692 2116 simile.

1565 2130 1616 2160 An
1652 2140 1815 2161 sacunntm
1848 2141 2010 2163 mcmmuu
2044 2131 2135 2173 quod
2168 2141 2237 2162 non
2271 2137 2320 2163 est
2350 2132 2584 2164 inconveniens

1510 2175 1614 2206 maius
1646 2175 1771 2206 bonum
1803 2176 1952 2216 impediri
1982 2186 2040 2217 per
2068 2177 2177 2208 minus
2209 2177 2334 2208 bonum
2366 2177 2457 2218 quod
2488 2178 2585 2209 habet

1511 2220 1768 2251 contrarietatem
1792 2219 1831 2250 ad
1855 2221 1979 2261 ipsum:
2007 2221 2090 2252 sicut
2114 2222 2209 2252 etiam
2232 2222 2358 2252 bonum
2380 2231 2438 2263 per
2460 2222 2584 2254 malum

1510 2263 1693 2304 impeditur.

1565 2308 1617 2339 AD
1641 2319 1776 2339 ‘rem-nm
1803 2320 1963 2340 memmius
1990 2310 2080 2350 quod
2103 2311 2137 2341 in
2161 2310 2303 2351 qualibet
2325 2311 2481 2351 religione
2504 2320 2584 2343 oon»-

1509 2353 1644 2384 trahitur
1667 2354 1909 2385 matrimonium
1925 2354 1965 2385 ad
1981 2364 2080 2386 unam
2098 2364 2282 2396 personam,
2298 2356 2420 2386 scilicet
2434 2355 2475 2387 ad
2491 2355 2584 2388 Chri-

1510 2402 1606 2434 stum,
1624 2399 1677 2428 cui
1692 2404 1800 2429 tamen
1816 2399 1856 2429 ad
1871 2399 1964 2440 plura
1987 2399 2146 2440 obligatur
2168 2400 2283 2440 aliquis
2299 2401 2333 2431 in
2347 2410 2413 2431 una
2427 2400 2584 2441 religione

1511 2452 1610 2482 quam
1635 2443 1669 2473 in
1700 2443 1769 2474 alia.
1801 2443 1864 2474 Sed
1893 2444 2137 2475 matrimonium
2166 2445 2328 2476 materiale
2359 2450 2391 2476 et
2419 2445 2584 2486 religionis

1510 2496 1579 2518 non
1602 2486 1685 2518 fiunt
1708 2487 1747 2518 ad
1771 2498 1870 2519 unam
1893 2498 2076 2529 personam.
2101 2490 2143 2520 Et
2164 2489 2239 2521 ideo
2262 2499 2332 2521 non
2355 2495 2403 2520 est
2424 2490 2538 2522 simile.

1739 2563 1839 2594 ART.
1865 2563 1902 2594 11.
1926 2574 2031 2595 uranu
2054 2575 2155 2596 anum
2179 2575 2351 2603 comuntur,

1609 2616 1691 2637 ama
1715 2617 1879 2638 cannarum
1903 2618 2057 2646 coruram,
2081 2619 2195 2647 Possrr,
2219 2620 2341 2642 Αιτιιιιο
2364 2620 2482 2648 mvrro,

1831 2662 1874 2684 AD
1897 2663 2090 2684 mmmmm!
2112 2664 2262 2687 TRANst

1624 2703 1655 2724 IV
1671 2703 1744 2730 Sent„
1760 2703 1814 2726 dist.
1829 2710 1910 2731 xxxix,
1924 2708 1966 2726 art.
1981 2712 2005 2731 4,
2020 2705 2049 2726 ad
2063 2711 2090 2731 ας
2105 2705 2115 2727 1
2130 2705 2164 2727 ad
2178 2705 2242 2734 Cor„
2258 2712 2308 2734 cap.
2323 2713 2366 2734 vn,
2381 2707 2434 2729 lect.
2448 2713 2469 2736 5.

1575 2764 1596 2784 D
1627 2764 1790 2784 SECUNDUM
1814 2765 1859 2785 sn:
1881 2765 2087 2787 Pnocnnrrun.
2116 2756 2252 2788 Videtur
2279 2757 2369 2798 quod
2397 2767 2458 2789 nee
2487 2759 2583 2791 etiam

1513 2767 1649 2829 Aante
1688 2799 1848 2830 carnalem
1881 2800 2043 2840 copulam.
2079 2801 2312 2832 Indivisibilitas
2350 2803 2436 2833 enim
2475 2804 2582 2834 matri-

1510 2843 1614 2873 monii
1643 2844 1781 2883 pertinet
1811 2843 1851 2874 ad
1878 2845 2074 2875 matrimonii
2108 2852 2362 2883 sacramentum,
2389 2847 2583 2888 inquantum

1511 2887 1631 2918 scilicet
1669 2887 1826 2928 significat
1862 2895 2052 2930 perpetuam
2091 2891 2356 2922 coniunctionem
2390 2890 2508 2922 Christi
2542 2891 2582 2923 nd

1511 2931 1689 2963 Ecclesiam
1705 2934 1732 2963 *.
1756 2932 1820 2964 Sed
1838 2938 1912 2964 ante
1935 2934 2095 2965 carnalem
2118 2935 2281 2976 copulam,
2297 2941 2372 2975 post
2387 2944 2582 2967 consensum

1510 2985 1568 3016 per
1591 2978 1688 3007 verba
1711 2977 1750 3008 de
1773 2978 1933 3017 praesenti
1956 2988 2155 3019 expressum,
2180 2985 2227 3010 est
2248 2989 2361 3010 verum
2387 2981 2583 3012 matrimonii

1511 3027 1756 3053 sacramentum.
1781 3022 1868 3062 Ergo
1891 3032 1967 3053 non
1981 3029 2090 3063 potest
2111 3022 2180 3054 fieri
2203 3023 2317 3054 divisio
2340 3033 2399 3064 per
2413 3024 2477 3056 hoc
2493 3024 2583 3066 quod

1512 3065 1590 3096 alter
1613 3066 1652 3096 ad
1674 3067 1864 3106 religionem
1886 3067 1991 3098 intrat.

1569 3119 1598 3140 2.
1623 3111 1819 3147 Plurimum,
1836 3111 1869 3141 in
1885 3112 1956 3152 ipso
1982 3121 2142 3142 consensu
2165 3121 2224 3152 per
2241 3112 2336 3142 verba
2360 3112 2399 3143 de
2422 3115 2582 3153 praesenti

1512 3163 1662 3195 expresso
1690 3165 1775 3186 unus
1804 3156 1981 3196 coniugum
2003 3156 2038 3186 in
2061 3156 2196 3186 alterum
2223 3161 2415 3196 potestatem
2439 3158 2488 3188 sui
2512 3168 2582 3189 cor-

1510 3199 1598 3239 poris
1614 3199 1769 3230 transfert.
1794 3200 1880 3240 Ergo
1896 3200 2001 3230 statim
2017 3205 2126 3240 potest
2139 3201 2266 3240 exigere
2285 3200 2440 3238 debitum,
2458 3207 2490 3232 et
2505 3203 2583 3235 alter

1510 3249 1638 3274 tenetur
1660 3243 1801 3274 reddere.
1827 3244 1868 3274 Et
1890 3244 1934 3274 ita
1955 3253 2024 3275 non
2046 3249 2154 3284 potest
2175 3254 2270 3282 unus,
2290 3245 2391 3276 invito
2415 3246 2525 3284 altero,
2543 3247 2583 3279 ad

1511 3288 1701 3328 religionem
1723 3289 1865 3319 transire.

1568 3332 1598 3363 3.
1622 3332 1819 3368 panarum,
1836 3332 1949 3362 Matth.
1961 3333 2059 3363 xrx':
2078 3331 2170 3369 Quos
2183 3333 2273 3364 Deus
2288 3335 2468 3372 coniunxit,
2485 3335 2582 3367 homo

1513 3385 1577 3406 non
1602 3381 1737 3417 separet.
1768 3376 1830 3407 Sed
1854 3377 2041 3408 coniunctio
2069 3386 2152 3417 quae
2176 3383 2223 3408 est
2246 3385 2319 3410 ante
2344 3380 2503 3411 carnalem
2526 3389 2582 3411 co-

1511 3420 1623 3460 pulam
1639 3420 1788 3451 divinitus
1805 3419 1886 3451 facta
1902 3426 1958 3451 est.
1981 3420 2067 3463 Ergo
2082 3431 2151 3454 non
2166 3428 2273 3463 potest
2288 3425 2425 3464 separari
2440 3424 2582 3455 humana

394 3457 434 3489 de
448 3458 680 3499 impedimento
697 3460 786 3500 quod
801 3462 985 3501 supervenit
998 3464 1204 3494 matrimonio
1222 3469 1457 3501 consummato,
1511 3464 1687 3495 voluntate.

394 3502 514 3533 scilicet
537 3502 576 3534 de
600 3503 811 3536 fornicatione
827 3506 853 3535 *.

395 3546 488 3577 Circa
511 3547 650 3587 primum
675 3554 871 3588 quaeruntur
892 3549 960 3580 tria.

1471 3562 1496 3583 75

1568 3508 1632 3539 San
1655 3518 1779 3539 com-u
1802 3518 1857 3539 nsi·
1880 3509 1980 3549 quod,
2004 3509 2183 3541 secundum
2206 3511 2446 3554 Hieronymum
2461 3514 2488 3550 “,
2513 3513 2581 3546 Do-

1511 3552 1619 3583 minus
1641 3552 1796 3583 Ioannem
1819 3554 1945 3584 vocavit
1968 3553 2008 3584 de
2031 3555 2160 3595 nuptiis.

2611 851 2622 862 ·
2636 849 2726 873 Novell.
2741 849 2824 878 1¹11,

2610 876 2647 898 De
2660 877 2691 899 iis
2713 877 2757 906 qul
2775 883 2822 900 tec.

2611 905 2675 951 ’3113ss-
2682 909 2827 952 ciffs'm

2610 956 2823 1006 nsaw-¹1²2·-

2702 1000 2708 1010 ,
2724 989 2764 1012 qu.
2778 989 2804 1005 n.

2610 1011 2622 1022 ·
2628 1009 2694 1033 ναι-ι.
2705 1009 2727 1037 8,
2737 1015 2763 1039 3³
2771 1015 2823 1039 sqq.

2610 1157 2825 1214 ewre-

2611 1213 2633 1234 et
2638 1201 2824 1244 ”asimaei-c..

2611 1237 2824 1292 acfiofflffiuh'f

2611 1293 2622 1303 ·
2657 1297 2704 1314 m.
2716 1297 2737 1320 5.

2611 1559 2622 1569 ·
2635 1555 2711 1584 ἰδίει,
2725 1562 2785 1579 ven.
2799 1563 2824 1583 4.

2611 1997 2620 2008 ·
2636 1995 2672 2019 ef.
2683 1995 2823 2024 qun-,tcu-

2609 2943 2621 2954 ·
2628 2941 2668 2964 Ad
2674 2940 2762 2970 Ephe.
2771 2946 2822 2969 etp.

2609 2975 2632 2996 v,
2646 2973 2706 2990 ven.
2719 2973 2754 2997 3²-

2610 3339 2702 3364 ·vsn.
2717 3339 2740 3363 ⁶.

2609 3503 2620 3515 '
2709 3500 2822 3525 ,ἠιΙοαι-

2609 3529 2670 3551 lnter
2710 3535 2750 3558 pp.
2766 3527 2822 3551 Βία·

2607 3561 2659 3578 1¹01!-
