2918 4088
167 948 177 958 ³
192 947 243 967 Art.
263 951 289 972 3,
307 944 378 966 Com-

168 976 238 994 ment.
256 977 320 992 num.
336 977 351 992 ι.

167 1000 189 1010 ·*
200 998 247 1026 Qu.
259 1004 283 1023 n,
294 997 322 1019 ad
337 997 378 1018 ult.

167 1031 215 1052 arg.
231 1023 364 1052 principale.

167 1205 178 1215 '¹
191 1203 242 1224 Art.
263 1209 283 1231 3,
305 1202 376 1223 Corn-

167 1233 237 1252 ment.
253 1234 316 1250 num.
331 1234 345 1250 1.

166 1609 175 1619 ·
187 1607 285 1628 Aristot.
300 1606 376 1628 Ethic.

166 1634 206 1655 lib.
226 1634 254 1659 11,
276 1639 327 1660 cap.
346 1639 378 1660 vu,

166 1667 188 1682 n.
206 1666 235 1688 ¹5·
259 1671 268 1676 -
290 1660 314 1681 S.
331 1659 376 1682 Th.

163 1688 217 1708 lect.
233 1693 271 1708 vn.

408 202 482 241 306

1048 196 1311 245 QUAESTIO
1339 193 1536 241 LXXXV,
1565 190 1858 229 ARTICULUS
1886 190 1937 226 VI

1077 352 1411 387 commentaria
1433 349 1685 383 cardinalis
1705 348 1908 381 Caietam

437 468 456 488 N
480 457 618 488 articulis
641 457 754 497 quinto
782 460 813 486 et
836 459 925 485 sexto
952 453 1063 488 simul,
1094 461 1136 482 ne
1163 450 1294 486 fallaris,
1318 448 1464 484 Novitie‚

410 470 615 541 lintelligens
635 506 724 531 actus
748 500 863 540 quibus
887 499 957 528 Deo
980 498 1014 527 in
1030 495 1226 536 poenitentia
1242 501 1464 532 cooperamur,

407 555 475 576 esse
497 550 586 576 actus
608 544 817 585 procedentes
841 553 858 572 a
881 543 996 572 virtute
1019 539 1245 579 poenitentiae.
1281 537 1354 567 Hoc
1378 536 1465 566 enim

408 589 523 620 falsum
547 594 708 620 est:.cum
730 587 822 618 multi
846 591 933 616 actus
949 585 1003 620 illi,
1029 583 1148 613 scilicet
1172 582 1227 621 qui
1251 581 1319 610 sine
1338 580 1466 610 caritate

408 643 476 664 esse
498 639 648 674 possunt,
679 630 868 672 praecedant
898 627 1129 669 poenitentiam
1160 630 1196 655 ut
1219 629 1265 655 est
1287 624 1402 659 virtus,
1435 628 1466 653 et

407 683 514 708 tamen
536 682 610 707 sunt
632 681 719 707 actus
742 675 829 710 boni,
854 673 969 713 quibus
993 671 1064 701 Deo
1089 677 1302 709 cooperamur
1324 667 1364 698 ad
1386 677 1466 708 poe-

407 722 572 752 nitentiam
595 718 862 759 consequendam.
887 717 954 746 Nec
977 720 1008 745 te
1031 714 1136 744 turbet
1159 718 1247 743 actus
1264 712 1387 742 timoris
1403 721 1466 742 ser-

407 766 492 796 vilis:
510 765 664 805 quoniam
679 773 737 803 pro
754 763 867 792 timore
882 767 1061 800 poenarum
1077 757 1222 793 sumitur,
1236 761 1267 786 et
1283 761 1329 786 est
1345 757 1464 793 bonus;

408 815 439 840 et
461 819 528 839 non
551 818 610 849 pro
634 809 748 837 timore
772 813 949 845 poenarum
972 807 1108 832 tantum.

462 853 498 883 II.
522 853 557 882 In
581 851 696 882 eodem
719 849 850 880 articulo
875 852 963 878 sexto
988 845 1122 876 dubium
1146 845 1284 876 occurrit
1308 854 1345 875 ex
1366 844 1465 875 Scoto

407 902 437 927 et
460 895 622 931 Durando,
647 904 687 925 an
710 892 904 934 poenitentia
927 891 966 920 sit
986 891 1085 920 virtus
1101 890 1264 929 acquisita.
1288 889 1371 919 Nam
1388 889 1466 920 Sco-

406 947 466 977 tuS,
490 941 545 970 ubi
567 949 661 979 supra
676 939 703 974 ἥ,
728 947 781 977 qu.
798 947 831 966 111
847 936 891 971 ἢ,
915 939 1003 965 tenet
1025 934 1258 974 poenitentiam
1282 943 1349 964 esse
1367 934 1466 964 virtu—

404 990 470 1015 tem
493 983 694 1023 acquisitam:
720 982 794 1021 quia
809 980 956 1009 voluntas
973 987 1010 1008 ex
1026 977 1234 1018 frequentatis
1249 978 1372 1008 actibus
1387 987 1467 1018 poe-

404 1027 525 1058 nitendi
547 1032 653 1067 potest
675 1033 824 1065 generare
847 1024 880 1053 in
904 1032 937 1053 se
960 1022 1106 1052 habitum
1131 1022 1339 1052 inclinantem
1363 1021 1402 1052 ad
1426 1022 1466 1052 si-

405 1072 494 1102 miles
517 1076 619 1107 actus;
644 1075 675 1100 et
694 1069 746 1099 ille
763 1069 820 1098 en't
835 1076 909 1097 vere
924 1067 1033 1102 virtus,
1051 1067 1127 1106 quia
1142 1066 1335 1096 rectissimae
1350 1067 1467 1096 rationi

405 1124 575 1146 consonus.
599 1132 622 1136 —
644 1113 685 1143 Et
707 1111 843 1152 amplius
866 1111 961 1141 sentit
985 1110 1076 1150 quod
1097 1115 1205 1150 potest
1221 1120 1289 1140 esse
1304 1110 1466 1141 informis:

407 1160 481 1199 quia
502 1163 608 1198 potest
629 1165 758 1187 manere
781 1164 856 1186 cum
879 1159 1014 1196 peceato
1038 1154 1175 1185 mortali.

458 1201 626 1232 Durandus
650 1206 767 1237 autem,
791 1199 847 1230 ubi
871 1209 965 1239 supra
981 1199 1008 1235 *‚
1032 1204 1128 1239 negat
1150 1199 1254 1238 ipsam
1278 1207 1345 1228 esse
1369 1198 1467 1229 virtu-

403 1253 467 1277 tern
489 1245 645 1276 infusam:
670 1245 744 1285 quia
767 1244 855 1274 nulla
877 1244 946 1274 talis
971 1249 1017 1274 est
1039 1248 1164 1283 praeter
1186 1242 1394 1283 theologicas.

457 1290 507 1320 111.
532 1289 583 1320 Ad
605 1290 700 1320 huius
724 1288 925 1324 evidentiam,
951 1287 1118 1318 sciendum
1138 1291 1184 1317 est
1208 1286 1298 1327 quod
1322 1296 1389 1317 esse
1405 1287 1466 1317 vir-

403 1340 503 1366 tutem
532 1333 670 1364 infusam
700 1333 857 1372 contingit
887 1332 1072 1372 dupliciter:
1106 1331 1157 1361 vel
1183 1340 1240 1372 per
1263 1340 1311 1367 se,
1335 1331 1387 1361 vel
1410 1340 1467 1371 per

403 1378 558 1410 accidens.
593 1378 652 1408 Per
678 1387 711 1408 se
739 1377 870 1417 quidem
892 1377 991 1407 virtus
1020 1375 1127 1406 infusa
1153 1381 1200 1406 est
1231 1385 1314 1415 quae
1340 1384 1401 1406 nec
1429 1385 1467 1406 ex

402 1429 513 1453 natura
527 1431 588 1452 nec
605 1432 642 1452 ex
658 1422 879 1462 acquisitione,
892 1420 948 1451 sed
964 1421 1032 1451 sola
1046 1419 1210 1451 infusione
1225 1420 1334 1450 haberi
1349 1425 1466 1460 potest,

403 1473 438 1498 ut
454 1467 572 1498 caritas.
596 1466 656 1496 Per
673 1465 818 1496 accidens
835 1470 942 1496 autem
959 1470 1006 1495 est
1030 1474 1113 1505 quae
1130 1474 1167 1495 ex
1183 1474 1243 1495 suo
1259 1473 1378 1504 genere
1393 1469 1467 1495 nata

404 1517 450 1542 est
472 1511 607 1551 acquiri,
637 1509 693 1540 sed
716 1509 830 1540 accidit
853 1509 943 1550 quod
965 1510 999 1540 in
1021 1509 1085 1540 hoc
1108 1509 1148 1539 sit
1170 1508 1292 1539 infusa:
1329 1513 1365 1539 ut
1389 1518 1464 1539 cum

403 1556 489 1585 Deus
511 1554 651 1585 infundit
673 1554 767 1584 alicui
795 1554 940 1584 habitum
969 1554 1119 1584 scientiae
1146 1553 1275 1584 moralis
1297 1553 1349 1584 vel
1371 1558 1464 1584 natu-

401 1599 482 1636 ralis,
506 1604 560 1629 aut
582 1599 727 1629 habitum
748 1599 975 1638 temperantiae
999 1607 1056 1628 seu
1079 1597 1284 1629 fortitudinis.

456 1644 576 1674 Rursus
605 1642 771 1673 sciendum
804 1647 850 1673 est
880 1642 970 1683 quod
993 1641 1080 1673 aliud
1103 1647 1150 1672 est
1179 1643 1296 1673 habere
1322 1642 1464 1682 aliquem

401 1688 542 1719 habitum
565 1687 731 1718 electivum
753 1686 927 1718 secundum
951 1687 1110 1718 rationem
1135 1692 1254 1718 rectam
1270 1687 1303 1717 *2
1328 1691 1360 1717 et
1378 1685 1466 1717 aliud

1520 451 1567 477 est
1588 447 1705 477 habere
1731 445 1869 476 similem
1891 445 2038 475 habiturn
2064 444 2244 476 secundum
2269 445 2428 476 rationem
2449 445 2584 476 virtutis.

1519 491 1617 521 Verbi
1638 490 1746 530 gratia,
1771 488 1858 520 aliud
1881 494 1928 520 est
1949 489 2066 519 habere
2089 489 2234 519 habitum
2253 489 2370 519 amoris
2394 490 2586 529 acquisitum

1520 545 1558 566 ex
1574 534 1794 575 frequentibus
1809 533 1932 564 actibus
1956 532 2083 564 amandi
2098 533 2207 564 Deum
2225 538 2257 563 et
2271 533 2465 573 proximum,
2491 533 2587 564 etiam

1520 578 1699 609 secundum
1733 577 1857 618 regulas
1891 576 1985 608 fidei:
2022 582 2053 607 et
2085 576 2172 608 aliud
2206 582 2253 608 est
2286 577 2403 608 habere
2435 577 2587 607 virtutem

1521 623 1665 654 caritatis.
1699 622 1826 652 Habere
1856 621 1943 652 enim
1968 622 2119 652 virtutem
2149 622 2284 652 caritatis
2315 626 2363 651 est
2391 620 2508 651 habere
2531 621 2587 651 ha-

1519 667 1624 697 bitum
1646 665 1791 697 infusum
1809 665 2001 697 dividentem
2013 665 2110 706 filios
2125 665 2188 696 Dei
2206 675 2226 696 a
2239 665 2327 707 filiis
2344 664 2540 706 perditionis
2555 665 2585 695 *z
2614 669 2625 680 '

1519 712 1636 742 habere
1670 716 1778 741 autem
1809 710 1954 741 habitum
1986 709 2159 750 acquisitae
2192 710 2327 740 caritatis
2358 718 2427 739 non
2459 713 2506 739 est
2531 709 2587 739 ha-

1520 756 1595 786 bere
1618 754 1805 786 huiusmodi
1828 755 1988 791 virtutem,
2013 763 2095 794 quae
2119 759 2166 784 est
2189 753 2314 785 donum
2338 753 2408 790 Dei,
2432 758 2469 784 ut
2492 762 2531 783 ex
2553 762 2587 783 se

1520 805 1617 840 patet.

1576 844 1628 874 IV.
1653 843 1712 874 His
1734 843 1931 884 praemissis,
1955 842 2070 873 dicitur
2093 842 2196 883 quod,
2222 843 2298 883 quia
2320 842 2519 883 poenitentia
2541 846 2589 872 est

1520 898 1577 928 per
1600 898 1633 918 se
1656 889 1755 918 virtus
1778 887 1892 923 infusa,
1917 892 2206 927 quantumcunque
2228 897 2266 918 ex
2285 886 2492 927 frequentatis
2507 894 2587 926 poe-

1519 932 1644 963 nitendi
1673 932 1795 963 actibus
1825 931 1935 962 similis
1966 932 2092 962 habitus
2115 932 2258 971 generari
2283 932 2395 972 possit,
2418 939 2588 971 nunquam

1520 977 1685 1017 perveniet
1708 975 1748 1007 ad
1769 976 1900 1016 plenam
1922 976 2081 1006 rationem
2103 976 2227 1007 virtutis
2253 975 2487 1016 poenitentiae:
2512 975 2589 1016 quia

1520 1030 1690 1061 nunquam
1711 1020 1876 1061 perveniet
1898 1019 1939 1051 ad
1961 1020 2025 1050 hoc
2051 1019 2142 1061 quod
2163 1021 2203 1051 sit
2226 1019 2351 1051 donum
2377 1019 2588 1051 reconcilians

1521 1065 1593 1096 Deo
1617 1064 1752 1095 offenso.

1565 1108 1665 1147 Quod
1687 1114 1796 1139 autem
1818 1109 2017 1149 poenitentia
2039 1109 2079 1139 sit
2100 1109 2200 1139 virtus
2222 1117 2280 1149 per
2303 1117 2337 1139 se
2356 1108 2472 1145 infusa,
2492 1118 2532 1139 ex
2547 1117 2587 1139 eo

1520 1158 1608 1193 patet
1635 1152 1725 1193 quod
1748 1162 1862 1183 omnes
1884 1152 1956 1183 illae
1978 1153 2111 1183 virtutes
2139 1162 2222 1193 quae
2246 1162 2284 1183 ex
2306 1162 2366 1183 suo
2389 1162 2506 1193 genere
2536 1162 2589 1183 or-

1522 1197 1633 1227 dinant
1655 1197 1823 1227 hominem
1846 1195 2026 1227 secundum
2048 1201 2166 1227 statum
2188 1197 2272 1227 vitae
2294 1197 2428 1237 gratiae,
2452 1202 2528 1228 sunt
2550 1206 2590 1228 ex

1521 1251 1581 1271 suo
1604 1250 1722 1281 genere
1743 1240 1882 1277 infusae,
1907 1246 2021 1281 utpote
2045 1240 2233 1271 excedentes
2256 1245 2373 1271 statum
2395 1241 2479 1272 vitae
2505 1250 2589 1281 quae

1522 1290 1569 1316 est
1591 1284 1771 1316 secundum
1793 1289 1940 1315 naturam
1963 1290 1995 1315 et
2016 1283 2174 1315 rationem
2193 1284 2381 1315 naturalem.
2405 1284 2469 1316 Sed
2490 1286 2589 1316 virtu-

1522 1335 1588 1360 tem
1611 1330 1831 1370 poenitentiae
1854 1333 1979 1359 constat
2001 1329 2041 1359 ad
2063 1334 2181 1360 statum
2198 1329 2282 1359 vitae
2306 1338 2389 1369 quae
2405 1334 2452 1360 est
2473 1338 2589 1360 secun-

1523 1373 1601 1405 dum
1616 1374 1750 1414 gratiam
1765 1373 1827 1404 Dei
1842 1374 2015 1414 pertinere:
2039 1374 2122 1404 sicut
2138 1378 2170 1404 et
2184 1373 2375 1414 religionem
2389 1378 2427 1404 ut
2444 1378 2492 1404 est
2507 1374 2591 1405 circa

1521 1423 1727 1455 sacramenta,
1753 1418 1836 1448 circa
1857 1418 2098 1448 venerationem
2121 1417 2182 1448 Dei
2205 1418 2301 1448 unius
2325 1423 2357 1448 et
2379 1418 2463 1454 trini,
2483 1423 2544 1449 etc.

1576 1462 1671 1493 Unde
1694 1467 1826 1503 apparet
1843 1461 1960 1493 falsum
1975 1471 2044 1493 esse
2059 1462 2143 1492 solas
2158 1461 2356 1502 theologales
2371 1462 2502 1493 virtutes
2521 1471 2590 1494 esse

1518 1507 1656 1543 infusas3
1681 1512 1712 1537 et
1730 1507 1881 1537 virtutem
1895 1506 2114 1547 poenitentiae
2136 1515 2232 1546 posse
2248 1515 2316 1537 esse
2331 1505 2515 1543 informem,
2531 1516 2591 1538 seu

1520 1561 1596 1583 cum
1618 1556 1754 1592 peccato
1770 1551 1913 1587 mortam
1938 1551 2127 1591 optimeque
2142 1551 2320 1581 Auctorem
2336 1550 2451 1582 dixisse
2466 1552 2483 1568 ⁴*
2499 1550 2591 1592 quod

1518 1601 1610 1627 actus
1633 1601 1664 1626 et
1685 1595 1812 1626 habitus
1834 1595 1982 1626 caritatis
2003 1595 2102 1626 simul
2123 1600 2200 1626 sunt
2222 1599 2364 1636 tempore
2379 1603 2452 1626 cum
2467 1601 2543 1627 actu
2559 1601 2591 1627 et

1518 1641 1628 1672 habitu
1648 1640 1877 1681 poenitentiae,
1902 1649 1978 1671 cum
1999 1638 2190 1670 iustificatur
2211 1639 2341 1680 imp'ius.

1574 1685 1616 1716 Et
1637 1694 1696 1725 per
1717 1685 1782 1715 hoc
1804 1689 1892 1725 patet
1914 1684 2083 1725 responsio
2107 1683 2147 1715 ad
2170 1684 2306 1715 obiecta.

2914 138 2918 167 ἕ

2915 229 2918 247 1

2912 253 2918 278 1!

2915 306 2918 316 .

2715 667 2745 690 de
2760 667 2827 690 Trln.

2713 694 2734 716 V
2745 711 2750 721 ,
2774 700 2826 723 cap.

2613 726 2680 743 xvut.

2615 1554 2627 1566 ⁶
2640 1553 2667 1576 ln
2681 1558 2786 1583 corpore.
