2918 4088
1358 170 1521 207 INDEX

347 258 510 279 ARthous
525 258 554 278 tv
582 251 682 279 Utrum
698 251 873 288 ingratitudo
889 251 999 280 ratione
1014 251 1094 280 cuius
1109 260 1232 288 sequens

626 298 775 327 peccatum
797 291 863 320 facit
892 292 984 319 redire
1010 298 1126 327 peccata
1153 291 1232 327 prius

625 331 755 366 dimissa,
779 331 815 359 sit
836 331 958 368 speciale
979 338 1139 368 peccatum.
1161 351 1168 359 .
1192 352 1198 358 .
1223 352 1229 358 .
1257 339 1329 368 pag.
1355 330 1408 357 325

586 420 779 454 QUAESTIO
810 419 1171 448 OCTOGESIMANONA

435 493 484 522 De
504 492 769 529 recuperatione
790 491 956 520 virtutum
977 499 1038 528 per
1058 490 1316 527 poenitentiam.

343 579 530 600 Auricuwst
581 571 683 598 Utrum
704 579 756 606 per
777 568 982 605 poenitentiam
1004 567 1121 596 virtutes
1147 567 1228 595 resti-

622 616 739 638 tuantur
741 627 1226 636 .................
1310 617 1325 633 »
1351 607 1406 644 327

427 663 441 678 »
523 659 544 679 ιι
577 651 680 678 Utrum
695 655 760 685 post
774 647 980 685 poenitentiam
995 654 1124 684 resurgat
1137 647 1228 675 homo

622 689 651 717 in
677 689 791 726 aequali
816 688 919 716 virtute
922 706 1226 716 ...........
1310 697 1324 712 »
1350 686 1406 714 328

423 742 438 758 ι
521 739 553 759 ιιι
579 731 680 758 Utrum
725 737 776 765 per
816 727 1024 765 poenitentiam
1064 726 1228 754 restituatur

622 770 710 797 homo
732 768 762 796 in
782 768 932 805 pristinam
957 766 1133 804 dignitatem.
1157 787 1164 794 .
1188 787 1195 794 .
1219 787 1225 794 .
1309 776 1323 791 »
1349 766 1404 802 329

424 822 439 837 ›
522 819 551 838 iv
579 811 682 838 Utrum
703 817 792 845 opera
812 807 947 836 virtutum
965 806 995 835 in
1016 805 1132 834 caritate
1153 805 1227 833 facta

621 848 786 877 mortificari
806 847 918 884 possint
920 865 1224 875 ...........
1306 855 1321 871 ι
1347 845 1399 873 33ι

520 899 539 917 ν
574 891 675 918 Utrum
697 897 786 925 opera
807 887 977 916 mortificata
997 895 1048 922 per
1075 892 1225 922 peccatum

622 938 671 966 per
692 927 898 965 poenitentiam
928 926 1097 954 reviviscant
1099 945 1225 954 .....
1309 935 1323 950 1»
1365 924 1404 953 ib.

2455 174 2528 211 383

1466 259 1629 279 AR‘rtcous
1644 260 1674 280 vt
1704 253 1805 280 Utrum
1828 262 1878 289 per
1898 254 2105 289 poenitentiam
2128 256 2350 292 subsequentem

1744 292 1830 320 etiam
1852 301 1940 328 opera
1963 300 2075 321 mortua
2099 294 2287 323 vivificentur.
2311 317 2317 323 .
2341 317 2346 323 .
2375 304 2448 334 pag.
2473 296 2527 323 332

1765 380 1958 414 QUAESTIO
1981 381 2230 409 NONAGESIMA

1632 452 1680 481 De
1701 452 1861 488 partibus
1882 452 2118 487 poenitentiae
2138 452 2172 480 in
2194 454 2356 488 generali.

1461 536 1625 557 ARTiCULus
1640 536 1650 555 1
1700 528 1802 555 Utrum
1824 527 2018 563 poenitentiae
2040 528 2163 555 debeant
2186 535 2281 564 partes
2302 538 2347 557 as-

1741 566 1855 604 signari.
1886 588 2344 597 ................

1543 619 1557 634 »
1641 615 1661 634 ιι
1702 607 1804 635 Utrum
1825 606 2032 635 convenienter
2051 607 2231 644 assignentur
2252 615 2347 644 partes

1740 646 1934 682 poenitentiae
1969 646 2119 681 contritio,
2146 647 2290 676 confessio
2318 655 2346 676 et

1739 685 1904 714 satisfactio.

1541 737 1556 752 »
1638 734 1671 754 ιιι
1697 727 1800 754 Utrum
1822 725 1968 762 praedicta
1992 726 2045 754 tria
2073 726 2130 754 sint
2152 734 2246 763 partes
2274 727 2346 755 inte-

1738 766 1830 803 grales
1861 765 2064 802 poenitentiae.
2095 787 2342 796 .........

1539 816 1554 831 »
1638 813 1668 833 ιν
1695 806 1797 833 Utrum
1820 805 2024 834 convenienter
2038 806 2181 834 dividatur
2194 807 2344 843 poeniten-

1738 845 1777 873 tia
1798 845 1827 873 in
1848 845 2055 881 poenitentiam
2071 853 2137 874 ante
2159 847 2343 883 baptismum,

1738 892 1766 913 et
1787 885 1995 921 poenitentiam
2012 886 2186 916 mortalium.
2201 894 2229 914 et
2244 887 2353 923 poeni--

1737 925 1856 953 tentiam
1878 925 2031 954 venialium
2036 947 2343 955 ...........

2429 581 2443 596 »
2469 572 2524 607 334

2429 701 2442 715 »
2469 691 2521 718 335

2427 780 2442 795 »
2468 770 2523 798 336

2427 939 2441 954 »
2467 929 2522 966 337

1081 1020 1451 1061 CARDINALIS
1486 1020 1777 1061 CAIETANI

846 1123 1349 1189 QUAESTIONES
1389 1124 1476 1174 DE
1517 1119 2019 1177 SACRAMENTIS

340 1238 501 1264 Paomous
525 1252 1430 1263 ...................

559 1309 827 1344 QUAESTIONES
850 1309 900 1336 DE
921 1308 1184 1336 CONTRITIONE

288 1372 533 1400 ‘'‘Yauaasrruui
584 1372 631 1398 An
651 1370 762 1398 attritio*
785 1369 876 1406 possit
901 1369 962 1397 fieri
983 1369 1127 1397 contritio.
1151 1390 1156 1396 .
1180 1389 1186 1396 .
1210 1390 1216 1396 .
1246 1377 1319 1407 pag.
1345 1368 1396 1403 34¹

420 1422 434 1437 2
516 1420 537 1439 ιι
578 1413 624 1439 An
646 1410 774 1447 exigatur
794 1411 831 1438 ad
853 1409 1055 1438 contritionem
1084 1409 1164 1445 quod
1186 1408 1222 1436 sit

618 1450 795 1487 singulorum
817 1456 1001 1486 peccatorum
1024 1449 1189 1477 mortalium
1213 1470 1219 1476 .
1302 1458 1317 1474 ι
1344 1448 1398 1483 343

419 1502 434 1516 »
517 1499 549 1518 111
579 1491 626 1518 An
647 1496 782 1526 peccator
801 1496 933 1518 teneatur
958 1490 995 1517 ad
1014 1488 1219 1517 contritionem
1395 1495 1398 1499 ·

617 1530 735 1567 quando
756 1530 923 1558 recordatur
943 1535 1128 1565 peccatorum
1151 1537 1219 1555 suo-

616 1579 680 1597 rum
684 1589 1217 1598 ...................
1301 1578 1316 1593 »
1342 1567 1399 1602 344

417 1621 432 1636 ›
515 1618 545 1638 iv
575 1611 622 1638 An
643 1609 778 1637 contritio
806 1608 931 1636 remittat
957 1617 1016 1636 non
1038 1609 1133 1635 solum
1160 1607 1219 1635 cul-

614 1658 699 1686 pam,
721 1649 771 1676 sed
792 1657 919 1685 poenam
941 1648 1066 1675 debitam
1088 1653 1218 1683 peccato.
1300 1657 1316 1672 ι
1342 1647 1396 1681 345

552 1715 821 1764 QUAESTiONES
842 1728 894 1755 DE
915 1726 1179 1755 CONFESSIONE

332 1800 504 1824 euasurum
518 1800 528 1820 ι
578 1791 625 1819 An
647 1799 750 1818 omnes
763 1795 916 1817 teneantur
935 1789 973 1817 ad
994 1787 1216 1816 confessionem.
1301 1799 1315 1814 a>
1341 1788 1396 1824 347

413 1843 429 1860 υ
510 1840 532 1860 ιι
571 1831 619 1859 An
640 1836 757 1867 peccata
778 1829 912 1858 mortalia
938 1828 1063 1857 totaliter
1088 1828 1216 1862 occulta,

611 1877 644 1899 ut
664 1877 731 1898 sunt
756 1876 873 1906 peccata
898 1869 928 1896 in
950 1869 1013 1897 solo
1035 1869 1139 1904 corde,
1161 1868 1218 1896 sint

611 1909 774 1939 necessario
800 1909 966 1938 confitenda
968 1929 1216 1937 .........
1299 1918 1314 1934 ›
1359 1908 1396 1947 ib.

412 1963 427 1978 ›
510 1960 542 1979 ιιι
573 1952 674 1979 Utrum
709 1957 843 1987 oporteat
874 1948 1004 1977 confiteri
1039 1949 1068 1976 in
1101 1948 1217 1985 speciali

610 1991 735 2028 singulas
750 1990 860 2027 species
882 1996 910 2017 et
931 1998 1084 2017 numerum
1107 1995 1215 2017 certum

608 2037 805 2068 peccatorum.
844 2050 1214 2058 .............
1299 2039 1313 2054 x
1340 2028 1395 2064 349

411 2083 426 2098 ι
511 2080 540 2100 ιν
570 2072 618 2099 An
639 2077 756 2107 peccata
778 2070 866 2098 semel
886 2069 940 2097 rite
961 2069 1102 2103 confessa,
1118 2069 1217 2096 subse-

610 2118 676 2139 cuta
690 2109 872 2139 absolutione
887 2116 914 2137 et
929 2109 1131 2143 satisfactione,
1147 2117 1215 2145 pos-

611 2146 668 2179 sint
687 2150 792 2178 iterum
821 2150 966 2178 fructuose
993 2148 1140 2183 confiteri,
1162 2155 1215 2176 etc.
1298 2157 1313 2173 ²
1339 2135 1390 2175 331

413 2203 428 2218 ²
511 2200 530 2219 v
571 2192 619 2219 An
640 2190 783 2218 confessio
805 2189 937 2218 informis
958 2189 994 2218 sit
1015 2189 1156 2217 iteranda.
1178 2210 1185 2217 .
1208 2210 1215 2216 .
1298 2198 1313 2214 2
1339 2188 1394 2215 352

532 2271 800 2306 QUAESTIONES
821 2271 873 2298 DE
893 2269 1195 2298 SATISFACTIONE

329 2342 502 2364 GUAEsrrtJM
518 2342 527 2361 1
576 2334 624 2361 An
645 2332 800 2361 satisfactio
814 2331 1028 2368 poenitentialis
1046 2331 1137 2368 possit
1151 2340 1214 2359 esse

609 2373 645 2401 de
672 2372 743 2401 alias
771 2371 868 2400 debito
872 2392 1212 2400 ............
1296 2382 1311 2397 »
1337 2371 1390 2399 355

411 2412 440 2440 »¹
507 2417 531 2441 n
571 2414 618 2441 An
643 2422 696 2449 pro
725 2412 851 2440 contrito
877 2418 905 2440 et
930 2412 1065 2440 confesso
1094 2417 1213 2448 peccato

610 2452 746 2489 imposita
770 2452 934 2486 satisfactio,
956 2451 979 2479 si
1001 2451 1164 2479 exsolvatur
1185 2451 1214 2479 in

609 2499 727 2529 peccato
752 2492 876 2527 mortali,
898 2492 934 2520 sit
954 2491 1083 2520 iteranda
1086 2512 1212 2520 .....
1295 2501 1310 2517 t
1336 2491 1392 2519 356

340 2573 534 2608 QUAESTIO
557 2573 608 2599 DE
629 2571 811 2600 MINISTRO
831 2571 1078 2599 SACRAMENTI
1099 2571 1383 2599 POENITENTIAE

326 2643 500 2664 ouAsssrrunt
522 2642 636 2663 unicum
657 2635 703 2662 An
725 2633 854 2661 minister
868 2633 1040 2661 sacramenti
1061 2633 1212 2669 poeniten-

608 2673 663 2702 tiae
685 2673 775 2710 possit
795 2682 858 2701 esse
882 2673 1017 2701 sacerdos
1038 2674 1147 2710 absque
1169 2672 1211 2700 iu-

608 2713 774 2742 risdictione
777 2734 1212 2741 ...............
1294 2723 1310 2739 »
1335 2713 1349 2740 3
1355 2713 1390 2740 58

392 2795 660 2831 QUAESTIONES
682 2794 733 2821 DE
754 2793 961 2821 THESAURO
984 2793 1325 2822 lNDULGENTIARUM

325 2866 499 2888 QUAssstTUM
513 2866 523 2885 1
574 2858 620 2885 An
641 2857 792 2884 thesaurus
813 2854 916 2891 aliquis
935 2854 970 2882 sit
984 2854 1162 2883 necessarius
1175 2856 1213 2883 ad

1474 1250 2339 1262 ..................
2367 1243 2441 1273 pag.
2465 1235 2516 1270 341

1564 1297 1831 1331 QUAESTIONES
1853 1299 1904 1326 DE
1926 1299 2051 1327 CAUSA
2072 1300 2414 1329 INDULGENTIARUM

1457 1391 1628 1412 aumsrrum
1642 1392 1652 1411 1
1704 1385 1805 1412 Utrum
1828 1385 1990 1413 necessario
2012 1386 2174 1422 requiratur
2194 1395 2281 1415 causa
2295 1396 2340 1415 ra-

1733 1424 1878 1452 tionabilis
1907 1425 2149 1462 indulgentiarum
2154 1447 2339 1455 .......
2366 1436 2440 1465 pag.
2463 1428 2520 1464 364

1634 1471 1656 1491 11
1695 1465 1742 1491 An
1765 1473 1798 1492 ex
1819 1465 1874 1492 hoc
1897 1464 1960 1502 ipso
1990 1467 2069 1502 quod
2091 1466 2120 1493 in
2142 1467 2219 1494 bulla
2246 1466 2339 1503 expri-

1735 1504 1823 1531 mitur
1836 1504 1944 1541 aliquid
1960 1515 2013 1541 pro
2029 1514 2114 1534 causa
2134 1505 2337 1543 indulgentiae,

1737 1543 1772 1571 sit
1787 1544 1964 1572 rationabilis
1979 1554 2065 1573 causa
2079 1552 2176 1574 tantae
2191 1546 2339 1583 indulgen-

1733 1583 1789 1611 tiae
1792 1605 2337 1615 ...................
2422 1598 2437 1613 »
2462 1587 2516 1615 365

1501 1660 1770 1694 QUAESTIONES
1792 1662 1842 1688 DE
1863 1661 2168 1690 SUSCIPIENTIBUS
2190 1664 2473 1693 INDULGENTIAS

1454 1739 1626 1759 QUARsxTUM
1637 1740 1647 1759 1
1697 1733 1753 1767 An,
1765 1739 1878 1769 praeter
1891 1734 2021 1770 gratiam,
2037 1734 2200 1771 requiratur
2214 1745 2246 1763 ex
2258 1742 2339 1772 parte

1733 1772 1913 1809 suscipientis
1942 1773 2133 1811 indulgentias
2161 1774 2258 1812 aliqua
2283 1775 2339 1804 alia

1730 1812 1885 1849 >dispositio
1889 1835 2337 1844 ................
2422 1827 2436 1843 ›
2462 1817 2517 1854 367

1533 1862 1549 1878 ι
1632 1860 1654 1880 ιι
1694 1855 1740 1882 An
1762 1860 1894 1889 tempore
1908 1863 1968 1890 quo
1984 1854 2016 1882 fit
2029 1863 2103 1891 opus
2117 1864 2172 1891 pro
2187 1854 2339 1892 indulgen-

1733 1893 1780 1928 tia,
1792 1900 1925 1930 oporteat
1938 1901 2107 1931 operantem
2119 1904 2181 1923 esse
2196 1894 2225 1923 in
2236 1895 2337 1932 gratia.
2421 1907 2436 1922 ι
2462 1896 2516 1924 368

1522 1979 1574 2006 DE
1595 1978 1710 2007 MODO
1731 1979 1930 2007 TRADENDI
1950 1981 2030 2008 AUT
2050 1981 2264 2008 RECIPIENDI
2286 1981 2451 2009 ORDINES

1452 2051 1617 2072 aunem-us
1644 2053 1751 2073 mucus
1754 2067 2335 2075 ....................
2419 2058 2434 2074 »
2460 2048 2516 2085 369

1473 2124 1525 2150 DE
1546 2123 1809 2152 SACRAMENTO
1835 2125 2067 2153 MATRIMONH
2087 2126 2250 2154 TRIPLEX
2273 2127 2496 2161 QUAESITUM

1451 2201 1644 2222 ουΑΕειτιιΜι
1694 2196 1741 2223 An
1763 2194 1981 2223 matrimonium
1996 2202 2176 2224 contractum
2198 2206 2250 2232 per
2268 2184 2336 2233 pro-

1730 2241 1893 2263 curatorem
1926 2235 1962 2263 sit
1994 2243 2206 2264 sacramentum
2210 2258 2335 2265 .....
2419 2248 2434 2263 x»
2459 2237 2515 2274 370

1530 2284 1545 2299 ›
1629 2282 1651 2302 11
1691 2276 1738 2303 An
1759 2274 1937 2303 matrimonii
1954 2282 2117 2304 contractus
2138 2276 2334 2304 clandestinus

1730 2314 1766 2342 sit
1787 2316 1964 2352 quandoque
1986 2315 2088 2344 licitus.
2117 2337 2332 2345 ........
2415 2327 2430 2342 ²
2475 2317 2514 2345 ib.

1531 2365 1545 2380 ι
1628 2362 1660 2382 ιιι
1690 2356 1737 2383 An
1758 2355 1935 2383 matrimonii
1950 2362 2115 2384 contractus
2137 2365 2198 2384 non
2217 2363 2335 2393 propter

1729 2396 1841 2431 prolem
1863 2402 1913 2424 aut
1933 2395 2079 2424 vitandam
2101 2396 2332 2431 fornicationem,

1728 2435 1764 2463 sit
1785 2435 1877 2463 licitus
1880 2457 2333 2465 ................
2418 2448 2432 2462 a>
2457 2437 2509 2474 37ι

1639 2521 1908 2557 QUAESTIONES
1929 2523 1981 2549 DE
2001 2522 2074 2550 USU
2095 2522 2326 2550 MATRIMONII

1448 2600 1620 2621 ouustrum
1632 2601 1643 2620 1
1691 2594 1737 2621 An
1758 2601 1827 2620 usus
1842 2592 2019 2620 matrimonii
2033 2592 2069 2620 sit
2089 2592 2182 2621 licitus
2203 2599 2269 2620 ante
2284 2594 2334 2621 be—

1727 2632 1924 2660 nedictionem
1928 2654 2329 2661 ..............
2414 2645 2429 2659 »
2455 2633 2511 2669 372

1527 2684 1543 2699 »
1606 2679 1648 2700 “11
1688 2674 1735 2700 An
1756 2681 1825 2700 usus
1846 2672 2015 2700 clandestini
2039 2672 2166 2709 coniugii
2187 2672 2223 2700 sit
2251 2672 2331 2701 illici-

1556 2719 1558 2723 ’
1726 2719 1772 2740 tus
1800 2713 1968 2741 mortaliter.
1997 2734 2336 2741 ............
2421 2724 2436 2739 »
2474 2713 2512 2741 ib.

1527 2793 1578 2820 DE
1599 2791 1900 2820 DELECTATIONE
1921 2791 2081 2819 MOROSA
2100 2792 2264 2819 TRIPLEX
2285 2792 2430 2820 DUBIUM

1500 2863 1510 2882 ι
1559 2861 1674 2881 nuatum
1701 2854 1747 2881 An
1775 2852 1937 2880 voluntaria
1961 2852 2113 2880 delectatio
2140 2853 2176 2881 de
2204 2852 2330 2889 cogitato

608 2894 767 2924 efficaciam
792 2894 1044 2931 indulgentiarum.
1061 2916 1090 2922 ..
1114 2916 1121 2922 .
1144 2916 1151 2923 .
1174 2916 1181 2923 .
1205 2917 1211 2922 .
1295 2906 1309 2920 ›
1337 2895 1391 2931 359
1745 2900 1810 2920 actu
1831 2892 1909 2920 licito
1931 2892 2172 2927 conditionaliter,
2195 2892 2230 2920 sit
2251 2902 2330 2921 mor-

409 2949 424 2964 »
506 2946 528 2965 n
569 2938 610 2964 Ex
625 2935 730 2973 quibus
751 2941 863 2963 constet
884 2935 1034 2962 thesaurus
1049 2935 1127 2962 unde
1142 2934 1214 2962 fiunt
1745 2932 1802 2960 tale
1831 2933 1978 2968 peccatum
1983 2952 2327 2960 ............
2413 2943 2427 2958 »
2453 2933 2509 2970 374

607 2975 800 3013 indulgentiae
806 2995 1211 3003 ..............
1295 2985 1310 3000 ›
1336 2975 1392 3002 360
1499 2982 1520 3001 11
1602 2983 1616 2998 ›
1707 2974 1752 3001 An
1762 2972 1848 3000 vidua
1859 2981 1933 3008 quae
1948 2972 2109 3000 voluntarie
2123 2972 2280 3000 delectatur
2294 2973 2330 3000 de

387 3018 424 3044 '»
506 3026 539 3046 m
570 3017 704 3051 Quorum
733 3015 790 3043 sint
817 3014 1025 3043 satisfactiones
1050 3023 1083 3042 ex
1109 3013 1214 3050 quibus
1746 3011 1889 3048 coniugali
1926 3019 1991 3040 actu
2025 3011 2196 3048 praeterito,
2231 3019 2330 3048 peccet

606 3062 719 3084 constat
744 3057 895 3083 thesaurus
921 3055 999 3082 unde
1024 3054 1096 3082 fiunt
1119 3054 1214 3082 indul·
1746 3051 1906 3079 mortaliter
1909 3071 2326 3080 ...............
2411 3062 2426 3078 ι
2469 3051 2508 3080 ib.

607 3095 729 3133 gentiae.
758 3115 1212 3124 ................
1297 3105 1311 3120 »
1336 3094 1387 3122 361
1499 3101 1531 3121 ιιι
1596 3103 1610 3118 »
1699 3093 1746 3119 An
1767 3091 1928 3119 voluntaria
1956 3091 2108 3119 delectatio
2130 3092 2165 3119 de
2186 3091 2246 3119 visa
2266 3091 2330 3128 pul-

408 3148 424 3164 »
506 3145 536 3165 tv
569 3138 616 3165 An
636 3136 788 3164 thesaurus
810 3135 856 3163 hic
880 3134 1012 3162 subditus
1040 3133 1076 3161 sit
1097 3133 1214 3170 dispen-
1746 3141 1793 3159 cra
1823 3131 1941 3159 muliere
1970 3131 2005 3159 sit
2036 3132 2231 3167 computanda
2257 3131 2331 3159 inter

606 3175 711 3204 sationi
726 3177 820 3212 Papae
838 3174 919 3202 aliter
939 3183 1026 3211 quam
1047 3183 1097 3210 per
1118 3182 1213 3202 sacra·
1746 3177 1863 3207 peccata
1891 3171 2022 3199 mortalia
2048 3171 2244 3199 delectationis
2266 3180 2329 3198 mo-

411 3236 413 3239 -
608 3222 773 3244 mentorum
791 3215 974 3244 collationem
979 3235 1195 3242 ........
1296 3223 1311 3239 ›
1338 3213 1392 3241 362
1746 3220 1838 3239 rosae.
1867 3231 2327 3239 ................
2410 3221 2425 3236 ³
2452 3211 2506 3247 375

449 3303 452 3306 “
488 3293 750 3329 APPENDIX
778 3292 847 3328 EX
877 3289 1153 3329 OPUSCULO
1184 3289 1493 3326 CARDINALIS
1523 3288 1769 3325 CAIETANI
1797 3288 1935 3324 XXVII
1963 3287 2347 3334 QUAESTIONUM

326 3378 456 3413 Quando
477 3377 542 3415 quis
562 3378 704 3416 obligetur
724 3378 761 3406 ad
782 3377 986 3406 contritionem
1008 3382 1192 3413 peccatorum
1218 3374 1383 3403 mortalium
1411 3395 1420 3414 ,
1444 3393 1812 3402 .............
1828 3383 1831 3385 ·
1838 3393 2325 3402 .................
2354 3381 2428 3412 pag.
2452 3373 2508 3409 376

994 3465 1839 3494 —·····⁶40·4·ffl·4·oeb”00—

2133 3500 2250 3515 Α
