2918 4088
241 694 252 704 ·
266 693 331 715 Vers.
347 693 381 715 26.

239 1114 248 1125 ·
264 1113 329 1135 Vers.
344 1120 377 1141 27.

238 1273 247 1282 ·
262 1271 327 1292 Vers.
345 1278 378 1297 ¹4.

237 1380 247 1390 ‘
261 1379 334 1401 serm.
350 1377 447 1404 CCCLI,

237 1406 266 1427 al.
274 1405 361 1427 Homil.
369 1406 408 1426 ult.
418 1405 450 1426 in·

236 1436 270 1453 ter
278 1431 447 1463 Quinquagint.

235 1458 331 1485 Homtl„
343 1464 392 1486 cap.
408 1464 433 1479 n.

237 1691 247 1701 '¹
261 1689 296 1712 cf.
303 1690 376 1712 Arist.
385 1690 448 1717 Pny-

235 1718 276 1738 εἰς.
292 1716 332 1739 lib.
347 1717 368 1738 11
396 1723 422 1738 ca

235 1749 266 1769 vr,
281 1749 304 1765 n.
316 1743 337 1765 6.
345 1755 356 1761 -
366 1733 391 1766 ἐ.

235 1770 287 1791 lect.
302 1776 324 1792 x.

232 3260 243 3270 ·
258 3259 323 3281 Vers.
341 3267 375 3287 ¹⁴·

423 1723 446 1765 i:

480 187 529 234 96

482 273 669 314 peccator,
685 278 777 302 cum
796 265 935 302 habeat
949 268 1185 302 voluntatem
1205 277 1284 302 non
1304 263 1539 312 dispositam,

483 331 562 355 non
591 326 821 368 cooperatur
848 319 944 355 Deo.
975 319 1076 366 Ergo
1095 318 1230 354 frustra
1250 316 1452 354 adhibetur
1471 315 1540 352 sibi

483 372 696 421 baptismus
725 372 772 409 ad
801 371 1109 408 iustificationem
1130 376 1157 406 ².

535 426 760 462 Rrspommo
792 436 974 461 mcENDUM
1006 423 1112 472 quod
1146 422 1282 470 aliquis
1315 428 1439 470 potest
1466 419 1540 456 dici

481 485 658 527 peccator
676 476 885 526 dupliciter.
914 477 1002 513 Uno
1022 476 1152 521 modo,
1173 482 1329 523 propter
1347 473 1540 509 maculam

482 538 519 567 et
546 538 695 568 reatum
722 529 979 579 praeteritum.
1023 529 1070 564 Et
1104 527 1156 563 sic
1190 525 1454 575 peccatoribus
1486 532 1541 562 est

482 589 765 620 sacramentum
784 581 961 631 baptismi
981 579 1276 617 conferendum:
1307 578 1398 627 quia
1417 585 1472 614 est
1491 579 1539 615 ad

482 636 557 672 hoc
585 635 795 684 specialiter
813 634 1025 672 institutum
1053 640 1095 668 ut
1121 643 1191 680 per
1209 631 1337 680 ipsum
1366 638 1540 680 peccato-

481 700 569 725 rum
585 688 715 725 sordes
730 688 981 731 mundentur;
997 685 1213 721 secundum
1228 684 1319 720 illud
1334 684 1537 733 Ephes.v*:

479 741 674 778 Mundam
701 753 796 786 eam,
826 739 964 777 scilicet
992 737 1214 784 Ecclesiam,
1244 737 1396 774 lavacro
1421 750 1541 786 aquae

481 796 518 830 in
546 795 659 831 verbo
687 795 792 830 vitae.

533 846 619 883 Alio
648 846 767 882 modo
795 851 919 894 potest
947 843 1020 880 dici
1048 842 1184 891 aliquis
1212 850 1390 890 peccator
1407 854 1455 880 ex
1473 855 1539 880 vo-

479 901 621 936 luntate
649 897 834 948 peccandi
862 904 897 934 et
924 895 1121 945 proposito
1149 894 1375 944 persistendi
1395 895 1434 932 in
1453 899 1538 945 pecss

478 959 574 990 cato.
617 952 665 988 Et
693 951 745 988 sic
772 949 1035 999 peccatoribus
1063 960 1143 985 non
1172 955 1228 984 est
1255 957 1538 986 sacramentum

478 1004 656 1053 baptismi
684 1003 971 1040 conferendum.
1002 1001 1133 1038 Primo
1152 1000 1323 1050 quidem,
1352 1002 1443 1051 quia
1470 1014 1540 1052 per

477 1057 709 1106 baptismum
745 1055 922 1093 homines
951 1055 1102 1092 Christo
1130 1054 1442 1103 incorporantur:
1481 1068 1538 1092 se-

477 1110 650 1146 cundum
678 1109 771 1146 illud
803 1109 922 1145 Galat.
943 1120 975 1144 111
993 1108 1030 1144 *ε
1067 1109 1298 1157 Quicumque
1324 1110 1361 1145 in
1394 1110 1538 1146 Christo

476 1164 647 1212 baptizati
672 1164 764 1207 estis,
790 1163 976 1198 Christum
996 1162 1170 1198 induistis,
1201 1161 1387 1207 Quandiu
1407 1169 1537 1199 autem

476 1214 611 1264 aliquis
648 1215 762 1252 habet
795 1216 1032 1252 voluntatem
1069 1213 1276 1264 peccandi,
1305 1226 1386 1251 non
1412 1222 1538 1264 potest

476 1280 558 1304 esse
569 1267 720 1304 Christo
731 1267 970 1304 coniunctus:
987 1268 1204 1305 secundum
1219 1267 1311 1304 illud
1326 1269 1356 1304 II
1371 1269 1457 1304 Cor.
1465 1268 1535 1305 vt*:

481 1322 586 1363 Quae
607 1322 843 1370 participatio
872 1323 1026 1358 iustitiae
1053 1334 1138 1358 cum
1167 1320 1386 1369 iniquitate?
1425 1321 1536 1358 Unde

476 1381 512 1410 et
530 1374 766 1422 Augustinus
785 1374 885 1420 dicit,
901 1374 941 1411 in
959 1374 1056 1411 libro
1076 1375 1121 1411 de
1134 1375 1362 1411 Poenitentia
1377 1373 1408 1419 ²¹⁸,
1429 1374 1537 1423 quod

476 1427 596 1464 nullus
622 1439 712 1464 suae
730 1427 925 1465 voluntatis
943 1429 1083 1465 arbiter
1101 1429 1312 1465 constitutus
1333 1433 1452 1475 potest
1472 1440 1537 1465 no-

474 1492 561 1517 vam
589 1483 702 1518 vitam
731 1482 927 1527 inchoare,
963 1482 1034 1518 nisi
1059 1493 1143 1517 eum
1171 1482 1302 1518 veteris
1328 1482 1425 1518 vitae
1445 1493 1536 1530 poe-

476 1535 596 1570 niteat.
626 1556 651 1560 -
680 1534 881 1580 Secundo,
918 1533 1009 1583 quia
1043 1533 1083 1570 in
1118 1533 1301 1583 operibus
1331 1533 1470 1571 Christi
1501 1541 1538 1572 et

475 1586 666 1623 Ecclesiae
695 1586 789 1623 nihil
817 1587 930 1624 debet
947 1586 1032 1623 fieri
1052 1587 1199 1624 frustra.
1230 1588 1385 1624 Frustra
1406 1594 1536 1624 autern

475 1647 531 1676 est
562 1640 669 1688 quod
705 1651 785 1677 non
812 1639 988 1690 pertingit
1022 1640 1071 1677 ad
1099 1640 1221 1677 finem
1257 1640 1306 1676 ad
1334 1651 1454 1688 quem
1481 1648 1538 1677 est

475 1691 696 1736 ordinatum
714 1692 745 1729 *.
787 1693 928 1730 Nullus
963 1700 1094 1730 autem
1121 1693 1269 1730 habens
1295 1693 1536 1730 voluntatem

474 1745 659 1794 peccandi
701 1745 816 1782 simul
849 1753 973 1795 potest
1011 1758 1034 1783 a
1066 1753 1223 1796 peccato
1255 1746 1453 1793 mundari,
1487 1746 1537 1783 ad

474 1799 582 1847 quod
610 1797 809 1836 ordinatur
835 1799 1069 1848 baptismus:
1113 1799 1204 1848 quia
1236 1799 1313 1836 hoc
1340 1807 1439 1836 esset
1465 1811 1535 1848 po-

474 1863 565 1888 nere
593 1851 884 1889 contradictoria
912 1864 994 1889 esse
1013 1852 1138 1889 sirnul.
1168 1875 1194 1879 -
1222 1852 1365 1899 Tertio,
1386 1852 1478 1901 quia
1496 1852 1536 1889 in

474 1905 811 1942 sacramentalibus
839 1905 954 1953 signis
981 1917 1062 1942 non
1089 1906 1203 1943 debet
1222 1917 1303 1942 esse
1325 1905 1453 1954 aliqua
1471 1905 1536 1942 fal-

473 1956 572 1994 sitas.
612 1954 682 1994 Est
706 1965 836 1995 autern
865 1957 1018 2006 signum
1045 1958 1181 1995 falsum
1216 1958 1279 1995 cui
1307 1970 1366 1995 res
1394 1957 1535 2007 signifi-

526 2090 553 2125 α)
575 2092 629 2122 Qui
653 2091 781 2117 creavit...
810 2091 1034 2120 iustificatIonem.
1061 2105 1080 2110 -
1107 2091 1194 2116 GHsB
1221 2099 1238 2116 a
1267 2097 1293 2116 et
1319 2091 1457 2122 editiones,
1485 2091 1534 2116 nisi

471 2128 542 2160 quod
562 2127 607 2152 PG
626 2134 674 2160 pro
692 2127 834 2152 adhibetur
859 2127 947 2159 legunt
971 2127 1159 2157 adhibet-etum
1183 2134 1237 2152 om.
1256 2127 1320 2156 DFI,
1338 2127 1449 2159 spatium
1473 2127 1536 2152 dua-

470 2170 529 2187 rum
549 2163 674 2187 linearum
693 2162 815 2195 AcEpss;
833 2163 900 2187 haec
917 2165 956 2188 est
973 2162 1136 2195 corrigenda
1155 2167 1226 2187 notat
1244 2170 1334 2195 margo
1346 2163 1378 2188 A.
1397 2163 1486 2195 Margo
1499 2163 1533 2187 P:

470 2198 553 2227 Alias,
582 2198 644 2230 quia
668 2198 836 2231 Augustinus
862 2198 900 2222 ad
926 2197 1097 2231 Bonifacium
1122 2198 1196 2227 dicit,
1223 2198 1252 2222 In
1282 2198 1412 2230 baptismo
1438 2198 1535 2231 aliquis

471 2233 616 2258 membrum
647 2233 748 2258 Christi
773 2233 904 2267 efficitur:
930 2233 979 2258 sed
1005 2233 1093 2258 nullus
1115 2236 1244 2265 peccator
1267 2233 1414 2266 persistens
1441 2233 1467 2258 in
1490 2241 1535 2259 νο-

470 2269 574 2293 luntate
587 2269 719 2301 peccandi
731 2272 823 2301 potest
833 2268 900 2302 fleri
918 2269 1063 2294 membrum
1086 2269 1199 2298 Christi,
1220 2269 1291 2301 quod
1308 2272 1348 2294 est
1366 2269 1536 2301 incorporari

473 2304 587 2330 Chm'sto.
605 2311 672 2337 ergo
690 2304 843 2329 huiusmodi
861 2307 988 2336 peccator
1006 2312 1058 2329 non
1077 2307 1118 2329 est
1135 2304 1328 2337 baptizandus.-
1345 2304 1409 2337 quia
1425 2305 1536 2338 frustra

1148 172 1410 235 QUAESTIO
1438 186 1607 232 LXVIII,
1637 184 1929 222 ARTICULUS
1957 185 1992 221 V

1594 269 1676 299 cata
1704 273 1784 299 non
1808 261 2024 311 respondet.
2054 263 2113 299 Ex
2131 263 2208 299 hoc
2226 271 2356 300 autem
2384 265 2492 313 quod
2519 264 2656 314 aliquis

1594 315 1804 352 lavandum
1824 327 1863 351 se
1882 315 2039 364 praebet
2066 327 2136 364 per
2153 315 2402 364 baptismum,
2422 317 2657 366 significatur

1594 368 1701 417 quod
1743 380 1782 405 se
1824 367 2004 417 disponat
2049 368 2098 404 ad
2139 367 2359 406 interiorem
2403 370 2652 408 ablutionem.

1594 421 1713 468 Quod
1741 433 1821 458 non
1849 419 2031 468 contingit
2058 421 2106 457 de
2125 432 2173 457 eo
2192 421 2260 470 qui
2278 422 2394 459 habet
2412 423 2655 473 propositum

1593 473 1819 523 persistendi
1855 474 1895 510 in
1927 480 2096 523 peccato.
2140 474 2252 511 Unde
2283 474 2530 513 manifestum
2553 475 2567 506 β
2600 483 2656 513 est
2780 476 2797 511 β

1594 527 1702 575 quod
1729 527 1866 564 talibus
1890 533 2174 564 sacramentum
2192 526 2371 576 baptismi
2390 540 2470 565 non
2490 536 2545 566 est
2563 540 2655 567 con-

1593 580 1807 617 ferendum.
1848 616 1851 617 γ
2655 625 2661 631 ‚

1646 634 1703 670 An
1732 645 1867 670 PRIMUM
1895 645 1994 670 ERGO
2022 644 2204 670 mensuum
2232 633 2340 681 quod
2368 633 2461 671 illud
2488 634 2655 671 verbum

1594 693 1649 722 est
1676 685 1964 734 intelligendum
1983 685 2031 723 de
2050 685 2316 734 peccatoribus
2339 686 2407 735 qui
2425 687 2569 724 habent
2585 698 2655 724 vo-

1593 740 1779 776 luntatem
1806 738 2010 776 recedendi
2038 751 2061 776 a
2087 746 2257 788 peccato.

1646 793 1704 829 AD
1732 803 1921 830 SECUNDUM
1949 803 2129 829 DICENDUM
2166 791 2274 841 quod
2302 790 2504 841 spiritualis
2535 791 2657 830 medi-

1593 857 1675 890 ωε,
1702 844 1842 882 scilicet
1870 845 2059 892 Christus,
2097 844 2298 895 dupliciter
2332 852 2523 894 operatur.
2566 846 2655 883 Uno

1593 898 1724 945 modo,
1754 898 1911 935 interius
1933 909 2004 947 per
2022 898 2212 947 seipsum:
2242 905 2279 934 et
2298 897 2351 935 sic
2369 905 2570 947 praeparat
2587 910 2655 935 vo-

1593 952 1779 989 luntatem
1798 950 1967 988 hominis
1986 958 2029 988 ut
2046 951 2198 988 bonum
2212 950 2302 988 velit
2320 958 2357 988 et
2375 952 2523 988 malum
2537 951 2653 989 odiat.

1592 1004 1679 1041 Alio
1707 1004 1828 1041 modo
1857 1011 2040 1053 operatur
2066 1015 2136 1053 per
2163 1003 2367 1051 ministros,
2397 1004 2561 1042 exterius
2589 1005 2655 1042 ad-

1592 1057 1763 1094 hibendo
1791 1064 2046 1094 sacramenta:
2077 1065 2113 1094 et
2136 1057 2190 1094 sic
2211 1065 2391 1106 operatur
2417 1057 2655 1107 perficiendo

1591 1110 1631 1147 id
1658 1110 1766 1159 quod
1794 1117 1849 1148 est
1867 1109 2031 1147 exterius
2049 1115 2065 1138 Υ
2093 1109 2328 1147 inchoatum.
2357 1111 2406 1147 Et
2423 1111 2511 1149 ideo
2535 1123 2655 1148 sacra·
2779 1124 2799 1150 γ

1591 1171 1767 1200 mentum
1786 1163 1965 1212 baptismi
1984 1175 2064 1200 non
2097 1171 2152 1199 est
2180 1163 2443 1200 exhibendum
2461 1163 2534 1201 nisi
2561 1163 2596 1201 ei
2615 1164 2655 1201 in
2691 1177 2694 1181 ·
2737 1167 2739 1169 ’
2807 1176 2809 1179 ·

1591 1228 1671 1265 quo
1690 1215 1878 1253 interioris
1897 1215 2160 1253 conversionis
2183 1215 2341 1265 aliquod
2369 1215 2519 1264 signum
2541 1228 2655 1266 appa-

1591 1277 1663 1305 ret:
1694 1269 1790 1306 sicut
1817 1280 1901 1307 nec,
1916 1268 2108 1306 medicina
2135 1268 2344 1317 corporalis
2369 1268 2573 1306 adhibetur
2598 1269 2656 1306 in-

1589 1321 1705 1358 firmo
1725 1321 1797 1358 nisi
1825 1321 1864 1358 in
1893 1333 1940 1358 eo
1968 1320 2104 1370 aliquis
2128 1329 2257 1358 motus
2284 1321 2405 1358 vitalis
2429 1320 2442 1343 ⁶
2461 1330 2653 1371 appareat.
2779 1324 2794 1350 ὃ

1643 1377 1700 1412 AD
1727 1386 1887 1412 'rERTmM
1906 1386 2087 1412 mCENDUM
2113 1374 2219 1423 quod
2247 1374 2461 1424 baptismus
2489 1382 2544 1412 est
2557 1375 2657 1424 fidei

1589 1433 1864 1465 sacramentum
1882 1427 1914 1464 ²¹⁸.
1944 1427 2057 1464 Fides
2076 1434 2207 1464 autem
2225 1426 2398 1467 informis
2417 1439 2498 1466 non
2516 1427 2656 1466 sufficit
2680 1427 2842 1482 gfffflg
2853 1428 2902 1477 „¹1¹5

1590 1481 1639 1518 ad
1668 1482 1841 1527 salutem,
1862 1492 1934 1517 nec
1961 1480 2044 1529 ipsa
2071 1488 2127 1517 est
2152 1480 2460 1528 fundamentum,
2482 1481 2549 1518 sed
2573 1482 2655 1519 sola
2680 1480 2738 1530 ’μ’
2755 1486 2895 1531 daga&

1589 1534 1687 1571 fides
1713 1534 1878 1571 formata
1895 1533 1933 1580 *‚
1972 1546 2067 1584 quae
2095 1545 2168 1583 per
2199 1533 2429 1572 dilectionem
2457 1540 2655 1584 operatur:
2680 1533 2756 1609 :¹53⁶
2779 1523 2901 1589 „325303

1590 1595 1632 1624 ut
1651 1586 1887 1635 Augustinus
1912 1586 2013 1634 dicit,
2034 1587 2073 1623 in
2092 1586 2189 1623 libro
2208 1587 2254 1623 de
2271 1587 2364 1624 Fide
2382 1594 2415 1624 et
2433 1587 2612 1637 Operibus
2620 1587 2652 1625 ¹⁸.
2681 1587 2740 1636 lc·-
2757 1594 2898 1636 fynfflf,

1590 1640 1702 1678 Unde
1737 1651 1809 1677 nec
1836 1647 2120 1677 sacramentum
2151 1639 2331 1689 baptismi
2367 1641 2530 1678 salutem
2561 1652 2654 1678 con·
2680 1639 2828 1695 efvmffll'
2843 1645 2899 1667 ⁶¹⁹·

1589 1694 1685 1730 ferre
1712 1700 1838 1743 potest
1865 1704 1956 1730 cum
1983 1694 2180 1730 voluntate
2207 1693 2404 1743 peccandi,
2434 1705 2534 1743 quae
2560 1693 2654 1731 fidei

1589 1747 1754 1784 formam
1775 1745 1950 1783 excludit.
1971 1768 1996 1772 -
2014 1747 2109 1784 Non
2127 1753 2258 1784 autern
2277 1754 2332 1784 est
2349 1758 2420 1796 per
2437 1745 2653 1796 impressio-

1590 1811 1683 1836 nem
1710 1798 1937 1836 characteris
1959 1799 2195 1848 baptismalis
2222 1799 2359 1849 aliquis
2387 1798 2654 1850 disponendus

1590 1852 1639 1890 ad
1663 1857 1675 1874 ⁸
1709 1852 1868 1900 gratiam
1881 1881 1890 1898 ,
1925 1852 2099 1901 quandiu
2134 1860 2294 1902 apparet
2328 1852 2367 1890 in
2399 1865 2446 1897 eo
2474 1853 2654 1891 voluntas
2782 1860 2794 1878 ⁶

1589 1905 1792 1954 peccandi:
1823 1905 1914 1955 quia
1940 1907 2042 1942 Deus
2071 1908 2256 1943 neminem
2284 1906 2335 1943 ad
2354 1908 2524 1944 virtutem
2552 1917 2654 1943 com-

1584 1958 1699 2008 pellit,
1729 1958 1826 1995 sicut
1852 1959 2118 1996 Damascenus
2146 1958 2235 1996 dicit
2252 1958 2283 1995 ²¹².
2681 1941 2807 1965 'mm‘
2816 1942 2897 1970 ‘'rm-r

2681 1969 2722 1992 nb.
2734 1968 2764 1998 ιι,
2779 1975 2830 1997 ap.
2840 1975 2899 1992 m.

1590 2092 1784 2124 baptizaretur.
1806 2092 1872 2117 Vide
1889 2092 1948 2118 Vol.
1966 2091 2010 2116 Xl.
2029 2091 2114 2117 Praef.
2133 2100 2158 2117 n.
2175 2098 2216 2118 21.
2235 2096 2324 2117 notam
2350 2093 2468 2118 codicum
2490 2093 2656 2119 Ambra-ini

1590 2132 1616 2152 et
1633 2127 1782 2152 Brixiensis.

1643 2161 1669 2196 β)
1689 2162 1870 2197 manifestum.
1887 2176 1907 2181 -
1923 2162 1964 2187 Fa
1982 2167 2007 2187 et
2024 2162 2113 2193 tertia;
2135 2162 2371 2196 manifestandum.

1642 2199 1669 2232 γ)
1689 2198 1718 2223 ia
1736 2198 1808 2231 quod
1825 2201 1865 2223 est
1883 2197 2012 2223 exterius.
2029 2211 2049 2217 ·-
2068 2198 2097 2223 id
2114 2198 2187 2230 quod
2204 2200 2244 2224 est
2262 2198 2375 2224 interius
2392 2199 2431 2224 sH
2451 2204 2477 2224 et
2495 2199 2518 2230 b,
2536 2196 2567 2225 td
2583 2199 2656 2233 quod

1589 2237 1630 2259 est
1648 2234 1761 2259 interius
1779 2233 1902 2259 exterius
1919 2241 1941 2262 c,
1960 2233 2083 2259 exterius
2100 2233 2129 2258 id
2146 2233 2220 2266 quod
2237 2237 2278 2259 est
2294 2234 2407 2260 interius
2425 2234 2454 2261 P.

1642 2268 1668 2303 ὃ)
1688 2269 1787 2295 viralis.
1804 2284 1824 2288 —
1843 2273 1958 2294 naturae
1975 2269 2045 2294 addit
2062 2269 2143 2294 tertia.

1643 2305 1666 2339 ε)
1685 2305 1865 2337 disponendus
1883 2305 1929 2330 ad.
1946 2319 1966 2323 -
1983 2305 2047 2335 P1a5
2065 2304 2102 2330 ad
2120 2304 2144 2336 b,
2163 2304 2345 2337 disponendas
2359 2311 2412 2337 per
2429 2305 2516 2332 ceteri.

1144 2383 1480 2417 Commenta-ia
1502 2383 1755 2417 Cardinalis
1778 2385 1978 2418 Caietam·

502 2473 523 2493 N
547 2468 660 2503 quarto
685 2464 818 2494 articulo
841 2464 906 2494 hoc
929 2464 1035 2495 solum
1061 2463 1241 2494 notandum
1265 2464 1419 2500 occurrit,
1444 2463 1534 2504 quod

475 2474 608 2537 Isermo
625 2507 746 2538 litterae
762 2507 801 2538 de
817 2513 950 2548 peccato
967 2508 1093 2538 mortali
1109 2508 1303 2548 intelligitur.
1319 2508 1535 2539 Existentibus

472 2552 558 2581 enim
582 2561 657 2582 cum
680 2552 844 2582 voluntate
867 2552 1021 2592 peccandi
1044 2552 1208 2583 venialiter
1231 2558 1337 2592 potest
1359 2553 1535 2592 baptismus

472 2595 547 2631 dari,
571 2596 736 2626 monendo
760 2597 847 2636 ipsos
872 2596 970 2636 quod,
994 2597 1055 2627 nisi
1077 2597 1277 2627 voluntatem
1300 2602 1441 2634 mutent,
1465 2606 1534 2636 gra-

1255 2749 1576 2792 ARTICULUS
1604 2749 1866 2800 QUINTUS

697 2843 853 2874 UTRUM
877 2842 1210 2874 PECCATORIBUS
1232 2843 1485 2875 BAPTIZATIS
1508 2844 1605 2876 smT
1630 2844 1773 2875 OPERA
1797 2844 2142 2876 SATlsrAc'romA
2165 2845 2423 2877 IMPONENDA

610 2921 702 2954 Supra,
722 2929 766 2954 qu.
785 2928 851 2952 xmx,
870 2926 918 2946 art.
938 2920 962 2952 3,
981 2921 1013 2946 ad
1033 2928 1063 2952 23
1082 2921 1113 2947 111
1133 2922 1216 2952 Sem„
1237 2922 1296 2947 dist.
1313 2930 1363 2954 xxx,
1382 2927 1429 2948 art.
1449 2922 1473 2952 3,
1492 2922 1542 2956 qu*
1562 2930 1586 2955 2,
1605 2923 1637 2948 ad
1657 2930 1687 2954 1;
1708 2923 1741 2948 lV
1761 2923 1838 2949 Cont.
1852 2924 1939 2954 Gent„
1957 2931 2013 2957 cap.
2030 2931 2087 2955 ux;
2103 2924 2149 2949 Ad
2165 2924 2253 2955 Rom..
2272 2932 2328 2958 cap.
2346 2931 2380 2956 xx,
2398 2925 2456 2950 lect.
2473 2932 2508 2950 zv.

498 3016 508 3033 τ
580 3019 612 3039 ψ,

487 3110 521 3150 ..V

504 3036 595 3111 ΕΑ
660 3105 664 3107 ‚
678 3054 943 3104 peccatoribus
962 3054 1158 3104 baptizatis
1186 3054 1259 3092 sint
1288 3067 1406 3105 opera
1425 3055 1529 3093 satis-

488 3149 495 3162 !
526 3098 559 3162 'v
582 3126 597 3159 .'
616 3091 646 3153 ’ἦ
679 3107 833 3145 factoria
861 3107 1108 3157 imponenda.
1147 3108 1234 3145 Hoc
1263 3108 1366 3146 enim
1394 3109 1443 3146 ad
1471 3109 1528 3146 iu-

523 3173 535 3189 s
635 3151 819 3197 stitiam
855 3160 926 3197 Dei
963 3160 1151 3210 pertinere
1187 3161 1351 3207 videtur,
1380 3169 1422 3199 ut
1457 3173 1529 3212 pro

471 3210 641 3260 quolibet
654 3220 811 3261 peccato
830 3212 965 3262 aliquis
983 3212 1180 3263 puniatur:
1202 3214 1418 3252 secundum
1436 3213 1530 3252 illud

470 3263 591 3300 Eccle.
620 3265 685 3301 ult.
705 3264 742 3301 *ε
777 3266 918 3302 Cuncta
946 3278 1040 3315 quae
1054 3267 1159 3314 fiunt
1186 3267 1341 3303 adducet
1362 3268 1464 3303 Deus
1492 3269 1529 3303 in

471 3316 657 3353 iudicium.
680 3317 756 3355 Sed
776 3329 893 3367 opera
908 3317 1151 3355 satisfactoria
1170 3317 1425 3368 imponuntur
1442 3331 1530 3369 pec-

471 3369 663 3407 catoribus
689 3369 729 3407 in
756 3382 926 3419 poenam
953 3370 1246 3420 praeteritorum
1270 3378 1529 3421 peccatorum.

525 3490 552 3525 α)
572 3492 728 3517 occasiones.
742 3507 761 3511 —
779 3492 817 3517 Ea
832 3498 856 3518 et
874 3493 961 3524 tertia;
980 3493 1013 3518 ab
1031 3493 1168 3518 occasione
1181 3494 1209 3525 F,
1222 3494 1259 3518 ad
1277 3494 1426 3519 occasIones
1445 3495 1530 3520 ceteri.

678 3014 700 3038 n
720 3012 881 3044 Qum-um
901 3013 953 3038 sm
972 3013 1209 3040 moenum-ua.
1234 3002 1396 3040 Videtur
1419 3003 1527 3052 quod
1555 3003 1558 3044 Ι
1583 3003 1685 3052 Ergo
1714 3002 1866 3041 videtur
1903 3003 2011 3053 quod
2041 3003 2309 3054 peccatoribus
2344 3003 2541 3054 baptizatis
2573 3004 2649 3044 sint

1588 2464 1666 2494 tiam
1689 2463 1821 2505 quidem
1844 2463 1985 2495 filiorum
2008 2463 2069 2495 Dei
2098 2464 2268 2505 recipient,
2299 2465 2355 2496 sed
2382 2475 2450 2496 non
2473 2465 2653 2499 secundum
2691 2483 2694 2487 ·

1588 2508 1823 2548 plenitudinem
1845 2508 2085 2548 baptismalem;
2108 2527 2131 2531 -
2155 2514 2186 2540 et
2209 2519 2269 2540 suo
2293 2519 2349 2540 eos
2382 2509 2496 2541 deinde
2524 2510 2654 2543 arbitrio

1589 2552 1779 2593 relinquere,
1803 2559 1839 2584 ut
1861 2553 1922 2593 ipsi
1944 2551 2090 2583 viderint.

1584 3068 1702 3106 opera
1730 3055 1975 3094 satisfactoria
2002 3055 2252 3107 imponenda.

1639 3121 1673 3146 2.
1704 3109 1941 3157 PRAETEREA,
1978 3121 2050 3160 per
2076 3121 2195 3159 opera
2227 3109 2471 3148 satisfactoria
2508 3110 2647 3149 exerci-

1583 3170 1712 3199 tantur
1737 3169 1957 3212 peccatores
1985 3161 2034 3199 de
2052 3173 2159 3199 novo
2187 3162 2364 3203 conversi
2385 3163 2434 3201 ad
2453 3162 2646 3213 iustitiam,

1584 3221 1620 3252 et
1648 3215 1927 3253 subtrahuntur
1949 3211 2170 3253 occasiones
2191 3220 2209 3237 ²
2234 3215 2438 3266 peccandi:
2469 3228 2561 3254 nam
2587 3229 2646 3255 sa·
2771 3229 2789 3246 α

1582 3267 1754 3315 ίίξίαεενε
1787 3273 1838 3305 est
1865 3273 2107 3317 peccatorum
2141 3280 2273 3306 causas
2300 3269 2472 3306 excidere
2499 3276 2532 3307 et
2557 3281 2646 3320 pec-

1584 3321 1673 3357 catis
1700 3320 1840 3358 aditum
1869 3332 1943 3358 non
1977 3320 2173 3371 indulgere
2189 3320 2221 3358 ²¹².
2261 3321 2338 3359 Sed
2366 3322 2443 3359 hoc
2477 3322 2647 3361 maxime
2673 3329 2792 3380 '⁰³52'-
2884 3334 2888 3341 ’

1584 3372 1844 3411 necessarium
1872 3379 1927 3410 est
1961 3384 2087 3423 nuper
2113 3373 2321 3424 baptizatis.
2364 3375 2466 3424 Ergo
2494 3375 2647 3414 videtur
2673 3356 2888 3412 ῧῖἆῡρᾶιῗᾋυιό
