2918 4088
196 1296 206 1306 ·
220 1295 286 1316 Vers.
301 1301 337 1322 54.

197 2034 207 2043 ·
221 2032 287 2054 Vers.
302 2032 337 2054 26.

198 2358 208 2367 ·
216 2356 266 2377 Lib.
274 2356 290 2381 1,
298 2361 348 2383 cap.
354 2361 408 2377 xxu.

198 2616 268 2638 'Art
287 2623 305 2640 ι,
320 2621 367 2643 arg.
383 2621 408 2641 2;

196 2647 240 2664 art.
254 2648 278 2669 2,
296 2648 344 2670 arg.
362 2642 412 2664 Sed

197 2671 259 2691 cona

295 2705 311 2722 α

199 2884 209 2894 ·
224 2883 290 2905 Vers.
299 2890 335 2910 20,
350 2890 383 2906 21.

199 2911 221 2921 ··
230 2910 277 2937 Qu.
283 2916 359 2936 uvm,
368 2914 410 2932 art.

199 2942 219 2957 2.

201 3206 211 3215 '¹
226 3204 285 3227 lbid.

444 180 514 216 140

1103 169 1365 217 QUAESTIO
1394 169 1565 214 LXXIII,
1598 168 1890 206 ARTICULUS
1918 168 1963 205 III

1110 292 1445 325 Commentario.
1469 291 1721 324 Cardinalis
1743 291 1947 323 Caietam

442 393 488 454 IN
511 381 654 412 secundo
686 382 836 419 articulo,
869 382 995 413 adverte
1027 388 1262 413 sacramentum
1286 381 1504 412 Eucharistiae

469 426 531 456 dici
554 427 654 457 multa
677 427 892 462 materialiter,
917 437 984 458 non
1011 437 1046 457 ea
1070 427 1193 457 ratione
1217 426 1306 466 quod
1329 425 1504 456 multitudo

438 471 471 501 in
493 480 532 501 eo
557 471 596 501 sit
618 480 698 511 pure
714 471 898 501 materialis:
924 471 1079 511 quoniam
1096 476 1199 511 partes
1217 471 1284 500 eius
1300 470 1418 500 habent
1433 479 1504 500 suas

437 515 580 555 proprias
596 514 714 546 formas
731 521 761 546 et
776 525 847 546 suas
864 516 1006 555 proprias
1025 516 1180 551 materias,
1193 520 1229 545 ut
1244 519 1330 554 patet
1346 514 1384 544 de
1401 514 1503 544 hostia

438 565 470 590 et
492 560 606 595 calice;
630 565 704 590 sunt
727 559 813 589 enim
828 559 879 590 vel
902 565 1005 599 partes
1028 560 1273 599 heterogeneae:
1304 577 1328 581 —
1350 558 1406 588 sed
1429 558 1503 598 quia

437 603 622 634 huiusmodi
651 603 751 634 multa
781 613 813 634 se
843 604 960 634 habent
986 609 1021 634 ut
1049 603 1235 643 integrantia
1265 612 1383 638 unum,
1416 601 1504 642 quod

439 653 485 678 est
507 647 637 678 refectio
661 648 839 687 spiritualis,
857 658 874 677 a
891 648 981 678 cuius
997 647 1122 678 formali
1138 648 1257 677 unitate
1281 656 1383 677 unum
1404 656 1504 676 sacra-

437 697 583 722 mentum
607 691 720 722 dicitur
744 692 957 727 Eucharisfia,
982 691 1162 732 significans
1186 697 1216 721 et
1240 700 1356 731 corpus
1380 695 1411 721 et
1433 700 1503 720 san-

437 737 569 775 guinem
593 735 710 766 Christi
733 736 791 766 sub
816 737 921 775 specie
942 736 1003 766 cibi
1021 741 1050 766 et
1066 741 1172 775 potus.
1197 735 1357 773 Quocirca
1373 744 1439 765 non
1457 740 1503 765 est

438 781 489 810 hic
513 779 702 820 requirenda
725 789 774 810 res
790 780 896 820 aliqua
913 781 1096 815 extrinseca,
1117 789 1199 820 quae
1216 780 1398 819 integretur,
1415 779 1503 809 velut

1390 865 1442 873 W

1527 381 1531 433 1
1557 379 1715 421 quaedam
1742 381 1833 411 tertia
1855 390 1920 417 τες,
1952 391 1990 411 ex
2014 390 2148 421 corpore
2176 386 2207 411 et
2232 382 2385 422 sanguine
2412 381 2529 413 Christi
2559 383 2617 414 sub

1557 425 1723 465 speciebus
1746 426 1836 465 panis
1864 430 1895 455 et
1918 425 2001 461 vini,
2033 426 2114 455 sicut
2145 423 2260 455 domus
2290 426 2462 466 integratur
2493 436 2531 457 ex
2554 428 2618 458 suis

1556 469 1713 509 partibus:
1739 468 1794 499 sed
1811 468 1849 499 ad
1865 468 1963 499 finem
1982 468 2218 509 respiciendum
2234 474 2290 504 est,
2307 474 2338 500 et
2354 478 2392 500 ex
2410 471 2530 501 unitate
2546 470 2618 501 finis

1557 514 1687 553 proprii,
1712 513 1768 553 qui
1792 518 1838 543 est
1861 513 2029 553 spiritualis
2051 512 2201 548 refectio,
2233 513 2337 543 unitas
2360 514 2495 544 sumitur
2518 524 2619 545 sacra·

1557 558 1671 593 menti;
1696 557 1777 588 sicut
1794 567 1831 587 ex
1846 558 1966 588 unitate
1982 557 2163 587 refectionis
2179 557 2350 596 corporalis
2365 559 2500 589 sumitur
2515 559 2619 590 unitas

1557 601 1680 642 prandii
1707 607 1761 632 aut
1785 611 1892 632 cenae.
1931 601 1999 631 Nec
2025 602 2084 631 ista
2110 600 2298 641 significatio
2329 611 2386 641 per
2412 601 2559 632 accidens
2585 612 2618 632 se

1557 646 1651 676 habet
1667 645 1706 676 ad
1722 646 1816 676 huius
1833 645 2019 676 sacramenti
2035 645 2200 675 rationem.
2225 645 2308 675 Nam
2329 655 2445 686 corpus
2468 646 2526 676 sub
2548 655 2619 687 spe-

1558 690 1605 720 cie
1630 690 1701 725 cibi,
1727 695 1758 720 et
1781 690 1906 730 sanguis
1930 690 1989 720 sub
2013 690 2119 730 specie
2143 695 2254 729 potus,
2279 688 2457 729 significant
2478 690 2566 729 pasci
2589 694 2620 720 et

1557 734 1675 774 potari:
1701 744 1737 764 ac
1756 743 1812 773 per
1830 734 1904 770 hoc,
1928 740 2101 773 utrumque
2125 734 2229 770 simul,
2254 733 2341 764 velut
2363 733 2541 774 perfectum
2565 733 2620 764 ali-

1557 784 1714 814 mentum,
1731 778 1857 818 signum
1877 783 1922 808 est
1945 778 2043 808 totale
2058 777 2216 819 perfectae
2239 777 2421 808 refectionis
2440 778 2618 817 spiritualis.

1237 907 1557 975 ART1cums
1586 932 1816 974 TERTIUS

866 1025 1022 1055 UTRUM
1046 1024 1140 1055 HOC
1164 1024 1498 1056 SACRAMENTUM

1523 1025 1590 1056 SIT
1614 1026 1672 1055 DE
1695 1025 1995 1056 NECESSITATE
2018 1024 2198 1056 SALUTIS

586 1103 661 1134 Infra,
680 1111 724 1136 qu.
744 1111 815 1133 Lxxx,
835 1108 880 1127 art.
901 1110 949 1133 ης
970 1103 1002 1127 IV
1022 1103 1105 1132 Seni„
1126 1103 1183 1127 dist.
1203 1110 1236 1134 xx,
1256 1108 1302 1127 art.
1324 1109 1346 1134 ι,
1366 1103 1414 1135 qu¹
1437 1111 1466 1134 2;
1487 1103 1546 1128 dist.
1564 1111 1608 1134 ιω,
1627 1111 1671 1136 qu.
1690 1111 1728 1135 ω,
1748 1109 1794 1129 art.
1815 1111 1838 1133 2.
1858 1104 1908 1136 qu·
1929 1111 1952 1134 ι,
1971 1104 2003 1128 ad
2023 1110 2052 1133 ¹3
2073 1104 2103 1128 In
2124 1104 2206 1133 Ioan„
2227 1111 2283 1136 cap.
2302 1110 2336 1133 νι,
2356 1104 2414 1128 lect.
2432 1111 2477 1128 vn.

490 1213 515 1236 9
555 1207 608 1236 „4-
646 1196 668 1220 D
687 1195 846 1220 TERTIUM
872 1195 923 1219 sm
944 1194 1180 1219 PRocEmTUR.
1209 1181 1370 1219 Videtur
1393 1182 1500 1231 quod

475 1231 513 1259 ‘⁶³'
534 1258 541 1267 «
563 1233 609 1287 ’ξ
622 1260 629 1272 f
647 1237 722 1272 hoc
750 1243 1033 1272 sacramentum
1062 1234 1107 1271 sit
1136 1235 1183 1271 de
1203 1234 1423 1271 necessitate
1444 1247 1500 1271 sa-

436 1398 492 1433 nis
512 1402 545 1432 et
563 1397 722 1432 biberitis
748 1397 824 1431 eius
842 1396 1079 1444 sanguinem,
1099 1407 1174 1431 non
1194 1395 1370 1431 hahebitis
1388 1396 1500 1432 vitam

435 1451 472 1486 in
508 1450 621 1486 vobis.
666 1448 742 1485 Sed
780 1447 819 1484 in
853 1448 928 1484 hoc
962 1455 1203 1484 sacramento
1244 1447 1502 1484 manducatur

435 1514 524 1539 caro
555 1501 693 1538 Christi
726 1508 762 1537 et
790 1500 932 1538 bibitur
964 1500 1118 1549 sanguis
1146 1500 1238 1537 eius.
1282 1501 1383 1548 Ergo
1419 1501 1501 1538 sine

435 1556 511 1592 hoc
530 1562 770 1591 sacramento
793 1566 873 1590 non
891 1561 1016 1603 potest
1035 1555 1157 1591 homo
1177 1554 1319 1591 habere
1340 1555 1501 1591 salutem

436 1607 639 1658 spiritualis
667 1607 778 1644 vitae.

491 1673 524 1698 2.
555 1661 786 1707 PRAETEREA,
816 1661 892 1697 hoc
911 1668 1196 1697 sacramentum
1218 1667 1273 1697 est
1301 1660 1502 1709 quoddam

435 1714 629 1764 spirituale
662 1714 899 1750 alimentum.
943 1714 1020 1751 Sed
1048 1713 1275 1750 alimentum
1303 1715 1501 1762 corporale

436 1775 492 1804 est
520 1767 567 1804 de
595 1767 814 1803 necessitate
844 1767 1052 1816 corporalis
1080 1767 1219 1804 salutis.
1257 1767 1360 1814 Ergo
1388 1766 1502 1803 etiam

436 1821 511 1858 hoc
539 1828 823 1857 sacramentum
857 1827 912 1856 est
939 1820 987 1856 de
1015 1819 1237 1857 necessitate
1270 1819 1400 1856 salutis
1428 1819 1502 1868 spi-

436 1873 590 1910 ritualis.

492 1927 525 1963 3.
556 1927 794 1973 PRAETEREA,
834 1925 929 1962 sicut
956 1925 1170 1975 baptismus
1203 1933 1259 1962 est
1286 1936 1502 1962 sacramen—

435 1988 520 2016 tum
546 1979 773 2016 Dominicae
793 1978 993 2028 passionis,
1015 1977 1095 2015 sine
1116 1990 1194 2028 qua
1213 1990 1294 2016 non
1313 1986 1369 2015 est
1388 1979 1501 2026 salus,

435 2033 487 2070 ita
506 2040 542 2069 et
556 2031 810 2070 Eucharistia:
832 2032 921 2069 dicit
940 2032 1045 2069 enim
1059 2033 1280 2081 Apostolus,
1296 2030 1499 2069 ICor.X1*:

442 2087 748 2135 Quotiescumque
775 2086 1087 2123 manducaveritis
1110 2098 1251 2135 panem
1271 2086 1370 2122 hunc
1389 2091 1423 2122 et
1441 2097 1502 2122 ca—

435 2140 543 2176 licem
571 2140 742 2185 biberitis,
772 2145 929 2176 mortem
955 2140 1110 2175 Domini
1135 2139 1410 2186 annuntiabitis,
1439 2138 1502 2175 do-

434 2204 506 2229 nec
532 2194 664 2230 veniat.
704 2193 818 2240 Ergo,
849 2191 944 2229 sicut
971 2191 1186 2241 baptismus
1214 2199 1270 2228 est
1298 2191 1346 2228 de
1374 2203 1502 2228 neces-

437 2245 543 2282 sitate
572 2244 713 2292 salutis,
742 2245 792 2282 ita
820 2246 896 2282 hoc
924 2253 1221 2282 sacramentum.

491 2299 565 2336 SED
586 2310 730 2336 CONTRA
749 2310 815 2335 EsT
834 2298 942 2347 quod
970 2297 1099 2335 scribit
1122 2298 1360 2346 Augustinus
1388 2297 1502 2335 Boni-

435 2351 545 2399 facio,
575 2358 705 2389 contra
732 2351 959 2401 Pelagianos
977 2351 1014 2388 *ς
1044 2352 1128 2389 Nec
1155 2352 1195 2388 id
1211 2353 1388 2402 cogitetis,
1416 2364 1502 2401 par-

435 2406 541 2443 vulos
566 2406 680 2443 vitam
708 2406 846 2442 habere
874 2417 948 2442 non
971 2417 1097 2454 posse,
1136 2406 1199 2454 qui
1224 2410 1308 2442 sunt
1335 2410 1503 2454 expertes

436 2460 605 2508 corporis
633 2464 666 2495 et
692 2459 887 2508 sanguinis
919 2459 1064 2495 Christi.

490 2513 716 2549 RESPONDEO
744 2523 925 2549 mCENDUM
954 2511 1061 2560 quod
1089 2510 1129 2547 in
1157 2512 1234 2548 hoc
1262 2518 1502 2548 sacramento

437 2565 518 2601 duo
538 2572 593 2601 est
612 2564 874 2601 considerare:
897 2564 1037 2601 scilicet
1055 2564 1185 2613 ipsum
1205 2571 1503 2611 sacramentum,

438 2625 475 2655 et
496 2629 579 2654 rem
598 2617 835 2654 sacramenti.
862 2617 1019 2654 Dictum
1045 2625 1101 2654 est
1126 2624 1257 2654 autem
1271 2617 1291 2639 ’¹‘
1310 2617 1418 2666 quod
1444 2629 1504 2654 res

438 2670 665 2707 sacramenti
686 2676 702 2692 ²
731 2677 786 2707 est
804 2670 929 2707 unitas
948 2670 1120 2719 corporis
1139 2669 1300 2720 mystici,
1326 2669 1406 2707 sine
1426 2682 1505 2720 qua

438 2736 519 2760 non
547 2731 671 2772 potest
699 2735 781 2760 esse
810 2725 931 2761 salus:
971 2723 1066 2760 nulli
1103 2723 1208 2760 enim
1245 2730 1348 2772 patet
1380 2723 1505 2760 aditus

438 2776 569 2814 salutis
597 2784 702 2813 extra
729 2776 953 2819 Ecclesiam,
984 2776 1080 2813 sicut
1104 2788 1175 2813 nec
1194 2776 1234 2812 in
1253 2775 1401 2813 diluvio
1421 2776 1505 2813 abs-

438 2841 515 2879 que
544 2841 632 2866 arca
659 2830 759 2877 Noe,
789 2842 889 2879 quae
918 2829 1105 2878 significat
1126 2829 1350 2875 Ecclesiam,
1371 2837 1413 2866 ut
1438 2830 1505 2867 ha-

438 2883 552 2920 betur
569 2884 695 2919 IPetr.
708 2895 740 2920 111
754 2882 785 2919 ²⁸¹.
807 2882 964 2920 Dictum
983 2889 1039 2919 est
1057 2890 1188 2920 autem
1208 2894 1325 2932 supra
1337 2882 1378 2905 ¹⁸*
1397 2883 1505 2932 quod

438 2948 498 2972 res
534 2935 694 2972 alicuius
730 2935 958 2973 sacramenti
994 2935 1128 2973 haberi
1155 2943 1280 2985 potest
1314 2943 1401 2973 ante
1419 2947 1505 2986 per-

438 2988 658 3038 ceptionem
691 2989 938 3036 sacramenti,
969 3001 1015 3026 ex
1043 2988 1128 3038 ipso
1156 2996 1250 3026 voto
1278 2988 1506 3026 sacramenti

438 3041 684 3090 percipiendi.
727 3042 840 3079 Unde
868 3050 954 3079 ante
982 3041 1270 3091 perceptionem
1303 3041 1419 3079 huius
1447 3054 1504 3079 sa-

440 3094 643 3141 cramenti,
672 3102 797 3143 potest
823 3095 945 3132 homo
972 3095 1114 3132 habere
1147 3097 1310 3132 salutem
1338 3106 1383 3132 ex
1411 3102 1504 3132 voto

440 3146 677 3196 percipiendi
696 3148 772 3184 hoc
801 3155 1105 3185 sacramentum:
1137 3148 1233 3185 sicut
1261 3155 1298 3184 et
1324 3154 1411 3185 ante
1440 3147 1506 3184 ba-

441 3199 628 3249 ptismum
647 3211 693 3236 ex
712 3207 804 3237 voto
824 3200 1014 3249 baptismi,
1031 3208 1073 3237 ut
1092 3213 1210 3249 supra
1227 3200 1247 3222 '³‘
1271 3200 1417 3237 dictum
1437 3207 1503 3236 est.

495 3253 648 3289 Tamen
668 3260 723 3288 est
741 3252 954 3289 differentia
973 3261 1163 3301 quantum
1183 3253 1232 3289 ad
1251 3253 1343 3289 duo.
1373 3252 1505 3289 Primo

442 3304 614 3354 quidem,
635 3304 726 3354 quia
744 3305 957 3354 baptismus
977 3313 1032 3342 est
1050 3305 1283 3354 principium
1303 3304 1505 3354 spiritualis

441 3358 552 3405 vitae,
583 3365 620 3394 et
647 3360 761 3405 ianua
788 3364 1120 3395 sacramentorum.
1152 3357 1390 3395 Eucharistia
1410 3369 1504 3394 vero

495 3483 523 3516 α)
542 3482 712 3509 sacramenti.
731 3496 749 3501 -
767 3482 845 3507 huius
863 3482 1027 3507 sacramenti
1046 3481 1085 3506 ΡΙ.

1556 1190 1612 1219 est
1631 1183 1740 1231 quasi
1759 1185 2028 1220 consummatio
2047 1183 2250 1232 spiritualis
2268 1183 2382 1230 vitae,
2397 1192 2434 1221 et
2452 1186 2620 1221 omnium

1555 1241 1875 1272 sacramentorum
1892 1237 1998 1284 finis,
2026 1243 2068 1272 ut
2093 1248 2210 1285 supra
2230 1238 2250 1257 ²⁴
2278 1236 2424 1273 dictum
2448 1245 2521 1273 est:
2551 1249 2621 1286 per
2647 1242 2658 1253 '

1556 1287 1874 1325 sanctificationes
1898 1288 2004 1325 >enim
2026 1288 2205 1325 omnium
2225 1296 2555 1326 sacramentorum
2578 1289 2622 1326 fit

1555 1341 1796 1390 praeparatio
1831 1341 1880 1378 ad
1909 1341 2194 1390 suscipiendam
2221 1343 2284 1378 vel
2317 1342 2622 1379 consecrandam

1556 1394 1848 1431 Eucharistiam.
1879 1395 1927 1431 Et
1946 1394 2038 1431 ideo
2061 1394 2256 1444 perceptio
2276 1394 2455 1444 baptismi
2483 1402 2539 1432 est
2557 1407 2621 1432 ne-

1556 1447 1718 1484 cessaria
1746 1447 1795 1484 ad
1823 1446 2085 1484 inchoandam
2113 1447 2348 1497 spiritualem
2375 1447 2506 1495 vitam,
2535 1459 2621 1497 per-

1556 1500 1681 1550 ceptio
1710 1508 1841 1538 autem
1869 1500 2130 1538 Eucharistiae
2160 1508 2215 1537 est
2233 1500 2446 1538 necessaria
2465 1501 2513 1538 ad
2533 1513 2622 1538 con-

1557 1554 1833 1590 summandam
1861 1553 2005 1603 ipsam:
2040 1566 2121 1590 non
2156 1554 2205 1591 ad
2233 1555 2310 1591 hoc
2329 1554 2450 1604 ·quod
2478 1553 2621 1604 simpli-

1557 1606 1648 1643 citer
1675 1607 1873 1653 habeatur,
1903 1607 1971 1643 sed
1999 1606 2138 1643 sufficit
2165 1619 2252 1644 eam
2280 1607 2423 1644 habere
2451 1606 2490 1644 in
2515 1614 2621 1655 voto,

1557 1659 1655 1696 sicut
1682 1667 1718 1696 et
1745 1659 1833 1696 finis
1860 1660 2026 1697 habetur
2052 1659 2092 1696 in
2116 1656 2305 1697 desiderio
2334 1667 2371 1697 et
2397 1659 2620 1698 intentione.

1610 1712 1694 1749 Alia
1713 1712 1926 1750 differentia
1947 1720 2013 1759 est,
2043 1712 2134 1762 quia
2160 1725 2230 1762 per
2257 1712 2494 1762 baptismum
2521 1711 2622 1750 ordi-
2644 1754 2647 1758 ,

1557 1773 1670 1802 natur
1702 1766 1824 1802 homo
1859 1766 1908 1803 ad
1937 1765 2229 1803 Eucharistiam.
2272 1767 2321 1803 Et
2347 1765 2436 1803 ideo
2471 1778 2518 1803 ex
2546 1766 2624 1803 hoc

1557 1818 1642 1867 ipso
1671 1819 1779 1867 quod
1805 1818 1917 1868 pueri
1936 1818 2188 1868 baptizantur,
2217 1819 2446 1856 ordinantur
2462 1830 2533 1868 per
2550 1819 2623 1856 Ec—

1557 1871 1712 1908 clesiam
1740 1871 1789 1908 ad
1818 1871 2111 1910 Eucharistiam.
2155 1873 2204 1908 Et
2231 1871 2303 1919 sic,
2342 1871 2439 1908 sieut
2470 1884 2517 1909 ex
2543 1871 2622 1909 fide

1558 1923 1750 1961 Ecclesiae
1778 1925 1950 1967 credunt,
1980 1924 2034 1962 sic
2053 1937 2099 1962 ex
2118 1924 2328 1961 intentione
2347 1924 2539 1962 Ecclesiae
2557 1924 2624 1961 de-

1557 1977 1725 2014 siderant
1752 1977 2051 2015 Eucharistiam:
2091 1985 2127 2014 et
2154 1989 2223 2027 per
2250 1989 2494 2027 consequens
2531 1977 2623 2015 reci-

1556 2030 1668 2080 piunt
1695 2042 1778 2067 rem
1806 2030 1937 2080 ipsius.
1968 2031 2046 2068 Sed
2074 2031 2123 2068 ad
2150 2030 2387 2080 baptismum
2415 2042 2496 2068 non
2522 2030 2623 2068 ordi-

1557 2091 1698 2121 nantur
1731 2095 1802 2133 per
1833 2083 1936 2121 aliud
1971 2084 2205 2133 praecedens
2238 2091 2532 2121 sacramentum.
2575 2084 2624 2121 Et

1557 2137 1666 2183 ideo,
1701 2144 1788 2174 ante
1821 2136 2106 2187 susceptionem
2133 2136 2334 2186 baptismi,
2372 2148 2452 2174 non
2480 2137 2624 2174 habent

1557 2190 1667 2239 pueri
1696 2189 1825 2239 aliquo
1854 2190 1975 2227 modo
2003 2190 2240 2240 baptismum
2269 2189 2308 2227 in
2331 2197 2437 2237 voto,
2466 2190 2533 2227 sed
2553 2189 2624 2227 soli

1558 2243 1687 2280 adulti.
1717 2243 1829 2281 Unde
1859 2255 1941 2280 rem
1970 2242 2196 2281 sacramenti
2218 2242 2415 2292 percipere
2434 2254 2515 2280 non
2534 2254 2623 2292 pos-

1558 2304 1647 2333 sunt
1683 2296 1763 2333 sine
1797 2296 2044 2346 perceptione
2073 2295 2311 2333 sacramenti.
2354 2296 2403 2333 Et
2430 2295 2518 2333 ideo
2546 2296 2624 2333 hoc

1558 2357 1844 2387 sacramentum
1881 2361 1962 2386 non
1989 2350 2065 2386 hoc
2092 2349 2213 2386 modo
2242 2356 2298 2387 est
2324 2348 2373 2386 de
2400 2347 2622 2386 necessitate

1558 2402 1689 2440 salutis
1717 2402 1814 2440 sicut
1841 2402 2065 2452 baptismus.
2354 2439 2359 2444 ,

1611 2457 1669 2493 AD
1695 2467 1830 2493 PRIMUM
1854 2467 1952 2493 ERGO
1976 2467 2158 2493 DICENDUM
2183 2455 2302 2504 quod,
2327 2454 2424 2492 sicut
2445 2454 2623 2503 Augusti-

1558 2521 1632 2546 nus
1651 2508 1740 2545 dicit
1753 2508 1784 2556 *,
1800 2520 1998 2558 exponens
2017 2508 2110 2545 illud
2130 2508 2295 2545 verbum
2314 2507 2486 2545 Ioannis:
2506 2509 2626 2546 Hunc

1558 2564 1681 2599 cibum
1710 2567 1743 2598 et
1764 2567 1908 2612 potum,
1939 2561 2078 2598 scilicet
2105 2561 2230 2598 carnis
2249 2572 2341 2598 suae
2361 2568 2398 2598 et
2416 2560 2622 2609 sanguinis,

1556 2617 1765 2653 societatem
1793 2615 1869 2653 vult
1896 2615 2054 2665 intelligi
2069 2613 2084 2644 β
2112 2616 2282 2663 corporis
2309 2619 2343 2651 et
2370 2616 2624 2652 membrorum

1557 2680 1722 2714 suorum,
1744 2668 1843 2717 quod
1866 2673 1917 2705 est
1943 2668 2122 2714 Ecclesia,
2142 2669 2180 2704 in
2200 2667 2482 2717 praedestinatis
2509 2673 2543 2704 et
2559 2678 2623 2705 vo—

1558 2723 1648 2759 catis
1675 2727 1708 2758 et
1736 2722 1937 2770 iustificatis
1965 2727 1998 2758 et
2017 2721 2236 2771 glorificatis
2253 2721 2388 2758 sanctis
2406 2719 2624 2769 etfidelibus

1558 2776 1645 2812 eius.
1675 2774 1799 2821 Unde,
1830 2773 1926 2811 sicut
1953 2773 2034 2823 ipse
2063 2772 2167 2822 dicit,
2192 2773 2232 2811 in
2251 2773 2422 2823 Epistola
2440 2773 2492 2810 ad
2507 2773 2622 2810 Boni-

1547 2829 1698 2877 sacium
1716 2827 1753 2874 *,
1789 2827 1882 2864 nulli
1907 2833 1958 2864 est
1985 2827 2215 2876 aliquatenus
2242 2825 2508 2876 ambigendum
2535 2831 2623 2863 tunc

1558 2893 1858 2931 unumquemque
1873 2880 2047 2929 fidelium
2075 2881 2244 2930 corpor-is
2260 2879 2527 2928 sanguinisque
2543 2879 2621 2915 Do-

1557 2936 1652 2972 mini
1671 2935 1894 2984 participem
1910 2935 2015 2982 fieri,
2046 2933 2194 2983 quando
2213 2934 2250 2969 in
2270 2933 2487 2981 baptismate
2505 2943 2621 2968 mem-

1557 2990 1667 3025 brum
1696 2988 1864 3037 corporis
1895 2987 2033 3023 Christi
2061 2986 2240 3034 efficitur:
2276 2996 2344 3021 nec
2378 2985 2542 3021 alienari
2573 2986 2621 3022 ab

1558 3041 1654 3078 illius
1674 3042 1784 3090 panis
1801 3040 1997 3089 calicisque
2014 3039 2211 3084 consortio,
2232 3038 2342 3074 etiam
2359 3038 2402 3083 si,
2422 3042 2620 3087 antequam

1552 3104 1693 3144 panem
1722 3093 1825 3130 illum
1845 3092 2012 3129 comedat
2039 3096 2073 3128 et
2090 3091 2243 3128 calicem
2262 3091 2371 3136 hibat,
2392 3089 2438 3127 de
2454 3091 2526 3128 hoc
2541 3102 2621 3128 sae-

1557 3147 1642 3183 culo
1661 3148 1698 3182 in
1719 3147 1856 3183 unitate
1873 3145 2041 3194 corporis
2057 3143 2195 3181 Christi
2210 3144 2420 3180 constitutus
2438 3144 2619 3181 abscedat.

1611 3200 1669 3235 An
1689 3209 1879 3235 SECUNDUM
1897 3207 2079 3234 DlCENDUM
2106 3196 2215 3245 quod
2242 3196 2339 3233 haec
2361 3203 2417 3232 est
2443 3195 2622 3234 differen-

1557 3251 1609 3288 tia
1636 3251 1733 3287 inter
1760 3250 1987 3287 alimentum
2015 3249 2213 3298 corporale
2233 3256 2269 3285 et
2288 3248 2493 3298 spirituale,
2514 3250 2622 3299 quod

1558 3304 1786 3341 alimentum
1814 3303 2012 3351 corporale
2041 3301 2276 3339 convertitur
2303 3301 2343 3338 in
2371 3302 2623 3340 substantiam

1560 3356 1642 3394 eius
1677 3355 1744 3406 qui
1781 3355 1961 3392 nutritur:
2005 3362 2042 3392 et
2075 3354 2163 3392 ideo
2200 3366 2280 3392 non
2314 3362 2439 3405 potest
2473 3354 2623 3393 homini

1530 3478 1534 3514 Ι
1615 3478 1640 3512 β)
1660 3479 1716 3504 vult
1729 3478 1850 3511 intelligi.
1862 3493 1881 3497 —
1894 3478 1966 3509 PsE3
1982 3478 2023 3503 vel
2036 3478 2149 3511 intelligi
2161 3478 2210 3511 IpE
2224 3483 2249 3503 et
2260 3485 2282 3508 c,
2298 3478 2339 3503 vel
2351 3478 2525 3512 intelligibilis
2537 3477 2623 3515 cetefi.

2649 2513 2863 2567 ἔπ’-ἎὝιιῖἴἜ

2651 2573 2684 2596 ¹5·

2649 2830 2659 2840 ·
2681 2828 2849 2852 Pseudo-ned·

2650 2855 2784 2878 Commeat.
2804 2855 2828 2877 in
2850 2844 2862 2877 Ῐ

2648 2881 2862 2931 eim-1⁰2⁹&

2649 2933 2731 2957 enmN
2754 2935 2773 2956 li
2780 2936 2819 2956 en
2832 2935 2863 2957 de

2647 2951 2862 3013 ξθῖιεεεναιμῐὶα.
