2918 4088
8 540 9 543 „
3 400 13 516 -0'a-w—
0 340 14 386 aaa*
10 321 13 323 .

46 392 107 415 ·Cf.
121 391 195 420 Epist.
210 390 257 418 1¹,

47 418 237 445 αότίηηιᾘξι

4 597 5 601 ,
45 584 69 600 ιι.
81 585 100 602 ι,
115 584 135 600 ⁸.
179 566 256 600 :flect

45 636 72 658 ..
43 603 256 659 “³11¹3‘i2‘f2152:

8 664 15 680 ι
44 646 97 680 le'et.
113 662 138 679 ιι.

940 217 1201 265 QUAESTIO
1230 215 1404 263 LXXIV,
1434 214 1726 253 ARTICULUS
1754 217 1804 253 IV
2385 230 2456 267 149

283 297 363 327 mini
386 298 599 337 comparantis
622 307 655 328 se
677 307 786 339 grano
801 298 975 339 frumenti,
993 302 1216 337 argumentum
1235 295 1344 326 efficax
1397 301 1466 326 tum
1490 300 1597 325 autem
1620 294 1706 325 addit
1729 297 1921 326 excessivam
1937 297 2281 336 supercalefactionem,
2306 304 2342 329 ut
2364 304 2457 329 testa-

284 341 368 372 sumi
382 350 451 371 non
465 346 587 381 potest:
612 342 694 372 ultra
716 343 779 372 hoc
796 342 884 382 quod
901 342 1065 383 theologia
1083 341 1260 382 symbolica
1278 349 1342 370 non
1397 345 1448 369 tur
1471 339 1680 378 experientia,
1710 338 1787 369 durn
1810 340 1921 370 vinum
1946 341 2125 380 expositum
2149 342 2245 372 calori
2272 344 2401 378 acescit,
2426 348 2458 373 et

284 390 332 416 est
353 385 624 426 argumentativa,
648 391 684 416 ut
707 386 881 427 Dionysius
905 385 981 416 dixit
997 386 1023 416 ἦ
1398 383 1563 423 cupientes
1591 388 1718 413 acetum
1742 383 1864 413 bonum
1894 384 2010 413 habere
2042 384 2081 414 ad
2104 385 2175 414 loca
2205 386 2304 416 calida
2334 386 2456 417 dolium

338 429 480 469 Apparet
511 438 644 470 quoque
666 430 717 459 via
747 430 826 460 haec
855 429 1048 460 rationabilis
1072 434 1103 459 et
1126 437 1213 463 vera,
1241 436 1279 457 ex
1303 436 1342 456 eo
1396 426 1596 457 transferunt.
1621 427 1669 456 Ex
1692 427 1740 456 his
1764 428 1850 457 enim
1874 433 2003 466 apparet
2020 436 2057 457 ex
2073 428 2140 458 sola
2157 429 2267 459 caloris
2284 429 2456 460 differentia

285 472 374 513 quod
404 473 502 503 solvit
530 482 640 504 omnes
662 473 869 514 difficultates
898 472 1076 503 accidentes
1098 473 1132 502 in
1155 481 1204 507 re,
1230 476 1260 501 et
1283 471 1344 510 ipsi
1396 480 1435 501 ex
1458 476 1546 510 parte
1565 471 1658 500 activi
1682 470 1868 510 specificum
1883 480 2087 511 progressum
2110 481 2203 511 posse
2224 472 2292 503 fieri
2316 483 2352 503 ex
2368 481 2457 513 parte

251 517 394 547 .omm'a
417 522 598 547 consonant
619 519 646 548 ’ἱ
1396 515 1562 544 materiae:
1594 514 1668 544 licet
1690 524 1759 544 non
1781 523 1906 554 semper
1929 514 1997 551 fiat,
2026 524 2093 546 non
2117 516 2203 546 enim
2226 516 2328 547 differt
2350 519 2456 556 specie

338 560 380 591 Et
403 560 609 592 confirmatur
638 562 702 592 hoc
732 571 770 592 ex
799 562 886 591 vino.
910 560 993 591 Nam
1024 569 1104 590 uvae
1133 567 1246 589 ornnes
1276 567 1343 588 non
1397 559 1503 598 pirum
1526 563 1657 588 coctum
1680 568 1698 588 a
1719 559 1791 598 piro
1815 558 1926 589 crudo.

283 604 431 636 videntur
454 605 597 636 eiusdem
628 606 766 646 speciei:
800 605 891 636 cuius
921 605 1048 644 signum
1079 608 1126 634 est
1157 601 1247 643 quod
1275 611 1343 632 non
1451 602 1575 632 Diversi
1597 611 1674 632 vero
1705 602 1867 642 coquendi
1896 602 2003 638 modi,
2028 603 2146 633 scilicet
2170 603 2219 634 vel
2250 604 2383 634 assando
2406 606 2457 635 vel

284 648 445 701 quaelibet
463 658 501 679 ex
517 649 658 689 qualibet
673 649 760 679 nasci
774 653 890 689 potest,
906 647 962 678 sed
978 647 1172 678 diversarum
1187 655 1343 686 propaga·
1397 645 1554 682 elixando,
1585 646 1726 686 speciem
1753 647 1870 676 variare
1901 656 1967 677 non
1997 646 2153 677 videntur.
2183 647 2276 677 Panis
2300 647 2457 688 siquidem

283 693 411 724 tionum
433 697 507 723 sunt
528 693 648 724 multae
670 702 789 723 earum.
814 693 856 723 Et
877 697 985 722 tamen
1006 691 1129 727 vinum,
1150 699 1188 720 ex
1212 690 1343 730 quibus-
1397 690 1507 726 elixus,
1530 695 1567 720 ut
1589 690 1718 730 lagana;
1749 696 1804 720 aut
1826 689 1934 726 frixus,
1959 700 2025 730 quo
2049 692 2144 721 etiam
2167 691 2267 721 modo
2290 691 2401 732 lagana
2423 693 2457 723 in

284 746 425 778 cumque
454 737 524 767 uvis
547 735 733 773 conflatum,
757 737 854 767 unius
875 736 1008 776 ponitur
1030 735 1158 775 speciei.
1396 735 1495 764 veteri
1517 734 1587 774 lege
1611 733 1841 770 offerebantur;
1873 740 1927 764 aut
1950 744 2052 770 assus,
2083 740 2120 765 ut
2142 736 2232 774 panis
2259 736 2292 765 in
2320 736 2455 772 clibano,

338 781 379 811 Et
408 781 487 811 haec
515 782 578 811 sint
605 779 687 811 dicta
718 779 934 820 comparando
962 787 1079 820 panem
1110 778 1151 809 ad
1179 778 1343 808 materiam
1397 783 1428 808 et
1444 778 1682 814 subcinericius,
1703 783 1734 808 et
1749 778 1870 814 hostia;
1896 778 2038 809 eiusdem
2054 778 2201 809 videntur
2216 780 2333 818 speciei
2350 779 2457 819 quoad

282 830 448 857 remotam,
1396 822 1620 858 substantiam,
1649 821 1782 862 solaque
1809 821 1995 852 accidentali
2021 822 2124 853 forma
2154 822 2278 853 differre
2300 823 2456 854 videntur.

338 869 391 899 IV.
416 867 643 909 Comparando
666 877 742 898 vero
767 867 807 898 ad
828 868 992 898 materiam
1015 867 1195 907 proximam
1210 866 1236 902 *‚
1261 865 1342 896 duae
1450 867 1489 896 V.
1513 866 1634 896 Verum
1649 866 1683 896 in
1703 866 1871 906 proposito
1890 865 2014 897 videtur
2030 872 2202 907 utrumque
2226 867 2457 907 parvipenden-

281 913 420 944 rationes
443 912 580 943 diversas
602 911 790 943 inducentes
809 910 1009 942 difficultates
1032 916 1214 942 occurrunt.
1239 910 1344 940 Prima
1397 909 1491 941 dum:
1508 910 1551 940 ita
1566 909 1656 950 quod
1671 919 1731 940 nec
1747 920 1786 940 ex
1801 910 1978 940 diversitate
1994 909 2152 951 specifica,
2165 920 2225 941 nec
2241 920 2279 941 ex
2294 911 2457 942 identitate

282 962 330 988 est
352 955 392 987 de
414 955 578 987 identitate
608 965 672 986 seuv
693 955 871 986 diversitate
900 956 982 986 inter
1007 964 1125 995 panem
1156 960 1187 984 et
1209 959 1341 994 pastam.
1396 953 1544 995 specifica
1574 953 1733 984 sufficiens
1763 954 1842 984 ratio
1872 954 2034 985 habeatur.
2068 953 2147 990 Sed,
2172 954 2330 985 credendo
2368 955 2458 995 quod

281 999 429 1032 Secunda
458 1005 506 1031 est
534 1009 572 1030 ex
600 999 777 1030 diversitate
813 998 987 1030 modorum
1018 998 1180 1039 coquendi
1209 1003 1341 1038 pastam.
1395 1008 1455 1029 nec
1471 1004 1569 1038 pasta,
1586 1007 1646 1028 nec
1669 999 1759 1038 panis
1782 998 1843 1028 nisi
1866 1008 1963 1034 assus,
1982 1004 2028 1029 est
2051 999 2282 1035 consecrabilis,
2300 1000 2457 1030 rationem

337 1043 481 1075 Obscura
510 1043 668 1084 siquidem
695 1043 819 1074 videtur
849 1043 1023 1074 differentia
1052 1044 1134 1074 inter
1163 1051 1280 1083 panem
1312 1048 1343 1073 et
1396 1042 1523 1073 aliunde
1546 1048 1718 1078 sumentes,
1743 1041 1878 1072 dicimus
1902 1042 2000 1082 quod,
2024 1043 2106 1073 sicut
2128 1043 2162 1073 in
2185 1049 2381 1074 sacramento
2402 1044 2456 1074 ba-

280 1093 404 1129 pastam
434 1088 574 1119 crudam.
608 1088 749 1128 Reputat
779 1088 865 1118 enim
895 1087 1010 1118 Scotus
1033 1088 1050 1104 ⁴*
1079 1087 1244 1128 probabile
1275 1096 1342 1117 esse
1395 1088 1503 1127 ptismi
1518 1096 1602 1127 aqua
1620 1096 1638 1116 a
1654 1086 1782 1117 Christo
1799 1092 1846 1117 est
1861 1087 2012 1123 instituta,
2029 1088 2072 1117 ita
2087 1088 2120 1117 in
2136 1087 2334 1117 Eucharistia
2347 1088 2454 1128 panis:

281 1132 371 1174 quod
385 1142 454 1163 non
469 1131 614 1163 differant
629 1133 752 1173 specie:
778 1133 853 1172 quia
869 1131 1016 1162 decoctio
1031 1141 1100 1162 non
1115 1131 1190 1162 facit
1213 1131 1275 1161 nisi
1290 1141 1342 1161 ex·
1396 1136 1428 1161 et
1451 1130 1725 1171 quemadmodum
1747 1130 1791 1160 ibi
1807 1140 1890 1170 aqua
1904 1131 2089 1171 intelligitur
2107 1140 2174 1161 non
2190 1131 2297 1162 solum
2312 1132 2456 1162 substan-

280 1177 475 1208 halationem
489 1177 634 1207 humoris
649 1177 760 1217 aquei;
786 1182 817 1207 et
831 1177 943 1206 mixtio
963 1185 1031 1206 non
1047 1181 1093 1206 est
1108 1176 1152 1206 ibi
1166 1175 1227 1206 nisi
1242 1175 1342 1205 iuxta-
1395 1176 1438 1205 tia
1460 1184 1578 1215 aquae,
1610 1174 1666 1205 sed
1689 1175 1784 1204 etiam
1812 1174 1901 1215 quod
1923 1175 1962 1205 sit
1984 1175 2043 1205 sub
2067 1174 2169 1205 forma
2192 1184 2303 1215 aquae,
2328 1181 2359 1206 et
2380 1185 2455 1216 pro-

279 1221 417 1263 positi03
446 1226 478 1251 et
500 1230 538 1251 ex
553 1230 637 1261 pane
659 1220 696 1251 fit
718 1225 807 1261 pasta
829 1221 855 1250 si
877 1220 961 1250 mica
984 1219 1087 1260 digitis
1103 1220 1341 1259 comprimatur.
1395 1224 1504 1259 pterea
1527 1228 1610 1259 aqua
1632 1219 1690 1249 sub
1714 1217 1818 1249 forma
1832 1218 1991 1259 grandinis
2008 1224 2062 1249 aut
2077 1220 2157 1250 nivis
2180 1229 2248 1249 non
2265 1225 2311 1250 est
2325 1220 2456 1250 materia

336 1264 533 1306 Oppositum
562 1270 670 1295 autern
692 1264 909 1295 rationabilius
931 1263 1065 1294 videtur.
1100 1263 1264 1302 Quoniam
1288 1263 1342 1294 de·
1395 1264 1564 1303 baptismi;
1588 1263 1631 1293 ita
1653 1272 1710 1303 per
1732 1272 1849 1302 panem
1872 1262 2095 1303 intelligendus
2112 1268 2158 1293 est
2173 1264 2264 1303 panis
2288 1268 2319 1294 et
2341 1273 2455 1294 secun-

281 1309 389 1340 coctio
411 1308 602 1350 applicando
625 1309 726 1339 activa
740 1309 871 1349 passivis
887 1309 1027 1348 speciem
1042 1309 1133 1348 panis
1148 1307 1236 1338 facit:
1261 1308 1343 1338 sicut
1396 1307 1474 1338 dum
1496 1308 1703 1338 substantiam
1727 1312 1758 1337 et
1781 1306 1959 1337 secundum
1982 1307 2118 1338 formam
2140 1308 2241 1347 panis.
2265 1307 2306 1338 Et
2320 1317 2377 1347 per
2391 1308 2455 1338 hoc

277 1353 461 1393 maturatio,
479 1353 527 1384 de
548 1358 669 1393 agresta
692 1352 839 1388 faciendo
863 1362 969 1388 uvam,
994 1352 1068 1383 facit
1091 1351 1130 1382 de
1154 1357 1274 1392 agresta
1296 1352 1342 1382 vi-
1396 1351 1607 1382 excluduntur
1630 1360 1854 1391 quaecumque
1877 1356 2023 1382 constant
2047 1361 2084 1382 ex
2106 1357 2196 1392 pasta
2219 1351 2332 1387 cruda,
2361 1357 2392 1382 et
2415 1352 2455 1382 si-

280 1406 371 1429 num.
401 1397 462 1428 Ars
485 1397 571 1428 enim
593 1397 628 1427 in
651 1397 854 1427 confectione
877 1397 967 1437 panis
996 1406 1064 1426 non
1093 1396 1254 1426 concurrit
1281 1396 1342 1426 nisi
1395 1395 1511 1426 militer
1534 1404 1759 1436 quaecumque
1783 1400 1929 1425 constant
1959 1405 1997 1425 ex
2019 1401 2108 1435 pasta
2132 1396 2221 1426 elixa.
2256 1396 2345 1426 Haec
2368 1396 2454 1426 enim

280 1440 472 1482 applicando
503 1441 604 1471 activa
626 1442 776 1481 passivis:
805 1446 842 1471 ut
863 1446 950 1480 patet
973 1450 1011 1471 ex
1034 1441 1097 1471 hoc
1127 1439 1216 1480 quod
1239 1439 1343 1470 forma
1395 1449 1463 1470 non
1486 1440 1602 1469 habere
1625 1438 1762 1469 formam
1792 1440 1898 1479 panis,
1931 1439 2004 1469 dato
2033 1439 2123 1480 quod
2151 1449 2250 1479 panes
2274 1440 2354 1475 sint,
2379 1449 2455 1470 usus

279 1485 371 1526 panis
394 1490 442 1516 est
464 1484 568 1515 forma
590 1485 811 1515 substantialis.
847 1484 946 1522 Quod
969 1485 1170 1515 convincitur
1197 1483 1283 1524 apud
1305 1483 1342 1514 fi-
1393 1489 1525 1514 testatur
1547 1483 1717 1519 humanus,
1735 1492 1801 1523 quo
1817 1483 1865 1513 his
1880 1492 1947 1513 non
1963 1483 2084 1513 utimur
2101 1488 2138 1514 ut
2153 1493 2245 1523 pane,
2269 1482 2325 1514 sed
2347 1484 2455 1524 potius

280 1528 367 1560 deles
390 1538 428 1560 ex
450 1530 514 1560 hoc
538 1528 628 1569 quod
647 1529 739 1569 panis
758 1529 1053 1559 transubstantiatur
1067 1529 1101 1558 in
1117 1537 1234 1568 corpus
1250 1527 1342 1558 Chri·
1395 1528 1473 1558 haec
1497 1527 1696 1557 comedimus
1721 1536 1795 1557 cum
1811 1537 1903 1567 pane,
1921 1537 1958 1557 ex
1974 1528 2037 1557 hoc
2052 1528 2122 1567 ipso
2139 1527 2324 1567 profitentes
2347 1527 2456 1558 distin-

269 1572 329 1610 αἱ,
353 1578 395 1609 et,
419 1572 635 1603 accidentibus
651 1573 898 1607 remanentibus,
921 1581 989 1602 non
1005 1577 1147 1603 remanet
1161 1572 1265 1612 panis:
1286 1573 1342 1611 qui
1396 1572 1537 1602 ctionem
1559 1571 1677 1601 horum
1701 1580 1719 1600 a
1741 1580 1834 1610 pane.
1868 1571 1982 1601 Assato
2007 1576 2114 1601 autem
2136 1580 2219 1611 pane
2242 1571 2312 1602 solo
2337 1572 2456 1602 utimur

278 1622 457 1649 maneret
479 1626 555 1647 cum
577 1617 707 1656 reliquis
730 1616 956 1652 accidentibus,
980 1617 1006 1646 si
1022 1615 1169 1646 accidens
1185 1615 1341 1655 significa·
1395 1621 1431 1645 ut
1448 1624 1541 1655 pane.
1566 1615 1607 1644 Et
1629 1619 1800 1654 propterea
1823 1614 2009 1645 crediderim
2032 1616 2139 1655 ipsum
2159 1615 2264 1645 solum
2287 1625 2354 1645 esse
2378 1625 2456 1646 con-

272 1665 336 1695 ret.
367 1660 462 1692 Unde
484 1666 516 1691 et
538 1659 654 1690 falsum
677 1665 724 1690 est
747 1659 853 1700 quod,
882 1659 960 1690 dum
983 1665 1072 1700 pasta
1095 1659 1286 1699 decoquitur
1309 1660 1342 1690 in
1395 1659 1591 1690 secrabilem.
1625 1658 1757 1688 Materia
1780 1659 1866 1688 enim
1888 1659 1967 1688 haec
1996 1668 2114 1698 paucas
2137 1659 2231 1689 habet
2257 1660 2454 1690 assertiones·

279 1704 416 1741 elibano,
431 1703 487 1735 fiat
501 1704 570 1734 sola
586 1700 769 1744 evaporatio
785 1703 927 1734 humidi:
953 1703 1099 1734 decoctio
1121 1703 1207 1734 enim
1230 1702 1342 1743 digerit
1450 1701 1543 1733 Unde
1567 1707 1599 1732 et
1620 1702 1744 1732 Auctor
1766 1702 1800 1732 in
1822 1702 1924 1732 littera
1948 1703 2108 1742 opinative
2131 1702 2283 1742 loquitur,
2308 1712 2383 1733 cum
2403 1713 2455 1733 ex-

273 1752 311 1780 'et
323 1753 454 1790 generat
468 1757 595 1789 panem.
619 1748 776 1778 Mixtione
796 1753 904 1778 autem
920 1753 974 1778 aut
989 1747 1238 1787 iuxtapositione
1253 1747 1342 1777 nulla
1395 1746 1494 1777 cludit
1517 1746 1651 1786 speltam
1675 1751 1706 1776 et
1729 1745 1872 1776 umidum
1886 1747 1919 1776 *2
1945 1745 1983 1776 de
2008 1756 2073 1786 quo
2097 1746 2202 1777 adhuc
2215 1747 2273 1777 sub
2290 1747 2394 1777 iudice
2417 1747 2456 1778 lis

277 1801 361 1834 opus
385 1797 432 1823 est
453 1801 554 1823 nova:
582 1791 639 1822 sed
663 1792 766 1832 prima
788 1792 900 1822 mixtio
924 1791 1042 1822 farinae
1073 1801 1148 1822 cum
1171 1800 1271 1831 aqua,
1303 1801 1341 1822 ex
1394 1796 1442 1821 est
1452 1792 1478 1821 *.
1502 1790 1544 1820 Et
1558 1790 1638 1820 mihi
1653 1790 1778 1820 videtur
1793 1789 1966 1820 dicendum
1982 1796 2018 1821 ut
2033 1800 2128 1831 supra
2143 1791 2194 1820 m:
2220 1791 2339 1821 scilicet
2355 1790 2454 1831 quod,

274 1836 395 1878 quibus
417 1835 564 1867 confecta
582 1843 629 1866 est
642 1841 732 1876 pasta
754 1841 907 1876 tanquam
923 1845 962 1866 ex
978 1835 1143 1866 elementis
1158 1845 1194 1865 ac
1210 1836 1341 1866 materia
1394 1836 1420 1865 si
1443 1835 1534 1875 panis
1557 1833 1724 1864 confectus
1748 1844 1787 1864 ex
1809 1843 1849 1864 eo
1874 1840 1920 1865 est
1943 1834 2087 1865 absolute
2110 1835 2218 1875 panis,
2249 1840 2356 1875 potest
2378 1845 2455 1866 con-

272 1885 469 1917 *tr-anseuntffi
487 1879 678 1911 decoctione
697 1879 849 1920 digeritur
865 1885 896 1911 et
911 1879 951 1910 ad
966 1880 1139 1910 terminum
1162 1878 1340 1915 deducitur,
1394 1879 1517 1910 sectari.
1542 1878 1610 1909 Nec
1634 1878 1738 1908 obstat
1762 1879 1924 1919 corruptio
1948 1879 2058 1909 tritici:
2086 1878 2264 1909 dicentibus
2287 1879 2355 1909 aliis
2378 1880 2455 1910 triti-

275 1933 394 1966 panem
420 1924 549 1956 scilicet.
584 1924 653 1955 Nec
682 1924 815 1955 admitto
846 1934 885 1955 ex
907 1934 990 1964 pane
1022 1923 1090 1954 fieri
1112 1929 1251 1964 pastam:
1285 1923 1341 1955 sed
1395 1933 1470 1954 cum
1492 1932 1560 1953 non
1585 1923 1747 1962 corrumpi
1769 1928 1857 1959 tunc,
1882 1922 1938 1953 sed
1961 1923 2046 1953 ablui
2062 1928 2093 1953 et
2109 1922 2256 1963 deputari
2273 1928 2304 1953 et
2319 1923 2455 1960 alterari3

275 1969 395 2003 micam
417 1969 550 2000 mollem
573 1968 710 1999 similem
732 1974 850 2009 pastae.
1394 1968 1461 1998 aliis
1484 1972 1592 1997 autem
1615 1966 1705 2007 quod
1728 1967 1891 2007 corruptio
1915 1967 1993 1997 nihil
2017 1966 2124 2003 officit,
2150 1968 2303 2007 quoniam
2322 1977 2389 1997 non
2411 1973 2457 1998 est

331 2013 568 2054 Acceptabilior
591 2018 699 2044 autem
722 2018 853 2054 apparet
874 2013 954 2044 haec
973 2013 1092 2053 positio
1109 2012 1340 2053 contemplanti
1394 2012 1557 2051 corruptio
1581 2011 1774 2051 simpliciter,
1799 2010 1854 2042 sed
1878 2011 2041 2051 corruptio
2065 2020 2148 2051 quae
2165 2017 2211 2042 est
2225 2012 2275 2042 via
2299 2010 2338 2042 ad
2360 2021 2456 2051 gene-

276 2055 490 2089 diversitatem
512 2055 695 2098 specificam
717 2057 800 2088 inter
823 2062 995 2097 agrestam,
1019 2057 1132 2088 vinum
1159 2062 1190 2087 et
1213 2062 1340 2087 acetum
1392 2057 1550 2086 rationem
1577 2056 1684 2095 panis3
1716 2064 1814 2095 quam
1844 2060 1993 2096 oportere
2022 2056 2211 2086 intervenire
2239 2056 2391 2096 probatur
2418 2065 2456 2086 ex

276 2108 316 2133 ex
338 2101 459 2133 eisdem
481 2102 561 2138 uvis,
586 2102 629 2132 ob
653 2101 808 2132 diversam
829 2101 942 2132 caloris
958 2101 1183 2132 causalitatem.
1208 2101 1340 2142 Agresta
1393 2110 1432 2131 eo
1457 2099 1547 2140 quod
1569 2100 1709 2130 triticum
1732 2105 1779 2130 est
1801 2100 1931 2131 materia
1953 2099 2106 2130 transiens
2129 2105 2276 2140 respectu
2294 2105 2401 2140 pastae
2424 2105 2456 2131 et

274 2146 363 2177 enim
384 2151 431 2177 est
446 2155 560 2177 succus
576 2145 710 2183 crudus;
733 2147 846 2177 vinum
861 2155 937 2176 vero
953 2155 1068 2176 succus
1088 2145 1244 2186 digestus;
1269 2154 1339 2175 ace·
1391 2144 1492 2184 panis.

1055 2299 1374 2342 ARTICULUS
1403 2297 1677 2348 QUARTUS

651 2393 809 2425 UTRUM
832 2392 926 2425 Hoc
950 2392 1287 2424 SACRAMENTUM
1311 2392 1487 2422 DEBEAT
1512 2391 1689 2422 CONFICI
1713 2391 1771 2422 EX
1792 2391 1907 2422 PANE
1929 2390 2081 2422 ΑΖΥΜΟ

434 2473 468 2498 1v
487 2472 571 2501 Sent„
590 2472 648 2497 dist.
666 2479 700 2502 xx,
718 2479 763 2505 qu.
782 2479 810 2502 11,
829 2476 876 2496 art.
896 2478 919 2500 2,
939 2470 988 2503 qu·
1009 2470 1038 2501 3;
1058 2470 1091 2495 IV
1113 2470 1190 2529 Con?
1211 2471 1298 2529 client„
1318 2477 1375 2502 cap.
1393 2469 1584 2529 Lx1x310pusc.
1603 2469 1620 2500 1,
1643 2469 1719 2494 Cont.
1739 2468 1835 2494 Error.
1857 2470 1960 2497 Graec„
1981 2476 2036 2502 cap.
2054 2475 2129 2500 xxxii,
2149 2468 2182 2501 gg
2203 2475 2226 2499 1,
2248 2468 2295 2501 37;

1182 2512 1197 2530 n
1231 2512 1302 2534 oan.,
1321 2513 1377 2538 cap.
1395 2512 1448 2534 ¹111.
1478 2510 1526 2530 ect.
1543 2512 1561 2529 1.

314 2605 372 2627 «Δις,
391 2605 460 2649 ιέὔζ

485 2599 508 2623 n
529 2597 700 2629 QUARTUM
720 2598 772 2623 sxc
791 2597 1026 2623 PROCEDrrUR.
1053 2584 1214 2621 Videtur
1232 2584 1339 2633 quod
1362 2582 1366 2662 1
1449 2583 1483 2620 3.
1513 2584 1754 2629 plumeam,
1793 2582 1889 2620 sicut
1916 2595 2033 2633 supra
2052 2583 2072 2605 '³‘
2099 2583 2246 2621 dictum
2274 2592 2347 2632 est,
2377 2585 2454 2622 Eu-

408 2646 462 2699 slat
487 2640 565 2676 hoc
599 2646 884 2676 sacramentum
918 2650 1000 2675 non
1027 2637 1164 2675 debeat
1201 2636 1340 2674 confici
1392 2635 1568 2674 charistia
1600 2644 1655 2673 est
1687 2642 1961 2674 sacramentum
1996 2638 2178 2682 caritatis,
2211 2636 2308 2674 sicut
2334 2637 2454 2687 bapti-

425 2677 476 2733 '¹6‘
488 2704 536 2729 ex
558 2704 659 2741 pane
681 2704 830 2741 azymo.
860 2690 1059 2728 Debemus
1079 2690 1183 2728 enim
1205 2690 1244 2727 in
1263 2691 1340 2727 hoc
1392 2702 1500 2727 smus
1527 2688 1620 2726 fidei
1639 2687 1664 2725 β.
1695 2689 1772 2726 Sed
1798 2688 1926 2726 fervor
1948 2688 2109 2727 caritatis
2135 2688 2368 2738 significatur
2385 2703 2455 2740 per

376 2747 383 2756 '
415 2774 418 2777 ,
445 2737 477 2780 x<
488 2752 727 2782 sacramento
742 2743 881 2781 imitari
895 2743 1171 2780 institutionem
1187 2742 1337 2780 Christi.
1392 2743 1649 2780 fermentum:
1696 2750 1739 2779 ut
1765 2749 1868 2790 patet
1894 2741 1934 2779 in
1962 2742 2099 2780 Glossa
2126 2743 2146 2765 ’¹‘
2161 2772 2170 2790 ,
2206 2755 2322 2792 super
2361 2743 2455 2780 illud

277 2797 355 2835 Sed
375 2797 549 2835 Christus
567 2797 720 2835 videtur
738 2798 814 2834 hoc
833 2803 1117 2834 sacramentum
1135 2795 1338 2832 instituisse
1392 2796 1527 2832 Matth.
1559 2807 1616 2832 xm
1639 2794 1676 2841 ²¹⁸,
1707 2796 1833 2832 Simile
1868 2801 1920 2832 est
1956 2807 2116 2846 regnum
2153 2796 2343 2833 caelorum
2369 2798 2454 2845 ser-

276 2849 316 2888 in
335 2861 437 2900 pane
464 2851 709 2888 fermentato:
740 2849 843 2900 quia,
863 2849 959 2887 sicut
987 2848 1121 2898 legitur
1138 2849 1261 2886 Exod.
1282 2860 1338 2895 xn,
1392 2854 1515 2885 mento
1534 2855 1603 2885 etc.
1633 2848 1735 2896 Ergo
1763 2849 1839 2885 hoc
1866 2856 2150 2886 sacramentum
2178 2849 2292 2886 debet
2315 2849 2455 2887 confici

274 2902 406 2942 Iudaei
439 2904 658 2941 secundum
691 2904 815 2951 legem
851 2901 1082 2952 incipiebant
1113 2901 1169 2939 uti
1196 2901 1339 2951 azymis
1393 2901 1441 2938 de
1468 2913 1568 2951 pane
1595 2901 1832 2938 fermentato.

275 2955 316 2994 in
348 2956 410 2994 die
438 2957 628 3004 Paschae,
666 2956 774 3005 quod
809 2955 1021 2993 celebratur
1054 2953 1340 3004 quartadecima
1445 2966 1483 3001 4.
1512 2954 1749 3001 PRAETEREA‚
1788 2966 1970 3003 azymum
1998 2962 2034 2991 et
2059 2954 2328 2992 fermentatum
2367 2963 2456 2992 sunt

275 3010 386 3056 luna3
416 3010 590 3047 Christus
617 3016 748 3046 autem
776 3008 933 3046 instituit
961 3009 1036 3045 hoc
1056 3014 1339 3044 sacramentum
1393 3006 1603 3044 accidentia
1619 3006 1741 3055 panis,
1763 3019 1844 3044 non
1863 3006 2048 3044 variantia
2067 3006 2150 3044 eius
2168 3006 2347 3057 speciem.
2378 3008 2455 3046 Sed

276 3061 317 3100 in
345 3062 469 3111 Cena,
499 3074 619 3113 quam
646 3061 850 3099 celebravit
883 3067 968 3099 ante
995 3061 1092 3098 diem
1117 3065 1135 3082 α
1161 3061 1339 3106 Paschae,
1394 3059 1433 3096 in
1447 3059 1606 3096 materia
1619 3059 1798 3109 baptismi
1817 3060 1922 3097 nulla
1941 3059 2115 3097 discretio
2135 3060 2339 3098 adhibetur
2356 3061 2455 3098 circa

275 3122 320 3153 ut
346 3115 510 3153 habetur
529 3116 633 3153 Ioan.
653 3127 711 3152 xm
728 3114 760 3152 *.
790 3115 892 3163 Ergo
912 3122 948 3151 et
967 3126 1039 3151 nos
1057 3112 1245 3151 debemus
1264 3113 1341 3150 hoc
1393 3111 1648 3149 differentiam
1676 3112 1932 3150 accidentium
1953 3125 2094 3162 aquae:
2123 3121 2216 3162 puta
2246 3113 2276 3150 si
2295 3113 2341 3150 sit
2359 3115 2455 3151 salsa

277 3176 563 3206 sacramentum
590 3168 781 3206 celebrare
810 3167 850 3204 in
876 3179 977 3217 pane
1006 3167 1242 3204 fermentato.
1393 3167 1455 3202 vel
1483 3164 1614 3212 dulcis,
1645 3164 1766 3202 calida
1792 3167 1855 3202 vel
1880 3165 2023 3214 frigida.
2053 3166 2155 3214 Ergo
2180 3166 2220 3203 in
2239 3167 2315 3203 hoc
2334 3178 2454 3204 sacra-

332 3232 367 3258 2.
387 3222 619 3268 ΡιιΑετΕειΕΑ,
639 3221 771 3270 legalia
789 3233 870 3258 non
885 3227 973 3257 sunt
987 3219 1229 3257 observanda
1247 3226 1339 3256 tem·
1393 3225 1524 3255 mento
1552 3218 1681 3267 aliqua
1708 3218 1883 3256 discretio
1902 3218 2074 3256 adhiberi
2093 3231 2174 3256 non
2192 3219 2306 3256 debet
2323 3227 2454 3256 utrum

277 3285 372 3324 pore
391 3274 541 3322 gratiae.
572 3274 650 3312 Sed
668 3274 723 3311 uti
743 3273 887 3323 azymis
914 3273 983 3311 fuit
1002 3273 1195 3323 quaedam
1214 3271 1340 3321 legalis
1393 3271 1503 3321 panis
1531 3270 1577 3308 sit
1605 3283 1764 3320 azymus
1791 3273 1853 3308 vel
1880 3271 2138 3309 fermentatus.

277 3327 540 3365 caeremonia:
569 3334 611 3364 ut
637 3334 740 3377 patet
766 3327 888 3364 Exod.
909 3339 965 3364 xn.
995 3327 1097 3374 Ergo
1121 3325 1161 3363 in
1180 3326 1256 3363 hoc
1283 3338 1339 3363 sa·
1447 3324 1521 3361 SED
1541 3336 1686 3361 CONTRA
1709 3336 1774 3361 EST
1802 3324 1909 3374 quod
1938 3325 2063 3371 Extra,
2093 3325 2139 3362 de
2161 3326 2339 3362 Celebrat.
2360 3326 2454 3362 Ms-

277 3387 475 3417 cramento
502 3379 641 3429 gratiae
670 3392 751 3418 non
778 3380 966 3417 debemus
994 3378 1138 3429 azymis
1165 3378 1232 3416 uti.
1393 3390 1482 3424 sar„
1503 3389 1585 3426 cap.
1606 3378 1763 3414 Litteras
1782 3382 1809 3423 Υ,
1837 3377 1996 3427 punitur
2019 3378 2197 3415 sacerdos
2216 3377 2282 3427 qui
2302 3379 2338 3414 in
2353 3389 2455 3427 pane

331 3493 359 3527 α)
378 3493 458 3519 dfem.
475 3493 607 3527 —festum
627 3494 696 3519 addit
713 3494 795 3519 tertia.
1366 3493 1370 3559 '
1449 3491 1476 3526 γ)
1496 3492 1623 3518 Litteras.
1640 3506 1659 3511 —-
1678 3492 1761 3522 PIsA3
1776 3499 1829 3525 per
1846 3492 1894 3518 hoc
1912 3492 2017 3517 litteras
2035 3492 2067 3521 Η,
2083 3499 2135 3524 per
2153 3492 2257 3516 litteras
2276 3492 2360 3516 ceteri.

331 3527 357 3563 β)
370 3528 448 3561 fidei.
464 3543 484 3548 -
501 3533 531 3554 ut
548 3536 631 3562 supra
650 3530 749 3555 dictum
768 3533 808 3555 est
826 3530 923 3555 addunt
943 3529 978 3555 sC
997 3535 1022 3554 et
1041 3529 1122 3554 tertia.

2482 1747 2568 1775 '.Resp
2576 1747 2633 1774 ada,
2641 1752 2693 1775 et4.

2483 1790 2586 1813 ‘Hor-at.
2597 1791 2633 1812 De
2642 1791 2659 1813 Α
2663 1793 2693 1813 r.t

2482 1817 2554 1844 Poet„
2570 1823 2630 1839 v.ers
2644 1824 2679 1845 77.

2494 1834 2590 1866 ‘Num
2606 1850 2640 1866 ιιι.

2482 2590 2550 2617 '.Qu
2560 2596 2639 2614 min
2650 2594 2692 2612 art,

2480 2623 2500 2645 3
2511 2617 2540 2638 ad
2554 2623 2595 2645 3.-
2586 2616 2642 2638 -cf.
2653 2623 2691 2644 qu.

2480 2649 2534 2670 axv,
2548 2647 2590 2665 art
2607 2650 2625 2665 ι.

2580 2695 2594 2728 β

2481 2744 2491 2754 ·
2506 2742 2562 2763 Ord.

2482 2801 2492 2811 ·
2506 2799 2572 2821 Vera.
2587 2805 2620 2828 33.
