2878 4088
50 334 51 338 =
104 321 201 345 Leoniu.

107 1259 126 1278 x
201 1253 322 1278 aram

102 242 317 292 {clf-afwa!-
343 239 464 271 ibidem
487 239 573 270 dicit.
597 257 619 261 -
642 239 683 270 Et
706 240 782 280 quia
804 244 945 279 punctus
967 244 1077 269 motus
1099 238 1218 268 lineam
1241 235 1316 266 facit
1331 236 1359 271 ¹,
1381 240 1414 265 et

103 275 156 318 ιῗα.
170 284 314 323 ιι.ιι.9,εαῖ
344 284 576 325 propagatione
593 283 837 324 quodammodo
860 288 950 324 pater
965 281 1128 313 descendit
1150 282 1185 312 in
1207 279 1321 316 filium,
1337 279 1412 310 ideo

344 328 523 360 secundum
547 334 609 358 tres
634 327 732 358 dictas
754 327 956 358 habitudines
978 332 1041 357 tres
1060 327 1165 357 lineae
1187 324 1414 364 consanguini-

344 373 415 403 tatis
431 378 618 404 sumuntur:
643 372 763 403 scilicet
778 372 862 403 linea
877 371 1133 403 descendentium
1156 369 1334 400 secundum
1351 368 1414 408 pri-

344 426 432 448 mam
443 416 675 452 habitudinem,
687 416 772 447 linea
787 415 1026 447 ascendentium
1039 414 1218 445 secundum
1229 412 1414 448 secundam,
1437 422 1445 441 ς

345 461 429 492 linea
453 461 682 492 transversalis
704 460 883 491 secundum
906 460 1041 490 tertiam.

401 505 465 536 Sed
489 506 564 546 quia
580 505 819 546 propagationis
841 509 949 535 motus
973 513 1041 534 non
1057 503 1193 543 quiescit
1214 503 1248 532 in
1272 511 1339 532 uno
1355 506 1416 530 ter-

345 550 447 586 mino,
464 549 521 580 sed
546 549 626 581 ultra
648 548 860 590 progreditur,
876 547 950 579 ideo
967 547 1126 587 contingit
1149 545 1239 587 quod
1258 546 1353 585 patris
1370 550 1417 575 est

346 595 491 634 accipere
514 600 648 634 patrem,
665 599 696 624 et
719 593 776 624 filii
799 592 912 628 filium,
929 597 961 623 et
984 592 1030 622 sic
1054 591 1215 630 deinceps.
1239 589 1281 620 Et
1304 598 1418 620 secun-

347 637 426 669 dum
448 639 509 669 hos
533 638 674 669 diversos
697 646 883 678 progressus
914 636 1028 667 diversi
1057 635 1184 677 gradus
1206 635 1239 664 in
1263 633 1347 664 linea
1370 633 1418 662 in·
1433 640 1458 655 ιο

346 683 529 714 veniuntur.
562 682 604 714 Et
627 683 703 722 quia
725 681 840 722 gradus
871 680 1040 711 cuiuslibet
1061 679 1107 710 rei
1140 684 1187 709 est
1209 687 1282 718 pars
1313 677 1419 716 aliqua

346 727 431 758 illius
454 727 519 764 rei,
545 726 660 767 gradus
683 725 931 766 propinquitatis
954 733 1022 755 non
1045 728 1152 764 potest
1180 731 1248 753 esse
1271 722 1328 752 ubi
1350 730 1419 751 non

348 777 395 802 est
416 770 663 812 propinquitas.
681 770 723 801 Et
741 769 816 800 ideo
839 768 986 799 identitas
1009 773 1040 798 et
1062 767 1161 798 nimia
1181 765 1327 797 distantia
1350 774 1419 805 gra-

348 815 426 846 dum
459 814 742 856 consanguinitatis
774 813 908 844 tollunt:
943 812 1019 852 quia
1051 811 1159 842 nullus
1191 815 1238 841 est
1268 810 1327 840 sibi
1359 809 1419 849 ipsi

347 860 561 901 propinquus,
583 859 665 889 sicut
687 867 748 888 nec
772 857 831 888 sibi
855 856 976 887 similis
1011 855 1051 886 Et
1074 862 1207 896 propter
1235 854 1300 885 hoc
1331 853 1420 884 nulla
1435 861 1457 881 ¹⁵

349 913 486 944 persona
501 912 559 944 per
574 902 711 943 seipsam
728 901 803 932 facit
819 901 959 941 aliquem
975 899 1126 940 gradum:
1151 898 1218 935 sed,
1235 903 1420 939 comparata

348 948 437 979 alteri
459 956 626 988 personae,
642 945 777 987 gradum
801 945 876 976 facit
899 944 939 976 ad
961 945 1074 985 ipsam.

403 991 467 1023 Sed
490 997 598 1022 tamen
621 990 744 1022 diversa
767 996 815 1021 est
837 990 918 1020 ratio
943 988 1154 1030 computandi
1177 987 1293 1030 gradus
1316 987 1350 1018 in
1373 986 1420 1018 di-

348 1036 445 1068 versis
469 1036 571 1067 lineis.
595 1034 721 1066 Gradus
741 1035 828 1066 enim
851 1034 1134 1074 consanguinitatis
1157 1033 1191 1064 in
1207 1033 1291 1064 linea
1311 1041 1420 1062 ascen-

348 1080 495 1112 dentium
519 1085 550 1111 et
573 1079 836 1111 descendentium
868 1079 1066 1110 contrahitur
1089 1087 1127 1108 ex
1149 1078 1214 1108 hoc
1243 1075 1333 1117 quod
1356 1085 1421 1107 una
1435 1082 1461 1097 ²⁰

348 1134 486 1166 persona
510 1134 548 1155 ex
571 1125 631 1156 alia
646 1129 842 1164 propagatur
865 1133 979 1154 eorum
995 1123 1076 1153 inter
1099 1132 1183 1163 quos
1206 1121 1322 1163 gradus
1342 1130 1420 1152 con-

82 1190 87 1198 :
107 1175 120 1189 '
141 1173 204 1204 ,Vide
234 1173 320 1196 Arbor-
349 1169 512 1201 sideratur.
536 1169 578 1200 Et
601 1167 686 1205 ideo,
701 1167 879 1199 secundum
897 1167 1176 1208 computationem
1199 1166 1388 1198 canonicam
1404 1165 1421 1182 ⁴

91 1198 322 1278 ffli'n,
350 1219 383 1246 et
403 1214 540 1255 legalem
555 1214 588 1250 ‘,
610 1223 749 1254 persona
772 1222 855 1253 quae
878 1213 984 1253 primo
1007 1212 1041 1242 in
1065 1221 1235 1252 progressu
1263 1219 1421 1251 propaga-

109 1270 256 1312 &naam
349 1258 447 1290 tionis
470 1258 620 1293 occurrit,
636 1257 687 1288 vel
710 1256 913 1288 ascendendo
937 1257 988 1287 vel
1011 1255 1248 1292 descendendo,
1265 1254 1358 1285 distat
1381 1254 1420 1285 ab

351 1302 472 1344 aliquo,
488 1301 742 1345 putaaVPetro,
765 1302 799 1333 in
822 1302 928 1342 primo
951 1300 1068 1342 gradu,
1091 1306 1128 1331 ut
1150 1306 1240 1341 pater
1263 1305 1294 1330 et
1317 1298 1421 1335 filius;
1436 1304 1460 1325 ²5

304 1362 333 1373 »ψ
342 1346 566 1388 qnae‘au'tem
589 1345 733 1378 secundo
756 1347 908 1386 utn'nque
932 1346 1080 1381 occurrit,
1105 1344 1198 1375 distat
1222 1345 1255 1375 in
1278 1342 1422 1374 secundo

351 1390 462 1433 gradu,
477 1397 514 1423 ut
536 1401 614 1422 avus
637 1396 669 1422 et
691 1401 811 1431 nepos;
836 1396 867 1421 et
890 1391 935 1421 sic
959 1389 1121 1430 deinceps.

406 1435 471 1467 Sed
502 1436 762 1476 consanguinitas
789 1444 872 1475 quae
897 1440 944 1466 est
967 1443 1080 1465 eorum
1105 1434 1161 1474 qui
1185 1438 1265 1464 sunt·
1281 1433 1315 1463 in
1338 1432 1424 1463 linea

351 1480 561 1517 transversali,
577 1480 785 1516 contrahitur,
801 1489 868 1510 non
893 1489 931 1510 ex
946 1479 1009 1509 hoc
1033 1477 1124 1518 quod
1146 1487 1231 1508 unus
1247 1485 1361 1508 eorum
1385 1479 1424 1507 ex'

353 1524 417 1556 alio
438 1529 644 1566 propagatur,
661 1523 716 1554 sed
740 1524 816 1564 quia
839 1529 976 1563 uterque
999 1528 1194 1563 propagatur
1217 1531 1255 1552 ex
1279 1531 1357 1552 uno.
1382 1521 1424 1551 Et
1439 1525 1464 1546 ³⁰

352 1568 428 1600 ideo
451 1568 547 1599 debet
568 1567 684 1609 gradus
715 1567 999 1608 consanguinitatis
1028 1568 1060 1597 in
1088 1567 1148 1597 hac
1176 1566 1261 1596 linea
1288 1575 1424 1596 consan-

352 1613 515 1654 guinitatis
537 1612 719 1653 computari
741 1621 798 1652 per
821 1611 1097 1652 comparationem
1120 1610 1160 1641 ad
1178 1619 1283 1641 unum
1306 1610 1423 1650 princi-

352 1658 445 1698 pium
468 1666 508 1688 ex
529 1665 598 1697 quo
620 1662 848 1697 propagantur.
877 1656 919 1686 Et
941 1654 1121 1686 secundum
1144 1655 1208 1685 hoc
1232 1660 1279 1685 est
1302 1653 1425 1684 diversa

82 1733 86 1738 .
111 1706 123 1718 ”
148 1703 211 1728 vu·
235 1703 324 1727 Μ’·
353 1701 554 1742 computatio
571 1701 727 1732 canonica
742 1701 759 1717 ⁴*
782 1705 814 1731 et
836 1700 946 1740 legalis
962 1700 1014 1730 ”z
1039 1700 1116 1739 quia
1130 1698 1239 1739 legalis
1255 1703 1425 1738 computa-

86 1763 87 1766 *
110 1729 324 1788 weit.
351 1746 399 1777 tio
415 1744 549 1776 attendit
564 1744 756 1776 descensum
771 1754 790 1775 a
805 1744 973 1775 communi
989 1743 1095 1774 radice
1111 1753 1149 1773 ex
1166 1748 1302 1783 utraque
1317 1747 1424 1782 parte;
1440 1746 1462 1767 ³5

116 1791 119 1794 “
351 1789 409 1822 sed
431 1790 588 1821 canonica
610 1794 736 1820 tantum
757 1799 796 1820 ex
819 1789 926 1824 altera,
943 1798 981 1819 ex
1005 1787 1057 1818 illa
1080 1787 1200 1818 scilicet
1216 1797 1255 1818 ex
1278 1796 1343 1827 qua
1357 1796 1426 1817 ma-

351 1835 402 1867 ior
423 1843 578 1866 numerus
592 1833 751 1874 graduum
774 1834 944 1864 invenitur.
969 1832 1064 1864 Unde
1086 1831 1266 1863 secundum
1289 1831 1425 1872 legalem

353 1879 648 1920 computationem,
672 1877 767 1908 frater
790 1883 821 1909 et
844 1887 952 1914 soror,
976 1877 1028 1908 vel
1052 1876 1118 1908 duo
1143 1875 1267 1913 fratres,
1291 1877 1427 1907 attinent

353 1924 414 1955 sibi
435 1924 470 1955 in
492 1921 636 1954 secundo
666 1922 783 1964 gradu:
815 1922 892 1963 quia
922 1927 1059 1962 uterque
1082 1931 1101 1952 a
1123 1921 1228 1952 radice
1257 1920 1426 1951 communi

353 1968 448 2000 distat
469 1977 528 2009 per
541 1977 646 1999 unum
668 1966 815 2008 gradum.
839 1967 881 1997 Et
896 1966 1040 1997 similiter
1062 1965 1120 1997 filii
1136 1965 1277 1996 duorum
1294 1964 1426 1996 fratrum
1440 1973 1467 1993 4⁰

354 2011 471 2045 distant
493 2022 512 2043 a
533 2021 568 2043 se
590 2012 730 2043 invicem
752 2012 786 2042 in
810 2016 936 2052 quarto.
968 2010 1032 2042 Sed
1054 2009 1234 2041 secundum
1258 2014 1427 2050 computa-

353 2058 479 2090 tionem
495 2057 696 2093 canonicam,
709 2055 776 2087 duo
792 2055 901 2086 fratres
917 2056 1052 2086 attinent
1067 2055 1127 2086 sibi
1138 2055 1172 2085 in
1188 2055 1294 2095 primo
1309 2053 1425 2095 gradu:

355 2102 432 2143 quia
453 2107 567 2133 neuter
582 2110 697 2132 eorum
720 2100 814 2131 distat
829 2110 847 2131 a
862 2099 968 2130 radice
991 2099 1160 2130 communi
1174 2099 1235 2129 nisi
1251 2108 1308 2139 per
1323 2107 1427 2129 unum

354 2145 499 2187 gradum.
523 2145 587 2178 Sed
605 2144 690 2176 filius
712 2145 809 2175 unius
832 2143 965 2175 fratrum
981 2143 1076 2174 distat
1098 2144 1137 2174 ab
1161 2143 1259 2174 altero
1283 2142 1378 2174 fratre
1392 2143 1427 2173 in

355 2190 500 2222 secundo
529 2189 646 2231 gradu:
681 2190 757 2230 quia
780 2194 905 2220 tantum
935 2188 1052 2219 distant
1075 2198 1093 2218 a
1117 2188 1285 2218 communi
1311 2187 1427 2218 radice.
1442 2195 1465 2216 ⁴5

355 2235 398 2267 Et
408 2235 494 2270 ideo.
506 2233 686 2265 secundum
703 2234 981 2274 computationem
997 2233 1198 2268 canonicam,
1211 2238 1314 2272 quoto
1327 2231 1428 2272 gradu

357 2279 451 2311 distat
466 2279 538 2320 quis
554 2279 593 2310 ab
610 2278 720 2318 aliquo
743 2277 844 2318 gradu
859 2278 1027 2319 superiori,
1043 2283 1115 2308 toto
1131 2276 1226 2308 distat
1241 2287 1259 2306 a
1283 2276 1429 2317 quolibet

357 2323 623 2355 descendentium
646 2323 685 2353 ab
709 2323 792 2363 ipso,
810 2327 841 2353 et
862 2331 1032 2362 nunquam
1047 2322 1172 2352 minus:
1197 2321 1273 2362 quia
1290 2326 1430 2362 propter

358 2458 448 2488 tione
470 2457 620 2498 principii
643 2456 837 2492 communis,
853 2465 921 2487 non
936 2461 1073 2496 possunt
1095 2455 1345 2496 propinquiores
1361 2464 1429 2485 esse

359 2500 565 2533 descendenti
589 2510 628 2532 ex
650 2501 710 2532 alia
733 2506 822 2541 parte
845 2509 944 2541 quam
967 2500 1006 2531 sit
1027 2500 1170 2541 primum
1188 2499 1383 2540 principium
1400 2499 1431 2530 ei

358 2546 592 2587 propinquum.
616 2544 801 2586 Aliquando
825 2550 933 2576 tamen
955 2544 1028 2585 plus
1051 2544 1145 2575 distat
1172 2544 1286 2584 aliquis
1311 2544 1350 2574 ab
1374 2544 1430 2574 ali-

360 2600 427 2632 quo
451 2589 666 2621 descendente
688 2599 706 2620 a
730 2590 898 2620 communi
926 2589 1085 2630 principio
1115 2598 1215 2629 quam
1238 2588 1332 2619 distet
1360 2589 1429 2629 ipse

359 2645 379 2666 a
400 2635 580 2676 principio:
611 2634 687 2675 quia
709 2634 763 2664 ille
786 2633 868 2664 forte
897 2634 970 2674 plus
993 2633 1087 2665 distat
1109 2643 1128 2663 a
1151 2634 1319 2664 communi
1342 2634 1429 2673 prin-
1445 2642 1468 2662 55

359 2680 446 2720 cipio
463 2688 561 2719 quam
577 2679 656 2719 ipse,
669 2683 701 2708 et
716 2678 896 2709 secundum
910 2679 1119 2709 remotiorem
1135 2677 1315 2708 distantiam
1331 2687 1430 2718 opor-

358 2729 405 2755 tet
428 2723 739 2764 consanguinitatem
762 2723 952 2763 computari.

414 2769 466 2799 Ar>
490 2777 608 2798 rantum
631 2777 715 2798 aneo
738 2777 899 2797 mcnnmm
926 2766 1016 2807 quod
1039 2767 1180 2798 obiectio
1203 2766 1256 2797 illa
1285 2766 1431 2807 procedit

360 2822 399 2844 ex
422 2812 517 2844 falsis.
542 2811 811 2852 Consanguinitas
832 2812 919 2842 enim
942 2821 1011 2842 non
1026 2817 1073 2842 est
1096 2811 1256 2847 collectio,
1273 2810 1329 2842 sed
1351 2811 1430 2842 rela-

359 2858 406 2889 tio
429 2856 588 2898 quaedam
611 2856 791 2897 aliquarum
814 2865 1025 2896 personarum
1048 2855 1088 2886 ad
1114 2856 1268 2891 invicem,
1293 2865 1430 2896 quarum
1444 2862 1472 2882 6ο

361 2901 511 2934 collectio
534 2901 653 2932 lineam
677 2901 960 2941 consanguinitatis
983 2899 1067 2931 facit.

415 2946 468 2977 Ar>
499 2955 663 2976 sneunomi
695 2955 855 2975 mmmmm
888 2944 978 2985 quod
1011 2944 1183 2975 descensus
1215 2945 1432 2976 communiter

361 2995 510 3031 sumptus
536 2989 709 3020 attenditur
731 2989 911 3020 secundum
942 2989 1118 3029 quamlibet
1148 2989 1432 3029 consanguinitatis

361 3035 495 3066 lineam:
521 3035 597 3075 quia
611 3034 744 3065 carnalis
760 3034 960 3074 propagatio,
978 3043 1015 3064 ex
1032 3043 1097 3073 qua
1114 3033 1281 3063 vinculum
1297 3042 1432 3064 consan-

361 3079 523 3120 guinitatis
539 3079 747 3115 contrahitur,
764 3077 936 3109 descensus
952 3078 1084 3118 quidam
1100 3083 1156 3108 est.
1181 3077 1244 3108 Sed
1260 3076 1432 3109 descensus
1445 3083 1471 3109 ὅς

362 3123 442 3160 talis,
458 3123 579 3155 scilicet
601 3133 620 3154 a
642 3133 781 3164 persona
804 3123 895 3154 cuius
919 3122 1178 3163 consanguinitas
1201 3122 1374 3162 quaeritur,
1395 3122 1433 3153 li-

362 3177 458 3199 neam
479 3167 743 3199 descendentium
765 3166 850 3198 facit.

407 3211 459 3242 An
486 3221 621 3242 'ran-rrum
650 3222 811 3242 mcannuu
841 3211 931 3252 quod
954 3211 1038 3242 linea
1061 3210 1232 3252 dupliciter
1246 3211 1349 3251 accipi
1372 3221 1433 3253 po-

363 3261 434 3287 test.
450 3255 635 3296 Aliquando
650 3257 790 3297 proprie,
802 3265 862 3297 pro
874 3257 944 3296 ipsa
955 3255 1156 3286 dimensione
1172 3265 1255 3296 quae
1268 3261 1315 3287 est
1330 3257 1433 3296 prima

364 3300 487 3340 species
510 3300 694 3341 quantitatis
717 3301 900 3332 continuae.
933 3301 974 3331 Et
997 3301 1042 3331 sic
1069 3300 1153 3331 linea
1175 3306 1261 3331 recta
1289 3301 1433 3332 continet
1446 3309 1474 3330 7⁰

115 2372 251 2423 Jnm
263 2372 330 2422 ἦτοι-
357 2367 445 2409 quod
467 2367 726 2408 unumquodque,
743 2366 826 2398 illud
847 2366 954 2408 magis
968 2367 995 2397 ⁹.
1020 2366 1124 2402 Unde,
1141 2366 1199 2396 etsi
1222 2365 1273 2396 alii
1298 2365 1429 2396 descen-

116 2402 330 2478 ἔῆὶωὲᾞὲἰ
358 2412 470 2444 dentes
493 2422 513 2444 a
531 2411 703 2443 communi
731 2411 891 2452 principio
915 2411 1114 2442 conveniunt
1144 2420 1220 2441 curn
1248 2410 1357 2451 aliquo
1381 2420 1429 2440 ra-
1444 2419 1470 2440 ςο

365 3432 525 3469 dividitur,
541 3438 574 3463 et
594 3431 678 3464 fiunt
700 3432 783 3464 duae
805 3433 918 3465 lineae.
933 3452 957 3456 -
978 3433 1164 3474 Aliquando
1184 3443 1260 3464 vero
1280 3434 1363 3464 linea
1379 3444 1432 3465 su-

364 3478 462 3508 mitur
484 3486 545 3517 pro
567 3477 616 3507 his
639 3486 723 3517 quae
753 3477 908 3508 linealiter
930 3477 1153 3519 disponuntur.
1189 3478 1230 3509 Et
1253 3478 1432 3509 secundum

507 3584 617 3608 sinum:
632 3582 734 3608 Tanos..
754 3583 784 3607 D.
803 3583 918 3608 Tuouass
937 3584 969 3609 Τ.
988 3584 1029 3609 IX.

1050 156 1314 206 QUAESTIO
1342 153 1752 201 LlV,ART1CULUS
1788 155 1833 191 111
2462 156 2530 191 105

1467 235 1623 265 unitatem
1638 234 1770 274 ponitur
1786 234 1819 263 in
1835 233 1945 273 aliquo
1961 243 2108 264 numero.
2133 234 2173 264 Et
2189 235 2233 264 sic
2250 234 2411 274 quaelibet
2431 234 2535 264 unitas

1468 278 1591 309 adiecta
1612 277 1746 318 gradum
1770 277 1844 308 facit
1864 278 1897 308 in
1921 278 1974 307 tali
1990 278 2082 307 linea.
2107 278 2147 308 Et
2170 278 2312 308 similiter
2328 284 2374 308 est
2397 277 2437 308 de
2452 277 2536 308 linea

1469 322 1764 363 consanguinitatis.
1799 321 1892 352 Unde
1917 331 1981 351 una
2004 321 2087 351 linea
2111 323 2253 352 continet
2282 323 2388 362 plures
2410 321 2535 362 gradus.

1525 367 1577 398 An
1602 376 1750 397 anani-un
1773 375 1933 396 mmmmm
1956 365 2062 405 quod,
2086 366 2167 396 sicut
2190 366 2363 396 similitudo
2387 376 2454 396 non
2477 375 2538 406 po-

1471 417 1531 443 test
1547 421 1615 442 esse
1630 411 1687 442 ubi
1710 419 1779 441 non
1795 416 1842 440 est
1865 410 1970 449 aliqua
1987 409 2159 445 diversitas,
2176 410 2218 440 ita
2234 411 2454 450 propinquitas
2470 419 2537 440 non

1472 461 1519 487 est
1541 457 1598 486 ubi
1621 465 1689 486 non
1712 460 1759 486 est
1782 454 1888 495 aliqua
1912 453 2068 484 distantia.
2092 454 2133 483 Et
2155 453 2228 484 ideo
2254 454 2399 484 distantia
2417 454 2538 494 quaeli-

1472 501 1525 531 bet
1541 510 1609 530 non
1626 500 1803 540 opponitur
1826 498 2111 538 consanguinitati:
2137 497 2191 528 sed
2207 498 2276 528 talis
2295 498 2440 528 distantia
2456 508 2539 538 quae

1472 545 1756 585 consanguinitatis
1779 543 2053 584 propinquitatem
2078 541 2226 572 excludit.

1527 589 1579 619 An
1603 598 1743 619 numum
1766 597 1926 618 mmmmm
1949 586 2049 626 quod,
2066 587 2148 616 sicut
2171 585 2284 616 albedo
2302 586 2416 616 dicitur
2438 587 2540 616 maior

1473 632 1652 673 dupliciter,
1669 642 1736 663 uno
1759 632 1861 663 modo
1885 641 1923 662 ex
1946 631 2127 661 intensione
2155 631 2255 670 ipsius
2278 630 2453 670 qualitatis,
2478 630 2540 660 alio

1472 676 1573 707 modo
1598 687 1636 707 ex
1659 677 1834 717 quantitate
1858 674 2055 716 superficiei;
2080 675 2123 705 ita
2147 675 2404 714 consanguinitas
2427 674 2542 704 dicitur

1472 722 1575 751 maior
1598 721 1649 751 vel
1671 721 1779 751 minor
1800 730 1868 751 uno
1891 719 1992 750 modo
2013 719 2169 750 intensive
2192 728 2229 749 ex
2253 719 2321 759 ipsa
2337 724 2447 749 natura
2464 728 2542 749 con-

1473 765 1703 805 sanguinitatis,
1720 765 1783 795 alio
1807 763 1908 795 modo
1933 764 2024 804 quasi
2045 763 2238 799 dimensive;
2263 769 2294 793 et
2317 764 2361 793 sic
2385 763 2543 803 quantitas

1474 809 1759 850 consanguinitatis
1775 814 1977 839 mensuratur
1994 818 2031 838 ex
2047 808 2193 848 personis
2215 808 2298 838 inter
2313 817 2392 848 quas
2408 817 2543 838 consan-

1473 854 1636 894 guinitatis
1654 854 1843 894 propagatio
1867 853 2022 893 procedit.
2048 853 2089 883 Et
2104 853 2167 882 hoc
2191 852 2334 883 secundo
2350 851 2450 882 modo
2474 861 2543 892 gra-

1475 898 1534 929 dus
1558 898 1842 938 consanguinitatis
1859 898 2106 938 distinguuntur.
2131 897 2172 927 Et
2187 896 2261 927 ideo
2278 897 2434 936 contingit
2454 895 2544 936 quod

1474 943 1659 983 aliquorum
1683 942 1823 974 duorum
1847 943 1903 983 qui
1927 947 2001 972 sunt
2023 942 2056 972 in
2085 941 2202 972 eodem
2225 941 2325 982 gradu
2353 941 2544 980 consangui-

1474 988 1580 1018 nitatis
1605 993 1751 1028 respectu
1767 987 1901 1018 alicuius
1919 996 2086 1027 personae,
2102 995 2187 1017 unus
2207 992 2253 1016 est
2269 986 2327 1016 sibi
2349 986 2450 1025 magis
2466 994 2544 1015 con-

1475 1033 1670 1072 sanguineus
1693 1041 1791 1072 quam
1815 1031 1905 1068 alius,
1923 1030 2155 1062 considerando
2175 1031 2311 1071 primam
2335 1030 2544 1070 quantitatem

1476 1077 1776 1117 consanguinitatis:
1809 1077 1892 1107 sicut
1923 1081 2012 1116 pater
2036 1081 2068 1106 et
2098 1074 2191 1106 frater
2223 1075 2357 1105 attinent
2386 1074 2481 1105 alicui
2510 1074 2544 1104 in

1475 1122 1581 1162 primo
1604 1120 1704 1161 gradu
1728 1121 2022 1161 consanguinitatis,
2039 1121 2114 1160 quia
2134 1129 2172 1150 ex
2194 1125 2308 1150 neutra
2322 1124 2411 1159 parte
2434 1118 2546 1149 incidit

1476 1166 1582 1206 aliqua
1598 1175 1736 1206 persona
1750 1165 1873 1202 media;
1898 1164 1954 1196 sed
1969 1171 2087 1200 tamen,
2104 1164 2260 1194 intensive
2283 1162 2461 1204 loquendo,
2477 1172 2545 1193 ma-

1475 1211 1523 1251 gis
1546 1211 1659 1240 attinet
1682 1210 1776 1240 alicui
1806 1219 1963 1250 personae
1994 1215 2084 1250 pater
2106 1218 2183 1239 suus
2213 1217 2311 1248 quarn
2334 1207 2445 1244 frater,
2469 1208 2546 1248 quia

1476 1254 1571 1285 frater
1593 1264 1661 1285 non
1677 1255 1788 1285 attinet
1812 1255 1841 1285 ei
1864 1254 1924 1284 nisi
1941 1259 2098 1294 quantum
2123 1258 2170 1284 est
2185 1262 2224 1283 ex
2248 1252 2364 1283 eodem
2382 1258 2482 1292 patre.
2505 1252 2547 1282 Et

1476 1299 1562 1336 ideo,
1580 1304 1701 1339 quanto
1722 1304 1769 1329 est
1792 1299 1906 1339 aliquis
1929 1298 2144 1339 propinquior
2163 1297 2330 1328 communi
2352 1297 2511 1337 principio
2529 1306 2546 1326 a

1477 1353 1545 1384 quo
1569 1344 1828 1384 consanguinitas
1852 1342 2025 1378 descendit,
2041 1347 2130 1373 tanto
2155 1347 2202 1372 est
2225 1342 2325 1382 magis
2355 1341 2546 1380 consangui-

1476 1397 1568 1425 neuS,
1586 1388 1732 1428 quamvis
1747 1397 1815 1418 non
1831 1388 1870 1418 sit
1884 1388 1917 1418 in
1933 1387 2159 1427 propinquiori
2174 1386 2284 1426 gradu.
2308 1386 2350 1416 Et
2368 1384 2548 1416 secundum

1477 1433 1541 1464 hoc
1564 1438 1758 1473 propatruus
1777 1437 1823 1462 est
1838 1432 1939 1472 magis
1963 1431 2220 1471 consanguineus
2235 1430 2331 1461 alicui
2355 1439 2452 1470 quam
2471 1439 2547 1470 pro-

1477 1486 1580 1517 nepos
1605 1478 1683 1512 eius,
1700 1477 1847 1517 quamvis
1869 1477 1909 1506 sit
1931 1477 1965 1506 in
1989 1475 2105 1506 eodem
2127 1474 2237 1516 gradu.
2292 1511 2295 1512 ⁷

1533 1521 1585 1552 An
1609 1531 1729 1552 snx'ruu
1761 1530 1921 1551 ntcnnntm
1943 1519 2053 1560 quod,
2077 1520 2223 1560 quamvis
2251 1524 2339 1559 pater
2362 1523 2394 1549 et
2416 1524 2548 1558 patruus

1478 1566 1542 1596 sint
1563 1566 1597 1596 in
1614 1565 1730 1596 eodem
1753 1565 1853 1605 gradu
1868 1570 2016 1605 respectu
2031 1564 2144 1594 radicis
2163 1563 2456 1603 consanguinitatis,
2473 1563 2549 1602 quia

1478 1615 1615 1650 uterque
1639 1609 1733 1640 distat
1764 1619 1832 1640 uno
1864 1609 1964 1649 gradu
1987 1609 2026 1639 ab
2049 1618 2128 1644 avo;
2161 1614 2269 1638 tamen
2302 1613 2450 1648 respectu
2480 1607 2548 1637 eius

1479 1655 1572 1685 cuius
1596 1654 1855 1694 consanguinitas
1879 1653 2050 1693 quaeritur,
2067 1662 2135 1683 non
2151 1658 2225 1683 sunt
2248 1653 2280 1682 in
2297 1651 2413 1682 eodem
2432 1651 2547 1692 gradu:

1480 1699 1556 1739 quia
1579 1704 1669 1739 pater
1693 1703 1740 1728 est
1762 1699 1795 1728 in
1819 1698 1924 1738 primo
1948 1697 2058 1737 gradu,
2075 1702 2206 1737 patruus
2229 1702 2337 1727 autem
2353 1705 2420 1726 non
2443 1701 2551 1736 potest

1481 1752 1548 1774 esse
1571 1743 1787 1783 propinquior
1810 1751 1908 1782 quam
1931 1742 1965 1772 in
1988 1741 2143 1777 secundo,
2158 1741 2192 1771 in
2217 1750 2284 1781 quo
2303 1746 2350 1771 est
2373 1749 2460 1770 avus.

1535 1787 1587 1817 An
1611 1797 1763 1818 samum
1786 1795 1947 1816 mcnnnun
1970 1785 2060 1826 quod
2083 1795 2210 1826 semper
2233 1785 2315 1815 duae
2338 1794 2495 1825 personae
2518 1784 2550 1814 in

1481 1832 1607 1872 aequali
1629 1841 1767 1862 numero
1790 1830 1948 1871 graduum
1979 1830 2095 1860 distant
2118 1840 2136 1860 a
2160 1840 2193 1860 se
2216 1830 2371 1860 invicem:
2405 1830 2552 1869 quamvis

1481 1875 1679 1917 quandoque
1703 1885 1771 1907 non
1795 1875 1921 1916 aequali
1943 1884 2080 1905 numero
2104 1874 2262 1915 graduum
2281 1873 2398 1904 distent
2420 1883 2438 1904 a
2462 1883 2552 1904 com-

1480 1922 1573 1952 muni
1597 1921 1768 1962 principio,
1785 1925 1821 1951 ut
1845 1929 1883 1950 ex
1907 1919 1998 1950 dictis
2013 1920 2030 1936 ⁴
2053 1925 2150 1959 patet.

1554 1995 1724 2027 ART.111.
1748 2005 1854 2026 urium
1878 2005 2143 2026 CONSANGUINJTAS
2166 2005 2206 2026 nn
2230 2005 2301 2025 runa
2324 2005 2479 2026 namnam

1824 2050 1972 2070 IMPEDIAT
1994 2049 2213 2070 MATRmomuu

1484 2092 1518 2114 11·
1534 2092 1588 2118 110‘,
1604 2098 1643 2120 qu.
1658 2097 1718 2117 cuv.
1733 2094 1775 2112 nrt.
1791 2097 1817 2118 9:
1833 2090 1863 2112 111
1880 2090 1947 2112 cont.
1963 2090 2039 2117 Gent„
2055 2096 2106 2116 cap.
2121 2096 2194 2115 cxxu
2209 2089 2217 2111 l
2232 2089 2266 2112 ad
2280 2090 2349 2117 Cor„
2364 2096 2415 2118 cap.
2430 2097 2452 2117 v,
2468 2090 2518 2112 lect.
2535 2096 2550 2112 1.

1547 2153 1568 2174 n
1591 2153 1726 2174 ‘ram-um
1749 2152 1795 2172 src
1816 2151 2022 2172 rnocnm'rua.
2051 2141 2186 2172 Videtur
2209 2141 2298 2182 quod
2327 2142 2552 2182 consanguini-

1484 2157 1594 2218 Atas
1617 2188 1656 2219 de
1672 2189 1741 2218 iure
1756 2186 1892 2218 naturali
1914 2196 1983 2217 non
2006 2186 2160 2226 impediat
2180 2186 2432 2217 matrimonium.
2456 2186 2552 2217 Nulla

1483 2234 1571 2263 enim
1594 2233 1709 2263 mulier
1731 2237 1838 2272 potest
1861 2240 1929 2262 esse
1952 2231 2167 2271 propinquior
2187 2231 2256 2260 viro
2280 2240 2378 2271 quam
2402 2231 2470 2262 Eva
2492 2230 2553 2261 fuit

1483 2277 1590 2314 Adae,
1615 2277 1654 2308 de
1679 2286 1742 2317 qua
1767 2275 1860 2312 dixit,
1887 2275 1966 2306 Gen.
1989 2286 2011 2306 11
2026 2276 2060 2305 *z
2084 2275 2161 2305 Hoc
2190 2284 2277 2306 nunc
2300 2285 2336 2306 os
2363 2285 2405 2306 ex
2429 2276 2553 2306 ossibus

1483 2322 1572 2358 meis,
1589 2327 1620 2352 et
1634 2331 1713 2352 caro
1733 2330 1775 2351 ex
1790 2330 1889 2351 carne
1904 2329 1985 2350 mea.
2009 2319 2073 2351 Sed
2089 2319 2156 2350 Eva
2171 2319 2232 2350 fuit
2250 2321 2457 2350 matrimonio
2474 2330 2552 2351 con-

1483 2367 1592 2397 iuncta
1614 2365 1714 2396 Adae.
1740 2365 1826 2405 Ergo
1849 2365 2109 2405 consanguinitas
2131 2364 2238 2400 nulla,
2263 2370 2419 2404 quantum
2443 2370 2490 2395 est
2513 2364 2553 2395 de

1483 2411 1554 2452 lege
1577 2416 1720 2446 naturae,
1736 2410 1979 2440 matrimonium
2002 2408 2145 2449 impedit.

1541 2465 1570 2486 2.
1594 2454 1854 2491 kunnanda
1870 2453 2020 2484 naturalis
2036 2453 2148 2484 eadem
2172 2458 2219 2483 est
2241 2452 2328 2493 apud
2343 2463 2466 2484 omnes.
2491 2453 2554 2484 Sed

1484 2499 1571 2541 apud
1586 2500 1732 2530 barbaras
1755 2499 1902 2529 nationes
1917 2498 2005 2528 nulla
2020 2507 2159 2538 persona
2174 2498 2347 2528 coniuncta
2363 2499 2553 2539 consangui-

1483 2546 1582 2575 nitate
1598 2554 1617 2574 a
1631 2543 1838 2574 matrimonio
1855 2542 2042 2573 excluditur.
2063 2542 2149 2582 Ergo
2169 2543 2439 2582 consanguinitas,
2453 2552 2554 2582 quan-

1483 2595 1554 2620 tum
1577 2595 1625 2620 est
1648 2588 1687 2619 de
1710 2588 1780 2628 lege
1803 2593 1944 2623 naturae,
1965 2587 2207 2618 matrimonium
2229 2596 2296 2617 non
2321 2587 2464 2627 impedit.

1541 2634 1571 2665 3.
1595 2634 1792 2671 PRAETEREA,
1810 2633 1860 2663 ius
1876 2632 2028 2662 naturale
2043 2637 2090 2662 est
2104 2631 2191 2672 quod
2215 2637 2334 2661 natura
2351 2632 2460 2662 omnia
2484 2632 2554 2662 ani-

1484 2679 1584 2709 malia
1615 2678 1739 2713 docuit,
1765 2683 1801 2707 ut
1824 2676 1939 2707 dicitur
1961 2677 1994 2706 in
2018 2677 2176 2716 principio
2206 2676 2418 2717 Digestorum
2434 2678 2460 2707 ³.
2492 2676 2554 2707 Sed

1485 2723 1633 2754 animalia
1657 2723 1748 2753 bruta
1768 2722 1864 2752 etiam
1881 2730 1956 2751 cum
1979 2726 2079 2751 matre
2103 2727 2232 2751 coeunt.
2258 2721 2343 2760 Ergo
2361 2730 2429 2751 non
2453 2727 2499 2751 est
2515 2720 2554 2751 de

1484 2768 1555 2808 lege
1577 2773 1708 2798 naturae
1733 2765 1823 2806 quod
1853 2765 1959 2806 aliqua
1986 2775 2123 2806 persona
2147 2775 2165 2795 a
2186 2766 2393 2796 matrimonio
2425 2772 2555 2806 propter

1485 2812 1796 2852 consanguinitatem
1819 2810 1998 2850 repellatur.

1539 2866 1572 2896 4.
1595 2856 1799 2892 Pasa-rarum,
1822 2854 1903 2885 nihil
1932 2854 2067 2895 impedit
2093 2854 2335 2884 matrimonium
2368 2853 2457 2894 quod
2486 2864 2553 2884 non

1485 2901 1695 2932 contrariatur
1725 2900 1819 2930 alicui
1843 2900 1932 2930 bono
1962 2899 2168 2929 matrimonii.
2204 2897 2266 2929 Sed
2296 2899 2554 2938 consanguinitas

1485 2955 1552 2976 non
1576 2945 1785 2976 contrariatur
1800 2944 1896 2975 alicui
1919 2944 2008 2974 bono
2023 2944 2228 2973 matrimonii.
2253 2943 2338 2983 Ergo
2361 2953 2428 2973 non
2452 2943 2554 2983 impe-

1486 2989 1532 3021 dit
1553 2990 1672 3030 ipsum.

1543 3035 1573 3065 5.
1590 3034 1787 3069 Prummu,
1801 3042 1915 3063 eorum
1927 3042 2010 3072 quae
2022 3038 2096 3063 sunt
2111 3032 2211 3072 magis
2224 3032 2406 3072 propinqua
2423 3037 2454 3062 et
2469 3032 2553 3062 simi-

1486 3079 1538 3115 lia,
1550 3079 1665 3109 melior
1677 3083 1708 3108 et
1721 3076 1842 3108 firmior
1854 3083 1902 3108 est
1913 3077 2111 3107 coniunctio.
2128 3075 2191 3107 Sed
2203 3076 2444 3107 matrimonium
2456 3085 2555 3116 quae-

1487 3123 1561 3154 dam
1577 3122 1766 3153 coniunctio
1782 3127 1840 3152 est.
1865 3121 1952 3153 Cum
1975 3131 2052 3161 ergo
2076 3121 2334 3161 consanguinitas
2357 3121 2398 3151 sit
2420 3121 2554 3161 propin-

1488 3168 1592 3208 quitas
1608 3166 1778 3208 quaedam,
1788 3166 2031 3197 matrimonium
2042 3175 2111 3196 non
2123 3165 2266 3206 impedit,
2278 3164 2333 3195 sed
2344 3166 2444 3205 magis
2455 3165 2553 3195 iuvat.

1543 3211 1606 3243 Snn
1630 3221 1772 3247 coum,
1794 3210 1875 3241 illud
1898 3210 1989 3250 quod
2011 3209 2146 3250 impedit
2169 3211 2293 3240 bonum
2316 3210 2434 3249 prolis,
2458 3210 2554 3239 etiarn

1487 3257 1729 3287 matrimonium
1752 3254 1887 3295 impedit
1902 3254 2081 3285 secundum
2105 3255 2209 3295 legem
2224 3259 2364 3284 naturae.
2389 3254 2452 3285 Sed
2476 3263 2555 3284 con-

1487 3301 1681 3340 sanguinitas
1703 3299 1839 3340 impedit
1853 3300 1978 3330 bonum
2001 3299 2116 3340 prolis:
2141 3299 2226 3339 quia,
2243 3304 2279 3329 ut
2295 3308 2333 3329 ex
2348 3299 2451 3329 verbis
2475 3297 2555 3329 Gre-

364 3349 490 3375 tantum
513 3343 579 3375 duo
609 3350 730 3385 puncta
751 3345 786 3376 in
807 3350 899 3382 actu,
925 3354 1009 3385 quae
1032 3345 1204 3375 terminant
1226 3345 1346 3385 ipsam;
1377 3345 1433 3376 sed
1486 3345 1568 3385 gorii
1583 3346 1600 3362 *
1623 3345 1774 3380 habetur,
1799 3344 2017 3384 experimento
2050 3343 2220 3374 didicimus
2242 3353 2284 3374 ex
2311 3343 2370 3373 tali
2399 3343 2554 3384 coniugio

364 3387 490 3420 infinita
506 3389 540 3419 in
563 3389 718 3429 potentia,
733 3398 875 3429 quorum
891 3389 1036 3430 quolibet
1051 3390 1176 3430 signato
1199 3390 1232 3420 in
1249 3395 1332 3425 actu,
1348 3389 1433 3420 linea
1486 3389 1628 3420 sobolem
1653 3398 1718 3419 non
1742 3398 1840 3429 posse
1861 3398 2073 3419 succrescere.
2109 3388 2194 3428 Ergo
2225 3388 2483 3428 consanguinitas
2506 3397 2555 3418 se-

1488 3433 1632 3464 cundum
1655 3433 1759 3474 legem
1782 3438 1914 3463 naturae
1936 3433 2179 3463 matrimonium
2201 3431 2345 3472 impedit.

1545 3487 1574 3508 2.
1598 3478 1795 3513 Puerum,
1810 3477 1890 3508 illud
1906 3477 1996 3517 quod
2011 3477 2106 3507 habet
2121 3482 2233 3507 natura
2249 3477 2388 3507 humana
2404 3477 2436 3506 in
2453 3476 2555 3516 prima

365 3522 428 3552 hoc
448 3522 623 3562 assignatur
637 3522 670 3551 in
687 3522 828 3552 numeris
847 3522 931 3553 linea
947 3528 979 3553 et
993 3521 1104 3563 figura,
1120 3529 1219 3563 prout
1239 3523 1342 3554 unitas
1358 3529 1433 3563 post
1446 3531 1470 3552 75
1487 3523 1536 3553 sui
1560 3522 1756 3558 conditione,
1773 3527 1820 3552 est
1843 3521 1882 3552 de
1905 3521 1976 3562 lege
1991 3527 2132 3552 naturae.
2157 3521 2219 3552 Sed
2242 3531 2260 3551 a
2283 3522 2384 3561 prima
2405 3521 2453 3551 sui
2477 3529 2555 3550 con-

2365 3582 2410 3612 ¹4*

2579 1919 2614 1940 ‘l

2615 1925 2630 1940 n
2645 1925 2753 1946 corpore.

2580 2281 2588 2288 ·
2603 2278 2671 2300 Vere.
2685 2284 2719 2307 ²3·

2582 2677 2635 2725 ΞΠ

2621 2683 2659 2726 ἐξ.
2680 2677 2703 2702 Ι,
2723 2683 2744 2704 ι,
2765 2676 2795 2698 de

2592 2710 2619 2725 us
2651 2721 2654 2725 .
2667 2703 2762 2730 ellare,
2772 2710 2793 2732 3.

2584 3345 2593 3353 ·
2602 3342 2692 3370 Regin.
2701 3341 2740 3363 lib.
2753 3340 2793 3367 x1,

2581 3369 2624 3417 Ξῖ·

2626 3374 2664 3390 ιιι
2668 3375 2688 3394 ν,
2695 3368 2714 3389 al
2718 3383 2724 3389 .
2728 3373 2784 3389 xxxi
2788 3385 2794 3394 ,

2626 3395 2737 3422 interrog.
2753 3394 2775 3416 6.
