<?xml version="1.0" encoding="UTF-8"?>
<!DOCTYPE html PUBLIC "-//W3C//DTD XHTML 1.0 Transitional//EN"
    "http://www.w3.org/TR/xhtml1/DTD/xhtml1-transitional.dtd">
<html xmlns="http://www.w3.org/1999/xhtml" xml:lang="en" lang="en">
 <head>
  <title>
</title>
<meta http-equiv="Content-Type" content="text/html;charset=utf-8" />
  <meta name='ocr-system' content='tesseract 3.04.00' />
  <meta name='ocr-capabilities' content='ocr_page ocr_carea ocr_par ocr_line ocrx_word'/>
</head>
<body>
  <div class='ocr_page' id='page_1' title='image "./operaomniaiussui12thom/operaomniaiussui12thom_0195.png"; bbox 0 0 2918 4088; ppageno 0'>
   <div class='ocr_carea' id='block_1_1' title="bbox 0 0 290 4088">
    <p class='ocr_par' dir='ltr' id='par_1_1' title="bbox 0 0 290 4088">
     <span class='ocr_line' id='line_1_1' title="bbox 0 0 290 4088; baseline 0 0"><span class='ocrx_word' id='word_1_1' title='bbox 0 0 290 4088; x_wconf 95' lang='lat' dir='ltr'> </span> 
     </span>
    </p>
   </div>
   <div class='ocr_carea' id='block_1_2' title="bbox 966 220 1815 267">
    <p class='ocr_par' dir='ltr' id='par_1_2' title="bbox 966 220 1815 267">
     <span class='ocr_line' id='line_1_2' title="bbox 966 220 1815 267; baseline 0 -9"><span class='ocrx_word' id='word_1_2' title='bbox 966 220 1229 267; x_wconf 91' lang='lat' dir='ltr'>QUAESTIO</span> <span class='ocrx_word' id='word_1_3' title='bbox 1257 221 1415 267; x_wconf 89' lang='lat' dir='ltr'>LXXV,</span> <span class='ocrx_word' id='word_1_4' title='bbox 1445 220 1737 258; x_wconf 88' lang='lat' dir='ltr'>ARTICULUS</span> <span class='ocrx_word' id='word_1_5' title='bbox 1765 221 1815 258; x_wconf 93' lang='lat' dir='ltr'>IV</span> 
     </span>
    </p>
   </div>
   <div class='ocr_carea' id='block_1_3' title="bbox 263 297 1364 691">
    <p class='ocr_par' dir='ltr' id='par_1_3' title="bbox 299 297 1364 559">
     <span class='ocr_line' id='line_1_3' title="bbox 299 297 1363 339; baseline -0.002 -9"><span class='ocrx_word' id='word_1_6' title='bbox 299 307 371 330; x_wconf 92' lang='lat' dir='ltr'>non</span> <span class='ocrx_word' id='word_1_7' title='bbox 393 302 529 339; x_wconf 85' lang='lat' dir='ltr'>possunt</span> <span class='ocrx_word' id='word_1_8' title='bbox 551 297 690 328; x_wconf 90' lang='lat' dir='ltr'>invicem</span> <span class='ocrx_word' id='word_1_9' title='bbox 713 299 856 329; x_wconf 88' lang='lat' dir='ltr'>converti</span> <span class='ocrx_word' id='word_1_10' title='bbox 878 300 939 330; x_wconf 89' lang='lat' dir='ltr'>nisi</span> <span class='ocrx_word' id='word_1_11' title='bbox 963 300 1233 330; x_wconf 89' lang='lat' dir='ltr'>communicantia</span> <span class='ocrx_word' id='word_1_12' title='bbox 1248 300 1281 329; x_wconf 87' lang='lat' dir='ltr'>in</span> <span class='ocrx_word' id='word_1_13' title='bbox 1297 308 1363 329; x_wconf 92' lang='lat' dir='ltr'>ma-</span> 
     </span>
     <span class='ocr_line' id='line_1_4' title="bbox 301 341 1363 383; baseline -0.001 -10"><span class='ocrx_word' id='word_1_14' title='bbox 301 343 389 373; x_wconf 87' lang='lat' dir='ltr'>teria.</span> <span class='ocrx_word' id='word_1_15' title='bbox 412 359 435 364; x_wconf 87' lang='lat'>-</span> <span class='ocrx_word' id='word_1_16' title='bbox 457 341 660 372; x_wconf 89' lang='lat' dir='ltr'>Antecedens</span> <span class='ocrx_word' id='word_1_17' title='bbox 683 343 845 382; x_wconf 90' lang='lat' dir='ltr'>probatur.</span> <span class='ocrx_word' id='word_1_18' title='bbox 881 343 966 381; x_wconf 89' lang='lat' dir='ltr'><strong>Quia</strong></span> <span class='ocrx_word' id='word_1_19' title='bbox 992 353 1049 383; x_wconf 92' lang='lat' dir='ltr'>per</span> <span class='ocrx_word' id='word_1_20' title='bbox 1071 344 1134 373; x_wconf 91' lang='lat' dir='ltr'>hoc</span> <span class='ocrx_word' id='word_1_21' title='bbox 1161 342 1263 374; x_wconf 88' lang='lat' dir='ltr'>differt</span> <span class='ocrx_word' id='word_1_22' title='bbox 1286 352 1363 372; x_wconf 93' lang='lat' dir='ltr'>con-</span> 
     </span>
     <span class='ocr_line' id='line_1_5' title="bbox 301 386 1362 427; baseline 0 -11"><span class='ocrx_word' id='word_1_23' title='bbox 301 386 405 417; x_wconf 82' lang='lat' dir='ltr'>versio</span> <span class='ocrx_word' id='word_1_24' title='bbox 435 386 474 416; x_wconf 85' lang='lat' dir='ltr'>ab</span> <span class='ocrx_word' id='word_1_25' title='bbox 505 386 743 416; x_wconf 78' lang='lat' dir='ltr'>annihilatione.</span> <span class='ocrx_word' id='word_1_26' title='bbox 766 405 789 409; x_wconf 89' lang='lat'>—</span> <span class='ocrx_word' id='word_1_27' title='bbox 813 386 1053 427; x_wconf 87' lang='lat' dir='ltr'>Consequentia</span> <span class='ocrx_word' id='word_1_28' title='bbox 1076 388 1171 417; x_wconf 87' lang='lat' dir='ltr'>etiam</span> <span class='ocrx_word' id='word_1_29' title='bbox 1194 387 1362 427; x_wconf 86' lang='lat' dir='ltr'>probatur:</span> 
     </span>
     <span class='ocr_line' id='line_1_6' title="bbox 303 428 1364 471; baseline -0.002 -10"><span class='ocrx_word' id='word_1_30' title='bbox 303 440 341 461; x_wconf 84' lang='lat' dir='ltr'>ex</span> <span class='ocrx_word' id='word_1_31' title='bbox 365 439 405 460; x_wconf 89' lang='lat' dir='ltr'>eo</span> <span class='ocrx_word' id='word_1_32' title='bbox 428 428 518 469; x_wconf 92' lang='lat' dir='ltr'>quod</span> <span class='ocrx_word' id='word_1_33' title='bbox 540 439 608 460; x_wconf 89' lang='lat' dir='ltr'>non</span> <span class='ocrx_word' id='word_1_34' title='bbox 630 435 739 460; x_wconf 90' lang='lat' dir='ltr'>manet</span> <span class='ocrx_word' id='word_1_35' title='bbox 761 431 795 460; x_wconf 92' lang='lat' dir='ltr'>in</span> <span class='ocrx_word' id='word_1_36' title='bbox 818 440 858 461; x_wconf 92' lang='lat' dir='ltr'>eo</span> <span class='ocrx_word' id='word_1_37' title='bbox 882 436 970 467; x_wconf 90' lang='lat' dir='ltr'>actu,</span> <span class='ocrx_word' id='word_1_38' title='bbox 996 432 1070 471; x_wconf 87' lang='lat' dir='ltr'>quia</span> <span class='ocrx_word' id='word_1_39' title='bbox 1092 436 1169 461; x_wconf 90' lang='lat' dir='ltr'>tunc</span> <span class='ocrx_word' id='word_1_40' title='bbox 1192 440 1259 461; x_wconf 93' lang='lat' dir='ltr'>non</span> <span class='ocrx_word' id='word_1_41' title='bbox 1283 435 1364 460; x_wconf 89' lang='lat' dir='ltr'>esset</span> 
     </span>
     <span class='ocr_line' id='line_1_7' title="bbox 303 473 1364 515; baseline -0.001 -10"><span class='ocrx_word' id='word_1_42' title='bbox 303 482 505 505; x_wconf 89' lang='lat' dir='ltr'>conversum.</span> <span class='ocrx_word' id='word_1_43' title='bbox 529 473 614 513; x_wconf 90' lang='lat' dir='ltr'>Ergo</span> <span class='ocrx_word' id='word_1_44' title='bbox 637 480 745 505; x_wconf 89' lang='lat' dir='ltr'>manet</span> <span class='ocrx_word' id='word_1_45' title='bbox 767 475 802 505; x_wconf 92' lang='lat' dir='ltr'>in</span> <span class='ocrx_word' id='word_1_46' title='bbox 817 484 857 505; x_wconf 92' lang='lat' dir='ltr'>eo</span> <span class='ocrx_word' id='word_1_47' title='bbox 876 475 910 505; x_wconf 90' lang='lat' dir='ltr'>in</span> <span class='ocrx_word' id='word_1_48' title='bbox 924 475 1082 515; x_wconf 91' lang='lat' dir='ltr'>potentia:</span> <span class='ocrx_word' id='word_1_49' title='bbox 1099 484 1166 505; x_wconf 92' lang='lat' dir='ltr'>non</span> <span class='ocrx_word' id='word_1_50' title='bbox 1182 475 1292 510; x_wconf 84' lang='lat' dir='ltr'>activa,</span> <span class='ocrx_word' id='word_1_51' title='bbox 1309 473 1364 504; x_wconf 89' lang='lat' dir='ltr'>sed</span> 
     </span>
     <span class='ocr_line' id='line_1_8' title="bbox 302 517 1096 559; baseline 0.001 -11"><span class='ocrx_word' id='word_1_52' title='bbox 302 518 435 559; x_wconf 90' lang='lat' dir='ltr'>passiva.</span> <span class='ocrx_word' id='word_1_53' title='bbox 459 517 548 548; x_wconf 82' lang='lat' dir='ltr'>Haec</span> <span class='ocrx_word' id='word_1_54' title='bbox 572 523 680 548; x_wconf 89' lang='lat' dir='ltr'>autem</span> <span class='ocrx_word' id='word_1_55' title='bbox 703 523 750 548; x_wconf 92' lang='lat' dir='ltr'>est</span> <span class='ocrx_word' id='word_1_56' title='bbox 772 519 916 558; x_wconf 88' lang='lat' dir='ltr'>potentia</span> <span class='ocrx_word' id='word_1_57' title='bbox 937 519 1096 549; x_wconf 88' lang='lat' dir='ltr'>materiae.</span> 
     </span>
    </p>

    <p class='ocr_par' dir='ltr' id='par_1_4' title="bbox 263 561 1364 691">
     <span class='ocr_line' id='line_1_9' title="bbox 358 561 1363 603; baseline 0 -11"><span class='ocrx_word' id='word_1_58' title='bbox 358 561 517 592; x_wconf 80' lang='lat' dir='ltr'>Secundo.</span> <span class='ocrx_word' id='word_1_59' title='bbox 541 562 726 592; x_wconf 91' lang='lat' dir='ltr'>Absurdum</span> <span class='ocrx_word' id='word_1_60' title='bbox 749 568 796 592; x_wconf 91' lang='lat' dir='ltr'>est</span> <span class='ocrx_word' id='word_1_61' title='bbox 819 563 969 603; x_wconf 84' lang='lat' dir='ltr'>angelum</span> <span class='ocrx_word' id='word_1_62' title='bbox 993 563 1135 592; x_wconf 90' lang='lat' dir='ltr'>converti</span> <span class='ocrx_word' id='word_1_63' title='bbox 1157 563 1190 592; x_wconf 89' lang='lat' dir='ltr'>in</span> <span class='ocrx_word' id='word_1_64' title='bbox 1214 561 1363 602; x_wconf 90' lang='lat' dir='ltr'>lapidem,</span> 
     </span>
     <span class='ocr_line' id='line_1_10' title="bbox 303 605 1364 646; baseline 0 -10"><span class='ocrx_word' id='word_1_65' title='bbox 303 611 358 636; x_wconf 86' lang='lat' dir='ltr'>aut</span> <span class='ocrx_word' id='word_1_66' title='bbox 381 615 398 636; x_wconf 90' lang='lat' dir='ltr'>e</span> <span class='ocrx_word' id='word_1_67' title='bbox 422 610 549 636; x_wconf 88' lang='lat' dir='ltr'>contra:</span> <span class='ocrx_word' id='word_1_68' title='bbox 573 606 634 636; x_wconf 92' lang='lat' dir='ltr'>nisi</span> <span class='ocrx_word' id='word_1_69' title='bbox 657 605 813 637; x_wconf 89' lang='lat' dir='ltr'>diceretur</span> <span class='ocrx_word' id='word_1_70' title='bbox 835 606 888 636; x_wconf 90' lang='lat' dir='ltr'>illa</span> <span class='ocrx_word' id='word_1_71' title='bbox 903 605 1087 642; x_wconf 82' lang='lat' dir='ltr'>absurditas,</span> <span class='ocrx_word' id='word_1_72' title='bbox 1111 606 1150 636; x_wconf 92' lang='lat' dir='ltr'>ab</span> <span class='ocrx_word' id='word_1_73' title='bbox 1166 606 1300 646; x_wconf 92' lang='lat' dir='ltr'>antiquo</span> <span class='ocrx_word' id='word_1_74' title='bbox 1316 615 1364 636; x_wconf 93' lang='lat' dir='ltr'>re-</span> 
     </span>
     <span class='ocr_line' id='line_1_11' title="bbox 263 649 1364 691; baseline 0 -11"><span class='ocrx_word' id='word_1_75' title='bbox 263 664 274 670; x_wconf 91' lang='lat'><em>-</em></span> <span class='ocrx_word' id='word_1_76' title='bbox 302 650 436 691; x_wconf 88' lang='lat' dir='ltr'>probata</span> <span class='ocrx_word' id='word_1_77' title='bbox 451 650 483 685; x_wconf 77' lang='lat'>*‚</span> <span class='ocrx_word' id='word_1_78' title='bbox 511 649 600 690; x_wconf 91' lang='lat' dir='ltr'>quod</span> <span class='ocrx_word' id='word_1_79' title='bbox 630 659 695 680; x_wconf 92' lang='lat' dir='ltr'>una</span> <span class='ocrx_word' id='word_1_80' title='bbox 717 655 829 680; x_wconf 89' lang='lat' dir='ltr'>natura</span> <span class='ocrx_word' id='word_1_81' title='bbox 858 655 967 690; x_wconf 90' lang='lat' dir='ltr'>posset</span> <span class='ocrx_word' id='word_1_82' title='bbox 989 649 1058 680; x_wconf 81' lang='lat' dir='ltr'>fieri</span> <span class='ocrx_word' id='word_1_83' title='bbox 1081 649 1150 686; x_wconf 89' lang='lat' dir='ltr'>alia,</span> <span class='ocrx_word' id='word_1_84' title='bbox 1174 655 1252 690; x_wconf 91' lang='lat' dir='ltr'>puta</span> <span class='ocrx_word' id='word_1_85' title='bbox 1275 649 1364 690; x_wconf 93' lang='lat' dir='ltr'>quod</span> 
     </span>
    </p>
   </div>
   <div class='ocr_carea' id='block_1_4' title="bbox 176 693 1364 734">
    <p class='ocr_par' dir='ltr' id='par_1_5' title="bbox 176 693 1364 734">
     <span class='ocr_line' id='line_1_12' title="bbox 176 693 1364 734; baseline 0 -10"><span class='ocrx_word' id='word_1_86' title='bbox 176 696 182 707; x_wconf 91' lang='lat'><em>&#39;</em></span> <span class='ocrx_word' id='word_1_87' title='bbox 214 723 220 733; x_wconf 84' lang='grc'>,</span> <span class='ocrx_word' id='word_1_88' title='bbox 237 696 254 728; x_wconf 88' lang='grc'>”,</span> <span class='ocrx_word' id='word_1_89' title='bbox 269 696 275 706; x_wconf 87' lang='grc'>’</span> <span class='ocrx_word' id='word_1_90' title='bbox 303 693 418 725; x_wconf 90' lang='lat' dir='ltr'>albedo</span> <span class='ocrx_word' id='word_1_91' title='bbox 436 694 537 734; x_wconf 84' lang='lat' dir='ltr'>possit</span> <span class='ocrx_word' id='word_1_92' title='bbox 555 693 623 724; x_wconf 87' lang='lat' dir='ltr'>fieri</span> <span class='ocrx_word' id='word_1_93' title='bbox 637 693 781 734; x_wconf 88' lang='lat' dir='ltr'>nigredo.</span> <span class='ocrx_word' id='word_1_94' title='bbox 805 693 905 732; x_wconf 92' lang='lat' dir='ltr'>Quod</span> <span class='ocrx_word' id='word_1_95' title='bbox 920 694 1062 734; x_wconf 88' lang='lat' dir='ltr'>implicat</span> <span class='ocrx_word' id='word_1_96' title='bbox 1078 693 1364 725; x_wconf 86' lang='lat' dir='ltr'>contradictionem</span> 
     </span>
    </p>
   </div>
   <div class='ocr_carea' id='block_1_5' title="bbox 266 737 1367 2232">
    <p class='ocr_par' dir='ltr' id='par_1_6' title="bbox 268 737 1125 777">
     <span class='ocr_line' id='line_1_13' title="bbox 268 737 1125 777; baseline 0 -9"><span class='ocrx_word' id='word_1_97' title='bbox 268 749 274 755; x_wconf 96' lang='lat'>·</span> <span class='ocrx_word' id='word_1_98' title='bbox 302 739 336 769; x_wconf 91' lang='lat' dir='ltr'>in</span> <span class='ocrx_word' id='word_1_99' title='bbox 359 738 510 768; x_wconf 90' lang='lat' dir='ltr'>omnibus</span> <span class='ocrx_word' id='word_1_100' title='bbox 533 738 653 768; x_wconf 89' lang='lat' dir='ltr'>naturis</span> <span class='ocrx_word' id='word_1_101' title='bbox 677 739 841 768; x_wconf 88' lang='lat' dir='ltr'>contrariis</span> <span class='ocrx_word' id='word_1_102' title='bbox 864 738 929 768; x_wconf 87' lang='lat' dir='ltr'>sive</span> <span class='ocrx_word' id='word_1_103' title='bbox 953 737 1125 777; x_wconf 76' lang='lat' dir='ltr'>disparatis,</span> 
     </span>
    </p>

    <p class='ocr_par' dir='ltr' id='par_1_7' title="bbox 301 781 1365 1032">
     <span class='ocr_line' id='line_1_14' title="bbox 362 781 1364 822; baseline 0 -10"><span class='ocrx_word' id='word_1_104' title='bbox 362 782 480 812; x_wconf 82' lang='lat' dir='ltr'>Tertio.</span> <span class='ocrx_word' id='word_1_105' title='bbox 506 781 539 812; x_wconf 92' lang='lat' dir='ltr'>Si</span> <span class='ocrx_word' id='word_1_106' title='bbox 562 791 646 812; x_wconf 90' lang='lat' dir='ltr'>unus</span> <span class='ocrx_word' id='word_1_107' title='bbox 670 782 800 821; x_wconf 89' lang='lat' dir='ltr'>angelus</span> <span class='ocrx_word' id='word_1_108' title='bbox 822 787 931 822; x_wconf 88' lang='lat' dir='ltr'>posset</span> <span class='ocrx_word' id='word_1_109' title='bbox 954 782 1097 812; x_wconf 90' lang='lat' dir='ltr'>converti</span> <span class='ocrx_word' id='word_1_110' title='bbox 1119 783 1153 812; x_wconf 89' lang='lat' dir='ltr'>in</span> <span class='ocrx_word' id='word_1_111' title='bbox 1177 782 1291 818; x_wconf 84' lang='lat' dir='ltr'>alium,</span> <span class='ocrx_word' id='word_1_112' title='bbox 1316 791 1364 812; x_wconf 91' lang='lat' dir='ltr'>se-</span> 
     </span>
     <span class='ocr_line' id='line_1_15' title="bbox 303 824 1365 866; baseline 0 -10"><span class='ocrx_word' id='word_1_113' title='bbox 303 831 454 866; x_wconf 88' lang='lat' dir='ltr'>queretur</span> <span class='ocrx_word' id='word_1_114' title='bbox 476 824 566 866; x_wconf 93' lang='lat' dir='ltr'>quod</span> <span class='ocrx_word' id='word_1_115' title='bbox 589 825 720 865; x_wconf 83' lang='lat' dir='ltr'>angelus</span> <span class='ocrx_word' id='word_1_116' title='bbox 742 830 851 865; x_wconf 91' lang='lat' dir='ltr'>posset</span> <span class='ocrx_word' id='word_1_117' title='bbox 873 825 1016 856; x_wconf 89' lang='lat' dir='ltr'>desinere</span> <span class='ocrx_word' id='word_1_118' title='bbox 1040 835 1107 857; x_wconf 87' lang='lat' dir='ltr'>esse</span> <span class='ocrx_word' id='word_1_119' title='bbox 1126 826 1194 856; x_wconf 91' lang='lat' dir='ltr'>sine</span> <span class='ocrx_word' id='word_1_120' title='bbox 1211 826 1365 856; x_wconf 89' lang='lat' dir='ltr'>annihila-</span> 
     </span>
     <span class='ocr_line' id='line_1_16' title="bbox 301 869 1365 910; baseline 0 -10"><span class='ocrx_word' id='word_1_121' title='bbox 301 870 400 906; x_wconf 87' lang='lat' dir='ltr'>tione,</span> <span class='ocrx_word' id='word_1_122' title='bbox 425 869 545 900; x_wconf 87' lang='lat' dir='ltr'>scilicet</span> <span class='ocrx_word' id='word_1_123' title='bbox 567 878 624 909; x_wconf 90' lang='lat' dir='ltr'>per</span> <span class='ocrx_word' id='word_1_124' title='bbox 647 870 892 900; x_wconf 90' lang='lat' dir='ltr'>conversionem</span> <span class='ocrx_word' id='word_1_125' title='bbox 907 870 940 899; x_wconf 91' lang='lat' dir='ltr'>in</span> <span class='ocrx_word' id='word_1_126' title='bbox 956 870 1064 900; x_wconf 85' lang='lat' dir='ltr'>alium.</span> <span class='ocrx_word' id='word_1_127' title='bbox 1090 869 1302 910; x_wconf 89' lang='lat' dir='ltr'>Consequens</span> <span class='ocrx_word' id='word_1_128' title='bbox 1319 875 1365 900; x_wconf 91' lang='lat' dir='ltr'>est</span> 
     </span>
     <span class='ocr_line' id='line_1_17' title="bbox 301 912 1364 954; baseline 0.001 -11"><span class='ocrx_word' id='word_1_129' title='bbox 301 912 436 944; x_wconf 84' lang='lat' dir='ltr'>falsum:</span> <span class='ocrx_word' id='word_1_130' title='bbox 469 914 544 953; x_wconf 83' lang='lat' dir='ltr'>quia</span> <span class='ocrx_word' id='word_1_131' title='bbox 573 913 704 952; x_wconf 88' lang='lat' dir='ltr'>angelus</span> <span class='ocrx_word' id='word_1_132' title='bbox 731 923 799 943; x_wconf 90' lang='lat' dir='ltr'>non</span> <span class='ocrx_word' id='word_1_133' title='bbox 827 918 935 953; x_wconf 88' lang='lat' dir='ltr'>potest</span> <span class='ocrx_word' id='word_1_134' title='bbox 961 914 1101 954; x_wconf 90' lang='lat' dir='ltr'>incipere</span> <span class='ocrx_word' id='word_1_135' title='bbox 1125 923 1192 944; x_wconf 90' lang='lat' dir='ltr'>esse</span> <span class='ocrx_word' id='word_1_136' title='bbox 1225 915 1286 944; x_wconf 86' lang='lat' dir='ltr'>nisi</span> <span class='ocrx_word' id='word_1_137' title='bbox 1307 923 1364 954; x_wconf 92' lang='lat' dir='ltr'>per</span> 
     </span>
     <span class='ocr_line' id='line_1_18' title="bbox 302 957 1364 999; baseline 0.001 -12"><span class='ocrx_word' id='word_1_138' title='bbox 302 957 513 992; x_wconf 84' lang='lat' dir='ltr'>creationem;</span> <span class='ocrx_word' id='word_1_139' title='bbox 545 957 639 996; x_wconf 89' lang='lat' dir='ltr'>igitur</span> <span class='ocrx_word' id='word_1_140' title='bbox 666 966 727 987; x_wconf 92' lang='lat' dir='ltr'>nec</span> <span class='ocrx_word' id='word_1_141' title='bbox 749 962 856 997; x_wconf 92' lang='lat' dir='ltr'>potest</span> <span class='ocrx_word' id='word_1_142' title='bbox 884 957 1027 988; x_wconf 87' lang='lat' dir='ltr'>desinere</span> <span class='ocrx_word' id='word_1_143' title='bbox 1051 967 1119 988; x_wconf 89' lang='lat' dir='ltr'>esse</span> <span class='ocrx_word' id='word_1_144' title='bbox 1145 959 1206 988; x_wconf 91' lang='lat' dir='ltr'>nisi</span> <span class='ocrx_word' id='word_1_145' title='bbox 1229 968 1286 999; x_wconf 91' lang='lat' dir='ltr'>per</span> <span class='ocrx_word' id='word_1_146' title='bbox 1309 968 1364 988; x_wconf 91' lang='lat' dir='ltr'>an-</span> 
     </span>
     <span class='ocr_line' id='line_1_19' title="bbox 301 1001 847 1032; baseline 0 -1"><span class='ocrx_word' id='word_1_147' title='bbox 301 1001 534 1032; x_wconf 84' lang='lat' dir='ltr'>nihilationem.</span> <span class='ocrx_word' id='word_1_148' title='bbox 841 1014 847 1018; x_wconf 70' lang='grc'><strong>-</strong></span> 
     </span>
    </p>

    <p class='ocr_par' dir='ltr' id='par_1_8' title="bbox 301 1045 1364 1176">
     <span class='ocr_line' id='line_1_20' title="bbox 355 1045 1363 1087; baseline 0.002 -12"><span class='ocrx_word' id='word_1_149' title='bbox 355 1045 508 1085; x_wconf 84' lang='lat' dir='ltr'>Arguitur</span> <span class='ocrx_word' id='word_1_150' title='bbox 522 1050 650 1085; x_wconf 82' lang='lat' dir='ltr'>quarto,</span> <span class='ocrx_word' id='word_1_151' title='bbox 667 1045 853 1076; x_wconf 90' lang='lat' dir='ltr'>auctoritate</span> <span class='ocrx_word' id='word_1_152' title='bbox 868 1046 1049 1086; x_wconf 86' lang='lat' dir='ltr'>Augustini,</span> <span class='ocrx_word' id='word_1_153' title='bbox 1066 1046 1123 1077; x_wconf 91' lang='lat' dir='ltr'>VII</span> <span class='ocrx_word' id='word_1_154' title='bbox 1138 1056 1236 1087; x_wconf 86' lang='lat' dir='ltr'>super</span> <span class='ocrx_word' id='word_1_155' title='bbox 1248 1046 1327 1077; x_wconf 88' lang='lat' dir='ltr'>Gen.</span> <span class='ocrx_word' id='word_1_156' title='bbox 1336 1048 1363 1082; x_wconf 71' lang='lat'>⁴⁹,</span> 
     </span>
     <span class='ocr_line' id='line_1_21' title="bbox 301 1088 1364 1130; baseline 0.002 -11"><span class='ocrx_word' id='word_1_157' title='bbox 301 1088 434 1120; x_wconf 89' lang='lat' dir='ltr'>dicentis</span> <span class='ocrx_word' id='word_1_158' title='bbox 449 1088 539 1129; x_wconf 93' lang='lat' dir='ltr'>quod</span> <span class='ocrx_word' id='word_1_159' title='bbox 550 1098 668 1129; x_wconf 81' lang='lat' dir='ltr'>corpus</span> <span class='ocrx_word' id='word_1_160' title='bbox 678 1099 776 1130; x_wconf 80' lang='lat' dir='ltr'>posse</span> <span class='ocrx_word' id='word_1_161' title='bbox 790 1090 911 1120; x_wconf 88' lang='lat' dir='ltr'>mutari</span> <span class='ocrx_word' id='word_1_162' title='bbox 927 1090 959 1120; x_wconf 90' lang='lat' dir='ltr'>in</span> <span class='ocrx_word' id='word_1_163' title='bbox 975 1091 1123 1130; x_wconf 82' lang='lat' dir='ltr'>spiritum</span> <span class='ocrx_word' id='word_1_164' title='bbox 1139 1096 1198 1121; x_wconf 88' lang='lat' dir='ltr'>aut</span> <span class='ocrx_word' id='word_1_165' title='bbox 1213 1096 1364 1121; x_wconf 85' lang='lat' dir='ltr'>naturam</span> 
     </span>
     <span class='ocr_line' id='line_1_22' title="bbox 301 1133 1319 1176; baseline 0.003 -13"><span class='ocrx_word' id='word_1_166' title='bbox 301 1133 537 1174; x_wconf 72' lang='lat' dir='ltr'>incorpoream,</span> <span class='ocrx_word' id='word_1_167' title='bbox 558 1143 616 1164; x_wconf 86' lang='lat' dir='ltr'>nec</span> <span class='ocrx_word' id='word_1_168' title='bbox 634 1134 761 1174; x_wconf 83' lang='lat' dir='ltr'>aliquos</span> <span class='ocrx_word' id='word_1_169' title='bbox 783 1135 919 1165; x_wconf 82' lang='lat' dir='ltr'>sensisse</span> <span class='ocrx_word' id='word_1_170' title='bbox 940 1135 1017 1170; x_wconf 84' lang='lat' dir='ltr'>scio,</span> <span class='ocrx_word' id='word_1_171' title='bbox 1038 1145 1096 1166; x_wconf 87' lang='lat' dir='ltr'>nec</span> <span class='ocrx_word' id='word_1_172' title='bbox 1107 1135 1196 1176; x_wconf 85' lang='lat' dir='ltr'>fides</span> <span class='ocrx_word' id='word_1_173' title='bbox 1217 1135 1319 1166; x_wconf 85' lang='lat' dir='ltr'>habet.</span> 
     </span>
    </p>

    <p class='ocr_par' dir='ltr' id='par_1_9' title="bbox 266 1176 1366 1347">
     <span class='ocr_line' id='line_1_23' title="bbox 359 1176 1366 1214; baseline 0.001 -5"><span class='ocrx_word' id='word_1_174' title='bbox 359 1176 490 1214; x_wconf 84' lang='lat' dir='ltr'>Quinto,</span> <span class='ocrx_word' id='word_1_175' title='bbox 508 1178 694 1208; x_wconf 86' lang='lat' dir='ltr'>auctoritate</span> <span class='ocrx_word' id='word_1_176' title='bbox 717 1178 832 1214; x_wconf 75' lang='lat' dir='ltr'>Boefii,</span> <span class='ocrx_word' id='word_1_177' title='bbox 848 1179 882 1208; x_wconf 92' lang='lat' dir='ltr'>in</span> <span class='ocrx_word' id='word_1_178' title='bbox 905 1178 985 1209; x_wconf 90' lang='lat' dir='ltr'>libro</span> <span class='ocrx_word' id='word_1_179' title='bbox 1009 1179 1049 1209; x_wconf 83' lang='lat' dir='ltr'>de</span> <span class='ocrx_word' id='word_1_180' title='bbox 1071 1179 1165 1210; x_wconf 85' lang='lat' dir='ltr'>duab.</span> <span class='ocrx_word' id='word_1_181' title='bbox 1182 1179 1319 1210; x_wconf 88' lang='lat' dir='ltr'>Naturis</span> <span class='ocrx_word' id='word_1_182' title='bbox 1335 1185 1366 1210; x_wconf 89' lang='lat' dir='ltr'>et</span> 
     </span>
     <span class='ocr_line' id='line_1_24' title="bbox 266 1221 1364 1258; baseline 0.001 -5"><span class='ocrx_word' id='word_1_183' title='bbox 266 1238 273 1246; x_wconf 93' lang='lat'><strong>·</strong></span> <span class='ocrx_word' id='word_1_184' title='bbox 301 1230 368 1253; x_wconf 79' lang='lat' dir='ltr'>una</span> <span class='ocrx_word' id='word_1_185' title='bbox 390 1222 535 1252; x_wconf 87' lang='lat' dir='ltr'>Persona</span> <span class='ocrx_word' id='word_1_186' title='bbox 561 1221 680 1253; x_wconf 86' lang='lat' dir='ltr'>Christi</span> <span class='ocrx_word' id='word_1_187' title='bbox 695 1222 722 1258; x_wconf 73' lang='lat'>*,</span> <span class='ocrx_word' id='word_1_188' title='bbox 747 1221 895 1253; x_wconf 88' lang='lat' dir='ltr'>dicentis:</span> <span class='ocrx_word' id='word_1_189' title='bbox 920 1223 986 1253; x_wconf 92' lang='lat' dir='ltr'>Illa</span> <span class='ocrx_word' id='word_1_190' title='bbox 1008 1224 1080 1254; x_wconf 87' lang='lat' dir='ltr'>sola</span> <span class='ocrx_word' id='word_1_191' title='bbox 1104 1224 1188 1254; x_wconf 88' lang='lat' dir='ltr'>inter</span> <span class='ocrx_word' id='word_1_192' title='bbox 1202 1233 1236 1254; x_wconf 92' lang='lat' dir='ltr'>se</span> <span class='ocrx_word' id='word_1_193' title='bbox 1259 1228 1364 1254; x_wconf 83' lang='lat' dir='ltr'>trans-</span> 
     </span>
     <span class='ocr_line' id='line_1_25' title="bbox 301 1266 1365 1307; baseline 0.002 -11"><span class='ocrx_word' id='word_1_194' title='bbox 301 1266 422 1296; x_wconf 83' lang='lat' dir='ltr'>mutari</span> <span class='ocrx_word' id='word_1_195' title='bbox 438 1271 579 1306; x_wconf 83' lang='lat' dir='ltr'>possunt</span> <span class='ocrx_word' id='word_1_196' title='bbox 609 1275 692 1307; x_wconf 84' lang='lat' dir='ltr'>quae</span> <span class='ocrx_word' id='word_1_197' title='bbox 718 1266 835 1297; x_wconf 82' lang='lat' dir='ltr'>habent</span> <span class='ocrx_word' id='word_1_198' title='bbox 865 1267 960 1298; x_wconf 89' lang='lat' dir='ltr'>unius</span> <span class='ocrx_word' id='word_1_199' title='bbox 984 1268 1139 1298; x_wconf 87' lang='lat' dir='ltr'>materiae</span> <span class='ocrx_word' id='word_1_200' title='bbox 1166 1277 1365 1299; x_wconf 88' lang='lat' dir='ltr'>communem</span> 
     </span>
     <span class='ocr_line' id='line_1_26' title="bbox 301 1310 573 1347; baseline -0.004 -6"><span class='ocrx_word' id='word_1_201' title='bbox 301 1310 524 1341; x_wconf 77' lang='lat' dir='ltr'>substantiam.</span> <span class='ocrx_word' id='word_1_202' title='bbox 564 1346 573 1347; x_wconf 20' lang='grc' dir='ltr'><strong><em>ἶ</em></strong></span> 
     </span>
    </p>

    <p class='ocr_par' dir='ltr' id='par_1_10' title="bbox 266 1353 1366 1913">
     <span class='ocr_line' id='line_1_27' title="bbox 320 1353 1364 1397; baseline 0.002 -12"><span class='ocrx_word' id='word_1_203' title='bbox 320 1353 572 1391; x_wconf 48' lang='grc' dir='ltr'>μθείῃάε</span> <span class='ocrx_word' id='word_1_204' title='bbox 595 1353 682 1385; x_wconf 91' lang='lat' dir='ltr'>idem</span> <span class='ocrx_word' id='word_1_205' title='bbox 705 1354 894 1391; x_wconf 88' lang='lat' dir='ltr'>Durandus,</span> <span class='ocrx_word' id='word_1_206' title='bbox 918 1355 951 1385; x_wconf 91' lang='lat' dir='ltr'>in</span> <span class='ocrx_word' id='word_1_207' title='bbox 974 1365 1029 1395; x_wconf 93' lang='lat' dir='ltr'>qu.</span> <span class='ocrx_word' id='word_1_208' title='bbox 1046 1365 1094 1392; x_wconf 92' lang='lat'>111,</span> <span class='ocrx_word' id='word_1_209' title='bbox 1119 1357 1221 1396; x_wconf 89' lang='lat' dir='ltr'>arguit</span> <span class='ocrx_word' id='word_1_210' title='bbox 1243 1357 1364 1397; x_wconf 90' lang='lat' dir='ltr'>specia-</span> 
     </span>
     <span class='ocr_line' id='line_1_28' title="bbox 290 1391 1364 1441; baseline 0 -10"><span class='ocrx_word' id='word_1_211' title='bbox 290 1391 372 1431; x_wconf 62' lang='lat' dir='ltr'>‘liter</span> <span class='ocrx_word' id='word_1_212' title='bbox 395 1403 506 1429; x_wconf 90' lang='lat' dir='ltr'>contra</span> <span class='ocrx_word' id='word_1_213' title='bbox 529 1399 774 1430; x_wconf 90' lang='lat' dir='ltr'>conversionem</span> <span class='ocrx_word' id='word_1_214' title='bbox 796 1400 946 1430; x_wconf 88' lang='lat' dir='ltr'>materiae</span> <span class='ocrx_word' id='word_1_215' title='bbox 977 1400 1011 1430; x_wconf 91' lang='lat' dir='ltr'>in</span> <span class='ocrx_word' id='word_1_216' title='bbox 1034 1401 1198 1430; x_wconf 86' lang='lat' dir='ltr'>materiam</span> <span class='ocrx_word' id='word_1_217' title='bbox 1215 1401 1241 1436; x_wconf 51' lang='grc' dir='ltr'>θ,</span> <span class='ocrx_word' id='word_1_218' title='bbox 1266 1410 1364 1441; x_wconf 91' lang='lat' dir='ltr'>quam</span> 
     </span>
     <span class='ocr_line' id='line_1_29' title="bbox 286 1442 1366 1483; baseline 0.001 -9"><span class='ocrx_word' id='word_1_219' title='bbox 286 1442 426 1475; x_wconf 84' lang='lat' dir='ltr'>&#39;Auctor</span> <span class='ocrx_word' id='word_1_220' title='bbox 447 1443 482 1473; x_wconf 93' lang='lat' dir='ltr'>in</span> <span class='ocrx_word' id='word_1_221' title='bbox 503 1442 564 1473; x_wconf 90' lang='lat' dir='ltr'>hac</span> <span class='ocrx_word' id='word_1_222' title='bbox 586 1442 688 1473; x_wconf 88' lang='lat' dir='ltr'>littera</span> <span class='ocrx_word' id='word_1_223' title='bbox 711 1444 813 1483; x_wconf 92' lang='lat' dir='ltr'>ponit.</span> <span class='ocrx_word' id='word_1_224' title='bbox 837 1444 951 1483; x_wconf 88' lang='lat' dir='ltr'>Arguit</span> <span class='ocrx_word' id='word_1_225' title='bbox 974 1449 1082 1474; x_wconf 91' lang='lat' dir='ltr'>autem</span> <span class='ocrx_word' id='word_1_226' title='bbox 1104 1445 1159 1474; x_wconf 89' lang='lat' dir='ltr'>sic.</span> <span class='ocrx_word' id='word_1_227' title='bbox 1184 1445 1217 1475; x_wconf 91' lang='lat' dir='ltr'>Si</span> <span class='ocrx_word' id='word_1_228' title='bbox 1234 1445 1366 1475; x_wconf 86' lang='lat' dir='ltr'>materia</span> 
     </span>
     <span class='ocr_line' id='line_1_30' title="bbox 301 1486 1365 1529; baseline 0.003 -13"><span class='ocrx_word' id='word_1_229' title='bbox 301 1491 540 1517; x_wconf 88' lang='lat' dir='ltr'>converteretur</span> <span class='ocrx_word' id='word_1_230' title='bbox 562 1486 596 1516; x_wconf 89' lang='lat' dir='ltr'>in</span> <span class='ocrx_word' id='word_1_231' title='bbox 618 1488 793 1523; x_wconf 86' lang='lat' dir='ltr'>materiam,</span> <span class='ocrx_word' id='word_1_232' title='bbox 818 1488 985 1518; x_wconf 89' lang='lat' dir='ltr'>conversio</span> <span class='ocrx_word' id='word_1_233' title='bbox 1009 1487 1099 1518; x_wconf 93' lang='lat' dir='ltr'>fieret</span> <span class='ocrx_word' id='word_1_234' title='bbox 1117 1498 1174 1528; x_wconf 92' lang='lat' dir='ltr'>per</span> <span class='ocrx_word' id='word_1_235' title='bbox 1189 1489 1252 1519; x_wconf 94' lang='lat' dir='ltr'>hoc</span> <span class='ocrx_word' id='word_1_236' title='bbox 1276 1488 1365 1529; x_wconf 93' lang='lat' dir='ltr'>quod</span> 
     </span>
     <span class='ocr_line' id='line_1_31' title="bbox 301 1530 1366 1568; baseline 0.003 -8"><span class='ocrx_word' id='word_1_237' title='bbox 301 1531 433 1561; x_wconf 78' lang='lat' dir='ltr'>materia</span> <span class='ocrx_word' id='word_1_238' title='bbox 455 1530 612 1561; x_wconf 90' lang='lat' dir='ltr'>desineret</span> <span class='ocrx_word' id='word_1_239' title='bbox 635 1540 703 1561; x_wconf 89' lang='lat' dir='ltr'>esse</span> <span class='ocrx_word' id='word_1_240' title='bbox 726 1532 760 1561; x_wconf 93' lang='lat' dir='ltr'>in</span> <span class='ocrx_word' id='word_1_241' title='bbox 775 1541 818 1567; x_wconf 91' lang='lat' dir='ltr'>se,</span> <span class='ocrx_word' id='word_1_242' title='bbox 843 1537 874 1562; x_wconf 93' lang='lat' dir='ltr'>et</span> <span class='ocrx_word' id='word_1_243' title='bbox 898 1537 979 1562; x_wconf 90' lang='lat' dir='ltr'>esset</span> <span class='ocrx_word' id='word_1_244' title='bbox 994 1532 1027 1562; x_wconf 90' lang='lat' dir='ltr'>in</span> <span class='ocrx_word' id='word_1_245' title='bbox 1044 1542 1103 1562; x_wconf 92' lang='lat' dir='ltr'>suo</span> <span class='ocrx_word' id='word_1_246' title='bbox 1120 1533 1224 1568; x_wconf 88' lang='lat' dir='ltr'>simili,</span> <span class='ocrx_word' id='word_1_247' title='bbox 1247 1533 1366 1563; x_wconf 91' lang='lat' dir='ltr'>scilicet</span> 
     </span>
     <span class='ocr_line' id='line_1_32' title="bbox 266 1573 1364 1614; baseline 0.003 -10"><span class='ocrx_word' id='word_1_248' title='bbox 266 1583 268 1585; x_wconf 89' lang='lat'>·</span> <span class='ocrx_word' id='word_1_249' title='bbox 301 1574 336 1605; x_wconf 89' lang='lat' dir='ltr'>in</span> <span class='ocrx_word' id='word_1_250' title='bbox 350 1575 481 1605; x_wconf 89' lang='lat' dir='ltr'>materia</span> <span class='ocrx_word' id='word_1_251' title='bbox 497 1574 634 1610; x_wconf 90' lang='lat' dir='ltr'>alterius,</span> <span class='ocrx_word' id='word_1_252' title='bbox 659 1576 692 1605; x_wconf 93' lang='lat' dir='ltr'>in</span> <span class='ocrx_word' id='word_1_253' title='bbox 708 1584 806 1614; x_wconf 89' lang='lat' dir='ltr'>quam</span> <span class='ocrx_word' id='word_1_254' title='bbox 822 1585 974 1606; x_wconf 89' lang='lat' dir='ltr'>conversa</span> <span class='ocrx_word' id='word_1_255' title='bbox 993 1573 1117 1606; x_wconf 87' lang='lat' dir='ltr'>dicitur.</span> <span class='ocrx_word' id='word_1_256' title='bbox 1142 1575 1204 1606; x_wconf 87' lang='lat' dir='ltr'>Sed</span> <span class='ocrx_word' id='word_1_257' title='bbox 1220 1577 1282 1606; x_wconf 90' lang='lat' dir='ltr'>hoc</span> <span class='ocrx_word' id='word_1_258' title='bbox 1298 1586 1364 1607; x_wconf 92' lang='lat' dir='ltr'>non</span> 
     </span>
     <span class='ocr_line' id='line_1_33' title="bbox 300 1617 1365 1659; baseline 0.002 -11"><span class='ocrx_word' id='word_1_259' title='bbox 300 1623 408 1659; x_wconf 86' lang='lat' dir='ltr'>potest</span> <span class='ocrx_word' id='word_1_260' title='bbox 430 1617 502 1648; x_wconf 91' lang='lat' dir='ltr'>dici.</span> <span class='ocrx_word' id='word_1_261' title='bbox 527 1618 613 1656; x_wconf 87' lang='lat' dir='ltr'>Quia</span> <span class='ocrx_word' id='word_1_262' title='bbox 635 1619 680 1648; x_wconf 91' lang='lat' dir='ltr'>sic</span> <span class='ocrx_word' id='word_1_263' title='bbox 704 1620 871 1649; x_wconf 76' lang='lat' dir='ltr'>conversio</span> <span class='ocrx_word' id='word_1_264' title='bbox 895 1629 962 1649; x_wconf 90' lang='lat' dir='ltr'>non</span> <span class='ocrx_word' id='word_1_265' title='bbox 986 1619 1125 1650; x_wconf 88' lang='lat' dir='ltr'>differret</span> <span class='ocrx_word' id='word_1_266' title='bbox 1148 1621 1186 1649; x_wconf 90' lang='lat' dir='ltr'>ab</span> <span class='ocrx_word' id='word_1_267' title='bbox 1211 1620 1365 1650; x_wconf 88' lang='lat' dir='ltr'>annihila-</span> 
     </span>
     <span class='ocr_line' id='line_1_34' title="bbox 301 1662 1365 1702; baseline 0.001 -9"><span class='ocrx_word' id='word_1_268' title='bbox 301 1662 408 1693; x_wconf 81' lang='lat' dir='ltr'>tione:</span> <span class='ocrx_word' id='word_1_269' title='bbox 433 1671 518 1697; x_wconf 91' lang='lat' dir='ltr'>narn,</span> <span class='ocrx_word' id='word_1_270' title='bbox 543 1662 715 1692; x_wconf 85' lang='lat' dir='ltr'>annihilata</span> <span class='ocrx_word' id='word_1_271' title='bbox 737 1663 868 1693; x_wconf 87' lang='lat' dir='ltr'>materia</span> <span class='ocrx_word' id='word_1_272' title='bbox 891 1663 924 1693; x_wconf 93' lang='lat' dir='ltr'>in</span> <span class='ocrx_word' id='word_1_273' title='bbox 948 1663 1067 1702; x_wconf 92' lang='lat' dir='ltr'>aliquo,</span> <span class='ocrx_word' id='word_1_274' title='bbox 1091 1664 1300 1694; x_wconf 87' lang='lat' dir='ltr'>nihilominus</span> <span class='ocrx_word' id='word_1_275' title='bbox 1317 1674 1365 1694; x_wconf 90' lang='lat' dir='ltr'>re-</span> 
     </span>
     <span class='ocr_line' id='line_1_35' title="bbox 299 1702 1366 1747; baseline 0.003 -12"><span class='ocrx_word' id='word_1_276' title='bbox 299 1710 409 1736; x_wconf 79' lang='lat' dir='ltr'>manet</span> <span class='ocrx_word' id='word_1_277' title='bbox 431 1706 541 1735; x_wconf 90' lang='lat' dir='ltr'>similis</span> <span class='ocrx_word' id='word_1_278' title='bbox 564 1702 694 1736; x_wconf 86' lang='lat' dir='ltr'>materia</span> <span class='ocrx_word' id='word_1_279' title='bbox 717 1706 751 1736; x_wconf 92' lang='lat' dir='ltr'>in</span> <span class='ocrx_word' id='word_1_280' title='bbox 773 1707 847 1742; x_wconf 92' lang='lat' dir='ltr'>alio,</span> <span class='ocrx_word' id='word_1_281' title='bbox 871 1707 939 1737; x_wconf 89' lang='lat' dir='ltr'>sine</span> <span class='ocrx_word' id='word_1_282' title='bbox 955 1707 1061 1747; x_wconf 90' lang='lat' dir='ltr'>aliqua</span> <span class='ocrx_word' id='word_1_283' title='bbox 1079 1708 1300 1738; x_wconf 89' lang='lat' dir='ltr'>conversione.</span> <span class='ocrx_word' id='word_1_284' title='bbox 1324 1708 1366 1738; x_wconf 94' lang='lat' dir='ltr'>Et</span> 
     </span>
     <span class='ocr_line' id='line_1_36' title="bbox 299 1750 1365 1790; baseline 0.003 -11"><span class='ocrx_word' id='word_1_285' title='bbox 299 1758 408 1780; x_wconf 87' lang='lat' dir='ltr'>rursus</span> <span class='ocrx_word' id='word_1_286' title='bbox 431 1754 617 1789; x_wconf 84' lang='lat' dir='ltr'>sequeretur</span> <span class='ocrx_word' id='word_1_287' title='bbox 639 1750 818 1780; x_wconf 89' lang='lat' dir='ltr'>secundum</span> <span class='ocrx_word' id='word_1_288' title='bbox 839 1751 912 1786; x_wconf 94' lang='lat' dir='ltr'>hoc,</span> <span class='ocrx_word' id='word_1_289' title='bbox 937 1750 1027 1790; x_wconf 92' lang='lat' dir='ltr'>quod</span> <span class='ocrx_word' id='word_1_290' title='bbox 1042 1760 1110 1781; x_wconf 92' lang='lat' dir='ltr'>non</span> <span class='ocrx_word' id='word_1_291' title='bbox 1126 1751 1283 1782; x_wconf 89' lang='lat' dir='ltr'>diceretur</span> <span class='ocrx_word' id='word_1_292' title='bbox 1297 1761 1365 1782; x_wconf 89' lang='lat' dir='ltr'>ma-</span> 
     </span>
     <span class='ocr_line' id='line_1_37' title="bbox 300 1794 1366 1834; baseline 0.002 -10"><span class='ocrx_word' id='word_1_293' title='bbox 300 1794 378 1824; x_wconf 86' lang='lat' dir='ltr'>teria</span> <span class='ocrx_word' id='word_1_294' title='bbox 401 1794 497 1824; x_wconf 90' lang='lat' dir='ltr'>unius</span> <span class='ocrx_word' id='word_1_295' title='bbox 524 1794 625 1834; x_wconf 88' lang='lat' dir='ltr'>magis</span> <span class='ocrx_word' id='word_1_296' title='bbox 649 1795 791 1824; x_wconf 87' lang='lat' dir='ltr'>converti</span> <span class='ocrx_word' id='word_1_297' title='bbox 814 1795 847 1824; x_wconf 89' lang='lat' dir='ltr'>in</span> <span class='ocrx_word' id='word_1_298' title='bbox 870 1795 1035 1825; x_wconf 88' lang='lat' dir='ltr'>materiam</span> <span class='ocrx_word' id='word_1_299' title='bbox 1061 1795 1194 1826; x_wconf 88' lang='lat' dir='ltr'>alicuius</span> <span class='ocrx_word' id='word_1_300' title='bbox 1218 1795 1366 1826; x_wconf 90' lang='lat' dir='ltr'>determi-</span> 
     </span>
     <span class='ocr_line' id='line_1_38' title="bbox 300 1838 1365 1880; baseline 0.002 -12"><span class='ocrx_word' id='word_1_301' title='bbox 300 1838 377 1874; x_wconf 89' lang='lat' dir='ltr'>nati,</span> <span class='ocrx_word' id='word_1_302' title='bbox 401 1847 499 1878; x_wconf 91' lang='lat' dir='ltr'>quam</span> <span class='ocrx_word' id='word_1_303' title='bbox 522 1838 556 1868; x_wconf 91' lang='lat' dir='ltr'>in</span> <span class='ocrx_word' id='word_1_304' title='bbox 570 1839 735 1868; x_wconf 88' lang='lat' dir='ltr'>materiam</span> <span class='ocrx_word' id='word_1_305' title='bbox 759 1839 992 1879; x_wconf 91' lang='lat' dir='ltr'>cuiuscumque</span> <span class='ocrx_word' id='word_1_306' title='bbox 1009 1839 1150 1870; x_wconf 82' lang='lat' dir='ltr'>alterius:</span> <span class='ocrx_word' id='word_1_307' title='bbox 1176 1840 1251 1880; x_wconf 86' lang='lat' dir='ltr'>quia</span> <span class='ocrx_word' id='word_1_308' title='bbox 1268 1849 1365 1880; x_wconf 87' lang='lat' dir='ltr'>quae-</span> 
     </span>
     <span class='ocr_line' id='line_1_39' title="bbox 300 1881 744 1913; baseline 0 -1"><span class='ocrx_word' id='word_1_309' title='bbox 300 1881 379 1912; x_wconf 89' lang='lat' dir='ltr'>libet</span> <span class='ocrx_word' id='word_1_310' title='bbox 401 1887 448 1912; x_wconf 90' lang='lat' dir='ltr'>est</span> <span class='ocrx_word' id='word_1_311' title='bbox 471 1881 580 1912; x_wconf 90' lang='lat' dir='ltr'>similis</span> <span class='ocrx_word' id='word_1_312' title='bbox 604 1882 744 1913; x_wconf 91' lang='lat' dir='ltr'>cuilibet.</span> 
     </span>
    </p>

    <p class='ocr_par' dir='ltr' id='par_1_11' title="bbox 299 1925 1367 2232">
     <span class='ocr_line' id='line_1_40' title="bbox 355 1925 1366 1967; baseline 0.002 -11"><span class='ocrx_word' id='word_1_313' title='bbox 355 1925 437 1956; x_wconf 84' lang='lat' dir='ltr'>xm.</span> <span class='ocrx_word' id='word_1_314' title='bbox 462 1926 603 1957; x_wconf 90' lang='lat' dir='ltr'>Demum</span> <span class='ocrx_word' id='word_1_315' title='bbox 631 1927 734 1967; x_wconf 91' lang='lat' dir='ltr'>arguit</span> <span class='ocrx_word' id='word_1_316' title='bbox 761 1926 932 1958; x_wconf 89' lang='lat' dir='ltr'>Durandus</span> <span class='ocrx_word' id='word_1_317' title='bbox 960 1926 1063 1964; x_wconf 91' lang='lat' dir='ltr'>idem,</span> <span class='ocrx_word' id='word_1_318' title='bbox 1094 1927 1231 1964; x_wconf 90' lang='lat' dir='ltr'>ibidem,</span> <span class='ocrx_word' id='word_1_319' title='bbox 1256 1934 1366 1959; x_wconf 89' lang='lat' dir='ltr'>contra</span> 
     </span>
     <span class='ocr_line' id='line_1_41' title="bbox 301 1969 1365 2012; baseline 0.003 -12"><span class='ocrx_word' id='word_1_320' title='bbox 301 1969 438 2001; x_wconf 84' lang='lat' dir='ltr'>modum</span> <span class='ocrx_word' id='word_1_321' title='bbox 460 1971 678 2001; x_wconf 87' lang='lat' dir='ltr'>conversionis</span> <span class='ocrx_word' id='word_1_322' title='bbox 701 1971 735 2001; x_wconf 89' lang='lat' dir='ltr'>in</span> <span class='ocrx_word' id='word_1_323' title='bbox 758 1971 860 2002; x_wconf 90' lang='lat' dir='ltr'>littera</span> <span class='ocrx_word' id='word_1_324' title='bbox 882 1972 1035 2012; x_wconf 91' lang='lat' dir='ltr'>positum,</span> <span class='ocrx_word' id='word_1_325' title='bbox 1059 1972 1179 2003; x_wconf 91' lang='lat' dir='ltr'>scilicet</span> <span class='ocrx_word' id='word_1_326' title='bbox 1203 1972 1293 2012; x_wconf 90' lang='lat' dir='ltr'>quod</span> <span class='ocrx_word' id='word_1_327' title='bbox 1315 1978 1365 2003; x_wconf 91' lang='lat' dir='ltr'>to-</span> 
     </span>
     <span class='ocr_line' id='line_1_42' title="bbox 301 2015 1364 2056; baseline 0.001 -10"><span class='ocrx_word' id='word_1_328' title='bbox 301 2019 372 2046; x_wconf 77' lang='lat' dir='ltr'>tum</span> <span class='ocrx_word' id='word_1_329' title='bbox 395 2015 590 2046; x_wconf 87' lang='lat' dir='ltr'>convertitur</span> <span class='ocrx_word' id='word_1_330' title='bbox 612 2015 646 2045; x_wconf 91' lang='lat' dir='ltr'>in</span> <span class='ocrx_word' id='word_1_331' title='bbox 669 2020 784 2051; x_wconf 90' lang='lat' dir='ltr'>totum,</span> <span class='ocrx_word' id='word_1_332' title='bbox 808 2016 852 2046; x_wconf 93' lang='lat' dir='ltr'>ita</span> <span class='ocrx_word' id='word_1_333' title='bbox 875 2015 965 2056; x_wconf 91' lang='lat' dir='ltr'>quod</span> <span class='ocrx_word' id='word_1_334' title='bbox 986 2017 1118 2047; x_wconf 89' lang='lat' dir='ltr'>materia</span> <span class='ocrx_word' id='word_1_335' title='bbox 1140 2017 1174 2047; x_wconf 92' lang='lat' dir='ltr'>in</span> <span class='ocrx_word' id='word_1_336' title='bbox 1190 2017 1364 2053; x_wconf 89' lang='lat' dir='ltr'>materiam,</span> 
     </span>
     <span class='ocr_line' id='line_1_43' title="bbox 302 2058 1366 2101; baseline 0 -9"><span class='ocrx_word' id='word_1_337' title='bbox 302 2063 334 2092; x_wconf 71' lang='lat' dir='ltr'>et</span> <span class='ocrx_word' id='word_1_338' title='bbox 355 2058 460 2091; x_wconf 84' lang='lat' dir='ltr'>forma</span> <span class='ocrx_word' id='word_1_339' title='bbox 481 2059 515 2090; x_wconf 88' lang='lat' dir='ltr'>in</span> <span class='ocrx_word' id='word_1_340' title='bbox 538 2058 676 2090; x_wconf 85' lang='lat' dir='ltr'>formam</span> <span class='ocrx_word' id='word_1_341' title='bbox 703 2065 932 2091; x_wconf 88' lang='lat' dir='ltr'>convertuntur</span> <span class='ocrx_word' id='word_1_342' title='bbox 947 2061 974 2091; x_wconf 51' lang='grc' dir='ltr'>*ἢ</span> <span class='ocrx_word' id='word_1_343' title='bbox 998 2061 1116 2097; x_wconf 88' lang='lat' dir='ltr'>Primo,</span> <span class='ocrx_word' id='word_1_344' title='bbox 1141 2062 1217 2101; x_wconf 93' lang='lat' dir='ltr'>quia</span> <span class='ocrx_word' id='word_1_345' title='bbox 1242 2071 1280 2092; x_wconf 87' lang='lat' dir='ltr'>ex</span> <span class='ocrx_word' id='word_1_346' title='bbox 1306 2062 1366 2092; x_wconf 92' lang='lat' dir='ltr'>hac</span> 
     </span>
     <span class='ocr_line' id='line_1_44' title="bbox 299 2103 1367 2145; baseline 0.002 -11"><span class='ocrx_word' id='word_1_347' title='bbox 299 2103 462 2145; x_wconf 70' lang='lat' dir='ltr'>positione</span> <span class='ocrx_word' id='word_1_348' title='bbox 492 2104 636 2144; x_wconf 89' lang='lat' dir='ltr'>sequitur</span> <span class='ocrx_word' id='word_1_349' title='bbox 665 2104 872 2135; x_wconf 90' lang='lat' dir='ltr'>substantiam</span> <span class='ocrx_word' id='word_1_350' title='bbox 898 2105 988 2145; x_wconf 86' lang='lat' dir='ltr'>panis</span> <span class='ocrx_word' id='word_1_351' title='bbox 1011 2114 1085 2136; x_wconf 90' lang='lat' dir='ltr'>vere</span> <span class='ocrx_word' id='word_1_352' title='bbox 1115 2105 1290 2136; x_wconf 90' lang='lat' dir='ltr'>annihilari.</span> <span class='ocrx_word' id='word_1_353' title='bbox 1325 2106 1367 2136; x_wconf 91' lang='lat' dir='ltr'>Et</span> 
     </span>
     <span class='ocr_line' id='line_1_45' title="bbox 299 2147 1366 2190; baseline 0.002 -12"><span class='ocrx_word' id='word_1_354' title='bbox 299 2147 454 2190; x_wconf 86' lang='lat' dir='ltr'>probatur</span> <span class='ocrx_word' id='word_1_355' title='bbox 477 2147 616 2188; x_wconf 90' lang='lat' dir='ltr'>sequela.</span> <span class='ocrx_word' id='word_1_356' title='bbox 640 2147 761 2179; x_wconf 89' lang='lat' dir='ltr'>Primo.</span> <span class='ocrx_word' id='word_1_357' title='bbox 785 2148 870 2186; x_wconf 92' lang='lat' dir='ltr'>Quia</span> <span class='ocrx_word' id='word_1_358' title='bbox 885 2148 918 2179; x_wconf 92' lang='lat' dir='ltr'>id</span> <span class='ocrx_word' id='word_1_359' title='bbox 941 2148 1031 2189; x_wconf 93' lang='lat' dir='ltr'>quod</span> <span class='ocrx_word' id='word_1_360' title='bbox 1054 2150 1142 2190; x_wconf 84' lang='lat' dir='ltr'>prius</span> <span class='ocrx_word' id='word_1_361' title='bbox 1164 2149 1225 2180; x_wconf 90' lang='lat' dir='ltr'>fuit</span> <span class='ocrx_word' id='word_1_362' title='bbox 1244 2149 1366 2190; x_wconf 91' lang='lat' dir='ltr'>aliquid</span> 
     </span>
     <span class='ocr_line' id='line_1_46' title="bbox 301 2191 1365 2232; baseline 0.002 -10"><span class='ocrx_word' id='word_1_363' title='bbox 301 2196 334 2222; x_wconf 91' lang='lat' dir='ltr'>et</span> <span class='ocrx_word' id='word_1_364' title='bbox 354 2197 468 2232; x_wconf 91' lang='lat' dir='ltr'>postea</span> <span class='ocrx_word' id='word_1_365' title='bbox 491 2197 537 2222; x_wconf 92' lang='lat' dir='ltr'>est</span> <span class='ocrx_word' id='word_1_366' title='bbox 559 2191 653 2228; x_wconf 90' lang='lat' dir='ltr'>nihil,</span> <span class='ocrx_word' id='word_1_367' title='bbox 682 2198 730 2223; x_wconf 89' lang='lat' dir='ltr'>est</span> <span class='ocrx_word' id='word_1_368' title='bbox 748 2202 821 2223; x_wconf 88' lang='lat' dir='ltr'>vere</span> <span class='ocrx_word' id='word_1_369' title='bbox 844 2193 1065 2224; x_wconf 90' lang='lat' dir='ltr'>annihilatum.</span> <span class='ocrx_word' id='word_1_370' title='bbox 1101 2193 1164 2224; x_wconf 92' lang='lat' dir='ltr'>Sed</span> <span class='ocrx_word' id='word_1_371' title='bbox 1186 2194 1365 2225; x_wconf 91' lang='lat' dir='ltr'>secundum</span> 
     </span>
    </p>
   </div>
   <div class='ocr_carea' id='block_1_6' title="bbox 228 2235 1365 2278">
    <p class='ocr_par' dir='ltr' id='par_1_12' title="bbox 228 2235 1365 2278">
     <span class='ocr_line' id='line_1_47' title="bbox 228 2235 1365 2278; baseline 0.004 -13"><span class='ocrx_word' id='word_1_372' title='bbox 228 2243 236 2246; x_wconf 57' lang='lat'>&#39;⁴</span> <span class='ocrx_word' id='word_1_373' title='bbox 283 2235 388 2274; x_wconf 65' lang='lat' dir='ltr'>{hunc</span> <span class='ocrx_word' id='word_1_374' title='bbox 411 2236 629 2267; x_wconf 87' lang='lat' dir='ltr'>conversionis</span> <span class='ocrx_word' id='word_1_375' title='bbox 645 2236 790 2273; x_wconf 90' lang='lat' dir='ltr'>modum,</span> <span class='ocrx_word' id='word_1_376' title='bbox 815 2237 989 2268; x_wconf 91' lang='lat' dir='ltr'>substantia</span> <span class='ocrx_word' id='word_1_377' title='bbox 1003 2238 1094 2278; x_wconf 89' lang='lat' dir='ltr'>panis</span> <span class='ocrx_word' id='word_1_378' title='bbox 1110 2243 1182 2268; x_wconf 90' lang='lat' dir='ltr'>ante</span> <span class='ocrx_word' id='word_1_379' title='bbox 1199 2248 1365 2269; x_wconf 90' lang='lat' dir='ltr'>consecra-</span> 
     </span>
    </p>
   </div>
   <div class='ocr_carea' id='block_1_7' title="bbox 264 2279 1366 3471">
    <p class='ocr_par' dir='ltr' id='par_1_13' title="bbox 287 2279 1366 2586">
     <span class='ocr_line' id='line_1_48' title="bbox 299 2279 1364 2323; baseline 0.003 -13"><span class='ocrx_word' id='word_1_380' title='bbox 299 2280 424 2311; x_wconf 89' lang='lat' dir='ltr'>tionem</span> <span class='ocrx_word' id='word_1_381' title='bbox 447 2279 508 2311; x_wconf 76' lang='lat' dir='ltr'>fuit</span> <span class='ocrx_word' id='word_1_382' title='bbox 523 2280 653 2321; x_wconf 83' lang='lat' dir='ltr'>aliquid,</span> <span class='ocrx_word' id='word_1_383' title='bbox 677 2286 709 2311; x_wconf 93' lang='lat' dir='ltr'>et</span> <span class='ocrx_word' id='word_1_384' title='bbox 723 2286 798 2321; x_wconf 90' lang='lat' dir='ltr'>post</span> <span class='ocrx_word' id='word_1_385' title='bbox 813 2282 1088 2312; x_wconf 87' lang='lat' dir='ltr'>consecrationem</span> <span class='ocrx_word' id='word_1_386' title='bbox 1105 2287 1151 2312; x_wconf 90' lang='lat' dir='ltr'>est</span> <span class='ocrx_word' id='word_1_387' title='bbox 1165 2282 1255 2313; x_wconf 91' lang='lat' dir='ltr'>nihil.</span> <span class='ocrx_word' id='word_1_388' title='bbox 1278 2283 1364 2323; x_wconf 90' lang='lat' dir='ltr'>Ergo</span> 
     </span>
     <span class='ocr_line' id='line_1_49' title="bbox 287 2324 1365 2366; baseline 0 -9"><span class='ocrx_word' id='word_1_389' title='bbox 287 2324 476 2362; x_wconf 39' lang='lat' dir='ltr'>,substantia</span> <span class='ocrx_word' id='word_1_390' title='bbox 497 2325 588 2365; x_wconf 87' lang='lat' dir='ltr'>panis</span> <span class='ocrx_word' id='word_1_391' title='bbox 612 2330 659 2355; x_wconf 91' lang='lat' dir='ltr'>est</span> <span class='ocrx_word' id='word_1_392' title='bbox 677 2334 750 2356; x_wconf 89' lang='lat' dir='ltr'>vere</span> <span class='ocrx_word' id='word_1_393' title='bbox 769 2326 950 2356; x_wconf 90' lang='lat' dir='ltr'>annihilata.</span> <span class='ocrx_word' id='word_1_394' title='bbox 973 2344 998 2348; x_wconf 90' lang='lat'>—</span> <span class='ocrx_word' id='word_1_395' title='bbox 1020 2326 1124 2356; x_wconf 92' lang='lat' dir='ltr'>Maior</span> <span class='ocrx_word' id='word_1_396' title='bbox 1145 2332 1232 2366; x_wconf 90' lang='lat' dir='ltr'>patet</span> <span class='ocrx_word' id='word_1_397' title='bbox 1256 2336 1294 2357; x_wconf 85' lang='lat' dir='ltr'>ex</span> <span class='ocrx_word' id='word_1_398' title='bbox 1317 2337 1365 2357; x_wconf 90' lang='lat' dir='ltr'>ra-</span> 
     </span>
     <span class='ocr_line' id='line_1_50' title="bbox 300 2369 1365 2411; baseline 0.003 -12"><span class='ocrx_word' id='word_1_399' title='bbox 300 2369 390 2406; x_wconf 74' lang='lat' dir='ltr'>tione</span> <span class='ocrx_word' id='word_1_400' title='bbox 409 2369 629 2400; x_wconf 88' lang='lat' dir='ltr'>terminorum.</span> <span class='ocrx_word' id='word_1_401' title='bbox 654 2387 676 2392; x_wconf 87' lang='lat'>-</span> <span class='ocrx_word' id='word_1_402' title='bbox 698 2369 807 2400; x_wconf 92' lang='lat' dir='ltr'>Minor</span> <span class='ocrx_word' id='word_1_403' title='bbox 828 2370 991 2410; x_wconf 89' lang='lat' dir='ltr'>probatur.</span> <span class='ocrx_word' id='word_1_404' title='bbox 1021 2370 1107 2408; x_wconf 88' lang='lat' dir='ltr'>Quia</span> <span class='ocrx_word' id='word_1_405' title='bbox 1129 2370 1162 2401; x_wconf 91' lang='lat' dir='ltr'>id</span> <span class='ocrx_word' id='word_1_406' title='bbox 1185 2371 1275 2411; x_wconf 91' lang='lat' dir='ltr'>quod</span> <span class='ocrx_word' id='word_1_407' title='bbox 1297 2381 1365 2402; x_wconf 91' lang='lat' dir='ltr'>non</span> 
     </span>
     <span class='ocr_line' id='line_1_51' title="bbox 302 2412 1366 2455; baseline 0.003 -12"><span class='ocrx_word' id='word_1_408' title='bbox 302 2416 350 2450; x_wconf 77' lang='lat' dir='ltr'>est</span> <span class='ocrx_word' id='word_1_409' title='bbox 371 2412 547 2453; x_wconf 56' lang='lat' dir='ltr'>aliquidzin</span> <span class='ocrx_word' id='word_1_410' title='bbox 563 2422 596 2444; x_wconf 92' lang='lat' dir='ltr'>se</span> <span class='ocrx_word' id='word_1_411' title='bbox 619 2413 670 2444; x_wconf 91' lang='lat' dir='ltr'>vel</span> <span class='ocrx_word' id='word_1_412' title='bbox 685 2414 719 2444; x_wconf 92' lang='lat' dir='ltr'>in</span> <span class='ocrx_word' id='word_1_413' title='bbox 737 2414 810 2451; x_wconf 90' lang='lat' dir='ltr'>alio,</span> <span class='ocrx_word' id='word_1_414' title='bbox 829 2419 875 2444; x_wconf 89' lang='lat' dir='ltr'>est</span> <span class='ocrx_word' id='word_1_415' title='bbox 889 2414 980 2445; x_wconf 90' lang='lat' dir='ltr'>nihil.</span> <span class='ocrx_word' id='word_1_416' title='bbox 1004 2414 1068 2446; x_wconf 89' lang='lat' dir='ltr'>Sed</span> <span class='ocrx_word' id='word_1_417' title='bbox 1085 2415 1260 2446; x_wconf 88' lang='lat' dir='ltr'>substantia</span> <span class='ocrx_word' id='word_1_418' title='bbox 1273 2416 1366 2455; x_wconf 89' lang='lat' dir='ltr'>panis</span> 
     </span>
     <span class='ocr_line' id='line_1_52' title="bbox 301 2457 1365 2500; baseline 0.003 -13"><span class='ocrx_word' id='word_1_419' title='bbox 301 2461 378 2497; x_wconf 89' lang='lat' dir='ltr'>post</span> <span class='ocrx_word' id='word_1_420' title='bbox 399 2457 674 2488; x_wconf 89' lang='lat' dir='ltr'>consecrationem</span> <span class='ocrx_word' id='word_1_421' title='bbox 697 2467 764 2488; x_wconf 90' lang='lat' dir='ltr'>non</span> <span class='ocrx_word' id='word_1_422' title='bbox 788 2463 835 2488; x_wconf 89' lang='lat' dir='ltr'>est</span> <span class='ocrx_word' id='word_1_423' title='bbox 858 2458 978 2499; x_wconf 92' lang='lat' dir='ltr'>aliquid</span> <span class='ocrx_word' id='word_1_424' title='bbox 1001 2459 1034 2489; x_wconf 91' lang='lat' dir='ltr'>in</span> <span class='ocrx_word' id='word_1_425' title='bbox 1050 2468 1094 2495; x_wconf 87' lang='lat' dir='ltr'>se,</span> <span class='ocrx_word' id='word_1_426' title='bbox 1118 2464 1154 2489; x_wconf 88' lang='lat' dir='ltr'>ut</span> <span class='ocrx_word' id='word_1_427' title='bbox 1176 2464 1280 2500; x_wconf 86' lang='lat' dir='ltr'>patet:</span> <span class='ocrx_word' id='word_1_428' title='bbox 1304 2469 1365 2490; x_wconf 91' lang='lat' dir='ltr'>nec</span> 
     </span>
     <span class='ocr_line' id='line_1_53' title="bbox 301 2500 1365 2543; baseline 0.003 -12"><span class='ocrx_word' id='word_1_429' title='bbox 301 2501 336 2531; x_wconf 90' lang='lat' dir='ltr'>in</span> <span class='ocrx_word' id='word_1_430' title='bbox 359 2500 433 2536; x_wconf 87' lang='lat' dir='ltr'>alio,</span> <span class='ocrx_word' id='word_1_431' title='bbox 457 2501 576 2532; x_wconf 88' lang='lat' dir='ltr'>scilicet</span> <span class='ocrx_word' id='word_1_432' title='bbox 599 2511 735 2542; x_wconf 89' lang='lat' dir='ltr'>corpore</span> <span class='ocrx_word' id='word_1_433' title='bbox 759 2501 885 2538; x_wconf 89' lang='lat' dir='ltr'>Christi,</span> <span class='ocrx_word' id='word_1_434' title='bbox 910 2503 985 2543; x_wconf 91' lang='lat' dir='ltr'>quia</span> <span class='ocrx_word' id='word_1_435' title='bbox 1000 2503 1079 2533; x_wconf 91' lang='lat' dir='ltr'>nihil</span> <span class='ocrx_word' id='word_1_436' title='bbox 1094 2503 1167 2543; x_wconf 91' lang='lat' dir='ltr'>plus</span> <span class='ocrx_word' id='word_1_437' title='bbox 1184 2509 1230 2534; x_wconf 91' lang='lat' dir='ltr'>est</span> <span class='ocrx_word' id='word_1_438' title='bbox 1245 2504 1278 2534; x_wconf 89' lang='lat' dir='ltr'>in</span> <span class='ocrx_word' id='word_1_439' title='bbox 1295 2513 1365 2535; x_wconf 93' lang='lat' dir='ltr'>cor-</span> 
     </span>
     <span class='ocr_line' id='line_1_54' title="bbox 302 2544 750 2586; baseline 0.002 -11"><span class='ocrx_word' id='word_1_440' title='bbox 302 2553 383 2586; x_wconf 87' lang='lat' dir='ltr'>pore</span> <span class='ocrx_word' id='word_1_441' title='bbox 405 2544 524 2575; x_wconf 86' lang='lat' dir='ltr'>Christi</span> <span class='ocrx_word' id='word_1_442' title='bbox 546 2554 644 2585; x_wconf 83' lang='lat' dir='ltr'>quam</span> <span class='ocrx_word' id='word_1_443' title='bbox 667 2551 750 2576; x_wconf 89' lang='lat' dir='ltr'>ante.</span> 
     </span>
    </p>

    <p class='ocr_par' dir='ltr' id='par_1_14' title="bbox 303 2588 1366 2764">
     <span class='ocr_line' id='line_1_55' title="bbox 357 2588 1365 2631; baseline 0.004 -12"><span class='ocrx_word' id='word_1_444' title='bbox 357 2588 516 2620; x_wconf 83' lang='lat' dir='ltr'>Secundo.</span> <span class='ocrx_word' id='word_1_445' title='bbox 539 2589 634 2627; x_wconf 86' lang='lat' dir='ltr'>Quia,</span> <span class='ocrx_word' id='word_1_446' title='bbox 657 2590 684 2620; x_wconf 89' lang='lat' dir='ltr'>si</span> <span class='ocrx_word' id='word_1_447' title='bbox 701 2590 735 2620; x_wconf 92' lang='lat' dir='ltr'>in</span> <span class='ocrx_word' id='word_1_448' title='bbox 750 2592 957 2631; x_wconf 89' lang='lat' dir='ltr'>corruptione</span> <span class='ocrx_word' id='word_1_449' title='bbox 979 2593 1110 2623; x_wconf 88' lang='lat' dir='ltr'>materia</span> <span class='ocrx_word' id='word_1_450' title='bbox 1125 2591 1282 2623; x_wconf 88' lang='lat' dir='ltr'>desineret</span> <span class='ocrx_word' id='word_1_451' title='bbox 1297 2602 1365 2623; x_wconf 91' lang='lat' dir='ltr'>esse</span> 
     </span>
     <span class='ocr_line' id='line_1_56' title="bbox 303 2632 1366 2677; baseline 0.004 -14"><span class='ocrx_word' id='word_1_452' title='bbox 303 2632 580 2673; x_wconf 89' lang='lat' dir='ltr'>quemadmodum</span> <span class='ocrx_word' id='word_1_453' title='bbox 610 2639 641 2664; x_wconf 88' lang='lat' dir='ltr'>et</span> <span class='ocrx_word' id='word_1_454' title='bbox 669 2633 790 2670; x_wconf 86' lang='lat' dir='ltr'>forma,</span> <span class='ocrx_word' id='word_1_455' title='bbox 821 2635 885 2665; x_wconf 91' lang='lat' dir='ltr'>iam</span> <span class='ocrx_word' id='word_1_456' title='bbox 911 2645 980 2666; x_wconf 90' lang='lat' dir='ltr'>non</span> <span class='ocrx_word' id='word_1_457' title='bbox 1002 2641 1084 2666; x_wconf 90' lang='lat' dir='ltr'>esset</span> <span class='ocrx_word' id='word_1_458' title='bbox 1107 2637 1286 2677; x_wconf 91' lang='lat' dir='ltr'>corruptio,</span> <span class='ocrx_word' id='word_1_459' title='bbox 1310 2636 1366 2668; x_wconf 89' lang='lat' dir='ltr'>sed</span> 
     </span>
     <span class='ocr_line' id='line_1_57' title="bbox 303 2677 1366 2711; baseline 0.004 -4"><span class='ocrx_word' id='word_1_460' title='bbox 303 2677 500 2708; x_wconf 89' lang='lat' dir='ltr'>annihilatio.</span> <span class='ocrx_word' id='word_1_461' title='bbox 535 2677 598 2708; x_wconf 91' lang='lat' dir='ltr'>Sed</span> <span class='ocrx_word' id='word_1_462' title='bbox 630 2678 664 2708; x_wconf 91' lang='lat' dir='ltr'>in</span> <span class='ocrx_word' id='word_1_463' title='bbox 686 2677 750 2708; x_wconf 93' lang='lat' dir='ltr'>hoc</span> <span class='ocrx_word' id='word_1_464' title='bbox 773 2677 874 2709; x_wconf 92' lang='lat' dir='ltr'>modo</span> <span class='ocrx_word' id='word_1_465' title='bbox 898 2681 1116 2711; x_wconf 91' lang='lat' dir='ltr'>conversionis</span> <span class='ocrx_word' id='word_1_466' title='bbox 1145 2686 1211 2711; x_wconf 90' lang='lat' dir='ltr'>tam</span> <span class='ocrx_word' id='word_1_467' title='bbox 1234 2682 1366 2711; x_wconf 91' lang='lat' dir='ltr'>materia</span> 
     </span>
     <span class='ocr_line' id='line_1_58' title="bbox 303 2720 1364 2764; baseline 0.005 -13"><span class='ocrx_word' id='word_1_468' title='bbox 303 2730 402 2762; x_wconf 86' lang='lat' dir='ltr'>quam</span> <span class='ocrx_word' id='word_1_469' title='bbox 424 2720 528 2752; x_wconf 88' lang='lat' dir='ltr'>forma</span> <span class='ocrx_word' id='word_1_470' title='bbox 550 2722 642 2762; x_wconf 89' lang='lat' dir='ltr'>panis</span> <span class='ocrx_word' id='word_1_471' title='bbox 665 2721 779 2752; x_wconf 83' lang='lat' dir='ltr'>desinit</span> <span class='ocrx_word' id='word_1_472' title='bbox 802 2732 879 2753; x_wconf 89' lang='lat' dir='ltr'>esse.</span> <span class='ocrx_word' id='word_1_473' title='bbox 903 2723 989 2764; x_wconf 89' lang='lat' dir='ltr'>Ergo</span> <span class='ocrx_word' id='word_1_474' title='bbox 1014 2729 1060 2754; x_wconf 91' lang='lat' dir='ltr'>est</span> <span class='ocrx_word' id='word_1_475' title='bbox 1078 2734 1151 2755; x_wconf 89' lang='lat' dir='ltr'>vera</span> <span class='ocrx_word' id='word_1_476' title='bbox 1167 2725 1364 2756; x_wconf 88' lang='lat' dir='ltr'>annihilatio.</span> 
     </span>
    </p>

    <p class='ocr_par' dir='ltr' id='par_1_15' title="bbox 301 2762 1365 3338">
     <span class='ocr_line' id='line_1_59' title="bbox 361 2762 1365 2807; baseline 0.005 -12"><span class='ocrx_word' id='word_1_477' title='bbox 361 2766 480 2796; x_wconf 85' lang='lat' dir='ltr'>Tertio.</span> <span class='ocrx_word' id='word_1_478' title='bbox 505 2765 548 2802; x_wconf 90' lang='lat' dir='ltr'>Si,</span> <span class='ocrx_word' id='word_1_479' title='bbox 565 2762 751 2797; x_wconf 75' lang='lat' dir='ltr'>remanente</span> <span class='ocrx_word' id='word_1_480' title='bbox 766 2775 902 2807; x_wconf 89' lang='lat' dir='ltr'>corpore</span> <span class='ocrx_word' id='word_1_481' title='bbox 918 2766 1035 2798; x_wconf 89' lang='lat' dir='ltr'>Christi</span> <span class='ocrx_word' id='word_1_482' title='bbox 1053 2769 1233 2805; x_wconf 89' lang='lat' dir='ltr'>immutato,</span> <span class='ocrx_word' id='word_1_483' title='bbox 1250 2769 1365 2800; x_wconf 89' lang='lat' dir='ltr'>rediret</span> 
     </span>
     <span class='ocr_line' id='line_1_60' title="bbox 302 2809 1365 2854; baseline 0.004 -14"><span class='ocrx_word' id='word_1_484' title='bbox 302 2809 415 2841; x_wconf 81' lang='lat' dir='ltr'>eadem</span> <span class='ocrx_word' id='word_1_485' title='bbox 430 2811 604 2841; x_wconf 87' lang='lat' dir='ltr'>substantia</span> <span class='ocrx_word' id='word_1_486' title='bbox 619 2811 720 2850; x_wconf 86' lang='lat' dir='ltr'>panis,</span> <span class='ocrx_word' id='word_1_487' title='bbox 737 2816 900 2850; x_wconf 87' lang='lat' dir='ltr'>oporteret</span> <span class='ocrx_word' id='word_1_488' title='bbox 915 2821 1032 2851; x_wconf 91' lang='lat' dir='ltr'>panem</span> <span class='ocrx_word' id='word_1_489' title='bbox 1047 2812 1139 2843; x_wconf 90' lang='lat' dir='ltr'>illum</span> <span class='ocrx_word' id='word_1_490' title='bbox 1155 2814 1268 2844; x_wconf 90' lang='lat' dir='ltr'>creari:</span> <span class='ocrx_word' id='word_1_491' title='bbox 1289 2814 1365 2854; x_wconf 92' lang='lat' dir='ltr'>quia</span> 
     </span>
     <span class='ocr_line' id='line_1_61' title="bbox 301 2853 1363 2897; baseline 0.004 -13"><span class='ocrx_word' id='word_1_492' title='bbox 301 2853 342 2885; x_wconf 92' lang='lat' dir='ltr'>de</span> <span class='ocrx_word' id='word_1_493' title='bbox 364 2854 466 2885; x_wconf 86' lang='lat' dir='ltr'>nihilo</span> <span class='ocrx_word' id='word_1_494' title='bbox 490 2853 594 2891; x_wconf 89' lang='lat' dir='ltr'>fieret,</span> <span class='ocrx_word' id='word_1_495' title='bbox 619 2855 695 2895; x_wconf 89' lang='lat' dir='ltr'>quia</span> <span class='ocrx_word' id='word_1_496' title='bbox 717 2864 785 2885; x_wconf 90' lang='lat' dir='ltr'>non</span> <span class='ocrx_word' id='word_1_497' title='bbox 808 2854 848 2886; x_wconf 92' lang='lat' dir='ltr'>de</span> <span class='ocrx_word' id='word_1_498' title='bbox 871 2856 1045 2886; x_wconf 88' lang='lat' dir='ltr'>substantia</span> <span class='ocrx_word' id='word_1_499' title='bbox 1068 2858 1211 2897; x_wconf 90' lang='lat' dir='ltr'>corporis</span> <span class='ocrx_word' id='word_1_500' title='bbox 1235 2857 1363 2895; x_wconf 87' lang='lat' dir='ltr'>Christi,</span> 
     </span>
     <span class='ocr_line' id='line_1_62' title="bbox 301 2898 1364 2941; baseline 0.005 -13"><span class='ocrx_word' id='word_1_501' title='bbox 301 2907 362 2940; x_wconf 83' lang='lat' dir='ltr'>nec</span> <span class='ocrx_word' id='word_1_502' title='bbox 385 2898 425 2929; x_wconf 93' lang='lat' dir='ltr'>de</span> <span class='ocrx_word' id='word_1_503' title='bbox 449 2898 555 2939; x_wconf 89' lang='lat' dir='ltr'>aliqua</span> <span class='ocrx_word' id='word_1_504' title='bbox 578 2899 638 2929; x_wconf 87' lang='lat' dir='ltr'>alia</span> <span class='ocrx_word' id='word_1_505' title='bbox 659 2899 834 2930; x_wconf 90' lang='lat' dir='ltr'>substantia</span> <span class='ocrx_word' id='word_1_506' title='bbox 855 2898 954 2930; x_wconf 80' lang='lat' dir='ltr'>tieret.</span> <span class='ocrx_word' id='word_1_507' title='bbox 978 2900 1063 2940; x_wconf 90' lang='lat' dir='ltr'>Ergo</span> <span class='ocrx_word' id='word_1_508' title='bbox 1083 2901 1119 2935; x_wconf 86' lang='lat' dir='ltr'>si,</span> <span class='ocrx_word' id='word_1_509' title='bbox 1135 2902 1364 2941; x_wconf 86' lang='lat' dir='ltr'>praeexistente</span> 
     </span>
     <span class='ocr_line' id='line_1_63' title="bbox 302 2942 1364 2985; baseline 0.003 -12"><span class='ocrx_word' id='word_1_510' title='bbox 302 2951 438 2983; x_wconf 85' lang='lat' dir='ltr'>corpore</span> <span class='ocrx_word' id='word_1_511' title='bbox 462 2942 588 2979; x_wconf 87' lang='lat' dir='ltr'>Christi,</span> <span class='ocrx_word' id='word_1_512' title='bbox 613 2948 644 2973; x_wconf 89' lang='lat' dir='ltr'>et</span> <span class='ocrx_word' id='word_1_513' title='bbox 667 2943 746 2973; x_wconf 89' lang='lat' dir='ltr'>nihil</span> <span class='ocrx_word' id='word_1_514' title='bbox 770 2942 809 2974; x_wconf 92' lang='lat' dir='ltr'>de</span> <span class='ocrx_word' id='word_1_515' title='bbox 832 2944 1007 2974; x_wconf 88' lang='lat' dir='ltr'>substantia</span> <span class='ocrx_word' id='word_1_516' title='bbox 1028 2945 1119 2985; x_wconf 90' lang='lat' dir='ltr'>panis</span> <span class='ocrx_word' id='word_1_517' title='bbox 1141 2946 1176 2975; x_wconf 88' lang='lat' dir='ltr'>in</span> <span class='ocrx_word' id='word_1_518' title='bbox 1199 2955 1238 2976; x_wconf 92' lang='lat' dir='ltr'>eo</span> <span class='ocrx_word' id='word_1_519' title='bbox 1262 2955 1364 2976; x_wconf 90' lang='lat' dir='ltr'>rema-</span> 
     </span>
     <span class='ocr_line' id='line_1_64' title="bbox 301 2986 1364 3029; baseline 0.003 -12"><span class='ocrx_word' id='word_1_520' title='bbox 301 2991 414 3023; x_wconf 90' lang='lat' dir='ltr'>nente,</span> <span class='ocrx_word' id='word_1_521' title='bbox 437 2987 528 3027; x_wconf 90' lang='lat' dir='ltr'>panis</span> <span class='ocrx_word' id='word_1_522' title='bbox 551 2986 673 3018; x_wconf 90' lang='lat' dir='ltr'>desinat</span> <span class='ocrx_word' id='word_1_523' title='bbox 696 2996 781 3023; x_wconf 90' lang='lat' dir='ltr'>esse,</span> <span class='ocrx_word' id='word_1_524' title='bbox 809 2993 845 3018; x_wconf 91' lang='lat' dir='ltr'>ut</span> <span class='ocrx_word' id='word_1_525' title='bbox 867 2989 901 3018; x_wconf 92' lang='lat' dir='ltr'>in</span> <span class='ocrx_word' id='word_1_526' title='bbox 923 2989 1091 3029; x_wconf 91' lang='lat' dir='ltr'>proposito</span> <span class='ocrx_word' id='word_1_527' title='bbox 1117 2989 1266 3029; x_wconf 89' lang='lat' dir='ltr'>ponitur,</span> <span class='ocrx_word' id='word_1_528' title='bbox 1290 2999 1364 3021; x_wconf 89' lang='lat' dir='ltr'>vere</span> 
     </span>
     <span class='ocr_line' id='line_1_65' title="bbox 301 3031 1364 3075; baseline 0.004 -14"><span class='ocrx_word' id='word_1_529' title='bbox 301 3031 536 3062; x_wconf 85' lang='lat' dir='ltr'>annihilaretur.</span> <span class='ocrx_word' id='word_1_530' title='bbox 561 3049 581 3054; x_wconf 91' lang='lat'>—</span> <span class='ocrx_word' id='word_1_531' title='bbox 606 3031 647 3062; x_wconf 92' lang='lat' dir='ltr'>Et</span> <span class='ocrx_word' id='word_1_532' title='bbox 673 3032 827 3071; x_wconf 87' lang='lat' dir='ltr'>probatur</span> <span class='ocrx_word' id='word_1_533' title='bbox 857 3034 1103 3072; x_wconf 87' lang='lat' dir='ltr'>consequentia,</span> <span class='ocrx_word' id='word_1_534' title='bbox 1135 3043 1173 3063; x_wconf 88' lang='lat' dir='ltr'>ex</span> <span class='ocrx_word' id='word_1_535' title='bbox 1203 3043 1243 3064; x_wconf 94' lang='lat' dir='ltr'>eo</span> <span class='ocrx_word' id='word_1_536' title='bbox 1275 3034 1364 3075; x_wconf 93' lang='lat' dir='ltr'>quod</span> 
     </span>
     <span class='ocr_line' id='line_1_66' title="bbox 302 3074 1363 3118; baseline 0.003 -12"><span class='ocrx_word' id='word_1_537' title='bbox 302 3074 417 3106; x_wconf 82' lang='lat' dir='ltr'>eodem</span> <span class='ocrx_word' id='word_1_538' title='bbox 440 3075 541 3106; x_wconf 89' lang='lat' dir='ltr'>modo</span> <span class='ocrx_word' id='word_1_539' title='bbox 569 3085 603 3106; x_wconf 90' lang='lat' dir='ltr'>se</span> <span class='ocrx_word' id='word_1_540' title='bbox 629 3076 725 3106; x_wconf 90' lang='lat' dir='ltr'>habet</span> <span class='ocrx_word' id='word_1_541' title='bbox 751 3076 872 3116; x_wconf 91' lang='lat' dir='ltr'>aliquid</span> <span class='ocrx_word' id='word_1_542' title='bbox 898 3082 934 3107; x_wconf 94' lang='lat' dir='ltr'>ut</span> <span class='ocrx_word' id='word_1_543' title='bbox 956 3077 996 3107; x_wconf 87' lang='lat' dir='ltr'>sit</span> <span class='ocrx_word' id='word_1_544' title='bbox 1018 3078 1173 3108; x_wconf 90' lang='lat' dir='ltr'>terminus</span> <span class='ocrx_word' id='word_1_545' title='bbox 1202 3077 1243 3108; x_wconf 92' lang='lat' dir='ltr'>ad</span> <span class='ocrx_word' id='word_1_546' title='bbox 1265 3087 1363 3118; x_wconf 92' lang='lat' dir='ltr'>quem</span> 
     </span>
     <span class='ocr_line' id='line_1_67' title="bbox 301 3119 1363 3162; baseline 0.003 -12"><span class='ocrx_word' id='word_1_547' title='bbox 301 3119 548 3156; x_wconf 81' lang='lat' dir='ltr'>annihilationis,</span> <span class='ocrx_word' id='word_1_548' title='bbox 573 3125 604 3150; x_wconf 93' lang='lat' dir='ltr'>et</span> <span class='ocrx_word' id='word_1_549' title='bbox 626 3121 780 3150; x_wconf 89' lang='lat' dir='ltr'>terminus</span> <span class='ocrx_word' id='word_1_550' title='bbox 805 3130 823 3150; x_wconf 91' lang='lat' dir='ltr'>a</span> <span class='ocrx_word' id='word_1_551' title='bbox 846 3130 912 3161; x_wconf 91' lang='lat' dir='ltr'>quo</span> <span class='ocrx_word' id='word_1_552' title='bbox 937 3121 1115 3152; x_wconf 90' lang='lat' dir='ltr'>creationis.</span> <span class='ocrx_word' id='word_1_553' title='bbox 1138 3122 1187 3152; x_wconf 94' lang='lat' dir='ltr'>Ac</span> <span class='ocrx_word' id='word_1_554' title='bbox 1209 3131 1267 3162; x_wconf 90' lang='lat' dir='ltr'>per</span> <span class='ocrx_word' id='word_1_555' title='bbox 1289 3123 1363 3159; x_wconf 93' lang='lat' dir='ltr'>hoc,</span> 
     </span>
     <span class='ocr_line' id='line_1_68' title="bbox 301 3163 1363 3205; baseline 0.004 -11"><span class='ocrx_word' id='word_1_556' title='bbox 301 3163 384 3195; x_wconf 85' lang='lat' dir='ltr'>sicut</span> <span class='ocrx_word' id='word_1_557' title='bbox 406 3173 524 3205; x_wconf 89' lang='lat' dir='ltr'>corpus</span> <span class='ocrx_word' id='word_1_558' title='bbox 547 3163 674 3200; x_wconf 82' lang='lat' dir='ltr'>Christi,</span> <span class='ocrx_word' id='word_1_559' title='bbox 697 3164 851 3195; x_wconf 88' lang='lat' dir='ltr'>redeunte</span> <span class='ocrx_word' id='word_1_560' title='bbox 874 3174 958 3205; x_wconf 91' lang='lat' dir='ltr'>pane</span> <span class='ocrx_word' id='word_1_561' title='bbox 980 3174 1038 3205; x_wconf 92' lang='lat' dir='ltr'>per</span> <span class='ocrx_word' id='word_1_562' title='bbox 1061 3166 1272 3203; x_wconf 88' lang='lat' dir='ltr'>creationem,</span> <span class='ocrx_word' id='word_1_563' title='bbox 1296 3177 1363 3198; x_wconf 91' lang='lat' dir='ltr'>non</span> 
     </span>
     <span class='ocr_line' id='line_1_69' title="bbox 301 3206 1363 3251; baseline 0.004 -13"><span class='ocrx_word' id='word_1_564' title='bbox 301 3206 435 3248; x_wconf 89' lang='lat' dir='ltr'>impedit</span> <span class='ocrx_word' id='word_1_565' title='bbox 456 3217 564 3239; x_wconf 89' lang='lat' dir='ltr'>veram</span> <span class='ocrx_word' id='word_1_566' title='bbox 587 3209 798 3245; x_wconf 89' lang='lat' dir='ltr'>creationem;</span> <span class='ocrx_word' id='word_1_567' title='bbox 823 3209 867 3239; x_wconf 91' lang='lat' dir='ltr'>ita</span> <span class='ocrx_word' id='word_1_568' title='bbox 889 3208 975 3240; x_wconf 89' lang='lat' dir='ltr'>idem</span> <span class='ocrx_word' id='word_1_569' title='bbox 999 3209 1116 3240; x_wconf 90' lang='lat' dir='ltr'>Christi</span> <span class='ocrx_word' id='word_1_570' title='bbox 1135 3219 1263 3251; x_wconf 88' lang='lat' dir='ltr'>corpus,</span> <span class='ocrx_word' id='word_1_571' title='bbox 1282 3210 1363 3242; x_wconf 91' lang='lat' dir='ltr'>desi-</span> 
     </span>
     <span class='ocr_line' id='line_1_70' title="bbox 301 3252 1363 3293; baseline 0.004 -11"><span class='ocrx_word' id='word_1_572' title='bbox 301 3256 398 3282; x_wconf 87' lang='lat' dir='ltr'>nente</span> <span class='ocrx_word' id='word_1_573' title='bbox 420 3261 503 3292; x_wconf 90' lang='lat' dir='ltr'>pane</span> <span class='ocrx_word' id='word_1_574' title='bbox 533 3253 577 3283; x_wconf 90' lang='lat' dir='ltr'>ita</span> <span class='ocrx_word' id='word_1_575' title='bbox 599 3252 689 3293; x_wconf 92' lang='lat' dir='ltr'>quod</span> <span class='ocrx_word' id='word_1_576' title='bbox 711 3253 791 3284; x_wconf 90' lang='lat' dir='ltr'>nihil</span> <span class='ocrx_word' id='word_1_577' title='bbox 814 3254 881 3284; x_wconf 90' lang='lat' dir='ltr'>eius</span> <span class='ocrx_word' id='word_1_578' title='bbox 904 3258 1032 3284; x_wconf 90' lang='lat' dir='ltr'>maneat</span> <span class='ocrx_word' id='word_1_579' title='bbox 1054 3254 1087 3284; x_wconf 91' lang='lat' dir='ltr'>in</span> <span class='ocrx_word' id='word_1_580' title='bbox 1110 3263 1143 3284; x_wconf 93' lang='lat' dir='ltr'>se</span> <span class='ocrx_word' id='word_1_581' title='bbox 1167 3260 1222 3285; x_wconf 91' lang='lat' dir='ltr'>aut</span> <span class='ocrx_word' id='word_1_582' title='bbox 1245 3253 1363 3286; x_wconf 87' lang='lat' dir='ltr'>Christi</span> 
     </span>
     <span class='ocr_line' id='line_1_71' title="bbox 303 3296 1175 3338; baseline 0.003 -13"><span class='ocrx_word' id='word_1_583' title='bbox 303 3304 448 3336; x_wconf 87' lang='lat' dir='ltr'>corpore,</span> <span class='ocrx_word' id='word_1_584' title='bbox 472 3305 540 3327; x_wconf 90' lang='lat' dir='ltr'>non</span> <span class='ocrx_word' id='word_1_585' title='bbox 562 3296 697 3338; x_wconf 90' lang='lat' dir='ltr'>impedit</span> <span class='ocrx_word' id='word_1_586' title='bbox 720 3298 799 3338; x_wconf 86' lang='lat' dir='ltr'>quin</span> <span class='ocrx_word' id='word_1_587' title='bbox 822 3298 861 3327; x_wconf 91' lang='lat' dir='ltr'>sit</span> <span class='ocrx_word' id='word_1_588' title='bbox 883 3307 956 3328; x_wconf 89' lang='lat' dir='ltr'>vera</span> <span class='ocrx_word' id='word_1_589' title='bbox 980 3298 1175 3328; x_wconf 88' lang='lat' dir='ltr'>annihilatio.</span> 
     </span>
    </p>

    <p class='ocr_par' dir='ltr' id='par_1_16' title="bbox 264 3339 1364 3471">
     <span class='ocr_line' id='line_1_72' title="bbox 356 3339 1363 3382; baseline 0.004 -12"><span class='ocrx_word' id='word_1_590' title='bbox 356 3339 450 3371; x_wconf 92' lang='lat' dir='ltr'>Unde</span> <span class='ocrx_word' id='word_1_591' title='bbox 473 3340 568 3371; x_wconf 85' lang='lat' dir='ltr'>infert</span> <span class='ocrx_word' id='word_1_592' title='bbox 583 3340 753 3372; x_wconf 91' lang='lat' dir='ltr'>Durandus</span> <span class='ocrx_word' id='word_1_593' title='bbox 777 3341 877 3382; x_wconf 94' lang='lat' dir='ltr'>quod,</span> <span class='ocrx_word' id='word_1_594' title='bbox 894 3341 1021 3372; x_wconf 91' lang='lat' dir='ltr'>duobus</span> <span class='ocrx_word' id='word_1_595' title='bbox 1037 3343 1243 3373; x_wconf 88' lang='lat' dir='ltr'>existentibus</span> <span class='ocrx_word' id='word_1_596' title='bbox 1257 3342 1363 3374; x_wconf 88' lang='lat' dir='ltr'>modis</span> 
     </span>
     <span class='ocr_line' id='line_1_73' title="bbox 302 3384 1364 3428; baseline 0.004 -14"><span class='ocrx_word' id='word_1_597' title='bbox 302 3384 518 3415; x_wconf 87' lang='lat' dir='ltr'>conversionis</span> <span class='ocrx_word' id='word_1_598' title='bbox 540 3385 574 3416; x_wconf 92' lang='lat' dir='ltr'>in</span> <span class='ocrx_word' id='word_1_599' title='bbox 597 3386 819 3426; x_wconf 85' lang='lat' dir='ltr'>praeexistens,</span> <span class='ocrx_word' id='word_1_600' title='bbox 843 3386 963 3417; x_wconf 91' lang='lat' dir='ltr'>scilicet</span> <span class='ocrx_word' id='word_1_601' title='bbox 986 3395 1043 3427; x_wconf 90' lang='lat' dir='ltr'>per</span> <span class='ocrx_word' id='word_1_602' title='bbox 1065 3386 1201 3417; x_wconf 92' lang='lat' dir='ltr'>modum</span> <span class='ocrx_word' id='word_1_603' title='bbox 1225 3396 1292 3428; x_wconf 91' lang='lat' dir='ltr'>quo</span> <span class='ocrx_word' id='word_1_604' title='bbox 1308 3387 1364 3418; x_wconf 90' lang='lat' dir='ltr'>ali-</span> 
     </span>
     <span class='ocr_line' id='line_1_74' title="bbox 264 3429 1364 3471; baseline 0.004 -13"><span class='ocrx_word' id='word_1_605' title='bbox 264 3442 276 3448; x_wconf 89' lang='lat'>-</span> <span class='ocrx_word' id='word_1_606' title='bbox 301 3433 448 3459; x_wconf 89' lang='lat' dir='ltr'>mentum</span> <span class='ocrx_word' id='word_1_607' title='bbox 464 3430 659 3460; x_wconf 89' lang='lat' dir='ltr'>convertitur</span> <span class='ocrx_word' id='word_1_608' title='bbox 673 3429 707 3460; x_wconf 92' lang='lat' dir='ltr'>in</span> <span class='ocrx_word' id='word_1_609' title='bbox 718 3429 751 3460; x_wconf 94' lang='lat' dir='ltr'>id</span> <span class='ocrx_word' id='word_1_610' title='bbox 766 3429 856 3470; x_wconf 91' lang='lat' dir='ltr'>quod</span> <span class='ocrx_word' id='word_1_611' title='bbox 871 3430 963 3461; x_wconf 90' lang='lat' dir='ltr'>alitur</span> <span class='ocrx_word' id='word_1_612' title='bbox 974 3431 1005 3467; x_wconf 67' lang='lat'>*3</span> <span class='ocrx_word' id='word_1_613' title='bbox 1020 3436 1050 3461; x_wconf 92' lang='lat' dir='ltr'>et</span> <span class='ocrx_word' id='word_1_614' title='bbox 1062 3440 1118 3471; x_wconf 91' lang='lat' dir='ltr'>per</span> <span class='ocrx_word' id='word_1_615' title='bbox 1133 3430 1269 3462; x_wconf 89' lang='lat' dir='ltr'>modum</span> <span class='ocrx_word' id='word_1_616' title='bbox 1284 3431 1364 3462; x_wconf 88' lang='lat' dir='ltr'>ima-</span> 
     </span>
    </p>
   </div>
   <div class='ocr_carea' id='block_1_8' title="bbox 215 3472 1364 3515">
    <p class='ocr_par' dir='ltr' id='par_1_17' title="bbox 215 3472 1364 3515">
     <span class='ocr_line' id='line_1_75' title="bbox 215 3472 1364 3515; baseline 0.003 -13"><span class='ocrx_word' id='word_1_617' title='bbox 215 3473 221 3481; x_wconf 85' lang='lat'><strong><em>‘</em></strong></span> <span class='ocrx_word' id='word_1_618' title='bbox 258 3475 274 3507; x_wconf 83' lang='lat'>,’</span> <span class='ocrx_word' id='word_1_619' title='bbox 301 3472 446 3512; x_wconf 85' lang='lat' dir='ltr'>ginatum</span> <span class='ocrx_word' id='word_1_620' title='bbox 468 3473 548 3504; x_wconf 90' lang='lat' dir='ltr'>nulli</span> <span class='ocrx_word' id='word_1_621' title='bbox 563 3473 804 3514; x_wconf 87' lang='lat' dir='ltr'>intelligibilem,</span> <span class='ocrx_word' id='word_1_622' title='bbox 828 3474 948 3505; x_wconf 89' lang='lat' dir='ltr'>scilicet</span> <span class='ocrx_word' id='word_1_623' title='bbox 964 3484 1030 3515; x_wconf 92' lang='lat' dir='ltr'>quo</span> <span class='ocrx_word' id='word_1_624' title='bbox 1047 3480 1152 3505; x_wconf 90' lang='lat' dir='ltr'>totum</span> <span class='ocrx_word' id='word_1_625' title='bbox 1169 3476 1364 3506; x_wconf 90' lang='lat' dir='ltr'>convertitur</span> 
     </span>
    </p>
   </div>
   <div class='ocr_carea' id='block_1_9' title="bbox 300 3516 1363 3604">
    <p class='ocr_par' dir='ltr' id='par_1_18' title="bbox 300 3516 1363 3604">
     <span class='ocr_line' id='line_1_76' title="bbox 300 3516 1363 3559; baseline 0.004 -13"><span class='ocrx_word' id='word_1_626' title='bbox 300 3516 335 3546; x_wconf 91' lang='lat' dir='ltr'>in</span> <span class='ocrx_word' id='word_1_627' title='bbox 357 3521 463 3547; x_wconf 89' lang='lat' dir='ltr'>totum</span> <span class='ocrx_word' id='word_1_628' title='bbox 486 3518 698 3557; x_wconf 86' lang='lat' dir='ltr'>praeexistens</span> <span class='ocrx_word' id='word_1_629' title='bbox 719 3518 820 3549; x_wconf 91' lang='lat' dir='ltr'>modo</span> <span class='ocrx_word' id='word_1_630' title='bbox 845 3519 990 3559; x_wconf 90' lang='lat' dir='ltr'>superius</span> <span class='ocrx_word' id='word_1_631' title='bbox 1011 3528 1176 3559; x_wconf 76' lang='lat' dir='ltr'>expresso3</span> <span class='ocrx_word' id='word_1_632' title='bbox 1200 3529 1260 3550; x_wconf 93' lang='lat' dir='ltr'>nec</span> <span class='ocrx_word' id='word_1_633' title='bbox 1278 3529 1363 3550; x_wconf 92' lang='lat' dir='ltr'>unus</span> 
     </span>
     <span class='ocr_line' id='line_1_77' title="bbox 301 3559 1363 3604; baseline 0.005 -14"><span class='ocrx_word' id='word_1_634' title='bbox 301 3559 436 3591; x_wconf 91' lang='lat' dir='ltr'>istorum</span> <span class='ocrx_word' id='word_1_635' title='bbox 459 3570 516 3601; x_wconf 90' lang='lat' dir='ltr'>per</span> <span class='ocrx_word' id='word_1_636' title='bbox 531 3561 707 3592; x_wconf 88' lang='lat' dir='ltr'>Ecclesiam</span> <span class='ocrx_word' id='word_1_637' title='bbox 729 3563 768 3593; x_wconf 91' lang='lat' dir='ltr'>sit</span> <span class='ocrx_word' id='word_1_638' title='bbox 783 3563 886 3603; x_wconf 22' lang='lat' dir='ltr'>magis*</span> <span class='ocrx_word' id='word_1_639' title='bbox 899 3563 1092 3604; x_wconf 92' lang='lat' dir='ltr'>approbatus</span> <span class='ocrx_word' id='word_1_640' title='bbox 1108 3569 1162 3594; x_wconf 92' lang='lat' dir='ltr'>aut</span> <span class='ocrx_word' id='word_1_641' title='bbox 1177 3564 1363 3604; x_wconf 89' lang='lat' dir='ltr'>reprobatus</span> 
     </span>
    </p>
   </div>
   <div class='ocr_carea' id='block_1_10' title="bbox 1392 678 1395 2717">
    <p class='ocr_par' dir='ltr' id='par_1_19' title="bbox 1392 678 1395 2717">
     <span class='ocr_line' id='line_1_78' title="bbox 1392 678 1395 2717; baseline 0 0"><span class='ocrx_word' id='word_1_642' title='bbox 1392 678 1395 2717; x_wconf 95' lang='lat' dir='ltr'> </span> 
     </span>
    </p>
   </div>
   <div class='ocr_carea' id='block_1_11' title="bbox 2406 237 2471 273">
    <p class='ocr_par' dir='ltr' id='par_1_20' title="bbox 2406 237 2471 273">
     <span class='ocr_line' id='line_1_79' title="bbox 2406 237 2471 273; baseline -0.015 -11"><span class='ocrx_word' id='word_1_643' title='bbox 2406 237 2471 273; x_wconf 90' lang='lat'>171</span> 
     </span>
    </p>
   </div>
   <div class='ocr_carea' id='block_1_12' title="bbox 1417 299 2483 3384">
    <p class='ocr_par' dir='ltr' id='par_1_21' title="bbox 1420 299 2481 385">
     <span class='ocr_line' id='line_1_80' title="bbox 1422 299 2481 344; baseline 0.007 -16"><span class='ocrx_word' id='word_1_644' title='bbox 1422 308 1519 339; x_wconf 91' lang='lat' dir='ltr'>quam</span> <span class='ocrx_word' id='word_1_645' title='bbox 1542 299 1639 329; x_wconf 90' lang='lat' dir='ltr'>alius:</span> <span class='ocrx_word' id='word_1_646' title='bbox 1664 299 1789 329; x_wconf 86' lang='lat' dir='ltr'>videtur</span> <span class='ocrx_word' id='word_1_647' title='bbox 1811 301 2014 339; x_wconf 88' lang='lat' dir='ltr'>probabiliter</span> <span class='ocrx_word' id='word_1_648' title='bbox 2030 302 2118 341; x_wconf 92' lang='lat' dir='ltr'>quod</span> <span class='ocrx_word' id='word_1_649' title='bbox 2141 303 2193 333; x_wconf 91' lang='lat' dir='ltr'>ille</span> <span class='ocrx_word' id='word_1_650' title='bbox 2216 303 2332 334; x_wconf 88' lang='lat' dir='ltr'>modus</span> <span class='ocrx_word' id='word_1_651' title='bbox 2356 305 2411 344; x_wconf 89' lang='lat' dir='ltr'>qui</span> <span class='ocrx_word' id='word_1_652' title='bbox 2434 310 2481 335; x_wconf 89' lang='lat' dir='ltr'>est</span> 
     </span>
     <span class='ocr_line' id='line_1_81' title="bbox 1420 343 2406 385; baseline 0.006 -13"><span class='ocrx_word' id='word_1_653' title='bbox 1420 343 1580 383; x_wconf 90' lang='lat' dir='ltr'>possibilis</span> <span class='ocrx_word' id='word_1_654' title='bbox 1604 348 1635 373; x_wconf 87' lang='lat' dir='ltr'>et</span> <span class='ocrx_word' id='word_1_655' title='bbox 1657 343 1872 383; x_wconf 89' lang='lat' dir='ltr'>intelligibilis,</span> <span class='ocrx_word' id='word_1_656' title='bbox 1897 350 1978 374; x_wconf 91' lang='lat' dir='ltr'>esset</span> <span class='ocrx_word' id='word_1_657' title='bbox 2001 346 2163 385; x_wconf 86' lang='lat' dir='ltr'>eligendus</span> <span class='ocrx_word' id='word_1_658' title='bbox 2188 352 2218 376; x_wconf 89' lang='lat' dir='ltr'>et</span> <span class='ocrx_word' id='word_1_659' title='bbox 2241 347 2406 378; x_wconf 89' lang='lat' dir='ltr'>tenendus.</span> 
     </span>
    </p>

    <p class='ocr_par' dir='ltr' id='par_1_22' title="bbox 1419 386 2482 857">
     <span class='ocr_line' id='line_1_82' title="bbox 1474 386 2480 429; baseline 0.006 -13"><span class='ocrx_word' id='word_1_660' title='bbox 1474 387 1558 417; x_wconf 88' lang='lat' dir='ltr'>XIV.</span> <span class='ocrx_word' id='word_1_661' title='bbox 1582 386 1634 417; x_wconf 94' lang='lat' dir='ltr'>Ad</span> <span class='ocrx_word' id='word_1_662' title='bbox 1658 388 1774 417; x_wconf 88' lang='lat' dir='ltr'>horum</span> <span class='ocrx_word' id='word_1_663' title='bbox 1799 387 2009 424; x_wconf 90' lang='lat' dir='ltr'>evidentiam,</span> <span class='ocrx_word' id='word_1_664' title='bbox 2040 399 2107 419; x_wconf 91' lang='lat' dir='ltr'>non</span> <span class='ocrx_word' id='word_1_665' title='bbox 2136 396 2263 429; x_wconf 89' lang='lat' dir='ltr'>oportet</span> <span class='ocrx_word' id='word_1_666' title='bbox 2292 392 2352 421; x_wconf 91' lang='lat' dir='ltr'>alia</span> <span class='ocrx_word' id='word_1_667' title='bbox 2378 393 2480 422; x_wconf 89' lang='lat' dir='ltr'>iacere</span> 
     </span>
     <span class='ocr_line' id='line_1_83' title="bbox 1421 430 2481 471; baseline 0.006 -11"><span class='ocrx_word' id='word_1_668' title='bbox 1421 430 1644 461; x_wconf 87' lang='lat' dir='ltr'>fundamenta:</span> <span class='ocrx_word' id='word_1_669' title='bbox 1662 431 1727 466; x_wconf 92' lang='lat' dir='ltr'>sed,</span> <span class='ocrx_word' id='word_1_670' title='bbox 1745 431 1770 461; x_wconf 90' lang='lat' dir='ltr'>si</span> <span class='ocrx_word' id='word_1_671' title='bbox 1786 433 1931 471; x_wconf 89' lang='lat' dir='ltr'>superius</span> <span class='ocrx_word' id='word_1_672' title='bbox 1955 432 2038 462; x_wconf 86' lang='lat' dir='ltr'>dicta</span> <span class='ocrx_word' id='word_1_673' title='bbox 2050 434 2066 449; x_wconf 68' lang='lat'>⁴*</span> <span class='ocrx_word' id='word_1_674' title='bbox 2082 433 2270 470; x_wconf 89' lang='lat' dir='ltr'>recolantur,</span> <span class='ocrx_word' id='word_1_675' title='bbox 2287 436 2394 465; x_wconf 88' lang='lat' dir='ltr'>omnia</span> <span class='ocrx_word' id='word_1_676' title='bbox 2417 436 2481 466; x_wconf 90' lang='lat' dir='ltr'>fere</span> 
     </span>
     <span class='ocr_line' id='line_1_84' title="bbox 1419 474 2480 518; baseline 0.005 -14"><span class='ocrx_word' id='word_1_677' title='bbox 1419 479 1539 514; x_wconf 90' lang='lat' dir='ltr'>patent.</span> <span class='ocrx_word' id='word_1_678' title='bbox 1564 474 1596 505; x_wconf 92' lang='lat' dir='ltr'>Si</span> <span class='ocrx_word' id='word_1_679' title='bbox 1620 474 1837 505; x_wconf 90' lang='lat' dir='ltr'>consideretur</span> <span class='ocrx_word' id='word_1_680' title='bbox 1862 476 1948 506; x_wconf 90' lang='lat' dir='ltr'>enim</span> <span class='ocrx_word' id='word_1_681' title='bbox 1971 475 2145 507; x_wconf 84' lang='lat' dir='ltr'>differentia</span> <span class='ocrx_word' id='word_1_682' title='bbox 2169 478 2249 507; x_wconf 89' lang='lat' dir='ltr'>inter</span> <span class='ocrx_word' id='word_1_683' title='bbox 2271 479 2390 518; x_wconf 89' lang='lat' dir='ltr'>aliquid</span> <span class='ocrx_word' id='word_1_684' title='bbox 2414 489 2480 510; x_wconf 86' lang='lat' dir='ltr'>esse</span> 
     </span>
     <span class='ocr_line' id='line_1_85' title="bbox 1421 519 2481 561; baseline 0.005 -13"><span class='ocrx_word' id='word_1_685' title='bbox 1421 528 1478 549; x_wconf 92' lang='lat' dir='ltr'>seu</span> <span class='ocrx_word' id='word_1_686' title='bbox 1501 528 1664 549; x_wconf 88' lang='lat' dir='ltr'>remanere</span> <span class='ocrx_word' id='word_1_687' title='bbox 1688 519 1720 549; x_wconf 93' lang='lat' dir='ltr'>in</span> <span class='ocrx_word' id='word_1_688' title='bbox 1745 519 1825 555; x_wconf 88' lang='lat' dir='ltr'>alio,</span> <span class='ocrx_word' id='word_1_689' title='bbox 1857 525 1888 549; x_wconf 90' lang='lat' dir='ltr'>et</span> <span class='ocrx_word' id='word_1_690' title='bbox 1911 520 1942 550; x_wconf 91' lang='lat' dir='ltr'>id</span> <span class='ocrx_word' id='word_1_691' title='bbox 1971 520 2060 559; x_wconf 93' lang='lat' dir='ltr'>quod</span> <span class='ocrx_word' id='word_1_692' title='bbox 2087 520 2147 551; x_wconf 84' lang='lat' dir='ltr'>fuit</span> <span class='ocrx_word' id='word_1_693' title='bbox 2170 521 2289 561; x_wconf 91' lang='lat' dir='ltr'>aliquid</span> <span class='ocrx_word' id='word_1_694' title='bbox 2313 532 2380 553; x_wconf 89' lang='lat' dir='ltr'>esse</span> <span class='ocrx_word' id='word_1_695' title='bbox 2403 523 2481 554; x_wconf 93' lang='lat' dir='ltr'>illud</span> 
     </span>
     <span class='ocr_line' id='line_1_86' title="bbox 1421 562 2480 604; baseline 0.005 -12"><span class='ocrx_word' id='word_1_696' title='bbox 1421 562 1517 598; x_wconf 91' lang='lat' dir='ltr'>aliud,</span> <span class='ocrx_word' id='word_1_697' title='bbox 1535 563 1693 593; x_wconf 85' lang='lat' dir='ltr'>elucescet</span> <span class='ocrx_word' id='word_1_698' title='bbox 1708 563 1827 593; x_wconf 87' lang='lat' dir='ltr'>solutio</span> <span class='ocrx_word' id='word_1_699' title='bbox 1839 563 1927 593; x_wconf 91' lang='lat' dir='ltr'>nodi.</span> <span class='ocrx_word' id='word_1_700' title='bbox 1949 564 2140 604; x_wconf 88' lang='lat' dir='ltr'>Imaginatur</span> <span class='ocrx_word' id='word_1_701' title='bbox 2152 565 2332 601; x_wconf 88' lang='lat' dir='ltr'>Durandus,</span> <span class='ocrx_word' id='word_1_702' title='bbox 2346 572 2376 596; x_wconf 92' lang='lat' dir='ltr'>et</span> <span class='ocrx_word' id='word_1_703' title='bbox 2387 567 2480 603; x_wconf 91' lang='lat' dir='ltr'>male,</span> 
     </span>
     <span class='ocr_line' id='line_1_87' title="bbox 1421 608 2480 648; baseline 0.004 -12"><span class='ocrx_word' id='word_1_704' title='bbox 1421 612 1571 647; x_wconf 91' lang='lat' dir='ltr'>oportere</span> <span class='ocrx_word' id='word_1_705' title='bbox 1591 616 1783 637; x_wconf 85' lang='lat' dir='ltr'>conversum</span> <span class='ocrx_word' id='word_1_706' title='bbox 1799 617 1928 638; x_wconf 90' lang='lat' dir='ltr'>manere</span> <span class='ocrx_word' id='word_1_707' title='bbox 1944 608 1977 638; x_wconf 92' lang='lat' dir='ltr'>in</span> <span class='ocrx_word' id='word_1_708' title='bbox 1994 617 2033 638; x_wconf 94' lang='lat' dir='ltr'>eo</span> <span class='ocrx_word' id='word_1_709' title='bbox 2057 609 2090 638; x_wconf 92' lang='lat' dir='ltr'>in</span> <span class='ocrx_word' id='word_1_710' title='bbox 2107 608 2196 648; x_wconf 93' lang='lat' dir='ltr'>quod</span> <span class='ocrx_word' id='word_1_711' title='bbox 2212 615 2258 639; x_wconf 89' lang='lat' dir='ltr'>est</span> <span class='ocrx_word' id='word_1_712' title='bbox 2275 619 2480 641; x_wconf 83' lang='lat' dir='ltr'>conversum:</span> 
     </span>
     <span class='ocr_line' id='line_1_88' title="bbox 1421 650 2481 688; baseline 0.004 -7"><span class='ocrx_word' id='word_1_713' title='bbox 1421 660 1506 686; x_wconf 91' lang='lat' dir='ltr'>cum,</span> <span class='ocrx_word' id='word_1_714' title='bbox 1531 650 1710 681; x_wconf 91' lang='lat' dir='ltr'>secundum</span> <span class='ocrx_word' id='word_1_715' title='bbox 1733 652 1908 688; x_wconf 88' lang='lat' dir='ltr'>veritatem,</span> <span class='ocrx_word' id='word_1_716' title='bbox 1933 661 2123 682; x_wconf 90' lang='lat' dir='ltr'>conversum</span> <span class='ocrx_word' id='word_1_717' title='bbox 2146 662 2214 683; x_wconf 91' lang='lat' dir='ltr'>non</span> <span class='ocrx_word' id='word_1_718' title='bbox 2236 659 2362 684; x_wconf 89' lang='lat' dir='ltr'>maneat</span> <span class='ocrx_word' id='word_1_719' title='bbox 2385 655 2418 684; x_wconf 90' lang='lat' dir='ltr'>in</span> <span class='ocrx_word' id='word_1_720' title='bbox 2442 665 2481 685; x_wconf 90' lang='lat' dir='ltr'>eo</span> 
     </span>
     <span class='ocr_line' id='line_1_89' title="bbox 1420 694 2482 736; baseline 0.004 -12"><span class='ocrx_word' id='word_1_721' title='bbox 1420 695 1454 725; x_wconf 89' lang='lat' dir='ltr'>in</span> <span class='ocrx_word' id='word_1_722' title='bbox 1478 694 1568 735; x_wconf 92' lang='lat' dir='ltr'>quod</span> <span class='ocrx_word' id='word_1_723' title='bbox 1591 701 1638 725; x_wconf 90' lang='lat' dir='ltr'>est</span> <span class='ocrx_word' id='word_1_724' title='bbox 1661 705 1867 731; x_wconf 88' lang='lat' dir='ltr'>conversum,</span> <span class='ocrx_word' id='word_1_725' title='bbox 1892 695 1948 725; x_wconf 88' lang='lat' dir='ltr'>sed</span> <span class='ocrx_word' id='word_1_726' title='bbox 1971 702 2017 726; x_wconf 91' lang='lat' dir='ltr'>est</span> <span class='ocrx_word' id='word_1_727' title='bbox 2039 697 2145 736; x_wconf 91' lang='lat' dir='ltr'>ipsum</span> <span class='ocrx_word' id='word_1_728' title='bbox 2169 697 2201 727; x_wconf 93' lang='lat' dir='ltr'>in</span> <span class='ocrx_word' id='word_1_729' title='bbox 2226 697 2314 736; x_wconf 90' lang='lat' dir='ltr'>quod</span> <span class='ocrx_word' id='word_1_730' title='bbox 2336 704 2382 728; x_wconf 91' lang='lat' dir='ltr'>est</span> <span class='ocrx_word' id='word_1_731' title='bbox 2406 708 2482 728; x_wconf 91' lang='lat' dir='ltr'>con-</span> 
     </span>
     <span class='ocr_line' id='line_1_90' title="bbox 1420 739 2482 780; baseline 0.004 -12"><span class='ocrx_word' id='word_1_732' title='bbox 1420 748 1558 769; x_wconf 90' lang='lat' dir='ltr'>versum.</span> <span class='ocrx_word' id='word_1_733' title='bbox 1583 739 1624 769; x_wconf 92' lang='lat' dir='ltr'>Et</span> <span class='ocrx_word' id='word_1_734' title='bbox 1646 744 1816 779; x_wconf 90' lang='lat' dir='ltr'>propterea</span> <span class='ocrx_word' id='word_1_735' title='bbox 1839 741 1929 780; x_wconf 89' lang='lat' dir='ltr'>panis</span> <span class='ocrx_word' id='word_1_736' title='bbox 1952 750 2020 770; x_wconf 92' lang='lat' dir='ltr'>non</span> <span class='ocrx_word' id='word_1_737' title='bbox 2035 740 2235 777; x_wconf 89' lang='lat' dir='ltr'>annihilatur,</span> <span class='ocrx_word' id='word_1_738' title='bbox 2259 751 2318 771; x_wconf 92' lang='lat' dir='ltr'>nec</span> <span class='ocrx_word' id='word_1_739' title='bbox 2341 748 2482 772; x_wconf 89' lang='lat' dir='ltr'>remanet</span> 
     </span>
     <span class='ocr_line' id='line_1_91' title="bbox 1421 783 2482 827; baseline 0.005 -15"><span class='ocrx_word' id='word_1_740' title='bbox 1421 783 1454 813; x_wconf 89' lang='lat' dir='ltr'>in</span> <span class='ocrx_word' id='word_1_741' title='bbox 1479 792 1614 823; x_wconf 91' lang='lat' dir='ltr'>corpore</span> <span class='ocrx_word' id='word_1_742' title='bbox 1645 783 1778 814; x_wconf 89' lang='lat' dir='ltr'>Christi:</span> <span class='ocrx_word' id='word_1_743' title='bbox 1810 783 1865 814; x_wconf 90' lang='lat' dir='ltr'>sed</span> <span class='ocrx_word' id='word_1_744' title='bbox 1896 784 1929 814; x_wconf 83' lang='lat' dir='ltr'>id</span> <span class='ocrx_word' id='word_1_745' title='bbox 1957 784 2043 824; x_wconf 86' lang='lat' dir='ltr'>quod</span> <span class='ocrx_word' id='word_1_746' title='bbox 2073 789 2144 815; x_wconf 89' lang='lat' dir='ltr'>erat</span> <span class='ocrx_word' id='word_1_747' title='bbox 2170 786 2268 825; x_wconf 83' lang='lat' dir='ltr'>panis</span> <span class='ocrx_word' id='word_1_748' title='bbox 2298 791 2344 816; x_wconf 85' lang='lat' dir='ltr'>est</span> <span class='ocrx_word' id='word_1_749' title='bbox 2366 796 2482 827; x_wconf 83' lang='lat' dir='ltr'>corpus</span> 
     </span>
     <span class='ocr_line' id='line_1_92' title="bbox 1423 827 1553 857; baseline 0 0"><span class='ocrx_word' id='word_1_750' title='bbox 1423 827 1553 857; x_wconf 87' lang='lat' dir='ltr'>Christi.</span> 
     </span>
    </p>

    <p class='ocr_par' dir='ltr' id='par_1_23' title="bbox 1420 871 2483 1044">
     <span class='ocr_line' id='line_1_93' title="bbox 1476 871 2483 912; baseline 0.004 -11"><span class='ocrx_word' id='word_1_751' title='bbox 1476 871 1586 907; x_wconf 88' lang='lat' dir='ltr'>Unde,</span> <span class='ocrx_word' id='word_1_752' title='bbox 1611 871 1793 911; x_wconf 89' lang='lat' dir='ltr'>singillatim</span> <span class='ocrx_word' id='word_1_753' title='bbox 1817 872 2041 912; x_wconf 89' lang='lat' dir='ltr'>respondendo</span> <span class='ocrx_word' id='word_1_754' title='bbox 2055 896 2062 907; x_wconf 94' lang='lat'>,</span> <span class='ocrx_word' id='word_1_755' title='bbox 2096 872 2279 903; x_wconf 89' lang='lat' dir='ltr'>confutatur</span> <span class='ocrx_word' id='word_1_756' title='bbox 2301 874 2419 904; x_wconf 90' lang='lat' dir='ltr'>solutio</span> <span class='ocrx_word' id='word_1_757' title='bbox 2443 874 2483 905; x_wconf 90' lang='lat' dir='ltr'>ad</span> 
     </span>
     <span class='ocr_line' id='line_1_94' title="bbox 1420 916 2483 957; baseline 0.003 -12"><span class='ocrx_word' id='word_1_758' title='bbox 1420 916 1577 946; x_wconf 87' lang='lat' dir='ltr'>rationem</span> <span class='ocrx_word' id='word_1_759' title='bbox 1600 916 1748 946; x_wconf 91' lang='lat' dir='ltr'>Auctoris</span> <span class='ocrx_word' id='word_1_760' title='bbox 1772 926 1789 945; x_wconf 88' lang='lat' dir='ltr'>a</span> <span class='ocrx_word' id='word_1_761' title='bbox 1813 916 1966 946; x_wconf 92' lang='lat' dir='ltr'>Durando</span> <span class='ocrx_word' id='word_1_762' title='bbox 1991 917 2081 946; x_wconf 89' lang='lat' dir='ltr'>allata</span> <span class='ocrx_word' id='word_1_763' title='bbox 2097 918 2131 946; x_wconf 72' lang='lat' dir='ltr'>*z</span> <span class='ocrx_word' id='word_1_764' title='bbox 2163 918 2317 957; x_wconf 91' lang='lat' dir='ltr'>quoniam</span> <span class='ocrx_word' id='word_1_765' title='bbox 2339 918 2483 948; x_wconf 87' lang='lat' dir='ltr'>innititur</span> 
     </span>
     <span class='ocr_line' id='line_1_95' title="bbox 1421 959 2482 1001; baseline 0.003 -12"><span class='ocrx_word' id='word_1_766' title='bbox 1421 959 1495 990; x_wconf 90' lang='lat' dir='ltr'>huic</span> <span class='ocrx_word' id='word_1_767' title='bbox 1518 959 1598 990; x_wconf 91' lang='lat' dir='ltr'>falso</span> <span class='ocrx_word' id='word_1_768' title='bbox 1622 959 1850 990; x_wconf 88' lang='lat' dir='ltr'>fundamento:</span> <span class='ocrx_word' id='word_1_769' title='bbox 1876 960 2078 991; x_wconf 89' lang='lat' dir='ltr'>Conversum</span> <span class='ocrx_word' id='word_1_770' title='bbox 2094 967 2222 1001; x_wconf 89' lang='lat' dir='ltr'>oportet</span> <span class='ocrx_word' id='word_1_771' title='bbox 2243 971 2372 992; x_wconf 88' lang='lat' dir='ltr'>manere</span> <span class='ocrx_word' id='word_1_772' title='bbox 2387 963 2420 992; x_wconf 90' lang='lat' dir='ltr'>in</span> <span class='ocrx_word' id='word_1_773' title='bbox 2443 972 2482 993; x_wconf 89' lang='lat' dir='ltr'>eo</span> 
     </span>
     <span class='ocr_line' id='line_1_96' title="bbox 1420 1003 1794 1044; baseline 0 -10"><span class='ocrx_word' id='word_1_774' title='bbox 1420 1004 1454 1034; x_wconf 92' lang='lat' dir='ltr'>in</span> <span class='ocrx_word' id='word_1_775' title='bbox 1477 1003 1567 1044; x_wconf 93' lang='lat' dir='ltr'>quod</span> <span class='ocrx_word' id='word_1_776' title='bbox 1590 1005 1794 1034; x_wconf 90' lang='lat' dir='ltr'>convertitur.</span> 
     </span>
    </p>

    <p class='ocr_par' dir='ltr' id='par_1_24' title="bbox 1420 1048 2483 1309">
     <span class='ocr_line' id='line_1_97' title="bbox 1475 1048 2482 1090; baseline 0.003 -12"><span class='ocrx_word' id='word_1_777' title='bbox 1475 1048 1516 1078; x_wconf 89' lang='lat' dir='ltr'>Et</span> <span class='ocrx_word' id='word_1_778' title='bbox 1538 1049 1572 1078; x_wconf 90' lang='lat' dir='ltr'>in</span> <span class='ocrx_word' id='word_1_779' title='bbox 1591 1048 1654 1078; x_wconf 93' lang='lat' dir='ltr'>hoc</span> <span class='ocrx_word' id='word_1_780' title='bbox 1678 1058 1810 1088; x_wconf 91' lang='lat' dir='ltr'>quoque</span> <span class='ocrx_word' id='word_1_781' title='bbox 1834 1054 1946 1089; x_wconf 92' lang='lat' dir='ltr'>peccat</span> <span class='ocrx_word' id='word_1_782' title='bbox 1969 1050 2109 1089; x_wconf 90' lang='lat' dir='ltr'>primurn</span> <span class='ocrx_word' id='word_1_783' title='bbox 2126 1055 2349 1090; x_wconf 88' lang='lat' dir='ltr'>argumentum</span> <span class='ocrx_word' id='word_1_784' title='bbox 2372 1056 2482 1081; x_wconf 88' lang='lat' dir='ltr'>contra</span> 
     </span>
     <span class='ocr_line' id='line_1_98' title="bbox 1420 1093 2482 1134; baseline 0.003 -12"><span class='ocrx_word' id='word_1_785' title='bbox 1420 1093 1616 1132; x_wconf 89' lang='lat' dir='ltr'>positionem</span> <span class='ocrx_word' id='word_1_786' title='bbox 1639 1093 1789 1123; x_wconf 88' lang='lat' dir='ltr'>Auctoris</span> <span class='ocrx_word' id='word_1_787' title='bbox 1805 1094 1837 1123; x_wconf 45' lang='grc' dir='ltr'>ἢ</span> <span class='ocrx_word' id='word_1_788' title='bbox 1857 1102 1932 1123; x_wconf 90' lang='lat' dir='ltr'>nam</span> <span class='ocrx_word' id='word_1_789' title='bbox 1948 1094 2011 1123; x_wconf 87' lang='lat' dir='ltr'>hoc</span> <span class='ocrx_word' id='word_1_790' title='bbox 2028 1094 2141 1125; x_wconf 92' lang='lat' dir='ltr'>falsum</span> <span class='ocrx_word' id='word_1_791' title='bbox 2164 1095 2295 1124; x_wconf 87' lang='lat' dir='ltr'>assumit</span> <span class='ocrx_word' id='word_1_792' title='bbox 2317 1104 2376 1134; x_wconf 90' lang='lat' dir='ltr'>pro</span> <span class='ocrx_word' id='word_1_793' title='bbox 2395 1100 2482 1125; x_wconf 87' lang='lat' dir='ltr'>ante-</span> 
     </span>
     <span class='ocr_line' id='line_1_99' title="bbox 1422 1136 2481 1178; baseline 0.003 -12"><span class='ocrx_word' id='word_1_794' title='bbox 1422 1136 1564 1167; x_wconf 91' lang='lat' dir='ltr'>cedente.</span> <span class='ocrx_word' id='word_1_795' title='bbox 1581 1155 1604 1158; x_wconf 97' lang='lat'><strong>—</strong></span> <span class='ocrx_word' id='word_1_796' title='bbox 1619 1137 1660 1166; x_wconf 89' lang='lat' dir='ltr'>Et</span> <span class='ocrx_word' id='word_1_797' title='bbox 1676 1136 1715 1167; x_wconf 91' lang='lat' dir='ltr'>ad</span> <span class='ocrx_word' id='word_1_798' title='bbox 1730 1137 1954 1177; x_wconf 86' lang='lat' dir='ltr'>probationem</span> <span class='ocrx_word' id='word_1_799' title='bbox 1971 1138 2038 1168; x_wconf 89' lang='lat' dir='ltr'>eius</span> <span class='ocrx_word' id='word_1_800' title='bbox 2054 1137 2264 1178; x_wconf 89' lang='lat' dir='ltr'>respondetur</span> <span class='ocrx_word' id='word_1_801' title='bbox 2279 1138 2481 1169; x_wconf 86' lang='lat' dir='ltr'>falsissimum</span> 
     </span>
     <span class='ocr_line' id='line_1_100' title="bbox 1421 1180 2481 1221; baseline 0.003 -11"><span class='ocrx_word' id='word_1_802' title='bbox 1421 1190 1489 1211; x_wconf 88' lang='lat' dir='ltr'>esse</span> <span class='ocrx_word' id='word_1_803' title='bbox 1512 1180 1601 1220; x_wconf 91' lang='lat' dir='ltr'>quod</span> <span class='ocrx_word' id='word_1_804' title='bbox 1618 1190 1675 1221; x_wconf 88' lang='lat' dir='ltr'>per</span> <span class='ocrx_word' id='word_1_805' title='bbox 1689 1181 1752 1211; x_wconf 93' lang='lat' dir='ltr'>hoc</span> <span class='ocrx_word' id='word_1_806' title='bbox 1769 1182 1935 1212; x_wconf 91' lang='lat' dir='ltr'>conversio</span> <span class='ocrx_word' id='word_1_807' title='bbox 1952 1181 2072 1213; x_wconf 87' lang='lat' dir='ltr'>differat</span> <span class='ocrx_word' id='word_1_808' title='bbox 2092 1183 2130 1212; x_wconf 90' lang='lat' dir='ltr'>ab</span> <span class='ocrx_word' id='word_1_809' title='bbox 2151 1183 2397 1213; x_wconf 82' lang='lat' dir='ltr'>annihilatione:</span> <span class='ocrx_word' id='word_1_810' title='bbox 2422 1183 2481 1214; x_wconf 88' lang='lat' dir='ltr'>dif-</span> 
     </span>
     <span class='ocr_line' id='line_1_101' title="bbox 1421 1224 2483 1267; baseline 0.004 -13"><span class='ocrx_word' id='word_1_811' title='bbox 1421 1224 1481 1255; x_wconf 88' lang='lat' dir='ltr'>fert</span> <span class='ocrx_word' id='word_1_812' title='bbox 1505 1226 1591 1255; x_wconf 87' lang='lat' dir='ltr'>enim</span> <span class='ocrx_word' id='word_1_813' title='bbox 1623 1226 1662 1255; x_wconf 89' lang='lat' dir='ltr'>ab</span> <span class='ocrx_word' id='word_1_814' title='bbox 1686 1225 1739 1255; x_wconf 92' lang='lat' dir='ltr'>illa</span> <span class='ocrx_word' id='word_1_815' title='bbox 1767 1234 1824 1265; x_wconf 92' lang='lat' dir='ltr'>per</span> <span class='ocrx_word' id='word_1_816' title='bbox 1846 1226 1909 1256; x_wconf 93' lang='lat' dir='ltr'>hoc</span> <span class='ocrx_word' id='word_1_817' title='bbox 1939 1226 2028 1266; x_wconf 93' lang='lat' dir='ltr'>quod</span> <span class='ocrx_word' id='word_1_818' title='bbox 2052 1227 2084 1257; x_wconf 87' lang='lat' dir='ltr'>id</span> <span class='ocrx_word' id='word_1_819' title='bbox 2106 1226 2193 1267; x_wconf 86' lang='lat' dir='ltr'>quod</span> <span class='ocrx_word' id='word_1_820' title='bbox 2215 1232 2285 1257; x_wconf 86' lang='lat' dir='ltr'>erat</span> <span class='ocrx_word' id='word_1_821' title='bbox 2309 1228 2407 1267; x_wconf 83' lang='lat' dir='ltr'>panis</span> <span class='ocrx_word' id='word_1_822' title='bbox 2436 1232 2483 1258; x_wconf 86' lang='lat' dir='ltr'>est</span> 
     </span>
     <span class='ocr_line' id='line_1_102' title="bbox 1421 1269 1695 1309; baseline 0 -10"><span class='ocrx_word' id='word_1_823' title='bbox 1421 1278 1539 1309; x_wconf 73' lang='lat' dir='ltr'>corpus</span> <span class='ocrx_word' id='word_1_824' title='bbox 1565 1269 1695 1299; x_wconf 85' lang='lat' dir='ltr'>Christi.</span> 
     </span>
    </p>

    <p class='ocr_par' dir='ltr' id='par_1_25' title="bbox 1420 1312 2482 1748">
     <span class='ocr_line' id='line_1_103' title="bbox 1475 1312 2481 1354; baseline 0.003 -11"><span class='ocrx_word' id='word_1_825' title='bbox 1475 1312 1527 1343; x_wconf 88' lang='lat' dir='ltr'>Ad</span> <span class='ocrx_word' id='word_1_826' title='bbox 1550 1313 1728 1344; x_wconf 91' lang='lat' dir='ltr'>secundum</span> <span class='ocrx_word' id='word_1_827' title='bbox 1752 1313 1866 1344; x_wconf 91' lang='lat' dir='ltr'>dicitur</span> <span class='ocrx_word' id='word_1_828' title='bbox 1889 1313 1997 1354; x_wconf 89' lang='lat' dir='ltr'>quod,</span> <span class='ocrx_word' id='word_1_829' title='bbox 2028 1315 2102 1344; x_wconf 92' lang='lat' dir='ltr'>licet</span> <span class='ocrx_word' id='word_1_830' title='bbox 2125 1315 2163 1344; x_wconf 91' lang='lat' dir='ltr'>sit</span> <span class='ocrx_word' id='word_1_831' title='bbox 2190 1314 2367 1345; x_wconf 89' lang='lat' dir='ltr'>secundum</span> <span class='ocrx_word' id='word_1_832' title='bbox 2389 1321 2481 1346; x_wconf 88' lang='lat' dir='ltr'>natu-</span> 
     </span>
     <span class='ocr_line' id='line_1_104' title="bbox 1421 1357 2481 1399; baseline 0.003 -12"><span class='ocrx_word' id='word_1_833' title='bbox 1421 1357 1518 1387; x_wconf 91' lang='lat' dir='ltr'>ralem</span> <span class='ocrx_word' id='word_1_834' title='bbox 1541 1358 1718 1397; x_wconf 90' lang='lat' dir='ltr'>potentiam</span> <span class='ocrx_word' id='word_1_835' title='bbox 1742 1357 1914 1388; x_wconf 86' lang='lat' dir='ltr'>absurdum</span> <span class='ocrx_word' id='word_1_836' title='bbox 1938 1358 2087 1398; x_wconf 88' lang='lat' dir='ltr'>angelum</span> <span class='ocrx_word' id='word_1_837' title='bbox 2110 1368 2204 1399; x_wconf 90' lang='lat' dir='ltr'>posse</span> <span class='ocrx_word' id='word_1_838' title='bbox 2228 1360 2369 1389; x_wconf 89' lang='lat' dir='ltr'>converti</span> <span class='ocrx_word' id='word_1_839' title='bbox 2388 1360 2421 1390; x_wconf 91' lang='lat' dir='ltr'>in</span> <span class='ocrx_word' id='word_1_840' title='bbox 2437 1360 2481 1390; x_wconf 90' lang='lat' dir='ltr'>la-</span> 
     </span>
     <span class='ocr_line' id='line_1_105' title="bbox 1421 1401 2481 1441; baseline 0.003 -10"><span class='ocrx_word' id='word_1_841' title='bbox 1421 1401 1539 1441; x_wconf 89' lang='lat' dir='ltr'>pidem,</span> <span class='ocrx_word' id='word_1_842' title='bbox 1565 1407 1619 1432; x_wconf 89' lang='lat' dir='ltr'>aut</span> <span class='ocrx_word' id='word_1_843' title='bbox 1642 1411 1659 1432; x_wconf 94' lang='lat' dir='ltr'>e</span> <span class='ocrx_word' id='word_1_844' title='bbox 1684 1407 1810 1438; x_wconf 86' lang='lat' dir='ltr'>contra;</span> <span class='ocrx_word' id='word_1_845' title='bbox 1834 1411 1901 1432; x_wconf 92' lang='lat' dir='ltr'>non</span> <span class='ocrx_word' id='word_1_846' title='bbox 1918 1407 1964 1432; x_wconf 91' lang='lat' dir='ltr'>est</span> <span class='ocrx_word' id='word_1_847' title='bbox 1982 1408 2089 1433; x_wconf 92' lang='lat' dir='ltr'>tamen</span> <span class='ocrx_word' id='word_1_848' title='bbox 2109 1402 2280 1433; x_wconf 89' lang='lat' dir='ltr'>absurdum</span> <span class='ocrx_word' id='word_1_849' title='bbox 2303 1403 2481 1434; x_wconf 90' lang='lat' dir='ltr'>secundum</span> 
     </span>
     <span class='ocr_line' id='line_1_106' title="bbox 1420 1445 2481 1487; baseline 0.003 -12"><span class='ocrx_word' id='word_1_850' title='bbox 1420 1446 1598 1485; x_wconf 88' lang='lat' dir='ltr'>potentiam</span> <span class='ocrx_word' id='word_1_851' title='bbox 1622 1445 1823 1476; x_wconf 90' lang='lat' dir='ltr'>obedientiae</span> <span class='ocrx_word' id='word_1_852' title='bbox 1839 1445 1878 1476; x_wconf 92' lang='lat' dir='ltr'>ad</span> <span class='ocrx_word' id='word_1_853' title='bbox 1894 1446 2034 1476; x_wconf 90' lang='lat' dir='ltr'>divinam</span> <span class='ocrx_word' id='word_1_854' title='bbox 2050 1447 2326 1487; x_wconf 88' lang='lat' dir='ltr'>omnipotentiam.</span> <span class='ocrx_word' id='word_1_855' title='bbox 2351 1448 2392 1478; x_wconf 91' lang='lat' dir='ltr'>Et</span> <span class='ocrx_word' id='word_1_856' title='bbox 2407 1448 2481 1478; x_wconf 92' lang='lat' dir='ltr'>licet</span> 
     </span>
     <span class='ocr_line' id='line_1_107' title="bbox 1421 1490 2482 1530; baseline 0.003 -11"><span class='ocrx_word' id='word_1_857' title='bbox 1421 1490 1543 1529; x_wconf 89' lang='lat' dir='ltr'>optime</span> <span class='ocrx_word' id='word_1_858' title='bbox 1572 1490 1611 1519; x_wconf 89' lang='lat' dir='ltr'>sit</span> <span class='ocrx_word' id='word_1_859' title='bbox 1633 1490 1838 1529; x_wconf 89' lang='lat' dir='ltr'>reprobatum</span> <span class='ocrx_word' id='word_1_860' title='bbox 1870 1490 2048 1520; x_wconf 88' lang='lat' dir='ltr'>albedinem</span> <span class='ocrx_word' id='word_1_861' title='bbox 2072 1490 2139 1521; x_wconf 88' lang='lat' dir='ltr'>fieri</span> <span class='ocrx_word' id='word_1_862' title='bbox 2163 1491 2376 1530; x_wconf 90' lang='lat' dir='ltr'>nigredinem,</span> <span class='ocrx_word' id='word_1_863' title='bbox 2400 1493 2482 1522; x_wconf 91' lang='lat' dir='ltr'>sicut</span> 
     </span>
     <span class='ocr_line' id='line_1_108' title="bbox 1421 1533 2480 1574; baseline 0.003 -11"><span class='ocrx_word' id='word_1_864' title='bbox 1421 1533 1516 1563; x_wconf 91' lang='lat' dir='ltr'>etiarn</span> <span class='ocrx_word' id='word_1_865' title='bbox 1546 1534 1751 1573; x_wconf 89' lang='lat' dir='ltr'>reprobatum</span> <span class='ocrx_word' id='word_1_866' title='bbox 1782 1539 1828 1564; x_wconf 90' lang='lat' dir='ltr'>est</span> <span class='ocrx_word' id='word_1_867' title='bbox 1858 1543 1975 1573; x_wconf 90' lang='lat' dir='ltr'>panem</span> <span class='ocrx_word' id='word_1_868' title='bbox 2006 1534 2074 1564; x_wconf 90' lang='lat' dir='ltr'>fieri</span> <span class='ocrx_word' id='word_1_869' title='bbox 2106 1544 2222 1574; x_wconf 90' lang='lat' dir='ltr'>corpus</span> <span class='ocrx_word' id='word_1_870' title='bbox 2247 1534 2380 1572; x_wconf 90' lang='lat' dir='ltr'>Christi;</span> <span class='ocrx_word' id='word_1_871' title='bbox 2412 1546 2480 1566; x_wconf 91' lang='lat' dir='ltr'>non</span> 
     </span>
     <span class='ocr_line' id='line_1_109' title="bbox 1420 1578 2480 1618; baseline 0.003 -11"><span class='ocrx_word' id='word_1_872' title='bbox 1420 1582 1527 1607; x_wconf 90' lang='lat' dir='ltr'>tamen</span> <span class='ocrx_word' id='word_1_873' title='bbox 1551 1578 1756 1617; x_wconf 87' lang='lat' dir='ltr'>reprobatum</span> <span class='ocrx_word' id='word_1_874' title='bbox 1773 1583 1819 1607; x_wconf 89' lang='lat' dir='ltr'>est</span> <span class='ocrx_word' id='word_1_875' title='bbox 1843 1578 2021 1608; x_wconf 88' lang='lat' dir='ltr'>albedinem</span> <span class='ocrx_word' id='word_1_876' title='bbox 2037 1588 2131 1617; x_wconf 91' lang='lat' dir='ltr'>posse</span> <span class='ocrx_word' id='word_1_877' title='bbox 2147 1588 2204 1618; x_wconf 89' lang='lat' dir='ltr'>per</span> <span class='ocrx_word' id='word_1_878' title='bbox 2220 1578 2359 1609; x_wconf 89' lang='lat' dir='ltr'>divinam</span> <span class='ocrx_word' id='word_1_879' title='bbox 2376 1581 2480 1610; x_wconf 93' lang='lat' dir='ltr'>omni-</span> 
     </span>
     <span class='ocr_line' id='line_1_110' title="bbox 1420 1621 2481 1663; baseline 0.004 -13"><span class='ocrx_word' id='word_1_880' title='bbox 1420 1621 1598 1660; x_wconf 90' lang='lat' dir='ltr'>potentiam</span> <span class='ocrx_word' id='word_1_881' title='bbox 1632 1622 1774 1651; x_wconf 90' lang='lat' dir='ltr'>converti</span> <span class='ocrx_word' id='word_1_882' title='bbox 1807 1622 1839 1651; x_wconf 94' lang='lat' dir='ltr'>in</span> <span class='ocrx_word' id='word_1_883' title='bbox 1874 1621 2089 1661; x_wconf 88' lang='lat' dir='ltr'>nigredinem;</span> <span class='ocrx_word' id='word_1_884' title='bbox 2124 1632 2191 1652; x_wconf 91' lang='lat' dir='ltr'>non</span> <span class='ocrx_word' id='word_1_885' title='bbox 2222 1623 2308 1652; x_wconf 89' lang='lat' dir='ltr'>enim</span> <span class='ocrx_word' id='word_1_886' title='bbox 2340 1624 2481 1663; x_wconf 90' lang='lat' dir='ltr'>implicat</span> 
     </span>
     <span class='ocr_line' id='line_1_111' title="bbox 1421 1664 2482 1705; baseline 0.003 -11"><span class='ocrx_word' id='word_1_887' title='bbox 1421 1664 1718 1695; x_wconf 89' lang='lat' dir='ltr'>contradictionem.</span> <span class='ocrx_word' id='word_1_888' title='bbox 1743 1665 1783 1694; x_wconf 92' lang='lat' dir='ltr'>Et</span> <span class='ocrx_word' id='word_1_889' title='bbox 1806 1665 1948 1695; x_wconf 88' lang='lat' dir='ltr'>similiter</span> <span class='ocrx_word' id='word_1_890' title='bbox 1971 1666 2061 1705; x_wconf 89' lang='lat' dir='ltr'>panis</span> <span class='ocrx_word' id='word_1_891' title='bbox 2084 1671 2189 1705; x_wconf 90' lang='lat' dir='ltr'>potest</span> <span class='ocrx_word' id='word_1_892' title='bbox 2205 1667 2348 1696; x_wconf 90' lang='lat' dir='ltr'>converti</span> <span class='ocrx_word' id='word_1_893' title='bbox 2363 1668 2395 1697; x_wconf 91' lang='lat' dir='ltr'>in</span> <span class='ocrx_word' id='word_1_894' title='bbox 2412 1677 2482 1698; x_wconf 91' lang='lat' dir='ltr'>cor-</span> 
     </span>
     <span class='ocr_line' id='line_1_112' title="bbox 1420 1708 1632 1748; baseline 0 -10"><span class='ocrx_word' id='word_1_895' title='bbox 1420 1718 1481 1748; x_wconf 92' lang='lat' dir='ltr'>pus</span> <span class='ocrx_word' id='word_1_896' title='bbox 1505 1708 1632 1738; x_wconf 92' lang='lat' dir='ltr'>Christi.</span> 
     </span>
    </p>

    <p class='ocr_par' dir='ltr' id='par_1_26' title="bbox 1419 1751 2482 2544">
     <span class='ocr_line' id='line_1_113' title="bbox 1475 1751 2482 1795; baseline 0.003 -13"><span class='ocrx_word' id='word_1_897' title='bbox 1475 1752 1527 1782; x_wconf 91' lang='lat' dir='ltr'>Ad</span> <span class='ocrx_word' id='word_1_898' title='bbox 1556 1753 1685 1782; x_wconf 88' lang='lat' dir='ltr'>tertium</span> <span class='ocrx_word' id='word_1_899' title='bbox 1717 1751 1833 1782; x_wconf 89' lang='lat' dir='ltr'>dicitur</span> <span class='ocrx_word' id='word_1_900' title='bbox 1863 1752 2072 1783; x_wconf 91' lang='lat' dir='ltr'>concedendo</span> <span class='ocrx_word' id='word_1_901' title='bbox 2104 1753 2193 1793; x_wconf 93' lang='lat' dir='ltr'>quod</span> <span class='ocrx_word' id='word_1_902' title='bbox 2220 1755 2351 1793; x_wconf 86' lang='lat' dir='ltr'>angelus</span> <span class='ocrx_word' id='word_1_903' title='bbox 2381 1756 2482 1795; x_wconf 90' lang='lat' dir='ltr'>possit</span> 
     </span>
     <span class='ocr_line' id='line_1_114' title="bbox 1421 1795 2481 1836; baseline 0.003 -10"><span class='ocrx_word' id='word_1_904' title='bbox 1421 1795 1564 1826; x_wconf 88' lang='lat' dir='ltr'>desinere</span> <span class='ocrx_word' id='word_1_905' title='bbox 1580 1806 1647 1826; x_wconf 91' lang='lat' dir='ltr'>esse</span> <span class='ocrx_word' id='word_1_906' title='bbox 1663 1797 1731 1826; x_wconf 90' lang='lat' dir='ltr'>sine</span> <span class='ocrx_word' id='word_1_907' title='bbox 1747 1797 1975 1827; x_wconf 88' lang='lat' dir='ltr'>annihilatione</span> <span class='ocrx_word' id='word_1_908' title='bbox 1992 1806 2048 1836; x_wconf 89' lang='lat' dir='ltr'>per</span> <span class='ocrx_word' id='word_1_909' title='bbox 2065 1798 2308 1828; x_wconf 88' lang='lat' dir='ltr'>conversionem</span> <span class='ocrx_word' id='word_1_910' title='bbox 2324 1799 2357 1828; x_wconf 90' lang='lat' dir='ltr'>in</span> <span class='ocrx_word' id='word_1_911' title='bbox 2373 1799 2481 1829; x_wconf 89' lang='lat' dir='ltr'>alium.</span> 
     </span>
     <span class='ocr_line' id='line_1_115' title="bbox 1420 1840 2482 1883; baseline 0.003 -13"><span class='ocrx_word' id='word_1_912' title='bbox 1420 1840 1461 1870; x_wconf 87' lang='lat' dir='ltr'>Et</span> <span class='ocrx_word' id='word_1_913' title='bbox 1484 1849 1559 1870; x_wconf 92' lang='lat' dir='ltr'>cum</span> <span class='ocrx_word' id='word_1_914' title='bbox 1583 1841 1732 1870; x_wconf 91' lang='lat' dir='ltr'>obiicitur</span> <span class='ocrx_word' id='word_1_915' title='bbox 1758 1840 1848 1880; x_wconf 90' lang='lat' dir='ltr'>quod</span> <span class='ocrx_word' id='word_1_916' title='bbox 1870 1850 1938 1871; x_wconf 90' lang='lat' dir='ltr'>non</span> <span class='ocrx_word' id='word_1_917' title='bbox 1961 1846 2066 1880; x_wconf 89' lang='lat' dir='ltr'>potest</span> <span class='ocrx_word' id='word_1_918' title='bbox 2089 1842 2229 1881; x_wconf 92' lang='lat' dir='ltr'>incipere</span> <span class='ocrx_word' id='word_1_919' title='bbox 2253 1851 2320 1872; x_wconf 90' lang='lat' dir='ltr'>esse</span> <span class='ocrx_word' id='word_1_920' title='bbox 2342 1843 2402 1872; x_wconf 90' lang='lat' dir='ltr'>nisi</span> <span class='ocrx_word' id='word_1_921' title='bbox 2425 1853 2482 1883; x_wconf 92' lang='lat' dir='ltr'>per</span> 
     </span>
     <span class='ocr_line' id='line_1_116' title="bbox 1421 1884 2482 1925; baseline 0.003 -11"><span class='ocrx_word' id='word_1_922' title='bbox 1421 1885 1631 1914; x_wconf 89' lang='lat' dir='ltr'>creationem:</span> <span class='ocrx_word' id='word_1_923' title='bbox 1656 1884 1867 1924; x_wconf 89' lang='lat' dir='ltr'>respondetur</span> <span class='ocrx_word' id='word_1_924' title='bbox 1891 1884 1990 1924; x_wconf 93' lang='lat' dir='ltr'>quod,</span> <span class='ocrx_word' id='word_1_925' title='bbox 2014 1885 2039 1915; x_wconf 91' lang='lat' dir='ltr'>si</span> <span class='ocrx_word' id='word_1_926' title='bbox 2063 1885 2095 1925; x_wconf 96' lang='lat' dir='ltr'>ly</span> <span class='ocrx_word' id='word_1_927' title='bbox 2112 1890 2220 1925; x_wconf 81' lang='lat' dir='ltr'>potest</span> <span class='ocrx_word' id='word_1_928' title='bbox 2242 1886 2411 1917; x_wconf 89' lang='lat' dir='ltr'>attenditur</span> <span class='ocrx_word' id='word_1_929' title='bbox 2434 1897 2482 1917; x_wconf 91' lang='lat' dir='ltr'>se-</span> 
     </span>
     <span class='ocr_line' id='line_1_117' title="bbox 1421 1927 2482 1970; baseline 0.004 -12"><span class='ocrx_word' id='word_1_930' title='bbox 1421 1927 1564 1958; x_wconf 91' lang='lat' dir='ltr'>cundum</span> <span class='ocrx_word' id='word_1_931' title='bbox 1596 1929 1774 1968; x_wconf 91' lang='lat' dir='ltr'>potentiam</span> <span class='ocrx_word' id='word_1_932' title='bbox 1804 1928 2013 1965; x_wconf 88' lang='lat' dir='ltr'>ordinariam,</span> <span class='ocrx_word' id='word_1_933' title='bbox 2037 1939 2148 1959; x_wconf 92' lang='lat' dir='ltr'>verum</span> <span class='ocrx_word' id='word_1_934' title='bbox 2173 1935 2232 1966; x_wconf 89' lang='lat' dir='ltr'>est;</span> <span class='ocrx_word' id='word_1_935' title='bbox 2265 1931 2340 1970; x_wconf 92' lang='lat' dir='ltr'>quia</span> <span class='ocrx_word' id='word_1_936' title='bbox 2366 1931 2482 1962; x_wconf 92' lang='lat' dir='ltr'>modus</span> 
     </span>
     <span class='ocr_line' id='line_1_118' title="bbox 1419 1972 2481 2013; baseline 0.004 -11"><span class='ocrx_word' id='word_1_937' title='bbox 1419 1972 1594 2012; x_wconf 91' lang='lat' dir='ltr'>incipiendi</span> <span class='ocrx_word' id='word_1_938' title='bbox 1626 1982 1683 2013; x_wconf 91' lang='lat' dir='ltr'>per</span> <span class='ocrx_word' id='word_1_939' title='bbox 1714 1973 1908 2003; x_wconf 89' lang='lat' dir='ltr'>creationem</span> <span class='ocrx_word' id='word_1_940' title='bbox 1936 1979 1982 2003; x_wconf 90' lang='lat' dir='ltr'>est</span> <span class='ocrx_word' id='word_1_941' title='bbox 2009 1979 2162 2013; x_wconf 90' lang='lat' dir='ltr'>tanquam</span> <span class='ocrx_word' id='word_1_942' title='bbox 2193 1975 2342 2005; x_wconf 89' lang='lat' dir='ltr'>naturalis</span> <span class='ocrx_word' id='word_1_943' title='bbox 2365 1975 2481 2006; x_wconf 91' lang='lat' dir='ltr'>modus</span> 
     </span>
     <span class='ocr_line' id='line_1_119' title="bbox 1421 2017 2482 2057; baseline 0.004 -11"><span class='ocrx_word' id='word_1_944' title='bbox 1421 2026 1487 2056; x_wconf 91' lang='lat' dir='ltr'>quo</span> <span class='ocrx_word' id='word_1_945' title='bbox 1511 2017 1624 2057; x_wconf 90' lang='lat' dir='ltr'>incipit</span> <span class='ocrx_word' id='word_1_946' title='bbox 1651 2025 1718 2047; x_wconf 90' lang='lat' dir='ltr'>esse</span> <span class='ocrx_word' id='word_1_947' title='bbox 1742 2017 1889 2056; x_wconf 86' lang='lat' dir='ltr'>angelus;</span> <span class='ocrx_word' id='word_1_948' title='bbox 1924 2018 1976 2047; x_wconf 89' lang='lat' dir='ltr'>cui</span> <span class='ocrx_word' id='word_1_949' title='bbox 2004 2017 2210 2057; x_wconf 91' lang='lat' dir='ltr'>responderet</span> <span class='ocrx_word' id='word_1_950' title='bbox 2237 2019 2432 2055; x_wconf 89' lang='lat' dir='ltr'>annihilatio,</span> <span class='ocrx_word' id='word_1_951' title='bbox 2457 2021 2482 2050; x_wconf 92' lang='lat' dir='ltr'>si</span> 
     </span>
     <span class='ocr_line' id='line_1_120' title="bbox 1419 2060 2481 2103; baseline 0.003 -12"><span class='ocrx_word' id='word_1_952' title='bbox 1419 2066 1574 2101; x_wconf 90' lang='lat' dir='ltr'>tanquam</span> <span class='ocrx_word' id='word_1_953' title='bbox 1596 2061 1731 2091; x_wconf 88' lang='lat' dir='ltr'>naturali</span> <span class='ocrx_word' id='word_1_954' title='bbox 1750 2060 1850 2091; x_wconf 91' lang='lat' dir='ltr'>modo</span> <span class='ocrx_word' id='word_1_955' title='bbox 1866 2061 2011 2101; x_wconf 91' lang='lat' dir='ltr'>perderet</span> <span class='ocrx_word' id='word_1_956' title='bbox 2028 2071 2104 2092; x_wconf 90' lang='lat' dir='ltr'>esse.</span> <span class='ocrx_word' id='word_1_957' title='bbox 2128 2062 2259 2097; x_wconf 89' lang='lat' dir='ltr'>Verum,</span> <span class='ocrx_word' id='word_1_958' title='bbox 2276 2063 2358 2093; x_wconf 92' lang='lat' dir='ltr'>sicut</span> <span class='ocrx_word' id='word_1_959' title='bbox 2372 2073 2481 2103; x_wconf 89' lang='lat' dir='ltr'>super-</span> 
     </span>
     <span class='ocr_line' id='line_1_121' title="bbox 1420 2105 2482 2146; baseline 0.003 -11"><span class='ocrx_word' id='word_1_960' title='bbox 1420 2105 1603 2136; x_wconf 88' lang='lat' dir='ltr'>naturaliter</span> <span class='ocrx_word' id='word_1_961' title='bbox 1625 2110 1732 2146; x_wconf 90' lang='lat' dir='ltr'>potest</span> <span class='ocrx_word' id='word_1_962' title='bbox 1754 2105 1886 2145; x_wconf 87' lang='lat' dir='ltr'>perdere</span> <span class='ocrx_word' id='word_1_963' title='bbox 1910 2115 1977 2136; x_wconf 89' lang='lat' dir='ltr'>esse</span> <span class='ocrx_word' id='word_1_964' title='bbox 2000 2115 2057 2146; x_wconf 89' lang='lat' dir='ltr'>per</span> <span class='ocrx_word' id='word_1_965' title='bbox 2073 2107 2317 2137; x_wconf 78' lang='lat' dir='ltr'>conversionem</span> <span class='ocrx_word' id='word_1_966' title='bbox 2340 2108 2373 2137; x_wconf 91' lang='lat' dir='ltr'>in</span> <span class='ocrx_word' id='word_1_967' title='bbox 2389 2108 2482 2139; x_wconf 90' lang='lat' dir='ltr'>aliam</span> 
     </span>
     <span class='ocr_line' id='line_1_122' title="bbox 1421 2149 2481 2191; baseline 0.002 -11"><span class='ocrx_word' id='word_1_968' title='bbox 1421 2155 1607 2186; x_wconf 90' lang='lat' dir='ltr'>creaturam,</span> <span class='ocrx_word' id='word_1_969' title='bbox 1623 2159 1691 2180; x_wconf 92' lang='lat' dir='ltr'>non</span> <span class='ocrx_word' id='word_1_970' title='bbox 1707 2149 1802 2180; x_wconf 93' lang='lat' dir='ltr'>video</span> <span class='ocrx_word' id='word_1_971' title='bbox 1819 2159 1916 2190; x_wconf 90' lang='lat' dir='ltr'>quare</span> <span class='ocrx_word' id='word_1_972' title='bbox 1937 2151 2214 2190; x_wconf 87' lang='lat' dir='ltr'>supernaturaliter</span> <span class='ocrx_word' id='word_1_973' title='bbox 2235 2161 2303 2181; x_wconf 92' lang='lat' dir='ltr'>non</span> <span class='ocrx_word' id='word_1_974' title='bbox 2318 2152 2419 2191; x_wconf 86' lang='lat' dir='ltr'>possit</span> <span class='ocrx_word' id='word_1_975' title='bbox 2433 2153 2481 2182; x_wconf 92' lang='lat' dir='ltr'>in-</span> 
     </span>
     <span class='ocr_line' id='line_1_123' title="bbox 1421 2195 2481 2236; baseline 0.002 -12"><span class='ocrx_word' id='word_1_976' title='bbox 1421 2195 1526 2234; x_wconf 90' lang='lat' dir='ltr'>cipere</span> <span class='ocrx_word' id='word_1_977' title='bbox 1551 2203 1618 2224; x_wconf 91' lang='lat' dir='ltr'>esse</span> <span class='ocrx_word' id='word_1_978' title='bbox 1641 2203 1698 2234; x_wconf 92' lang='lat' dir='ltr'>per</span> <span class='ocrx_word' id='word_1_979' title='bbox 1722 2195 1966 2224; x_wconf 86' lang='lat' dir='ltr'>conversionem</span> <span class='ocrx_word' id='word_1_980' title='bbox 1985 2195 2111 2225; x_wconf 89' lang='lat' dir='ltr'>alterius</span> <span class='ocrx_word' id='word_1_981' title='bbox 2126 2195 2161 2225; x_wconf 91' lang='lat' dir='ltr'>in</span> <span class='ocrx_word' id='word_1_982' title='bbox 2175 2195 2292 2235; x_wconf 90' lang='lat' dir='ltr'>ipsum,</span> <span class='ocrx_word' id='word_1_983' title='bbox 2308 2205 2376 2225; x_wconf 93' lang='lat' dir='ltr'>non</span> <span class='ocrx_word' id='word_1_984' title='bbox 2391 2205 2481 2236; x_wconf 92' lang='lat' dir='ltr'>prae-</span> 
     </span>
     <span class='ocr_line' id='line_1_124' title="bbox 1420 2237 2481 2280; baseline 0.002 -12"><span class='ocrx_word' id='word_1_985' title='bbox 1420 2239 1606 2268; x_wconf 90' lang='lat' dir='ltr'>existentem</span> <span class='ocrx_word' id='word_1_986' title='bbox 1616 2262 1623 2274; x_wconf 91' lang='lat'>,</span> <span class='ocrx_word' id='word_1_987' title='bbox 1648 2237 1704 2269; x_wconf 91' lang='lat' dir='ltr'>sed</span> <span class='ocrx_word' id='word_1_988' title='bbox 1719 2239 1938 2278; x_wconf 88' lang='lat' dir='ltr'>acquirentem</span> <span class='ocrx_word' id='word_1_989' title='bbox 1955 2248 2031 2269; x_wconf 89' lang='lat' dir='ltr'>esse.</span> <span class='ocrx_word' id='word_1_990' title='bbox 2057 2239 2097 2269; x_wconf 91' lang='lat' dir='ltr'>Et</span> <span class='ocrx_word' id='word_1_991' title='bbox 2111 2248 2246 2269; x_wconf 89' lang='lat' dir='ltr'>moveor</span> <span class='ocrx_word' id='word_1_992' title='bbox 2262 2239 2301 2270; x_wconf 92' lang='lat' dir='ltr'>ad</span> <span class='ocrx_word' id='word_1_993' title='bbox 2315 2240 2388 2276; x_wconf 92' lang='lat' dir='ltr'>hoc,</span> <span class='ocrx_word' id='word_1_994' title='bbox 2406 2242 2481 2280; x_wconf 89' lang='lat' dir='ltr'>quia</span> 
     </span>
     <span class='ocr_line' id='line_1_125' title="bbox 1419 2281 2480 2315; baseline 0.003 -3"><span class='ocrx_word' id='word_1_995' title='bbox 1419 2281 1542 2313; x_wconf 89' lang='lat' dir='ltr'>facilius</span> <span class='ocrx_word' id='word_1_996' title='bbox 1564 2282 1689 2313; x_wconf 86' lang='lat' dir='ltr'>videtur</span> <span class='ocrx_word' id='word_1_997' title='bbox 1712 2288 1896 2313; x_wconf 89' lang='lat' dir='ltr'>convertere</span> <span class='ocrx_word' id='word_1_998' title='bbox 1919 2293 2016 2313; x_wconf 92' lang='lat' dir='ltr'>unam</span> <span class='ocrx_word' id='word_1_999' title='bbox 2041 2289 2215 2313; x_wconf 89' lang='lat' dir='ltr'>creaturam</span> <span class='ocrx_word' id='word_1_1000' title='bbox 2238 2284 2271 2313; x_wconf 93' lang='lat' dir='ltr'>in</span> <span class='ocrx_word' id='word_1_1001' title='bbox 2294 2284 2388 2314; x_wconf 90' lang='lat' dir='ltr'>aliam</span> <span class='ocrx_word' id='word_1_1002' title='bbox 2413 2294 2480 2315; x_wconf 93' lang='lat' dir='ltr'>non</span> 
     </span>
     <span class='ocr_line' id='line_1_126' title="bbox 1419 2327 2480 2368; baseline 0.002 -11"><span class='ocrx_word' id='word_1_1003' title='bbox 1419 2327 1684 2367; x_wconf 84' lang='lat' dir='ltr'>praeexistentem</span> <span class='ocrx_word' id='word_1_1004' title='bbox 1700 2332 1732 2357; x_wconf 92' lang='lat' dir='ltr'>et</span> <span class='ocrx_word' id='word_1_1005' title='bbox 1750 2327 1968 2367; x_wconf 88' lang='lat' dir='ltr'>acquirentem</span> <span class='ocrx_word' id='word_1_1006' title='bbox 1984 2337 2061 2363; x_wconf 87' lang='lat' dir='ltr'>esse,</span> <span class='ocrx_word' id='word_1_1007' title='bbox 2079 2337 2176 2367; x_wconf 91' lang='lat' dir='ltr'>quam</span> <span class='ocrx_word' id='word_1_1008' title='bbox 2193 2328 2225 2357; x_wconf 92' lang='lat' dir='ltr'>in</span> <span class='ocrx_word' id='word_1_1009' title='bbox 2241 2327 2375 2358; x_wconf 89' lang='lat' dir='ltr'>eandem</span> <span class='ocrx_word' id='word_1_1010' title='bbox 2390 2338 2480 2368; x_wconf 88' lang='lat' dir='ltr'>prae-</span> 
     </span>
     <span class='ocr_line' id='line_1_127' title="bbox 1420 2370 2480 2412; baseline 0.002 -11"><span class='ocrx_word' id='word_1_1011' title='bbox 1420 2371 1616 2401; x_wconf 88' lang='lat' dir='ltr'>existentem.</span> <span class='ocrx_word' id='word_1_1012' title='bbox 1641 2370 1734 2401; x_wconf 91' lang='lat' dir='ltr'>Unde</span> <span class='ocrx_word' id='word_1_1013' title='bbox 1758 2380 1825 2401; x_wconf 92' lang='lat' dir='ltr'>non</span> <span class='ocrx_word' id='word_1_1014' title='bbox 1842 2370 2015 2402; x_wconf 90' lang='lat' dir='ltr'>admittitur</span> <span class='ocrx_word' id='word_1_1015' title='bbox 2030 2371 2144 2401; x_wconf 91' lang='lat' dir='ltr'>ultimo</span> <span class='ocrx_word' id='word_1_1016' title='bbox 2165 2378 2363 2412; x_wconf 89' lang='lat' dir='ltr'>assumptum</span> <span class='ocrx_word' id='word_1_1017' title='bbox 2379 2382 2396 2402; x_wconf 89' lang='lat' dir='ltr'>a</span> <span class='ocrx_word' id='word_1_1018' title='bbox 2412 2373 2480 2403; x_wconf 92' lang='lat' dir='ltr'>Du-</span> 
     </span>
     <span class='ocr_line' id='line_1_128' title="bbox 1419 2414 2478 2456; baseline 0.002 -11"><span class='ocrx_word' id='word_1_1019' title='bbox 1419 2414 1519 2446; x_wconf 87' lang='lat' dir='ltr'>rando</span> <span class='ocrx_word' id='word_1_1020' title='bbox 1550 2416 1584 2445; x_wconf 92' lang='lat' dir='ltr'>in</span> <span class='ocrx_word' id='word_1_1021' title='bbox 1610 2415 1674 2445; x_wconf 93' lang='lat' dir='ltr'>hoc</span> <span class='ocrx_word' id='word_1_1022' title='bbox 1701 2421 1901 2455; x_wconf 88' lang='lat' dir='ltr'>argumento.</span> <span class='ocrx_word' id='word_1_1023' title='bbox 1936 2415 2035 2453; x_wconf 92' lang='lat' dir='ltr'>Quod</span> <span class='ocrx_word' id='word_1_1024' title='bbox 2062 2415 2087 2445; x_wconf 88' lang='lat' dir='ltr'>si</span> <span class='ocrx_word' id='word_1_1025' title='bbox 2114 2415 2346 2446; x_wconf 87' lang='lat' dir='ltr'>admittendum</span> <span class='ocrx_word' id='word_1_1026' title='bbox 2376 2422 2478 2456; x_wconf 91' lang='lat' dir='ltr'>putas,</span> 
     </span>
     <span class='ocr_line' id='line_1_129' title="bbox 1419 2459 2480 2500; baseline 0.001 -10"><span class='ocrx_word' id='word_1_1027' title='bbox 1419 2465 1573 2500; x_wconf 89' lang='lat' dir='ltr'>tanquam</span> <span class='ocrx_word' id='word_1_1028' title='bbox 1595 2460 1820 2500; x_wconf 82' lang='lat' dir='ltr'>impertinens,</span> <span class='ocrx_word' id='word_1_1029' title='bbox 1848 2469 1930 2500; x_wconf 89' lang='lat' dir='ltr'>nega</span> <span class='ocrx_word' id='word_1_1030' title='bbox 1952 2459 2115 2500; x_wconf 88' lang='lat' dir='ltr'>sequelam</span> <span class='ocrx_word' id='word_1_1031' title='bbox 2139 2460 2178 2490; x_wconf 89' lang='lat' dir='ltr'>ad</span> <span class='ocrx_word' id='word_1_1032' title='bbox 2200 2466 2398 2500; x_wconf 89' lang='lat' dir='ltr'>praesentem</span> <span class='ocrx_word' id='word_1_1033' title='bbox 2421 2461 2480 2491; x_wconf 85' lang='lat' dir='ltr'>dif-</span> 
     </span>
     <span class='ocr_line' id='line_1_130' title="bbox 1419 2502 2045 2544; baseline 0 -10"><span class='ocrx_word' id='word_1_1034' title='bbox 1419 2503 1595 2534; x_wconf 89' lang='lat' dir='ltr'>ficultatem</span> <span class='ocrx_word' id='word_1_1035' title='bbox 1617 2504 1840 2544; x_wconf 90' lang='lat' dir='ltr'>pertinentem.</span> <span class='ocrx_word' id='word_1_1036' title='bbox 2043 2502 2045 2505; x_wconf 82' lang='lat'>&#39;</span> 
     </span>
    </p>

    <p class='ocr_par' dir='ltr' id='par_1_27' title="bbox 1418 2548 2480 2722">
     <span class='ocr_line' id='line_1_131' title="bbox 1474 2548 2480 2589; baseline 0.001 -11"><span class='ocrx_word' id='word_1_1037' title='bbox 1474 2548 1526 2579; x_wconf 90' lang='lat' dir='ltr'>Ad</span> <span class='ocrx_word' id='word_1_1038' title='bbox 1549 2553 1699 2588; x_wconf 87' lang='lat' dir='ltr'>quartum</span> <span class='ocrx_word' id='word_1_1039' title='bbox 1722 2554 1754 2578; x_wconf 91' lang='lat' dir='ltr'>et</span> <span class='ocrx_word' id='word_1_1040' title='bbox 1777 2549 1927 2588; x_wconf 91' lang='lat' dir='ltr'>quintum</span> <span class='ocrx_word' id='word_1_1041' title='bbox 1949 2548 2044 2578; x_wconf 91' lang='lat' dir='ltr'>simul</span> <span class='ocrx_word' id='word_1_1042' title='bbox 2067 2548 2181 2579; x_wconf 89' lang='lat' dir='ltr'>dicitur</span> <span class='ocrx_word' id='word_1_1043' title='bbox 2214 2549 2303 2589; x_wconf 93' lang='lat' dir='ltr'>quod</span> <span class='ocrx_word' id='word_1_1044' title='bbox 2325 2554 2390 2579; x_wconf 89' lang='lat' dir='ltr'>tam</span> <span class='ocrx_word' id='word_1_1045' title='bbox 2413 2550 2480 2579; x_wconf 91' lang='lat' dir='ltr'>Au-</span> 
     </span>
     <span class='ocr_line' id='line_1_132' title="bbox 1418 2592 2479 2634; baseline 0.001 -11"><span class='ocrx_word' id='word_1_1046' title='bbox 1418 2593 1564 2633; x_wconf 85' lang='lat' dir='ltr'>gustinus</span> <span class='ocrx_word' id='word_1_1047' title='bbox 1581 2602 1678 2633; x_wconf 91' lang='lat' dir='ltr'>quam</span> <span class='ocrx_word' id='word_1_1048' title='bbox 1691 2593 1823 2623; x_wconf 89' lang='lat' dir='ltr'>Boetius</span> <span class='ocrx_word' id='word_1_1049' title='bbox 1839 2592 1878 2623; x_wconf 94' lang='lat' dir='ltr'>de</span> <span class='ocrx_word' id='word_1_1050' title='bbox 1890 2593 2121 2623; x_wconf 89' lang='lat' dir='ltr'>mutationibus</span> <span class='ocrx_word' id='word_1_1051' title='bbox 2133 2593 2337 2629; x_wconf 89' lang='lat' dir='ltr'>naturalibus,</span> <span class='ocrx_word' id='word_1_1052' title='bbox 2351 2599 2381 2623; x_wconf 88' lang='lat' dir='ltr'>et</span> <span class='ocrx_word' id='word_1_1053' title='bbox 2397 2603 2479 2634; x_wconf 90' lang='lat' dir='ltr'>quae</span> 
     </span>
     <span class='ocr_line' id='line_1_133' title="bbox 1420 2636 2480 2677; baseline 0.001 -10"><span class='ocrx_word' id='word_1_1054' title='bbox 1420 2637 1459 2667; x_wconf 91' lang='lat' dir='ltr'>de</span> <span class='ocrx_word' id='word_1_1055' title='bbox 1486 2636 1571 2667; x_wconf 89' lang='lat' dir='ltr'>facto</span> <span class='ocrx_word' id='word_1_1056' title='bbox 1598 2636 1777 2668; x_wconf 90' lang='lat' dir='ltr'>secundum</span> <span class='ocrx_word' id='word_1_1057' title='bbox 1803 2636 1901 2667; x_wconf 85' lang='lat' dir='ltr'>fidem</span> <span class='ocrx_word' id='word_1_1058' title='bbox 1928 2636 2029 2673; x_wconf 89' lang='lat' dir='ltr'>fiunt,</span> <span class='ocrx_word' id='word_1_1059' title='bbox 2060 2637 2247 2677; x_wconf 91' lang='lat' dir='ltr'>loquuntur.</span> <span class='ocrx_word' id='word_1_1060' title='bbox 2282 2637 2350 2667; x_wconf 88' lang='lat' dir='ltr'>Nos</span> <span class='ocrx_word' id='word_1_1061' title='bbox 2373 2644 2480 2668; x_wconf 86' lang='lat' dir='ltr'>autem</span> 
     </span>
     <span class='ocr_line' id='line_1_134' title="bbox 1419 2681 2478 2722; baseline 0.001 -11"><span class='ocrx_word' id='word_1_1062' title='bbox 1419 2681 1584 2722; x_wconf 90' lang='lat' dir='ltr'>loquimur</span> <span class='ocrx_word' id='word_1_1063' title='bbox 1607 2681 1785 2712; x_wconf 77' lang='lat' dir='ltr'>secu&#39;ndum</span> <span class='ocrx_word' id='word_1_1064' title='bbox 1809 2681 1933 2711; x_wconf 92' lang='lat' dir='ltr'>divinae</span> <span class='ocrx_word' id='word_1_1065' title='bbox 1950 2682 2203 2721; x_wconf 89' lang='lat' dir='ltr'>omnipotentiae</span> <span class='ocrx_word' id='word_1_1066' title='bbox 2227 2681 2478 2721; x_wconf 88' lang='lat' dir='ltr'>amplitudinem.</span> 
     </span>
    </p>

    <p class='ocr_par' dir='ltr' id='par_1_28' title="bbox 1417 2725 2479 3208">
     <span class='ocr_line' id='line_1_135' title="bbox 1474 2725 2479 2760; baseline 0 -4"><span class='ocrx_word' id='word_1_1067' title='bbox 1474 2726 1542 2756; x_wconf 91' lang='lat' dir='ltr'>XV.</span> <span class='ocrx_word' id='word_1_1068' title='bbox 1567 2725 1619 2756; x_wconf 93' lang='lat' dir='ltr'>Ad</span> <span class='ocrx_word' id='word_1_1069' title='bbox 1642 2725 1767 2756; x_wconf 91' lang='lat' dir='ltr'>obiecta</span> <span class='ocrx_word' id='word_1_1070' title='bbox 1797 2725 1912 2756; x_wconf 91' lang='lat' dir='ltr'>deinde</span> <span class='ocrx_word' id='word_1_1071' title='bbox 1935 2725 2079 2760; x_wconf 88' lang='lat' dir='ltr'>eiusdem</span> <span class='ocrx_word' id='word_1_1072' title='bbox 2103 2730 2213 2755; x_wconf 90' lang='lat' dir='ltr'>contra</span> <span class='ocrx_word' id='word_1_1073' title='bbox 2237 2726 2479 2756; x_wconf 91' lang='lat' dir='ltr'>conversionem</span> 
     </span>
     <span class='ocr_line' id='line_1_136' title="bbox 1418 2769 2479 2810; baseline 0 -10"><span class='ocrx_word' id='word_1_1074' title='bbox 1418 2771 1568 2800; x_wconf 89' lang='lat' dir='ltr'>materiae</span> <span class='ocrx_word' id='word_1_1075' title='bbox 1597 2770 1631 2800; x_wconf 92' lang='lat' dir='ltr'>in</span> <span class='ocrx_word' id='word_1_1076' title='bbox 1659 2770 1823 2800; x_wconf 89' lang='lat' dir='ltr'>materiam</span> <span class='ocrx_word' id='word_1_1077' title='bbox 1839 2770 1871 2806; x_wconf 69' lang='lat'>*,</span> <span class='ocrx_word' id='word_1_1078' title='bbox 1902 2769 2129 2810; x_wconf 87' lang='lat' dir='ltr'>respondetur,</span> <span class='ocrx_word' id='word_1_1079' title='bbox 2154 2769 2422 2800; x_wconf 91' lang='lat' dir='ltr'>communicando</span> <span class='ocrx_word' id='word_1_1080' title='bbox 2446 2771 2479 2800; x_wconf 92' lang='lat' dir='ltr'>in</span> 
     </span>
     <span class='ocr_line' id='line_1_137' title="bbox 1418 2814 2479 2854; baseline -0.001 -10"><span class='ocrx_word' id='word_1_1081' title='bbox 1418 2814 1583 2844; x_wconf 88' lang='lat' dir='ltr'>vocabulis</span> <span class='ocrx_word' id='word_1_1082' title='bbox 1599 2823 1674 2844; x_wconf 91' lang='lat' dir='ltr'>cum</span> <span class='ocrx_word' id='word_1_1083' title='bbox 1690 2819 1851 2854; x_wconf 89' lang='lat' dir='ltr'>arguente,</span> <span class='ocrx_word' id='word_1_1084' title='bbox 1877 2814 1966 2854; x_wconf 92' lang='lat' dir='ltr'>quod</span> <span class='ocrx_word' id='word_1_1085' title='bbox 1989 2823 2151 2844; x_wconf 90' lang='lat' dir='ltr'>remanere</span> <span class='ocrx_word' id='word_1_1086' title='bbox 2168 2814 2200 2843; x_wconf 90' lang='lat' dir='ltr'>in</span> <span class='ocrx_word' id='word_1_1087' title='bbox 2216 2823 2275 2843; x_wconf 91' lang='lat' dir='ltr'>suo</span> <span class='ocrx_word' id='word_1_1088' title='bbox 2292 2814 2386 2844; x_wconf 88' lang='lat' dir='ltr'>simili</span> <span class='ocrx_word' id='word_1_1089' title='bbox 2402 2824 2479 2844; x_wconf 88' lang='lat' dir='ltr'>con-</span> 
     </span>
     <span class='ocr_line' id='line_1_138' title="bbox 1418 2857 2479 2899; baseline -0.001 -11"><span class='ocrx_word' id='word_1_1090' title='bbox 1418 2859 1511 2899; x_wconf 90' lang='lat' dir='ltr'>tingit</span> <span class='ocrx_word' id='word_1_1091' title='bbox 1534 2857 1719 2898; x_wconf 88' lang='lat' dir='ltr'>dupliciter:</span> <span class='ocrx_word' id='word_1_1092' title='bbox 1745 2858 1795 2888; x_wconf 90' lang='lat' dir='ltr'>vel</span> <span class='ocrx_word' id='word_1_1093' title='bbox 1817 2868 1875 2898; x_wconf 91' lang='lat' dir='ltr'>per</span> <span class='ocrx_word' id='word_1_1094' title='bbox 1897 2858 1998 2888; x_wconf 89' lang='lat' dir='ltr'>solam</span> <span class='ocrx_word' id='word_1_1095' title='bbox 2022 2857 2130 2887; x_wconf 89' lang='lat' dir='ltr'>similis</span> <span class='ocrx_word' id='word_1_1096' title='bbox 2155 2858 2404 2894; x_wconf 90' lang='lat' dir='ltr'>remansionem;</span> <span class='ocrx_word' id='word_1_1097' title='bbox 2428 2858 2479 2888; x_wconf 88' lang='lat' dir='ltr'>vel</span> 
     </span>
     <span class='ocr_line' id='line_1_139' title="bbox 1418 2901 2476 2942; baseline -0.001 -9"><span class='ocrx_word' id='word_1_1098' title='bbox 1418 2912 1476 2942; x_wconf 91' lang='lat' dir='ltr'>per</span> <span class='ocrx_word' id='word_1_1099' title='bbox 1498 2903 1736 2933; x_wconf 86' lang='lat' dir='ltr'>remansionem</span> <span class='ocrx_word' id='word_1_1100' title='bbox 1758 2902 1869 2932; x_wconf 86' lang='lat' dir='ltr'>similis</span> <span class='ocrx_word' id='word_1_1101' title='bbox 1892 2903 1936 2932; x_wconf 90' lang='lat' dir='ltr'>sic</span> <span class='ocrx_word' id='word_1_1102' title='bbox 1953 2902 2042 2942; x_wconf 93' lang='lat' dir='ltr'>quod</span> <span class='ocrx_word' id='word_1_1103' title='bbox 2058 2907 2104 2932; x_wconf 88' lang='lat' dir='ltr'>est</span> <span class='ocrx_word' id='word_1_1104' title='bbox 2123 2901 2212 2941; x_wconf 93' lang='lat' dir='ltr'>quod</span> <span class='ocrx_word' id='word_1_1105' title='bbox 2228 2907 2292 2931; x_wconf 88' lang='lat' dir='ltr'>erat</span> <span class='ocrx_word' id='word_1_1106' title='bbox 2307 2901 2476 2941; x_wconf 90' lang='lat' dir='ltr'>reliquum.</span> 
     </span>
     <span class='ocr_line' id='line_1_140' title="bbox 1418 2946 2477 2987; baseline -0.001 -10"><span class='ocrx_word' id='word_1_1107' title='bbox 1418 2946 1460 2976; x_wconf 94' lang='lat' dir='ltr'>Et</span> <span class='ocrx_word' id='word_1_1108' title='bbox 1482 2947 1516 2976; x_wconf 92' lang='lat' dir='ltr'>in</span> <span class='ocrx_word' id='word_1_1109' title='bbox 1539 2948 1749 2977; x_wconf 88' lang='lat' dir='ltr'>conversione</span> <span class='ocrx_word' id='word_1_1110' title='bbox 1773 2946 1904 2987; x_wconf 90' lang='lat' dir='ltr'>quidem</span> <span class='ocrx_word' id='word_1_1111' title='bbox 1928 2946 1967 2977; x_wconf 92' lang='lat' dir='ltr'>de</span> <span class='ocrx_word' id='word_1_1112' title='bbox 1984 2956 2047 2986; x_wconf 91' lang='lat' dir='ltr'>qua</span> <span class='ocrx_word' id='word_1_1113' title='bbox 2063 2951 2109 2976; x_wconf 91' lang='lat' dir='ltr'>est</span> <span class='ocrx_word' id='word_1_1114' title='bbox 2125 2954 2239 2980; x_wconf 89' lang='lat' dir='ltr'>serm0,</span> <span class='ocrx_word' id='word_1_1115' title='bbox 2256 2946 2385 2975; x_wconf 89' lang='lat' dir='ltr'>materia</span> <span class='ocrx_word' id='word_1_1116' title='bbox 2401 2955 2477 2976; x_wconf 92' lang='lat' dir='ltr'>con-</span> 
     </span>
     <span class='ocr_line' id='line_1_141' title="bbox 1418 2988 2478 3029; baseline -0.001 -8"><span class='ocrx_word' id='word_1_1117' title='bbox 1418 3000 1508 3021; x_wconf 85' lang='lat' dir='ltr'>versa</span> <span class='ocrx_word' id='word_1_1118' title='bbox 1529 2996 1672 3022; x_wconf 90' lang='lat' dir='ltr'>remanet</span> <span class='ocrx_word' id='word_1_1119' title='bbox 1694 2991 1728 3021; x_wconf 92' lang='lat' dir='ltr'>in</span> <span class='ocrx_word' id='word_1_1120' title='bbox 1751 3001 1810 3021; x_wconf 93' lang='lat' dir='ltr'>suo</span> <span class='ocrx_word' id='word_1_1121' title='bbox 1834 2990 1929 3021; x_wconf 91' lang='lat' dir='ltr'>simili</span> <span class='ocrx_word' id='word_1_1122' title='bbox 1951 2989 2093 3021; x_wconf 90' lang='lat' dir='ltr'>secundo</span> <span class='ocrx_word' id='word_1_1123' title='bbox 2117 2988 2233 3019; x_wconf 89' lang='lat' dir='ltr'>modo:</span> <span class='ocrx_word' id='word_1_1124' title='bbox 2258 2990 2333 3029; x_wconf 91' lang='lat' dir='ltr'>quia</span> <span class='ocrx_word' id='word_1_1125' title='bbox 2348 2990 2478 3020; x_wconf 88' lang='lat' dir='ltr'>materia</span> 
     </span>
     <span class='ocr_line' id='line_1_142' title="bbox 1418 3033 2477 3075; baseline -0.001 -10"><span class='ocrx_word' id='word_1_1126' title='bbox 1418 3035 1562 3075; x_wconf 90' lang='lat' dir='ltr'>corporis</span> <span class='ocrx_word' id='word_1_1127' title='bbox 1578 3035 1695 3066; x_wconf 90' lang='lat' dir='ltr'>Christi</span> <span class='ocrx_word' id='word_1_1128' title='bbox 1719 3040 1765 3066; x_wconf 90' lang='lat' dir='ltr'>est</span> <span class='ocrx_word' id='word_1_1129' title='bbox 1789 3034 1878 3075; x_wconf 92' lang='lat' dir='ltr'>quod</span> <span class='ocrx_word' id='word_1_1130' title='bbox 1894 3040 1958 3064; x_wconf 91' lang='lat' dir='ltr'>erat</span> <span class='ocrx_word' id='word_1_1131' title='bbox 1973 3034 2102 3064; x_wconf 86' lang='lat' dir='ltr'>materia</span> <span class='ocrx_word' id='word_1_1132' title='bbox 2117 3033 2217 3073; x_wconf 91' lang='lat' dir='ltr'>panis.</span> <span class='ocrx_word' id='word_1_1133' title='bbox 2242 3034 2387 3073; x_wconf 86' lang='lat' dir='ltr'>Arguens</span> <span class='ocrx_word' id='word_1_1134' title='bbox 2401 3043 2477 3064; x_wconf 91' lang='lat' dir='ltr'>vero</span> 
     </span>
     <span class='ocr_line' id='line_1_143' title="bbox 1418 3076 2477 3119; baseline -0.002 -9"><span class='ocrx_word' id='word_1_1135' title='bbox 1418 3079 1534 3119; x_wconf 89' lang='lat' dir='ltr'>accipit</span> <span class='ocrx_word' id='word_1_1136' title='bbox 1559 3089 1723 3110; x_wconf 91' lang='lat' dir='ltr'>remanere</span> <span class='ocrx_word' id='word_1_1137' title='bbox 1754 3080 1787 3110; x_wconf 91' lang='lat' dir='ltr'>in</span> <span class='ocrx_word' id='word_1_1138' title='bbox 1810 3088 1869 3109; x_wconf 91' lang='lat' dir='ltr'>suo</span> <span class='ocrx_word' id='word_1_1139' title='bbox 1894 3079 1988 3108; x_wconf 91' lang='lat' dir='ltr'>simili</span> <span class='ocrx_word' id='word_1_1140' title='bbox 2014 3079 2119 3118; x_wconf 89' lang='lat' dir='ltr'>primo</span> <span class='ocrx_word' id='word_1_1141' title='bbox 2151 3076 2268 3107; x_wconf 91' lang='lat' dir='ltr'>modo:</span> <span class='ocrx_word' id='word_1_1142' title='bbox 2300 3078 2477 3108; x_wconf 85' lang='lat' dir='ltr'>secundum</span> 
     </span>
     <span class='ocr_line' id='line_1_144' title="bbox 1418 3120 2477 3163; baseline -0.003 -9"><span class='ocrx_word' id='word_1_1143' title='bbox 1418 3132 1516 3163; x_wconf 91' lang='lat' dir='ltr'>quem</span> <span class='ocrx_word' id='word_1_1144' title='bbox 1538 3123 1713 3163; x_wconf 91' lang='lat' dir='ltr'>procedere</span> <span class='ocrx_word' id='word_1_1145' title='bbox 1730 3124 1982 3163; x_wconf 87' lang='lat' dir='ltr'>consequentias,</span> <span class='ocrx_word' id='word_1_1146' title='bbox 2007 3128 2038 3152; x_wconf 91' lang='lat' dir='ltr'>et</span> <span class='ocrx_word' id='word_1_1147' title='bbox 2060 3131 2127 3152; x_wconf 92' lang='lat' dir='ltr'>non</span> <span class='ocrx_word' id='word_1_1148' title='bbox 2148 3120 2325 3151; x_wconf 87' lang='lat' dir='ltr'>secundum</span> <span class='ocrx_word' id='word_1_1149' title='bbox 2344 3122 2477 3152; x_wconf 90' lang='lat' dir='ltr'>alterum</span> 
     </span>
     <span class='ocr_line' id='line_1_145' title="bbox 1417 3167 1790 3208; baseline 0 -10"><span class='ocrx_word' id='word_1_1150' title='bbox 1417 3167 1564 3204; x_wconf 88' lang='lat' dir='ltr'>modum,</span> <span class='ocrx_word' id='word_1_1151' title='bbox 1589 3168 1671 3198; x_wconf 91' lang='lat' dir='ltr'>clare</span> <span class='ocrx_word' id='word_1_1152' title='bbox 1694 3173 1790 3208; x_wconf 90' lang='lat' dir='ltr'>patet.</span> 
     </span>
    </p>

    <p class='ocr_par' dir='ltr' id='par_1_29' title="bbox 1418 3209 2478 3384">
     <span class='ocr_line' id='line_1_146' title="bbox 1472 3209 2476 3249; baseline -0.003 -7"><span class='ocrx_word' id='word_1_1153' title='bbox 1472 3211 1556 3242; x_wconf 86' lang='lat' dir='ltr'>XVI.</span> <span class='ocrx_word' id='word_1_1154' title='bbox 1579 3211 1632 3242; x_wconf 91' lang='lat' dir='ltr'>Ad</span> <span class='ocrx_word' id='word_1_1155' title='bbox 1655 3212 1780 3242; x_wconf 92' lang='lat' dir='ltr'>obiecta</span> <span class='ocrx_word' id='word_1_1156' title='bbox 1803 3211 1934 3242; x_wconf 89' lang='lat' dir='ltr'>demum</span> <span class='ocrx_word' id='word_1_1157' title='bbox 1958 3209 2101 3241; x_wconf 89' lang='lat' dir='ltr'>eiusdem</span> <span class='ocrx_word' id='word_1_1158' title='bbox 2125 3209 2277 3246; x_wconf 88' lang='lat' dir='ltr'>Durandi‚</span> <span class='ocrx_word' id='word_1_1159' title='bbox 2301 3210 2335 3239; x_wconf 94' lang='lat' dir='ltr'>in</span> <span class='ocrx_word' id='word_1_1160' title='bbox 2359 3219 2412 3249; x_wconf 92' lang='lat' dir='ltr'>qu.</span> <span class='ocrx_word' id='word_1_1161' title='bbox 2433 3220 2476 3246; x_wconf 88' lang='lat' dir='ltr'>m,</span> 
     </span>
     <span class='ocr_line' id='line_1_147' title="bbox 1418 3254 2477 3294; baseline -0.001 -8"><span class='ocrx_word' id='word_1_1162' title='bbox 1418 3261 1529 3286; x_wconf 89' lang='lat' dir='ltr'>contra</span> <span class='ocrx_word' id='word_1_1163' title='bbox 1552 3255 1688 3286; x_wconf 88' lang='lat' dir='ltr'>modum</span> <span class='ocrx_word' id='word_1_1164' title='bbox 1712 3256 1929 3286; x_wconf 88' lang='lat' dir='ltr'>conversionis</span> <span class='ocrx_word' id='word_1_1165' title='bbox 1952 3255 2016 3284; x_wconf 87' lang='lat' dir='ltr'>iam</span> <span class='ocrx_word' id='word_1_1166' title='bbox 2039 3254 2213 3284; x_wconf 87' lang='lat' dir='ltr'>declaratae</span> <span class='ocrx_word' id='word_1_1167' title='bbox 2229 3254 2255 3289; x_wconf 67' lang='lat'>³²,</span> <span class='ocrx_word' id='word_1_1168' title='bbox 2279 3259 2411 3294; x_wconf 86' lang='lat' dir='ltr'>negatur</span> <span class='ocrx_word' id='word_1_1169' title='bbox 2430 3264 2477 3285; x_wconf 91' lang='lat' dir='ltr'>se-</span> 
     </span>
     <span class='ocr_line' id='line_1_148' title="bbox 1418 3298 2478 3340; baseline -0.002 -10"><span class='ocrx_word' id='word_1_1170' title='bbox 1418 3300 1513 3340; x_wconf 90' lang='lat' dir='ltr'>quela</span> <span class='ocrx_word' id='word_1_1171' title='bbox 1535 3300 1781 3330; x_wconf 91' lang='lat' dir='ltr'>annihilationis.</span> <span class='ocrx_word' id='word_1_1172' title='bbox 1817 3300 1857 3330; x_wconf 90' lang='lat' dir='ltr'>Et</span> <span class='ocrx_word' id='word_1_1173' title='bbox 1885 3299 1924 3329; x_wconf 91' lang='lat' dir='ltr'>ad</span> <span class='ocrx_word' id='word_1_1174' title='bbox 1950 3299 2086 3339; x_wconf 88' lang='lat' dir='ltr'>primam</span> <span class='ocrx_word' id='word_1_1175' title='bbox 2112 3298 2334 3338; x_wconf 91' lang='lat' dir='ltr'>probationem</span> <span class='ocrx_word' id='word_1_1176' title='bbox 2365 3298 2478 3328; x_wconf 90' lang='lat' dir='ltr'>dicitur</span> 
     </span>
     <span class='ocr_line' id='line_1_149' title="bbox 1418 3342 2477 3384; baseline -0.002 -10"><span class='ocrx_word' id='word_1_1177' title='bbox 1418 3343 1508 3384; x_wconf 92' lang='lat' dir='ltr'>quod</span> <span class='ocrx_word' id='word_1_1178' title='bbox 1530 3344 1603 3384; x_wconf 91' lang='lat' dir='ltr'>plus</span> <span class='ocrx_word' id='word_1_1179' title='bbox 1625 3345 1795 3384; x_wconf 88' lang='lat' dir='ltr'>requiritur</span> <span class='ocrx_word' id='word_1_1180' title='bbox 1818 3343 1857 3374; x_wconf 93' lang='lat' dir='ltr'>ad</span> <span class='ocrx_word' id='word_1_1181' title='bbox 1880 3344 2044 3373; x_wconf 90' lang='lat' dir='ltr'>veritatem</span> <span class='ocrx_word' id='word_1_1182' title='bbox 2066 3342 2210 3372; x_wconf 88' lang='lat' dir='ltr'>maioris:</span> <span class='ocrx_word' id='word_1_1183' title='bbox 2235 3342 2363 3378; x_wconf 90' lang='lat' dir='ltr'>scilicet,</span> <span class='ocrx_word' id='word_1_1184' title='bbox 2389 3342 2477 3382; x_wconf 93' lang='lat' dir='ltr'>quod</span> 
     </span>
    </p>
   </div>
   <div class='ocr_carea' id='block_1_13' title="bbox 1407 3385 2475 3428">
    <p class='ocr_par' dir='ltr' id='par_1_30' title="bbox 1407 3385 2475 3428">
     <span class='ocr_line' id='line_1_150' title="bbox 1407 3385 2475 3428; baseline -0.004 -9"><span class='ocrx_word' id='word_1_1185' title='bbox 1407 3387 1451 3419; x_wconf 82' lang='lat' dir='ltr'>,id</span> <span class='ocrx_word' id='word_1_1186' title='bbox 1473 3387 1563 3428; x_wconf 91' lang='lat' dir='ltr'>quod</span> <span class='ocrx_word' id='word_1_1187' title='bbox 1586 3388 1646 3418; x_wconf 91' lang='lat' dir='ltr'>fuit</span> <span class='ocrx_word' id='word_1_1188' title='bbox 1668 3397 1717 3418; x_wconf 91' lang='lat' dir='ltr'>res</span> <span class='ocrx_word' id='word_1_1189' title='bbox 1740 3388 1802 3424; x_wconf 91' lang='lat' dir='ltr'>illa,</span> <span class='ocrx_word' id='word_1_1190' title='bbox 1826 3393 1938 3428; x_wconf 90' lang='lat' dir='ltr'>postea</span> <span class='ocrx_word' id='word_1_1191' title='bbox 1960 3388 1999 3417; x_wconf 91' lang='lat' dir='ltr'>sit</span> <span class='ocrx_word' id='word_1_1192' title='bbox 2019 3387 2107 3417; x_wconf 90' lang='lat' dir='ltr'>nihil.</span> <span class='ocrx_word' id='word_1_1193' title='bbox 2132 3385 2230 3424; x_wconf 94' lang='lat' dir='ltr'>Quod</span> <span class='ocrx_word' id='word_1_1194' title='bbox 2253 3387 2286 3416; x_wconf 93' lang='lat' dir='ltr'>in</span> <span class='ocrx_word' id='word_1_1195' title='bbox 2310 3387 2475 3426; x_wconf 90' lang='lat' dir='ltr'>proposito</span> 
     </span>
    </p>
   </div>
   <div class='ocr_carea' id='block_1_14' title="bbox 1417 3429 2476 3603">
    <p class='ocr_par' dir='ltr' id='par_1_31' title="bbox 1417 3429 2476 3603">
     <span class='ocr_line' id='line_1_151' title="bbox 1417 3429 2476 3471; baseline -0.003 -9"><span class='ocrx_word' id='word_1_1196' title='bbox 1417 3437 1464 3463; x_wconf 90' lang='lat' dir='ltr'>est</span> <span class='ocrx_word' id='word_1_1197' title='bbox 1486 3431 1611 3463; x_wconf 86' lang='lat' dir='ltr'>falsum.</span> <span class='ocrx_word' id='word_1_1198' title='bbox 1647 3432 1751 3470; x_wconf 90' lang='lat' dir='ltr'>Quia,</span> <span class='ocrx_word' id='word_1_1199' title='bbox 1780 3432 1854 3462; x_wconf 89' lang='lat' dir='ltr'>licet</span> <span class='ocrx_word' id='word_1_1200' title='bbox 1876 3431 1966 3471; x_wconf 92' lang='lat' dir='ltr'>panis</span> <span class='ocrx_word' id='word_1_1201' title='bbox 1990 3436 2062 3461; x_wconf 92' lang='lat' dir='ltr'>ante</span> <span class='ocrx_word' id='word_1_1202' title='bbox 2086 3430 2358 3460; x_wconf 90' lang='lat' dir='ltr'>consecrationem</span> <span class='ocrx_word' id='word_1_1203' title='bbox 2382 3429 2476 3459; x_wconf 85' lang='lat' dir='ltr'>fuerit</span> 
     </span>
     <span class='ocr_line' id='line_1_152' title="bbox 1417 3473 2475 3516; baseline -0.005 -9"><span class='ocrx_word' id='word_1_1204' title='bbox 1417 3475 1547 3516; x_wconf 91' lang='lat' dir='ltr'>aliquid,</span> <span class='ocrx_word' id='word_1_1205' title='bbox 1572 3482 1603 3507; x_wconf 90' lang='lat' dir='ltr'>et</span> <span class='ocrx_word' id='word_1_1206' title='bbox 1625 3482 1699 3516; x_wconf 90' lang='lat' dir='ltr'>post</span> <span class='ocrx_word' id='word_1_1207' title='bbox 1723 3476 1995 3506; x_wconf 90' lang='lat' dir='ltr'>consecrationem</span> <span class='ocrx_word' id='word_1_1208' title='bbox 2018 3484 2086 3505; x_wconf 90' lang='lat' dir='ltr'>non</span> <span class='ocrx_word' id='word_1_1209' title='bbox 2101 3475 2140 3504; x_wconf 90' lang='lat' dir='ltr'>sit</span> <span class='ocrx_word' id='word_1_1210' title='bbox 2158 3473 2287 3513; x_wconf 90' lang='lat' dir='ltr'>aliquid,</span> <span class='ocrx_word' id='word_1_1211' title='bbox 2312 3474 2386 3513; x_wconf 88' lang='lat' dir='ltr'>quia</span> <span class='ocrx_word' id='word_1_1212' title='bbox 2409 3483 2475 3503; x_wconf 89' lang='lat' dir='ltr'>non</span> 
     </span>
     <span class='ocr_line' id='line_1_153' title="bbox 1418 3518 2476 3560; baseline -0.004 -10"><span class='ocrx_word' id='word_1_1213' title='bbox 1418 3525 1480 3550; x_wconf 92' lang='lat' dir='ltr'>est:</span> <span class='ocrx_word' id='word_1_1214' title='bbox 1506 3520 1596 3560; x_wconf 93' lang='lat' dir='ltr'>quod</span> <span class='ocrx_word' id='word_1_1215' title='bbox 1618 3525 1725 3550; x_wconf 92' lang='lat' dir='ltr'>tamen</span> <span class='ocrx_word' id='word_1_1216' title='bbox 1749 3525 1815 3550; x_wconf 87' lang='lat' dir='ltr'>erat</span> <span class='ocrx_word' id='word_1_1217' title='bbox 1829 3520 1920 3559; x_wconf 91' lang='lat' dir='ltr'>panis</span> <span class='ocrx_word' id='word_1_1218' title='bbox 1936 3524 2008 3549; x_wconf 90' lang='lat' dir='ltr'>ante</span> <span class='ocrx_word' id='word_1_1219' title='bbox 2028 3518 2310 3553; x_wconf 89' lang='lat' dir='ltr'>consecrationem,</span> <span class='ocrx_word' id='word_1_1220' title='bbox 2335 3523 2381 3548; x_wconf 91' lang='lat' dir='ltr'>est</span> <span class='ocrx_word' id='word_1_1221' title='bbox 2403 3522 2476 3557; x_wconf 88' lang='lat' dir='ltr'>post</span> 
     </span>
     <span class='ocr_line' id='line_1_154' title="bbox 1417 3560 2277 3603; baseline -0.006 -8"><span class='ocrx_word' id='word_1_1222' title='bbox 1417 3565 1692 3595; x_wconf 91' lang='lat' dir='ltr'>consecrationem</span> <span class='ocrx_word' id='word_1_1223' title='bbox 1716 3563 1845 3603; x_wconf 91' lang='lat' dir='ltr'>aliquid,</span> <span class='ocrx_word' id='word_1_1224' title='bbox 1870 3563 1989 3593; x_wconf 91' lang='lat' dir='ltr'>scilicet</span> <span class='ocrx_word' id='word_1_1225' title='bbox 2013 3571 2128 3602; x_wconf 89' lang='lat' dir='ltr'>corpus</span> <span class='ocrx_word' id='word_1_1226' title='bbox 2152 3560 2277 3591; x_wconf 83' lang='lat' dir='ltr'>Christi.</span> 
     </span>
    </p>
   </div>
   <div class='ocr_carea' id='block_1_15' title="bbox 2507 439 2722 540">
    <p class='ocr_par' dir='ltr' id='par_1_32' title="bbox 2507 439 2722 540">
     <span class='ocr_line' id='line_1_155' title="bbox 2508 439 2722 467; baseline 0.005 -7"><span class='ocrx_word' id='word_1_1227' title='bbox 2508 441 2517 451; x_wconf 85' lang='lat'><strong>·</strong></span> <span class='ocrx_word' id='word_1_1228' title='bbox 2528 439 2598 461; x_wconf 85' lang='lat' dir='ltr'>Num.</span> <span class='ocrx_word' id='word_1_1229' title='bbox 2609 445 2636 465; x_wconf 71' lang='grc' dir='ltr'>νς</span> <span class='ocrx_word' id='word_1_1230' title='bbox 2646 442 2689 461; x_wconf 80' lang='lat' dir='ltr'>art.</span> <span class='ocrx_word' id='word_1_1231' title='bbox 2700 445 2722 467; x_wconf 85' lang='lat'>3,</span> 
     </span>
     <span class='ocr_line' id='line_1_156' title="bbox 2508 466 2721 488; baseline 0 -1"><span class='ocrx_word' id='word_1_1232' title='bbox 2508 466 2640 488; x_wconf 83' lang='lat' dir='ltr'>Commem.</span> <span class='ocrx_word' id='word_1_1233' title='bbox 2655 472 2721 487; x_wconf 87' lang='lat' dir='ltr'>num.</span> 
     </span>
     <span class='ocr_line' id='line_1_157' title="bbox 2507 492 2722 540; baseline 0 -26"><span class='ocrx_word' id='word_1_1234' title='bbox 2507 498 2551 540; x_wconf 48' lang='grc' dir='ltr'>ἴιιιιι,</span> <span class='ocrx_word' id='word_1_1235' title='bbox 2560 492 2667 514; x_wconf 74' lang='lat' dir='ltr'>Secundo</span> <span class='ocrx_word' id='word_1_1236' title='bbox 2678 498 2722 514; x_wconf 83' lang='lat' dir='ltr'>no-</span> 
     </span>
    </p>
   </div>
   <div class='ocr_carea' id='block_1_16' title="bbox 2510 925 2642 946">
    <p class='ocr_par' dir='ltr' id='par_1_33' title="bbox 2510 925 2642 946">
     <span class='ocr_line' id='line_1_158' title="bbox 2510 925 2642 946; baseline 0 0"><span class='ocrx_word' id='word_1_1237' title='bbox 2510 926 2520 936; x_wconf 82' lang='lat'><strong>·</strong></span> <span class='ocrx_word' id='word_1_1238' title='bbox 2535 925 2604 946; x_wconf 85' lang='lat' dir='ltr'>Num.</span> <span class='ocrx_word' id='word_1_1239' title='bbox 2619 931 2642 946; x_wconf 84' lang='lat' dir='ltr'>x.</span> 
     </span>
    </p>
   </div>
   <div class='ocr_carea' id='block_1_17' title="bbox 2510 1099 2652 1122">
    <p class='ocr_par' dir='ltr' id='par_1_34' title="bbox 2510 1099 2652 1122">
     <span class='ocr_line' id='line_1_159' title="bbox 2510 1099 2652 1122; baseline 0.007 -1"><span class='ocrx_word' id='word_1_1240' title='bbox 2510 1101 2519 1110; x_wconf 92' lang='grc'><em>·</em></span> <span class='ocrx_word' id='word_1_1241' title='bbox 2534 1099 2604 1121; x_wconf 87' lang='lat' dir='ltr'>Num.</span> <span class='ocrx_word' id='word_1_1242' title='bbox 2619 1105 2652 1122; x_wconf 77' lang='lat' dir='ltr'>xi.</span> 
     </span>
    </p>
   </div>
   <div class='ocr_carea' id='block_1_18' title="bbox 2506 2774 2657 2796">
    <p class='ocr_par' dir='ltr' id='par_1_35' title="bbox 2506 2774 2657 2796">
     <span class='ocr_line' id='line_1_160' title="bbox 2506 2774 2657 2796; baseline -0.013 0"><span class='ocrx_word' id='word_1_1243' title='bbox 2506 2776 2517 2786; x_wconf 79' lang='lat'><strong>·</strong></span> <span class='ocrx_word' id='word_1_1244' title='bbox 2530 2774 2601 2796; x_wconf 86' lang='lat' dir='ltr'>Num.</span> <span class='ocrx_word' id='word_1_1245' title='bbox 2615 2779 2657 2795; x_wconf 71' lang='grc' dir='ltr'>ιιι.</span> 
     </span>
    </p>
   </div>
   <div class='ocr_carea' id='block_1_19' title="bbox 2505 3259 2661 3281">
    <p class='ocr_par' dir='ltr' id='par_1_36' title="bbox 2505 3259 2661 3281">
     <span class='ocr_line' id='line_1_161' title="bbox 2505 3259 2661 3281; baseline -0.013 1"><span class='ocrx_word' id='word_1_1246' title='bbox 2505 3261 2515 3271; x_wconf 86' lang='grc'>·</span> <span class='ocrx_word' id='word_1_1247' title='bbox 2529 3259 2598 3281; x_wconf 87' lang='lat' dir='ltr'>Num.</span> <span class='ocrx_word' id='word_1_1248' title='bbox 2613 3264 2661 3280; x_wconf 83' lang='lat' dir='ltr'>xm.</span> 
     </span>
    </p>
   </div>
  </div>
 </body>
</html>
