2918 4088
992 147 1255 194 QUAESTIO
1284 145 1497 192 LXXXIX,
1527 144 1819 182 ARTICULUS
1847 146 1893 182 111

356 235 486 266 autem
510 226 618 276 quod
635 226 781 263 formae
801 237 901 274 quae
928 233 1091 274 possunt
1109 224 1277 274 recipere
1298 222 1418 271 magis

356 289 392 318 et
419 280 559 326 minus,
580 279 830 316 intenduntur
864 285 900 315 et
931 277 1176 315 remittuntur
1203 276 1419 314 secundum

356 333 548 371 diversam
575 331 867 381 dispositionem
891 330 1070 368 subiecti:
1103 338 1146 367 ut
1173 329 1212 366 in
1241 327 1419 366 Secunda

356 387 466 423 Parte
485 385 505 407 *
524 384 699 422 habitum
718 392 784 421 est.
813 385 860 421 Et
879 383 967 420 inde
988 391 1043 420 est
1061 382 1181 431 quod,
1202 381 1418 419 secundum

356 438 464 488 quod
491 445 620 475 motus
653 437 759 474 liberi
783 436 924 474 arbitrii
952 435 991 472 in
1017 434 1252 485 poenitentia
1279 440 1335 470 est
1362 432 1418 469 in-

355 490 499 528 tensior
525 491 587 527 vel
621 489 834 536 remissior,
865 489 1080 525 secundum
1109 489 1184 524 hoc
1217 485 1419 535 poenitens

355 543 605 593 consequitur
631 542 820 580 maiorem
847 542 909 578 vel
936 540 1128 577 minorem
1155 539 1324 587 gratiam.

410 596 603 644 Contingit
645 602 775 632 autem
819 593 1074 631 intensionem
1115 599 1244 629 motus
1285 590 1418 640 poeni—

354 649 466 686 tentis
507 648 745 698 quandoque
785 645 1117 696 proportionatam
1158 656 1240 681 esse
1282 642 1419 680 maiori

355 702 495 751 gratiae
530 713 650 751 quam
684 700 746 737 illa
773 711 796 736 a
823 710 901 748 qua
937 697 1071 735 cecidit
1098 709 1168 746 per
1194 703 1418 746 peccatum;

356 755 592 804 quandoque
606 765 700 790 vero
716 750 884 800 aequali;
904 750 1141 799 quandoque
1156 761 1250 786 vero
1266 747 1417 785 minori.

355 808 405 845 Et
430 807 519 844 ideo
546 805 748 855 poenitens
776 803 1014 853 quandoque
1043 802 1203 850 resurgit
1223 801 1262 838 in
1282 801 1420 838 maiori

354 859 472 908 gratia
499 871 619 908 quam
646 857 752 906 prius
780 857 985 901 habueram
1023 855 1260 904 quandoque
1289 862 1419 891 autem

354 912 395 949 in
413 911 578 961 aequali;
599 910 836 960 quandoque
855 908 969 945 etiam
988 908 1027 945 in
1042 907 1194 945 minori.
1215 909 1263 944 Et
1282 907 1419 945 eadem

214 968 231 994 Υ
355 964 450 1002 ratio
469 969 485 992 Υ
512 971 568 1001 est
596 963 643 1000 de
671 962 891 1008 virtutibus,
930 973 1031 1011 quae
1060 973 1107 998 ex
1133 960 1251 1009 gratia
1285 972 1419 998 conse-

355 1025 539 1067 quuntur.

408 1072 466 1107 An
494 1081 630 1107 PthJM
658 1080 756 1106 ERGO
780 1080 963 1105 memnon
991 1067 1099 1117 quod
1127 1079 1207 1104 non
1236 1066 1419 1104 omnibus

355 1122 598 1172 diligentibus
634 1123 765 1159 Deum
805 1128 1036 1170 cooperatur
1075 1120 1115 1157 in
1156 1120 1307 1157 bonum
1343 1120 1419 1156 hoc

212 1173 228 1199 ⁸
354 1176 484 1226 ipsum
511 1175 620 1225 quod
638 1187 708 1224 per
725 1181 928 1224 peccatum
947 1186 970 1210 a
988 1173 1060 1210 Dei
1080 1185 1212 1210 amore
1231 1171 1245 1195 ⁸
1264 1173 1418 1219 cadunt,

355 1229 463 1279 quod
490 1236 592 1278 patet
619 1228 659 1265 in
678 1227 737 1264 his
755 1226 823 1277 qui
842 1227 985 1264 cadunt
1012 1234 1048 1263 et
1071 1238 1276 1276 nunquam
1295 1238 1419 1263 resur-

214 1287 227 1304 ‘
354 1290 461 1331 gunt,
475 1283 539 1319 vel
557 1281 624 1331 qui
643 1287 846 1329 resurgunt
865 1280 1004 1317 iterum
1023 1279 1167 1316 casuri:
1189 1279 1256 1315 sed
1276 1278 1314 1315 in
1337 1280 1393 1316 his
1407 1284 1419 1300 ⁸

114 1342 178 1374 ’Δεῖ
189 1342 268 1371 m„
282 1342 334 1383 ¹⁰⁶5
355 1337 420 1386 qui
442 1334 646 1372 secundum
665 1335 896 1384 propositum
924 1334 1047 1370 vocati
1061 1338 1145 1369 sunt
1167 1334 1287 1369 sancti
1299 1332 1329 1378 *,
1350 1331 1420 1368 sci-

114 1370 154 1392 ω’
168 1375 193 1392 ¹¹¹
205 1375 256 1427 ’ξ’
354 1388 440 1426 licet
464 1386 764 1437 praedestinatis,
784 1386 863 1435 qui,
883 1385 1204 1435 quotiescumque
1233 1384 1376 1421 cadunt
1395 1384 1419 1431 ζ,

354 1441 519 1479 finaliter
545 1448 675 1478 tamen
704 1446 916 1487 resurgunt.
948 1438 1058 1475 Cedit
1086 1438 1198 1486 igitur
1220 1437 1274 1488 eis
1293 1437 1332 1474 in
1351 1438 1420 1474 bo-

354 1506 453 1531 num
479 1495 556 1530 hoc
583 1493 691 1542 quod
715 1492 869 1538 cadunt,
898 1503 978 1528 non
997 1491 1089 1540 quia
1108 1502 1262 1539 semper
1280 1490 1319 1527 in
1339 1501 1420 1527 ma-

353 1547 425 1584 iori
451 1546 569 1594 gratia
597 1552 815 1593 resurgant,
845 1545 912 1581 sed
940 1544 1031 1592 quia
1059 1550 1262 1591 resurgunt
1280 1543 1319 1579 in
1337 1555 1420 1592 per-

353 1598 584 1637 manentiori
615 1596 751 1646 gratia:
789 1609 870 1634 non
897 1596 1058 1646 quidem
1091 1608 1137 1632 ex
1165 1603 1270 1645 parte
1299 1595 1420 1645 ipsius

352 1651 504 1701 gratiae,
533 1650 643 1700 quia,
672 1658 818 1699 quanto
845 1649 963 1697 gratia
990 1657 1046 1685 est
1073 1648 1208 1695 maior,
1237 1656 1342 1685 tanto
1371 1649 1419 1685 de

353 1716 394 1742 se
421 1712 478 1741 est
503 1703 808 1753 permanentior3
838 1703 905 1739 sed
933 1714 981 1739 ex
1005 1709 1112 1751 parte
1140 1701 1322 1748 hominis,
1351 1701 1420 1750 qui

351 1765 457 1795 tanto
492 1756 663 1794 stabilius
704 1756 744 1793 in
782 1755 901 1804 gratia
934 1762 1136 1804 permanet
1173 1762 1318 1803 quanto
1364 1762 1420 1791 est

353 1809 501 1848 cautior
519 1817 556 1847 et
573 1808 768 1846 humilior.
793 1808 904 1846 Unde
924 1815 960 1844 et
979 1808 1116 1845 Glossa
1134 1807 1279 1844 ibidem
1293 1807 1313 1829 '¹‘
1332 1807 1419 1844 sub·

353 1863 408 1902 dit
434 1863 543 1913 quod
570 1862 659 1900 ideo
691 1861 844 1911 proficit
878 1861 931 1898 eis
967 1861 1006 1898 in
1034 1861 1185 1898 bonum
1222 1860 1330 1910 quod
1358 1872 1419 1898 ca-

210 1923 228 1948 ¹⁸
353 1917 461 1964 dunt,
490 1918 577 1967 quia
600 1916 815 1952 humiliores
834 1914 997 1961 redeunt,
1026 1920 1060 1951 et
1087 1916 1174 1963 quia
1192 1919 1211 1941 ‘¹¹
1239 1914 1421 1951 doctiores

341 1972 458 2019 fiunt.

405 2024 463 2060 An
490 2033 680 2060 SECUNDUM
699 2033 880 2059 memnon
899 2020 1007 2070 quod
1026 2019 1272 2070 poenitentia,
1297 2032 1419 2070 quan·

117 393 127 403 ·
142 391 165 413 1·
175 390 229 417 11¹⁸,
239 395 277 418 qu.
287 394 329 416 ιιι,

152 434 158 440 ι
175 425 182 439 Ι
222 432 229 439 ι

405 2155 433 2191 γ)
452 2157 534 2182 ratio.
549 2169 569 2175 -
587 2156 659 2180 ratio
678 2155 758 2180 etiam
777 2155 830 2184 ΑΒ,
849 2155 930 2180 etiam
948 2154 1020 2179 ratio
1039 2154 1070 2180 C.

405 2191 432 2226 ὃ)
451 2198 552 2218 amore.
570 2205 590 2210 —
606 2191 709 2222 Tei-tin
728 2190 832 2216 timore.

4 2207 12 2251 i
405 2231 430 2262 ε)
450 2229 477 2254 in
496 2229 547 2254 his.
563 2241 583 2246 -
597 2235 651 2260 pro
669 2227 710 2252 his
728 2229 835 2252 tantum
853 2226 872 2256 1,
891 2225 932 2251 his
950 2228 1055 2251 tantum
1074 2226 1104 2251 P.

405 2264 432 2298 ζ)
451 2265 562 2290 cadunt.
578 2276 598 2282 -
615 2263 716 2289 cadant
733 2262 778 2287 DE
797 2266 824 2286 et
841 2261 923 2287 tertia.

406 2301 433 2333 η)
452 2303 480 2326 et
496 2299 569 2341 quia.
580 2313 600 2318 —
611 2302 637 2323 et
655 2298 685 2328 F,
696 2298 767 2339 ‘quia
785 2297 818 2328 Η,
836 2301 917 2339 atque
935 2296 984 2338 lsG
1003 2302 1029 2321 et
1047 2297 1181 2338 editiones.
1193 2295 1293 2337 —fiunt
1310 2303 1364 2337 om:
1378 2295 1418 2337 Pl.

406 2333 432 2370 0)
451 2342 580 2360 maiorem
596 2334 640 2375 pel
665 2340 794 2359 minorem
817 2333 1028 2358 similitudmem.
1046 2347 1066 2351 —
1082 2332 1284 2357 szmthtudmem
1309 2339 1419 2356 materis

355 2371 396 2397 vel
408 2374 700 2440 ιῗῃέἑὲῐε-ηὸινὶεὶί
712 2404 782 2429 addit
798 2404 880 2429 tertia.
898 2403 949 2428 Pro
967 2406 1122 2436 exsuperat,
1138 2405 1249 2435 superat
1261 2403 1281 2427 E
1297 2408 1323 2427 et
1336 2403 1420 2428 tertia.

408 2441 434 2477 κ)
453 2442 504 2467 &t
521 2445 620 2466 tamen.
637 2454 657 2459 -
674 2440 730 2470 PF;
750 2439 787 2464 Et
804 2442 893 2464 tamen
912 2442 952 2464 est
970 2439 1008 2470 bc,
1027 2439 1063 2463 Β
1081 2442 1170 2463 tamen
1190 2438 1276 2463 ceteri.

3 2444 42 2528 „V

2455 147 2529 195 329

1470 232 1555 261 tum
1583 231 1638 260 est
1666 223 1714 260 de
1742 235 1794 269 se,
1824 223 1938 260 habet
1966 223 2145 261 virtutem
2174 226 2373 274 reparandi
2395 238 2531 262 omnes

1472 277 1640 314 defectus
1668 276 1717 312 ad
1745 276 1967 325 perfectum,
1998 284 2033 313 et
2062 277 2175 314 etiam
2203 278 2460 326 promovendi
2491 277 2531 314 in

1471 329 1692 367 ulteriorem
1711 336 1869 365 statum:
1891 329 1958 365 sed
1977 330 2053 366 hoc
2071 330 2306 379 quandoque
2327 330 2533 380 impeditur

1471 395 1518 419 ex
1537 390 1644 431 parte
1663 381 1844 427 hominis,
1861 381 1928 429 qui
1948 382 2142 418 remissius
2156 391 2335 420 movetur
2350 383 2388 420 in
2403 384 2531 420 Deum

1471 442 1507 472 et
1535 435 1575 472 in
1603 434 1893 471 detestationem
1921 434 2076 483 peccati.
2121 434 2225 472 Sicut
2253 436 2364 472 etiam
2400 436 2438 472 in
2467 436 2532 472 ba-

1471 488 1612 537 ptismo
1640 487 1757 536 aliqui
1785 486 1904 524 adulti
1937 495 2228 536 consequuntur
2255 488 2443 525 maiorem
2471 490 2534 525 vel

1471 541 1663 578 minorem
1691 539 1862 588 gratiam,
1896 540 2112 577 secundum
2141 541 2248 589 quod
2276 541 2533 577 diversimode

1471 606 1511 631 se
1540 594 1762 642 disponunt.

1524 648 1581 684 AD
1595 658 1754 683 TERTIUM
1768 658 1950 683 DICENDUM
1965 646 2071 694 quod
2086 645 2147 682 illa
2162 645 2381 682 assimilatio
2396 646 2534 683 utrius-

1471 712 1547 749 que
1575 698 1715 747 gratiae
1744 699 1792 735 ad
1821 700 1947 735 lucem
1970 699 2228 747 vespertinam
2250 706 2286 735 et
2305 699 2534 736 matutinam

1470 752 1513 789 fit
1540 759 1697 801 propter
1729 751 2017 788 similitudinem
2046 751 2212 799 ordinis,
2246 751 2338 800 quia
2365 759 2452 800 post
2479 753 2535 788 lu-

1470 817 1556 842 cem
1575 804 1835 854 vespertinam
1863 811 2078 853 sequuntur
2096 805 2276 841 tenebrae
2296 805 2428 852 noctis,
2449 813 2536 854 post

1471 860 1599 895 lucem
1626 865 1756 895 autem
1785 857 2013 894 matutinam
2041 857 2214 906 sequitur
2240 859 2305 894 lux
2329 857 2424 894 diei:
2454 870 2534 895 non

1471 919 1601 948 autem
1629 918 1786 959 propter
1812 910 2001 947 maiorem
2029 912 2090 947 vel
2110 910 2302 947 minorem
2321 910 2535 948 similitudi-

1471 976 1563 1001 nem
1583 962 1595 984 θ
1625 963 1854 1012 quantitatis.

1524 1017 1620 1053 Illud
1662 1016 1776 1053 etiam
1814 1016 1977 1052 verbum
2018 1016 2192 1065 Apostoli
2234 1016 2450 1065 inteIIIgitur
2486 1017 2534 1054 de

1470 1070 1587 1119 gratia
1614 1075 1640 1115 ²,
1683 1081 1783 1118 quae
1821 1077 2023 1118 exsuperat
2059 1081 2219 1106 omnem
2256 1070 2534 1107 abundantiam

1471 1124 1737 1159 humanorum
1772 1129 2030 1170 peccatorum.
2073 1123 2165 1159 Non
2202 1131 2332 1160 autem
2367 1124 2443 1160 hoc
2478 1131 2534 1159 est

1471 1188 1610 1213 verum
1646 1175 1684 1211 in
1713 1174 1914 1222 omnibus,
1950 1175 2057 1224 quod
2093 1183 2238 1224 quanto
2275 1176 2534 1213 abundantius

1470 1228 1654 1278 peccavit,
1682 1235 1788 1264 tanto
1808 1228 2126 1265 abundantiorem
2147 1229 2305 1276 gratiam
2325 1241 2534 1278 consequa-

1470 1290 1543 1328 tur,
1572 1288 1731 1330 pensata
1758 1280 1966 1329 quantitate
1994 1281 2195 1318 habitualis
2214 1281 2365 1330 gratiae.
2396 1283 2463 1318 Est
2480 1290 2534 1319 ta-

1472 1346 1564 1372 men
1583 1341 1598 1356 *
1627 1333 1946 1382 superabundans
1973 1333 2090 1381 gratia
2118 1342 2308 1383 quantum
2336 1335 2384 1372 ad
2410 1334 2534 1384 ipsam

1471 1387 1611 1435 gratiae
1631 1386 1835 1423 rationem:
1851 1386 1943 1435 quia
1961 1386 2081 1434 magis
2099 1387 2212 1435 gratis
2230 1387 2464 1424 beneficium
2479 1399 2534 1424 re-

1473 1439 1664 1477 missionis
1683 1439 1803 1487 magis
1818 1437 1831 1460 λ
1850 1439 2040 1488 peccatori
2059 1440 2261 1476 confertur.
2289 1463 2314 1467 -
2343 1440 2534 1487 Quamvis

1472 1493 1710 1541 quandoque
1729 1492 1970 1528 abundanter
1988 1500 2189 1541 peccantes
2209 1493 2450 1530 abundanter
2468 1493 2533 1530 do-

1473 1547 1566 1582 lent:
1589 1553 1624 1581 et
1644 1545 1696 1582 sic
1715 1544 2035 1581 abundantiorem
2055 1545 2230 1582 habitum
2249 1545 2388 1593 gratiae
2408 1554 2444 1582 et
2462 1546 2534 1582 vir·

1471 1605 1599 1635 tutum
1627 1604 1931 1646 consequuntur,
1956 1597 2052 1634 sicut
2075 1605 2178 1646 patet
2197 1598 2236 1634 in
2255 1599 2484 1646 Magdalena
2501 1599 2532 1636 *.

1525 1652 1582 1686 Αι)
1611 1662 1644 1687 ιι)
1671 1661 1769 1686 veno
1798 1649 1906 1698 quod
1934 1649 1973 1686 in
2001 1650 2235 1687 contrarium
2265 1650 2454 1697 obiicitur,
2480 1651 2535 1687 di-

1473 1703 1640 1740 cendum
1677 1702 1784 1751 quod
1821 1714 1900 1739 una
1937 1710 1973 1739 et
2009 1703 2146 1740 eadem
2178 1703 2295 1751 gratia
2330 1703 2454 1740 maior
2481 1712 2537 1740 est

1473 1755 1680 1805 proficiens
1714 1767 1834 1804 quam
1862 1755 2065 1804 incipiens:
2105 1756 2172 1792 sed
2200 1756 2239 1792 in
2267 1756 2427 1793 diversis
2460 1757 2537 1794 hoc

1473 1820 1554 1845 non
1589 1815 1644 1844 est
1678 1819 1846 1844 necesse.
1889 1809 1999 1845 Unus
2036 1808 2140 1845 enim
2178 1809 2308 1858 incipit
2342 1822 2364 1846 a
2399 1809 2536 1847 maiori

1471 1861 1590 1909 gratia
1608 1873 1728 1910 quarn
1747 1860 1843 1897 alius
1868 1861 2006 1898 habeat
2025 1861 2064 1898 in
2084 1869 2182 1899 statu
2201 1862 2410 1911 profectus:
2441 1862 2537 1899 sicut

1473 1914 1681 1962 Gregorius
1700 1913 1801 1959 dicit,
1821 1913 1861 1950 in
1880 1915 1910 1950 II
1924 1915 2076 1964 Dialog.
2092 1915 2129 1951 *ε
2150 1917 2366 1952 Praesentes
2384 1922 2418 1952 et
2435 1928 2536 1953 secu-

1472 1968 1548 2003 turi
1564 1973 1581 1995 μ
1602 1979 1730 2004 omnes
1748 1973 1987 2017 cognoscant,
2006 1968 2227 2006 Benedictus
2239 1981 2338 2018 puer
2355 1982 2380 2006 a
2399 1975 2537 2018 quanta

1469 2020 1698 2069 perfectione
1725 2022 1976 2057 conversionis
2001 2023 2166 2071 gratiam
2195 2024 2419 2070 incoepisset.

1525 2152 1554 2185 λ)
1574 2153 1669 2186 magis.
1687 2167 1706 2172 -
1724 2153 1786 2178 Om.
1805 2153 1842 2179 bc.
1860 2168 1879 2172 -
1897 2154 1947 2178 Pro
1965 2154 2136 2179 abundanter
2154 2154 2236 2186 primo
2256 2154 2323 2184 loco,
2347 2155 2496 2180 abundavit
2514 2157 2535 2181 Α

1472 2188 1556 2221 BCpE
1575 2194 1601 2213 et
1618 2196 1643 2218 a,
1662 2189 1843 2214 abundantius
1862 2190 1892 2214 D.
1909 2202 1929 2207 -
1942 2193 2084 2220 peccantes
2101 2189 2272 2215 abundanter
2289 2198 2342 2215 om.
2362 2190 2428 2222 HpG
2447 2197 2473 2216 et
2491 2192 2537 2218 bc:

1471 2225 1548 2249 Alias
1566 2231 1618 2249 non
1639 2224 1751 2249 habetur
1769 2225 1800 2258 ly
1817 2225 1988 2250 abundanter
2002 2229 2144 2256 peccantes
2162 2233 2252 2257 margo
2272 2225 2300 2250 P.

1527 2259 1555 2293 μ)
1574 2260 1732 2285 Praesentes
1751 2263 1777 2284 et
1793 2261 1921 2285 secuturi.
1933 2275 1952 2279 —
1972 2260 2108 2290 Quatenus
2124 2264 2150 2285 et
2160 2264 2316 2292 praesentes
2334 2264 2359 2286 et
2377 2262 2496 2286 secuturi
2508 2262 2536 2291 P,

1473 2295 1630 2320 Praesentes
1648 2295 1791 2320 executuri
1808 2296 1895 2320 ceteri.
1912 2309 1931 2313 —
1953 2299 2118 2328 cognoscant
2136 2296 2180 2326 G;
2198 2299 2348 2328 agnoscant
2366 2297 2388 2326 1,
2407 2304 2536 2329 agnosce-

1473 2335 1534 2357 rent
1554 2331 1586 2360 Ρ,
1605 2334 1755 2364 agnoscant
1782 2331 1853 2363 quod
1878 2331 1948 2360 Hbc.
1971 2334 2134 2364 cognoscant
2161 2332 2286 2363 quoniam
2313 2331 2348 2362 E,
2373 2337 2537 2364 cognoscant

1472 2367 1545 2399 quod
1563 2367 1650 2391 ceteri.
1661 2381 1681 2385 -
1695 2367 1744 2391 Pro
1757 2374 1774 2391 a
1787 2370 1915 2399 quanta...
1935 2367 2099 2398 incoepisset,
2118 2374 2135 2391 a
2153 2370 2254 2399 quanta
2275 2367 2457 2392 conversionis
2471 2375 2536 2399 per-

1465 2402 1587 2436 fectione
1604 2402 1724 2435 gratiam
1744 2402 1901 2434 incoepisset
1919 2402 1947 2431 F,
1960 2402 2139 2427 conversionis
2156 2403 2275 2434 gratiam
2294 2410 2311 2427 a
2330 2406 2431 2435 quanta
2445 2404 2537 2437 perse-

1472 2438 1561 2463 ctione
1578 2437 1707 2469 coepisset
1725 2438 1808 2462 tertia.

1154 2591 1473 2635 ARTICULUS
1508 2591 1739 2634 TERTIUS

577 2695 735 2727 UTRUM
758 2694 840 2725 PER
863 2693 1198 2725 POENITENTIAM
1220 2694 1530 2725 RESTITUATUR
1553 2693 1684 2725 HOMO
1709 2694 1752 2725 IN
1774 2694 2009 2726 PR1ST1NAM
2032 2695 2311 2726 DIGNITATEM

768 2781 799 2806 ΠΙ
819 2781 903 2810 Sent„
923 2781 983 2807 dist.
1001 2788 1067 2812 xxxx,
1086 2789 1132 2814 qu.
1150 2789 1167 2812 ι,
1187 2786 1235 2806 art.
1253 2789 1278 2812 4,
1297 2781 1346 2814 qu*
1367 2788 1391 2811 1,
1409 2781 1441 2806 ad
1462 2788 1491 2811 25
1511 2781 1554 2811 Ν,
1573 2781 1631 2806 dist.
1651 2789 1701 2812 nv,
1722 2789 1766 2814 qu.
1784 2789 1802 2811 ι,
1822 2786 1870 2807 art.
1889 2781 1912 2812 5,
1932 2782 1981 2814 qu¹
2002 2789 2024 2811 ι,
2043 2782 2075 2806 ad
2097 2782 2126 2812 3;

915 2818 975 2842 dist.
993 2824 1043 2848 ιιι,
1063 2825 1107 2850 qu.
1126 2825 1144 2848 1,
1163 2822 1210 2842 art.
1231 2816 1254 2846 3.
1274 2818 1324 2849 qu·
1344 2824 1367 2848 τι,
1386 2817 1419 2841 ad
1439 2824 1468 2848 23
1489 2817 1549 2841 dist.
1567 2824 1658 2846 xxxvn.
1678 2825 1722 2850 qu.
1741 2825 1768 2848 ιι,
1788 2822 1835 2843 art.
1856 2825 1880 2847 2,
1899 2818 1931 2842 ad
1949 2825 1975 2849 4.

137 2917 331 2940 vid-emmam·
442 2926 454 2949 ιι
539 2932 541 2936 ι
566 2919 762 2944 DTERTIUM
781 2919 832 2943 sle
848 2918 1073 2943 PROCEmTUR
1082 2906 1112 2942 ²¹².
1131 2905 1293 2943 Videtur
1311 2906 1419 2955 quod
1442 2909 1445 2948 Ι
1470 2918 1539 2955 per
1566 2906 1842 2955 poenitentiam
1870 2918 1949 2942 non
1970 2914 2167 2955 recuperat
2186 2907 2307 2943 homo
2335 2906 2534 2955 pristinam

118 2944 320 2994 ffi'ssiinm'*
567 2973 636 3010 per
654 2959 932 3010 poenitentiam
960 2971 1040 2996 non
1060 2959 1278 2996 restituatur
1298 2959 1419 2996 homo
1471 2958 1706 3007 dignitatem.

376 3042 396 3067 ,Ν
432 3062 435 3063 ⁷
514 3011 607 3050 in
643 3013 843 3063 pristinam
885 3012 1119 3061 dignitatem.
1163 3012 1267 3059 Quia
1303 3023 1420 3060 super

416 3060 497 3098 ,7⁶2
525 3059 660 3104 illud
695 3067 817 3103 Amos
841 3078 864 3102 v
887 3065 924 3111 *,
963 3067 1079 3115 Virgo
1116 3066 1238 3102 Israel
1271 3065 1417 3111 cecidit,

4 3152 15 3163 „
117 3124 332 3149 ‘ord-exfflewn·
358 3117 448 3155 dicit
474 3118 611 3158 Glossa
628 3119 666 3156 *ε
695 3120 786 3156 Νοη
807 3125 920 3169 negat
947 3125 985 3155 ut
1004 3125 1188 3169 resurgat,
1216 3118 1281 3155 sed
1307 3124 1344 3155 ut
1363 3130 1419 3155 re-

10 3168 17 3183 *
217 3177 235 3195 ²
357 3182 514 3220 surgere
539 3174 648 3223 virgo
670 3174 786 3222 possit
805 3177 839 3209 ²:
870 3173 956 3222 quia
981 3172 1096 3209 semel
1122 3173 1302 3209 oberrans
1330 3173 1418 3218 ovis,

358 3225 424 3261 etsi
449 3231 654 3273 reportetur
680 3227 718 3263 in
738 3227 901 3263 humeris
918 3226 1094 3272 Pastoris,
1123 3237 1198 3262 non
1218 3225 1325 3262 habet
1342 3230 1420 3262 tan-

357 3283 434 3314 tam
451 3278 616 3327 gloriam
635 3284 811 3328 quantam
831 3291 926 3328 quae
939 3291 1130 3328 nunquam
1150 3280 1297 3316 erravit.
1318 3278 1419 3326 Ergo

1526 3023 1560 3048 2.
1582 3013 1814 3058 PRAETEREA,
1844 3011 2106 3061 Hieronymus
2127 3011 2215 3048 dicit
2233 3011 2268 3048 *ε
2305 3013 2535 3061 Quicumque

1471 3065 1687 3114 dignitatem
1715 3065 1832 3102 divini
1855 3065 1998 3114 gradus
2026 3077 2099 3102 non
2129 3065 2345 3110 custodiunt,
2375 3067 2537 3102 contenti

1461 3119 1564 3166 fiant
1590 3119 1758 3154 animam
1785 3117 1954 3154 salvare:
1988 3119 2122 3155 reverti
2147 3119 2245 3154 enim
2274 3120 2310 3154 in
2334 3119 2533 3167 pristinum

1471 3171 1636 3221 gradum
1655 3170 1806 3218 difficile
1824 3176 1885 3207 est.
1907 3193 1931 3197 -
1951 3171 1998 3207 Et
2017 3170 2260 3207 Innocentius
2279 3172 2384 3220 Papa
2403 3171 2423 3192 ’¹²
2446 3170 2534 3208 dicit

1473 3224 1580 3273 quod
1599 3223 1700 3271 apud
1716 3224 1902 3260 Nicaeam
1920 3225 2103 3260 constituti
2123 3235 2286 3260 canones
2307 3226 2535 3272 poenitentes

1474 3279 1584 3314 etiam
1604 3278 1650 3314 ab
1669 3278 1805 3324 infimis
1823 3276 2043 3314 clericorum
2058 3277 2191 3324 officiis
2209 3277 2419 3314 excludunt.
2441 3278 2534 3314 Non

413 3408 441 3441 α)
460 3409 521 3434 Non
540 3413 650 3443 negat...
663 3410 759 3442 possit.
775 3424 795 3429 -
812 3411 873 3437 Non
893 3414 975 3445 negat
986 3418 1068 3444 posse
1087 3417 1235 3444 resurgere,
1249 3410 1296 3435 sed
1314 3417 1366 3435 non
1386 3412 1510 3442 resurget
1528 3409 1605 3442 virgo
1626 3410 1709 3434 Israel
1729 3409 1755 3435 Ρ.
1779 3410 1832 3433 Pro
1856 3409 1997 3438 oberrans,
2022 3409 2151 3434 aberrans
2172 3409 2210 3434 Pl.
2236 3409 2287 3433 Pro
2306 3409 2331 3433 in
2357 3408 2487 3438 humeris,
2508 3410 2534 3435 in

360 3445 476 3470 brachiis
493 3444 523 3474 F.
541 3444 658 3470 humeris
677 3445 716 3471 ΡΙ.

502 3499 611 3524 Smuun
625 3498 726 3524 Tutor..
745 3499 777 3525 D.
795 3499 910 3524 Tuom:
928 3499 961 3525 Τ.
979 3499 1021 3525 ΙΧ.

2359 3507 2392 3531 42

2562 1603 2572 1613 ·
2590 1601 2646 1623 Luc.
2667 1607 2718 1629 cap.
2734 1607 2776 1629 vn,

2561 1633 2621 1649 vers.
2635 1634 2674 1654 ⁴7·

2562 1922 2573 1933 ·
2588 1921 2645 1949 Cap.
2661 1927 2676 1943 ι.

2560 3021 2570 3030 ·
2588 3019 2645 3041 Cau.
2665 3019 2775 3050 Qm'eum·

2560 3052 2606 3093 gast
2621 3045 2773 3094 dignitatem,

2560 3174 2571 3183 ·
2577 3172 2676 3195 Primus.
2682 3183 2692 3188 -
2698 3173 2774 3201 Epist.

2561 3199 2593 3220 Vl
2600 3215 2606 3224 ,
2627 3200 2748 3248 ,1ἱαῖρίιᾶ
2751 3202 2775 3247 gt

2560 3227 2671 3300 Ξὲιιὸἰιει
2680 3242 2687 3248 ⁰
2695 3242 2774 3280 apud}
