2878 4088
277 458 288 474 Ι

73 569 156 591 ‘videl
161 567 285 593 Alcibiad„

73 602 124 627 etp.
138 601 183 616 xxv
189 602 195 621 ;
209 594 284 625 Phae-

73 620 284 676 mgffisst

72 673 283 729 1¹2¹sP1²c33<ikffiz

73 726 226 776 p'c‘fahffiiss.
248 753 268 775 x
279 770 284 779 ‚

73 781 134 803 eirea
147 780 188 803 tin.

72 879 83 888 ·
103 875 163 897 Vide
183 875 282 897 Arietot.

73 902 154 930 Topic.
173 902 214 924 tib.
237 901 283 927 Vl,

71 933 283 982 ffipgss„g·;3

72 988 104 1009 ιι,
122 987 146 1003 ιι.
161 987 188 1010 3,
203 987 223 1003 ι.
277 996 283 1002 .

71 1007 285 1035 bet-8131&

175 1039 283 1060 en.1x,

1000 167 1266 215 QUAESTIO'
1291 165 1410 213 Lxx,
1440 163 1734 202 ARTICULUS
1762 164 1808 201 111

312 248 538 288 potentiarum.
563 247 649 288 Ergo
665 256 733 278 non
748 246 894 287 procedit
908 247 1014 277 ωιὶωα
1029 251 1172 286 separata
1187 247 1220 276 in
1237 245 1377 285 aliquem

312 297 420 323 actum
443 292 576 322 alicuius
598 292 762 332 potentiae
785 291 962 322 sensitivae.

366 336 556 366 Rxsronnao
580 345 740 366 memnon
756 334 846 376 quod
861 334 994 375 quidam
1017 333 1217 374 distinguunt
1232 333 1376 374 duplices

312 386 401 411 actus
416 381 639 411 sensitivarum
660 380 897 420 potentiarum:
921 377 1080 419 quosdam
1096 378 1276 413 exteriores,
1294 386 1377 417 quos

312 433 369 465 per
393 434 510 465 corpus
534 430 668 461 exercet,
686 429 717 455 et
732 424 767 454 hi
780 433 850 454 non
864 427 1031 454 remanent
1045 423 1080 452 in
1095 423 1201 452 anima
1219 427 1375 462 separata;
1399 429 1408 449 ς

313 467 472 509 quosdam
494 478 570 499 vero
594 469 792 504 intrinsecos,
817 477 900 508 quos
923 467 1030 497 anima
1052 475 1110 506 per
1133 467 1270 506 seipsam
1289 475 1376 496 exer-

313 518 373 548 cet,
397 518 429 543 et
451 513 484 543 hi
508 519 602 543 erunt
623 513 658 543 in
685 513 791 543 anima
818 516 969 552 separata.
1003 510 1093 541 Haec
1122 515 1230 541 autem
1257 510 1375 550 positio

312 556 505 588 descendere
527 556 652 588 videtur
667 557 706 587 ab
723 556 879 597 opinione
901 554 1053 591 Platonis,
1070 555 1127 595 qui
1149 554 1259 594 posuit
1273 554 1290 570 ⁴*
1309 554 1376 584 ani-

311 611 399 632 mam
426 602 555 642 corpori
585 601 739 641 coniungi
769 601 852 631 sicut
882 598 1044 640 quandam
1073 599 1281 629 substantiam
1304 607 1376 638 per-

312 645 428 676 fectam
451 646 486 677 in
507 645 598 676 nullo
623 655 641 676 a
664 654 800 685 corpore
823 642 1070 684 dependentem,
1085 641 1142 673 sed
1165 642 1272 672 solum
1295 642 1377 672 sicut
1392 649 1418 664 ¹⁰

312 695 474 721 motorem
497 690 625 720 mobili:
651 688 741 730 quod
763 693 850 730 patet
873 697 911 718 ex
934 687 1262 726 trans-corporatione
1278 695 1377 726 quam

312 735 452 774 ponebat
467 735 494 764 ³.
527 734 614 772 Quia
642 738 750 763 autem
780 731 959 763 secundum
987 732 1095 771 ipsum
1121 730 1200 760 nihil
1226 730 1377 760 movebat

311 779 372 809 nisi
395 784 540 815 motum;
574 783 622 814 et,
647 786 688 808 ne
711 777 849 807 abiretur
871 776 905 806 in
928 774 1107 810 infinitum,
1132 773 1257 804 dicebat
1287 773 1376 814 quod

311 823 453 863 primum
486 830 621 854 movens
654 825 765 852 movet
797 820 960 860 seipsum:
1002 819 1112 859 posuit
1147 817 1236 858 quod
1270 818 1376 848 anima

312 871 378 898 erat
400 867 537 907 seipsam
560 874 694 896 movens
706 866 733 895 *.
757 864 799 895 Et
813 862 993 894 secundum
1009 863 1073 892 hoc
1089 867 1155 892 erat
1170 861 1288 902 duplex
1303 871 1375 892 mo·
1392 869 1414 890 ¹5

310 916 362 942 tus
378 911 519 941 animae:
543 919 628 940 unus
651 918 719 950 quo
742 908 933 939 movebatur
948 917 966 937 a
981 907 1101 946 seipsa;
1126 907 1205 937 alius
1221 915 1288 946 quo
1304 915 1375 937 mo-

310 955 443 985 vebatur
465 963 584 994 corpus
606 953 645 983 ab
669 962 715 983 ea.
749 952 790 983 Et
813 952 859 982 sic
881 952 988 982 anima
1017 951 1153 981 habebat
1183 956 1291 981 actum
1319 951 1376 991 qui

311 1004 358 1030 est
387 998 510 1032 videre.
543 998 648 1038 primo
680 998 714 1027 in
746 997 859 1036 seipsa,
892 994 1072 1027 secundum
1105 994 1195 1035 quod
1226 995 1376 1026 movebat

310 1043 464 1084 seipsam
489 1047 520 1073 et
541 1040 684 1072 secundo
700 1042 734 1072 in
750 1050 872 1082 organo
897 1040 1066 1081 corporali,
1083 1039 1262 1070 secundum
1286 1039 1376 1080 quod

310 1087 461 1118 movebat
484 1095 618 1126 corpus..

365 1131 458 1162 Hanc
485 1136 593 1162 autem
618 1131 816 1170 positionem
842 1129 1059 1169 Philosophus
1085 1128 1227 1164 desa-uit,
1252 1129 1285 1158 in
1309 1127 1376 1159 lde

309 1176 427 1207 Anima
443 1176 478 1212 *,
502 1174 674 1206 ostendens
699 1173 789 1214 quod
812 1174 918 1204 anima
940 1183 1009 1204 non
1031 1178 1141 1203 movet
1163 1173 1317 1212 seipsam,
1345 1178 1376 1203 et

310 1219 401 1261 quod
430 1219 521 1251 nullo
553 1218 654 1250 modo
683 1223 832 1249 movetur
862 1217 1042 1248 secundum
1068 1218 1142 1247 istas
1173 1217 1376 1257 operationes

310 1273 395 1311 quae
409 1269 489 1299 sunt
496 1263 616 1300 videre,
633 1263 750 1299 sentire
765 1268 797 1293 et
811 1261 1008 1298 huiusmodi,
1029 1261 1085 1292 sed
1101 1260 1190 1302 quod
1205 1262 1282 1292 istae
1298 1270 1376 1302 ope-

310 1310 449 1340 rationes
464 1314 539 1339 sunt
553 1312 663 1339 motus
678 1307 844 1338 coniuncti
858 1312 994 1338 tantum.
1018 1305 1112 1337 Unde
1128 1311 1257 1345 oportet
1271 1305 1377 1336 dicere
1391 1316 1415 1337 2ς

311 1352 402 1394 quod
415 1357 506 1384 actus
521 1352 741 1383 sensitivarum
757 1351 974 1392 potentiarum
989 1351 1080 1381 nullo
1103 1349 1204 1380 modo
1227 1355 1378 1381 maneant

271 1416 282 1422 -
310 1398 344 1429 in
364 1398 470 1428 anima
485 1402 638 1438 separata,
653 1396 715 1427 nisi
729 1395 812 1427 forte
827 1396 909 1426 sicut
924 1396 958 1426 in
973 1394 1079 1426 radice
1099 1399 1223 1425 remota
1238 1395 1264 1424 ’ἃ

366 1442 418 1473 Ar>
441 1451 560 1472 Panum
587 1450 670 1471 aizoo
701 1450 862 1471 DICRNDUM
892 1439 982 1480 quod
1012 1440 1091 1470 liber
1120 1439 1174 1469 ille
1203 1444 1337 1479 negatur
1360 1434 1398 1468 a'

253 1482 267 1509 ‘.
310 1485 504 1528 quibusdam
527 1485 626 1516 fuisse
648 1485 838 1525 Augustini:
864 1483 979 1515 dicitur
995 1484 1082 1514 enim
1097 1482 1194 1514 fuisse
1210 1482 1378 1514 cuiusdam

311 1530 545 1566 cisterciensis,
570 1530 627 1570 qui
650 1539 726 1560 eum
749 1539 788 1559 ex
812 1528 902 1559 dictis
925 1529 1098 1568 Augustini
1126 1527 1322 1568 compilavit,
1347 1532 1378 1557 et
1393 1537 1418 1558 ‚0

311 1574 471 1616 quaedam
494 1574 534 1605 de
557 1583 617 1604 suo
641 1572 761 1604 addidit
776 1574 802 1603 *.
835 1572 929 1604 Unde
952 1572 1043 1613 quod
1065 1572 1110 1603 ibi
1133 1572 1292 1608 scribitur,
1317 1580 1376 1612 pro

310 1620 499 1651 auctoritate
521 1617 706 1649 habendum
729 1627 798 1648 non
821 1622 876 1647 est.

365 1663 400 1695 Si
422 1669 531 1694 tamen
553 1662 725 1693 auctoritas
753 1661 866 1692 debeat
894 1661 1058 1696 sustineri,
1083 1659 1257 1690 dicendum
1287 1659 1378 1700 quod

309 1717 379 1739 non
402 1707 497 1738 debet
519 1706 654 1746 intelligi
675 1705 766 1746 quod
789 1706 896 1736 anima
921 1709 1063 1745 separata
1087 1713 1125 1734 ex
1148 1704 1377 1744 imaginatione

310 1757 342 1783 et
365 1751 433 1782 aliis
460 1749 647 1782 huiusmodi
674 1750 827 1791 potentiis
854 1749 1010 1780 afficiatur
1036 1748 1128 1789 quasi
1154 1749 1223 1788 ipsa
1251 1747 1377 1779 affectio
1394 1762 1415 1782 «ς

309 1796 351 1827 sit
372 1801 462 1827 actus
484 1795 703 1836 potentiarum
724 1793 977 1835 praedictarum:
1002 1793 1058 1823 sed
1081 1793 1158 1833 quia
1176 1802 1214 1823 ex
1230 1793 1278 1823 his
1294 1802 1378 1833 quae

309 1841 417 1872 anima
446 1849 505 1880 per
533 1839 798 1879 imaginationem
831 1843 862 1868 et
892 1838 968 1868 alias
999 1835 1187 1868 huiusmodi
1218 1838 1378 1878 potentias

309 1885 473 1916 commisit
495 1885 529 1914 in
552 1893 703 1924 corpore,
727 1884 762 1914 in
789 1882 898 1914 futuro
929 1881 1098 1918 afficietur,
1122 1881 1174 1912 vel
1196 1882 1230 1912 in
1253 1882 1378 1912 bonum

310 1929 361 1960 vel
384 1930 418 1960 in
441 1928 580 1965 malum;
608 1933 645 1958 ut
667 1928 712 1958 sic
735 1927 921 1968 imaginatio
947 1932 978 1957 et
1001 1925 1188 1957 huiusmodi
1214 1926 1378 1966 potentiae

309 1983 379 2005 non
401 1973 618 2013 intelligantur
646 1972 759 2003 elicere
791 1972 878 2002 illam
909 1971 1129 2006 affectionem,
1154 1969 1210 2001 sed
1234 1970 1378 2001 elicuisse
1393 1984 1420 2004 4⁰

310 2019 345 2049 in
368 2027 506 2058 corpore
527 2017 679 2048 meritum
703 2016 880 2047 affectionis
902 2016 997 2046 illius.

365 2062 417 2093 An
441 2071 604 2092 sactmmm
627 2071 787 2092 memnon
812 2059 902 2100 quod
925 2060 1030 2090 anima
1054 2058 1169 2090 dicitur
1192 2059 1308 2090 sentire
1323 2068 1380 2099 per

310 2116 446 2148 corpus,
470 2115 539 2136 non
562 2106 654 2146 quasi
677 2111 767 2136 actus
795 2103 952 2135 sentiendi
979 2105 1019 2134 sit
1046 2104 1171 2134 animae
1201 2102 1380 2134 secundum

310 2160 361 2182 se:
386 2150 442 2182 sed
458 2151 534 2191 quia
550 2155 597 2180 est
611 2150 711 2180 totius
734 2149 899 2179 coniuncti
922 2149 1046 2178 ratione
1069 2149 1204 2183 animae,
1222 2157 1262 2178 eo
1279 2147 1380 2178 modo

309 2194 467 2236 loquendi
483 2204 550 2235 quo
566 2193 702 2224 dicimus
726 2192 816 2233 quod
839 2193 925 2223 calor
948 2191 1120 2223 calefaciat.

367 2239 467 2278 Quod
490 2244 599 2269 autem
621 2238 837 2278 subiungitur,
863 2237 953 2277 quod
976 2236 1134 2277 quaedam
1158 2236 1263 2266 anima
1287 2237 1381 2267 sentit

312 2285 380 2314 sine
399 2292 546 2323 corpore,
563 2288 600 2313 ut
621 2283 772 2313 timorem
796 2287 827 2312 et
850 2280 1046 2317 huiusmodi,
1065 2280 1310 2320 intelligendum
1334 2286 1380 2311 est

311 2328 380 2359 sine
404 2327 566 2369 exteripris
590 2327 734 2367 corporis
757 2332 866 2362 motu,
891 2327 948 2366 qui
971 2325 1085 2356 accidit
1107 2326 1140 2355 in
1164 2326 1286 2355 actibus
1310 2335 1380 2355 sen-

312 2381 408 2403 suum
423 2372 648 2412 propriorum:
669 2381 737 2401 non
753 2371 840 2401 enim
855 2371 956 2400 timor
967 2376 999 2401 et
1013 2369 1200 2400 huiusmodi
1215 2370 1380 2410 passiones

313 2416 382 2447 sine
410 2421 504 2446 motu
534 2415 693 2456 corporali
723 2415 924 2455 contingunt.
939 2432 963 2437 —
985 2414 1046 2445 Vel
1067 2419 1175 2454 potest
1205 2413 1267 2444 dici
1291 2413 1381 2454 quod
1396 2426 1422 2446 50

313 2461 512 2501 Augustinus
535 2460 678 2500 loquitur
707 2459 886 2490 secundum
910 2459 1099 2499 opinionem
1129 2458 1379 2495 Platonicorum,

253 2521 285 2532 --
314 2505 368 2546 qui
393 2505 458 2535 hoc
480 2505 654 2545 ponebant,
670 2509 707 2534 ut
730 2503 852 2534 dictum
875 2509 922 2534 est
937 2504 964 2534 ἦ

369 2549 420 2580 An
443 2558 579 2579 Taurum
602 2558 762 2578 monimum
786 2547 875 2588 quod
896 2548 1096 2588 Augustinus
1119 2547 1163 2578 ibi
1186 2546 1380 2587 inquirendo

314 2594 468 2634 loquitur,
492 2602 561 2623 non
584 2592 846 2631 determinando:
878 2592 960 2623 sicut
986 2591 1052 2622 fere
1079 2601 1137 2632 per
1159 2597 1266 2622 totum
1289 2592 1380 2622 illum

314 2638 442 2669 librum.
471 2637 561 2667 Patet
587 2638 674 2668 enim
698 2636 788 2677 quod
810 2646 878 2667 non
901 2642 948 2667 est
971 2636 1081 2667 similis
1109 2636 1189 2666 ratio
1213 2635 1254 2666 de
1276 2637 1381 2667 anima
1396 2647 1419 2668 55

315 2681 513 2718 dormientis,
531 2687 563 2712 et
582 2681 622 2712 de
637 2682 743 2712 anima
765 2687 918 2722 separata.
942 2681 1060 2711 Anima
1083 2681 1170 2711 enim
1195 2679 1381 2711 dormientis

314 2727 415 2758 utitur
431 2735 552 2766 organo
569 2726 814 2766 imaginationis,
831 2726 864 2756 in
881 2734 945 2766 qua
961 2725 1144 2765 corporales
1159 2724 1381 2756 similitudines

315 2771 563 2812 imprimuntur:
589 2769 679 2811 quod
702 2769 742 2800 de
764 2771 871 2800 anima
895 2774 1037 2810 separata
1059 2769 1122 2800 dici
1137 2779 1205 2799 non
1220 2774 1336 2809 potest.

371 2815 432 2846 Vel
455 2814 629 2845 dicendum
654 2813 743 2854 quod
766 2813 989 2844 similitudines
1012 2823 1119 2845 rerum
1139 2818 1213 2844 sunt
1228 2814 1262 2844 in
1277 2814 1383 2844 anima

316 2865 349 2891 et
372 2864 530 2900 quantum
554 2858 594 2890 ad
616 2858 793 2899 potentiam
817 2858 1009 2894 sensitivam,
1035 2863 1065 2888 et
1087 2858 1335 2898 imaginativam,
1352 2863 1383 2888 et
1396 2868 1424 2888 ⁶0

317 2904 554 2943 intellectivam,
579 2902 758 2934 secundum
781 2903 936 2933 maiorem
961 2907 992 2933 et
1013 2902 1175 2932 minorem
1201 2902 1383 2933 abstracn'o-

317 2957 394 2979 nem
410 2958 429 2978 a
443 2948 575 2978 materia
591 2952 623 2978 et
638 2957 657 2978 a
671 2947 886 2978 materialibus
910 2946 1159 2977 conditionibus.
1184 2946 1289 2977 Tenet
1308 2956 1383 2986 ergo

317 2991 495 3023 similitudo
519 2992 692 3032 Augustini
716 2997 874 3032 quantum
898 2990 938 3022 ad
960 2991 1023 3021 hoc
1047 2990 1147 3031 quod,
1172 2991 1253 3021 sicut
1276 2991 1385 3021 simili-

278 3045 282 3049 ·
318 3035 446 3067 tudines
469 3046 576 3067 rerum
601 3036 818 3077 corporalium
842 3041 915 3066 sunt
937 3036 971 3066 in
995 3036 1100 3066 anima
1123 3035 1311 3065 somniantis
1334 3035 1385 3065 vel

81 3225 91 3235 ·
101 3222 160 3245 nin.
169 3227 204 3248 ιιι,
213 3227 253 3250 qu.
262 3227 285 3243 xv

22 3267 26 3270 .
81 3253 146 3272 art-¹
166 3236 293 3271 adm-Cf.

81 3265 164 3302 naui,
171 3274 294 3302 aurun,

82 3309 121 3331 qu.
129 3305 201 3330 u,art.
207 3308 227 3330 5,
234 3301 262 3323 ad
270 3307 294 3328 4.

82 3394 135 3416 *Ca
153 3400 199 3422 .1v,
209 3399 232 3416 n.
243 3400 295 3420 ¹4.-

84 3421 110 3443 S.
159 3437 165 3443 .
174 3421 230 3443 leet.
245 3426 268 3443 x.

85 3480 95 3491 ·
104 3479 140 3501 Cf.
151 3479 211 3501 Part.
226 3478 244 3507 l,
256 3484 296 3507 qu.

84 3511 151 3533 xcur,
165 3509 208 3528 art.
222 3511 236 3533 7
245 3522 251 3533 ‚
267 3505 295 3527 ad

84 3538 139 3561 ²⁹3·

319 3090 485 3112 excessum
500 3081 616 3111 mentis
639 3081 787 3121 patientis
802 3080 1055 3120 imaginabiliter,
1071 3080 1115 3110 ita
1134 3084 1209 3110 sunt
1227 3080 1260 3110 in
1281 3080 1387 3109 anima
1399 3088 1424 3114 ες

319 3130 462 3165 separata
483 3125 753 3156 intellectualiter:
778 3134 846 3155 non
871 3130 978 3155 autem
1002 3123 1092 3164 quod
1114 3124 1148 3154 in
1167 3124 1273 3154 anima
1296 3133 1386 3163 sepa-

319 3174 387 3199 rata
409 3169 472 3199 sint
493 3170 744 3210 imaginabiliter.

376 3212 427 3243 At>
451 3223 599 3244 annerum
621 3223 781 3244 meatuum
805 3212 904 3254 quod,
922 3213 1003 3243 sieut
1026 3213 1060 3243 in
1079 3212 1091 3243 1
1110 3212 1208 3243 Libro
1225 3212 1241 3228 *
1265 3211 1387 3242 dictum

321 3261 379 3293 est,
406 3258 563 3288 memoria
593 3257 763 3298 dupliciter
794 3258 940 3288 sumitur.
974 3256 1181 3297 Quandoque
1213 3261 1311 3296 prout
1342 3261 1388 3286 est

322 3301 467 3342 potentia
489 3302 655 3332 sensitivae
677 3303 784 3343 partis,
809 3302 989 3333 secundum
1005 3301 1094 3342 quod
1111 3301 1275 3332 concernit
1297 3309 1387 3341 prae-
1402 3314 1428 3335 ⁷0

322 3345 453 3376 teritum
474 3349 612 3386 tempus.
637 3346 678 3377 Et
700 3346 764 3377 hoc
787 3346 888 3377 modo
912 3351 1000 3377 actus
1027 3346 1202 3377 memoriae
1225 3345 1259 3375 in
1283 3354 1389 3375 anima

324 3394 466 3429 separata
480 3398 549 3420 non
565 3390 632 3420 erit.
652 3389 746 3421 Unde
763 3389 838 3422 dicit
853 3391 1080 3431 Philosophus,
1098 3391 1131 3420 in
1147 3390 1160 3420 I
1177 3389 1216 3420 de
1231 3389 1349 3419 Anima
1360 3390 1387 3425 “*,

325 3432 425 3474 quod,
441 3433 502 3464 hoc
525 3439 690 3474 corrupto,
713 3434 834 3465 scilicet
860 3444 1009 3476 corpore,
1033 3435 1144 3466 anima
1169 3443 1233 3464 non
1259 3433 1388 3464 remini-

323 3478 435 3509 scitur.
459 3495 483 3500 —-
504 3477 579 3508 Alio
609 3477 710 3508 modo
740 3479 894 3519 accipitur
923 3480 1079 3510 memoria
1108 3484 1205 3519 prout
1236 3483 1283 3508 est
1307 3488 1389 3518 pars

1390 1091 1402 1104 ²
1432 1067 1528 1095 Quaen.
1543 1067 1618 1115 Dizp

1395 2205 1418 2225 ⁴5

2422 174 2493 211 149

1432 243 1552 274 scilicet
1575 241 1666 283 quod
1688 243 1726 273 ab
1750 243 1842 273 omni
1864 242 2038 273 differentia
2060 245 2214 284 temporis
2238 244 2396 280 abstrahit,
2419 252 2494 274 cum

1432 297 1500 318 non
1523 288 1562 318 sit
1585 291 1710 317 tantum
1737 286 1994 327 praeteritorum,
2019 287 2075 317 sed
2102 288 2197 318 etiam
2224 289 2440 328 praesentium
2464 292 2496 318 et

1432 330 1624 367 futurorum,
1641 335 1678 361 ut
1691 331 1892 371 Augustinus
1916 330 1991 361 dicit
2007 332 2032 361 ὓ.
2058 331 2098 362 Et
2121 332 2299 362 secundum
2322 333 2404 363 hanc
2426 341 2493 363 me-

1431 376 1568 406 moriam
1590 375 1696 406 anima
1718 380 1861 415 separata
1883 375 2120 405 memorabitur.

1487 420 1538 451 Ar>
1563 429 1703 450 anmi-un
1725 428 1886 449 monimum
1908 418 1998 458 quod
2021 428 2121 455 amor,
2146 419 2299 459 gaudium
2315 425 2346 450 et
2361 421 2492 456 tristitia,

1432 469 1464 494 et
1485 463 1681 500 huiusmodi,
1698 462 1866 503 dupliciter
1889 463 2098 502 accipiuntur.
2129 463 2336 504 Quandoque
2363 464 2494 504 quidem

1432 507 1611 539 secundum
1634 506 1725 548 quod
1747 512 1821 538 sunt
1843 507 2008 547 passiones
2038 507 2228 547 appetitivae
2258 508 2422 539 sensibilis.
2454 508 2495 539 Et

1431 553 1476 583 sic
1498 561 1567 582 non
1591 557 1683 583 erunt
1710 552 1744 582 in
1767 552 1871 582 anima
1900 556 2060 591 separata:
2091 551 2155 581 hoc
2185 552 2271 582 enim
2299 552 2399 583 modo
2427 562 2495 583 non

1432 596 1599 637 explentur
1622 597 1690 626 sine
1713 595 1923 626 determinato
1951 600 2045 626 motu
2073 594 2187 625 cordis.
2222 613 2243 618 —
2278 595 2351 626 Alio
2382 595 2493 632 modo,

1431 639 1611 671 secundum
1635 639 1724 680 quod
1747 645 1822 670 sunt
1845 645 1934 670 actus
1956 639 2144 675 voluntatis,
2170 649 2253 680 quae
2281 645 2328 670 est
2349 641 2384 670 in
2406 645 2495 680 parte

1431 684 1632 715 intellectiva.
1657 684 1698 714 Et
1721 684 1785 714 hoc
1807 683 1908 714 modo
1933 689 2026 714 erunt
2048 684 2082 714 in
2101 684 2207 714 anima
2230 689 2389 723 separata:
2414 685 2496 715 sicut

1432 734 1463 759 et
1481 728 1738 764 delectationem,
1755 737 1838 768 quae
1855 727 1998 768 quodam
2012 727 2113 758 modo
2131 733 2177 758 est
2192 728 2298 768 passio
2313 729 2409 768 partis
2425 737 2496 758 sen-

1431 773 1550 808 sitivae,
1575 771 1755 803 secundum
1778 772 1878 803 alium
1904 771 2041 802 modum
2069 771 2246 812 accipiendi
2273 772 2366 812 ponit
2389 772 2495 803 Philo-

1431 817 1553 857 sophus
1576 817 1610 847 in
1634 816 1720 853 Deo,
1745 815 1871 853 dicens,
1895 816 1929 847 in
1952 816 2010 847 VII
2032 816 2136 847 Ethic.
2153 817 2180 852 *,
2204 815 2295 857 quod
2317 817 2407 848 Deus
2430 825 2496 847 una

1430 861 1569 901 simplici
1591 860 1804 892 delectatione
1825 860 1956 902 gaudet.

1551 941 1651 971 ART.
1676 941 1727 972 111.
1753 951 1858 971 urium
1880 950 1978 971 annu
2001 950 2157 971 semaam
2179 950 2250 971 rur
2272 950 2375 971 possi-r

1801 995 1839 1016 ΑΒ
1863 995 1937 1016 mur:
1961 994 2126 1015 eoaromzo

1590 1040 1648 1062 Part.
1665 1040 1682 1067 1,
1698 1046 1736 1068 qu.
1752 1046 1811 1066 cxiv,
1826 1044 1869 1062 art.
1883 1047 1906 1067 4,
1922 1040 1950 1061 ad
1966 1047 1990 1063 ¹:
2004 1039 2037 1061 1v
2053 1039 2120 1062 Cont.
2136 1039 2212 1067 Gent„
2227 1045 2278 1067 cap.
2293 1045 2335 1066 xc:

1620 1066 1833 1115 ϊιέέἓιθωῖωὶέξῖ
1849 1066 1915 1115 35⁶.
1925 1070 2009 1115 7233·
2018 1066 2371 1115 3223.‘¹1‘-1.{32'{'¹'‘a⁰'²62“;ss5¹·
2387 1074 2405 1094 ¹’
2416 1066 2444 1088 ⁸⁶
2454 1072 2495 1092 ²⁰³

1551 1119 1636 1148 Quodl.
1651 1120 1680 1147 ll,
1695 1099 1734 1148 233³.
1750 1109 1787 1147 3111,
1802 1109 1843 1142 ari.
1862 1127 1883 1146 ις
1899 1110 1938 1147 ul,
1954 1099 2030 1148 qai,
2046 1123 2088 1142 art.
2105 1127 2127 1146 ις
2143 1109 2195 1147 νΪῙ,
2222 1099 2249 1142 ῗι.
2262 1126 2283 1145 v,
2298 1110 2348 1142 ιη’
2355 1125 2375 1148 3.

1497 1182 1517 1202 n
1533 1181 1669 1201 rnnrnm
1691 1180 1736 1201 src
1760 1180 1964 1202 Pnoeamrtm.
1998 1170 2132 1202 Videtur
2159 1170 2250 1212 quod
2277 1171 2383 1202 anima
2405 1180 2495 1212 sepa-

1434 1185 1562 1246 Arata
1593 1216 1659 1256 pati
1689 1224 1757 1246 non
1787 1216 1888 1256 possit
1918 1215 1957 1245 ab
1987 1216 2061 1255 igne
2096 1225 2264 1256 corporeo.
2297 1215 2496 1256 Augustinus

1433 1261 1529 1297 enim,
1552 1260 1610 1290 XII
1633 1269 1731 1300 super
1755 1259 1834 1290 Gen.
1858 1259 1902 1290 ad
1925 1259 1984 1290 litt.
2001 1260 2028 1295 *,
2053 1259 2146 1290 dicit:
2179 1260 2255 1290 Non
2279 1265 2355 1291 sunt
2381 1269 2496 1300 corpo-
2523 1262 2534 1273 ·

1432 1305 1529 1340 ralia,
1546 1303 1602 1335 sed
1625 1304 1850 1344 corporalibus
1872 1304 2001 1339 similia,
2018 1304 2132 1344 quibus
2155 1304 2284 1335 animae
2307 1304 2497 1344 corporibus

1432 1354 1550 1380 exutae
1572 1348 1772 1389 afficiuntur,
1789 1358 1846 1379 seu
1869 1348 1948 1379 bene
1969 1358 2026 1379 seu
2050 1348 2143 1379 male.
2169 1348 2254 1389 Ergo
2279 1349 2384 1379 anima
2407 1357 2497 1389 sepa-

1431 1399 1498 1424 rata
1520 1394 1594 1433 igne
1618 1402 1778 1433 corporeo
1801 1402 1869 1423 non
1892 1393 2033 1432 punitur.

1489 1447 1518 1468 2.
1543 1438 1739 1474 Pmrnaaa,
1756 1437 1965 1477 Augustinus,
1981 1438 2016 1467 in
2031 1436 2148 1467 eodem
2170 1437 2251 1467 libro
2264 1437 2291 1473 *,
2308 1436 2384 1468 dicit
2408 1436 2498 1477 quod

1432 1492 1535 1524 agens
1561 1491 1686 1523 semper
1714 1486 1760 1512 est
1788 1481 1927 1512 nobilius
1948 1481 2103 1521 patiente.
2137 1480 2200 1512 Sed
2227 1481 2424 1521 impossibile
2451 1486 2498 1511 est

2521 335 2532 346 ·
2545 334 2582 355 De
2603 334 2668 356 Trin.
2690 333 2732 355 lib.

2521 360 2584 387 xlv,
2599 366 2648 388 cap.
2665 366 2696 382 ιι.

2523 814 2735 864 ὲῆἕίῑῗῗέεὲἶέὴῖ

2523 1435 2736 1488 mmai&

2523 1488 2564 1514 Vl,
2575 1494 2625 1516 cap.
2640 1494 2663 1514 v,
2679 1494 2702 1509 n.
2713 1487 2735 1510 8.

1433 1526 1566 1567 aliquod
1594 1535 1711 1566 corpus
1740 1535 1807 1556 esse
1834 1525 1974 1556 nobilius
2002 1526 2109 1556 anima
2138 1530 2288 1566 separata.
2320 1525 2405 1565 Ergo
2429 1534 2496 1556 non
2540 1561 2544 1566 ,

1432 1575 1539 1612 potest
1561 1571 1600 1601 ab
1624 1571 1733 1611 aliquo
1758 1579 1894 1610 corpore
1916 1570 1992 1610 pati.

1490 1615 1519 1646 3.
1544 1615 1740 1650 Palm-ranna,
1765 1613 1943 1645 secundum
1966 1614 2215 1654 Philosophum,
2239 1614 2272 1644 in
2296 1613 2308 1643 1
2332 1613 2372 1644 de
2396 1613 2497 1644 Gene-

1433 1665 1495 1690 rat.
1508 1660 1535 1695 *‚
1549 1664 1581 1689 et
1596 1658 1776 1690 secundum
1791 1658 1952 1694 Boetium,
1965 1659 1998 1688 in
2014 1658 2096 1688 libro
2112 1658 2152 1688 de
2167 1658 2291 1688 duabus
2302 1657 2440 1688 Naturis
2451 1658 2496 1694 ³⁹,

1432 1704 1486 1734 illa
1509 1703 1616 1734 solum
1640 1708 1738 1743 agunt
1761 1707 1793 1733 et
1815 1703 1980 1743 patiuntur
2003 1701 2043 1732 ad
2065 1702 2204 1732 invicem
2221 1711 2304 1742 quae
2319 1702 2352 1732 in
2368 1703 2499 1732 materia

1433 1748 1684 1778 communicant.
1710 1746 1772 1778 Sed
1796 1747 1902 1777 anima
1925 1752 1956 1777 et
1971 1746 2052 1786 ignis
2077 1755 2252 1786 corporeus
2267 1755 2336 1776 non
2352 1755 2499 1777 commu-

1432 1793 1541 1823 nicant
1563 1792 1597 1822 in
1619 1792 1769 1822 materia:
1799 1792 1875 1831 quia
1902 1791 2114 1831 spiritualium
2137 1796 2168 1821 et
2192 1791 2409 1830 corporalium
2431 1800 2499 1821 non

1434 1842 1481 1867 est
1512 1837 1644 1866 materia
1667 1836 1860 1866 communis.
1896 1834 1991 1866 Unde
2023 1844 2092 1865 non
2123 1840 2259 1875 possunt
2290 1834 2330 1865 ad
2361 1835 2500 1866 invicem

1434 1881 1647 1917 transmutari,
1665 1886 1701 1911 ut
1716 1880 1849 1910 Boetius
1864 1880 1898 1910 in
1914 1878 2030 1910 eodem
2053 1879 2134 1910 libro
2151 1880 2167 1896 *
2188 1878 2272 1910 dicit.
2294 1879 2379 1919 Ergo
2395 1880 2501 1910 anima

1434 1930 1577 1966 separata
1600 1925 1639 1955 ab
1662 1925 1736 1965 igne
1759 1934 1828 1955 non
1850 1924 1977 1964 patitur.

1489 1979 1520 2008 4.
1545 1969 1749 2005 Pani-mum,
1782 1978 1880 1999 omne
1910 1967 2000 2009 quod
2030 1968 2148 2008 patitur
2175 1968 2287 2008 recipit
2316 1967 2437 2008 aliquid
2460 1968 2500 1998 ab

1435 2019 1557 2054 agente.
1583 2013 1616 2044 Si
1640 2023 1716 2053 ergo
1740 2013 1846 2043 anima
1869 2013 2006 2053 patiatur
2029 2012 2068 2042 ab
2091 2012 2164 2052 igne
2189 2021 2357 2053 corporeo,
2379 2012 2501 2052 aliquid

1435 2059 1474 2089 ab
1491 2067 1530 2089 eo
1547 2058 1688 2098 recipiet.
1713 2057 1776 2088 Sed
1799 2067 1897 2087 omne
1922 2055 2012 2097 quod
2034 2056 2184 2097 recipitur
2207 2057 2242 2087 in
2265 2056 2384 2096 aliquo,
2402 2061 2449 2087 est
2466 2057 2500 2087 in

1435 2113 1475 2134 eo
1498 2112 1556 2143 per
1578 2101 1715 2132 modum
1738 2102 1929 2142 recipientis.
1963 2101 2048 2141 Ergo
2078 2100 2168 2141 quod
2191 2101 2342 2141 recipitur
2364 2101 2403 2131 ab
2426 2101 2501 2141 igne

1434 2148 1468 2178 in
1492 2147 1607 2182 anima,
1631 2156 1700 2177 non
1723 2151 1770 2176 est
1789 2146 1823 2176 in
1839 2155 1879 2176 eo
1895 2145 2106 2181 materialiter,
2131 2144 2186 2175 sed
2209 2145 2501 2185 spiritualiter.-Sed

1435 2191 1559 2222 formae
1581 2200 1688 2221 rerum
1711 2191 1744 2221 in
1768 2191 1874 2221 anima
1901 2189 2102 2230 spiritualiter
2132 2189 2301 2219 existentes
2328 2194 2402 2220 sunt
2428 2199 2500 2230 per-

1436 2236 1591 2267 fectiones
1622 2235 1730 2275 ipsius.
1763 2235 1866 2275 Ergo,
1896 2235 1954 2265 etsi
1982 2234 2120 2274 patiatur
2150 2234 2188 2263 ab
2220 2234 2293 2273 igne
2324 2243 2501 2274 corporeo,

1435 2281 1499 2311 hoc
1525 2289 1592 2310 non
1621 2280 1679 2310 erit
1709 2280 1742 2309 in
1774 2279 1842 2309 eius
1872 2288 2022 2319 poenam,
2055 2277 2110 2308 sed
2140 2279 2241 2318 magis
2270 2278 2304 2308 in
2335 2279 2403 2309 eius
2429 2287 2501 2318 per-

1436 2324 1619 2355 sectionem.

1493 2370 1521 2399 5.
1547 2368 1581 2399 Sr
1604 2377 1740 2398 menna
1763 2366 1853 2408 quod
1880 2367 1941 2398 hoc
1969 2368 2038 2408 ipso
2066 2366 2175 2397 anima
2198 2366 2339 2407 punitur
2362 2367 2401 2397 ab
2426 2367 2502 2408 igne

1435 2413 1522 2454 quod
1538 2413 1646 2454 ignem
1662 2411 1756 2447 videt,
1769 2417 1806 2442 ut
1816 2410 1941 2442 videtur
1956 2411 2061 2442 dicere
2074 2410 2258 2451 Gregorius,
2272 2411 2315 2441 IV
2326 2411 2499 2452 Dialogf:

1436 2463 1557 2489 contra.
1587 2457 1620 2488 Si
1643 2456 1729 2487 videt
1752 2456 1858 2486 anima
1884 2456 1993 2496 ignem
2021 2455 2150 2491 insemi‚
2175 2465 2243 2486 non
2265 2460 2372 2496 potest
2394 2455 2502 2486 videre

1435 2503 1497 2534 nisi
1518 2502 1641 2532 visione
1664 2500 1890 2531 intellectuali:
1915 2510 1991 2531 cum
2014 2510 2082 2530 non
2105 2500 2220 2530 habeat
2243 2509 2362 2540 organa
2385 2500 2501 2540 quibus

1435 2547 1516 2577 visio
1543 2546 1692 2576 sensitiva
1718 2545 1769 2575 vel
1797 2545 1981 2585 imaginaria
2008 2543 2180 2585 perficitur.
2211 2543 2274 2575 Sed
2301 2544 2382 2574 visio
2409 2544 2502 2574 intel-

1435 2591 1579 2622 lectualis
1608 2599 1677 2622 non
1707 2588 1832 2620 videtur
1863 2588 1953 2629 quod
1982 2589 2085 2629 possit
2115 2597 2183 2619 esse
2213 2597 2308 2619 causa
2340 2589 2500 2619 tristitiae:

1436 2635 1642 2667 delectationi
1658 2634 1745 2665 enim
1760 2643 1844 2674 quae
1859 2638 1907 2664 est
1922 2634 1954 2664 in
1971 2632 2218 2669 considerando,
2232 2642 2297 2663 non
2310 2637 2358 2663 est
2372 2633 2502 2663 tristitia

1436 2680 1649 2715 contrarium,
1666 2678 1846 2709 secundum
1861 2678 2097 2718 Philosophum
2109 2678 2135 2708 ³.
2153 2677 2239 2717 Ergo
2256 2686 2293 2708 ex
2310 2677 2363 2707 tali
2379 2678 2503 2708 visione

1437 2725 1543 2756 anima
1564 2733 1633 2754 non
1655 2723 1797 2764 punitur.

1493 2769 1524 2799 6.
1549 2768 1582 2799 Si
1605 2777 1740 2798 meu-ua
1763 2766 1854 2807 quod
1877 2767 1983 2797 anima
2005 2767 2124 2807 patitur
2140 2767 2178 2796 ab
2194 2767 2268 2806 igne
2287 2775 2444 2806 corporeo
2463 2775 2502 2796 eo

1438 2812 1528 2854 quod
1550 2817 1676 2843 tenetur
1700 2813 1739 2842 ab
1763 2821 1821 2847 eo,
1846 2811 1928 2842 sicut
1956 2821 2044 2842 nunc
2071 2815 2197 2841 tenetur
2220 2820 2238 2840 a
2261 2819 2397 2850 corpore
2425 2809 2503 2841 dum

1437 2858 1515 2888 vivit
1537 2858 1571 2888 in
1588 2866 1743 2897 corpore:
1766 2861 1890 2886 contra.
1915 2856 2042 2892 Anima,
2060 2854 2138 2885 dum
2154 2855 2188 2885 in
2204 2864 2340 2895 corpore
2355 2854 2442 2891 vivit,
2458 2859 2504 2885 te-

1437 2907 1532 2934 netur
1561 2911 1579 2931 a
1607 2910 1744 2941 corpore
1776 2901 1970 2941 inquantum
1998 2910 2036 2930 ex
2065 2909 2101 2930 ea
2125 2904 2155 2929 et
2184 2908 2320 2939 corpore
2343 2897 2379 2929 fit
2401 2908 2504 2929 unum

1439 2947 1524 2977 sicut
1545 2955 1583 2976 ex
1607 2946 1738 2976 materia
1762 2949 1793 2975 et
1816 2944 1920 2975 forma
1942 2943 1979 2974 fit
2001 2953 2114 2975 unum.
2142 2942 2205 2974 Sed
2228 2944 2333 2973 anima
2355 2952 2424 2974 non
2447 2943 2505 2973 erit

1440 2991 1544 3021 forma
1566 2989 1651 3020 illius
1674 2989 1756 3030 ignis
1784 2989 1941 3029 corporei.
1970 2989 2057 3028 Ergo
2085 2997 2180 3028 supra
2203 2987 2289 3018 dicto
2313 2987 2414 3018 modo
2437 2997 2504 3018 non

1439 3035 1558 3076 poterit
1580 3034 1619 3064 ab
1642 3033 1699 3064 illo
1723 3034 1798 3074 igne
1820 3034 1931 3064 teneri.

1496 3088 1527 3118 7.
1550 3078 1752 3114 Pani-arun,
1781 3087 1880 3108 omne
1907 3086 2004 3117 agens
2032 3086 2226 3117 corporeum
2254 3077 2317 3116 agit
2346 3085 2404 3116 per
2427 3084 2504 3106 con-

1440 3128 1561 3154 tactum
1577 3123 1604 3152 ’ἦ
1634 3121 1698 3153 Sed
1719 3131 1787 3152 non
1803 3127 1911 3162 potest
1926 3131 1994 3152 esse
2010 3121 2124 3162 aliquis
2148 3126 2314 3151 contactus
2330 3121 2411 3160 ignis
2435 3129 2504 3150 cor-

1441 3167 1533 3208 porei
1557 3171 1588 3197 et
1610 3166 1751 3197 animae:
1783 3166 1860 3206 quia
1889 3171 2054 3196 contactus
2078 3165 2184 3196 solum
2207 3164 2243 3195 fit
2265 3165 2347 3195 inter
2369 3173 2504 3204 corpora

1442 3220 1526 3252 quae
1547 3211 1667 3241 habent
1688 3210 1801 3241 ultima
1824 3210 1929 3241 simul.
1954 3210 2039 3250 Ergo
2064 3210 2169 3240 anima
2192 3209 2323 3249 abigne
2347 3217 2504 3248 corporeo

1442 3265 1510 3287 non
1533 3255 1660 3295 patitur.

1499 3299 1529 3330 8.
1552 3299 1750 3335 Putaui,
1773 3308 1870 3339 agens
1893 3298 2081 3339 organicum
2096 3307 2164 3328 non
2181 3298 2244 3337 agit
2258 3297 2291 3327 in
2307 3300 2430 3326 remota
2445 3295 2505 3326 nisi

1443 3353 1500 3385 per
1522 3344 1586 3374 hoc
1610 3341 1700 3383 quod
1723 3343 1787 3383 agit
1809 3344 1842 3374 in
1865 3342 1989 3373 media:
2014 3341 2100 3373 unde
2123 3351 2180 3382 per
2203 3340 2443 3371 determinatam
2458 3338 2505 3370 di—

1443 3388 1591 3419 stantiam
1621 3396 1714 3427 agere
1745 3391 1852 3427 potest
1880 3387 2158 3427 proportionatam
2189 3394 2263 3415 suae
2294 3385 2412 3415 virtuti.
2442 3382 2506 3414 Sed

1444 3433 1586 3468 animae,
1610 3431 1661 3462 vel
1684 3431 1724 3462 ad
1746 3432 1855 3462 minus
1885 3430 2076 3466 daemones,
2101 3429 2140 3461 de
2171 3430 2287 3470 quibus
2318 3433 2364 3459 est
2394 3426 2506 3458 eadem

1444 3477 1541 3513 ratio,
1567 3475 1764 3516 quandoque
1790 3480 1865 3506 sunt
1891 3480 1977 3506 extra
2006 3475 2118 3505 locum
2147 3473 2277 3509 inferni;
2310 3471 2506 3513 quandoque

325 3521 480 3564 imaginis
494 3522 521 3558 θ,
544 3521 584 3552 ad
606 3521 831 3553 intellectivam
854 3529 978 3563 partem
1000 3524 1182 3564 pertinens:
1210 3522 1389 3553 secundum
1403 3535 1427 3555 ἰς
1445 3522 1541 3552 etiam
1556 3522 1590 3551 in
1605 3521 1668 3551 hoc
1684 3519 1809 3551 mundo
1830 3519 2016 3551 hominibus
2040 3523 2202 3559 apparent.
2226 3517 2295 3548 Nec
2309 3522 2418 3547 tamen
2433 3520 2507 3546 sunt

2525 1657 2536 1667 ·
2550 1655 2607 1687 Cap.
2622 1662 2644 1683 x,
2660 1662 2684 1677 n.
2694 1656 2715 1677 8.
2725 1666 2735 1672 -

2525 1682 2657 1704 Continuat.
2667 1681 2737 1704 eom-

2525 1712 2597 1756 gfff*
2606 1716 2625 1731 s.
2631 1708 2676 1731 Th.
2684 1709 2737 1731 lect.

2527 1763 2548 1773 ··
2562 1762 2620 1790 Cap.
2635 1768 2666 1784 vi.

2528 1878 2538 1889 ·
2552 1876 2611 1898 ibid.

2529 2413 2539 2421 ·
2553 2410 2610 2438 Cap.
2627 2416 2689 2431 xxix.

2530 2681 2539 2691 ·
2555 2679 2634 2707 Topic.
2658 2678 2698 2699 lib.
2715 2678 2742 2705 1,

2529 2712 2579 2753 ‘³⁸59'
2595 2711 2646 2736 ¹¹¹.¹›
2661 2711 2684 2736 q.
2699 2711 2718 2733 5.
2732 2716 2742 2720 -

2530 2732 2549 2754 C
2562 2749 2567 2754 .
2577 2732 2652 2754 Ethac.
2661 2731 2701 2753 llb.
2712 2731 2741 2758 X,

2530 2764 2690 2807 ἓῗΡῄΨιέεἰῖ·
2704 2764 2743 2809 11⁷1}

2529 2812 2623 2834 Nemea.
2639 2811 2668 2832 de
2687 2810 2740 2832 Nat.

2530 2838 2598 2869 H⁰'.'¹·
2614 2844 2640 2859 ca
2659 2853 2664 2859 .
2674 2843 2743 2864 xvm,

2530 2865 2621 2887 al.11b.1
2646 2870 2743 2892 ,ειμι

2532 3119 2592 3168 'GCL
2605 3118 2743 3168 fflstotltli'e

2530 3151 2743 3221 ὲξιῖιιῖῖὲεᾈέ

2531 3229 2602 3274 affit-
2611 3225 2682 3248 ιΉι.
2689 3224 2743 3246 leet.
