2918 4088
994 150 1362 197 QUAESTIONES
1391 150 1461 187 DE
1491 149 1856 188 CONFESSIONE

390 227 442 258 IX.
465 227 518 258 Ad
541 228 739 259 obiectiones
762 234 869 259 tamen
892 229 998 269 primo
1022 229 1129 259 allatas
1144 229 1171 265 ⁴,
1188 237 1247 268 pro
1272 233 1394 268 quanto

335 277 445 302 contra
468 272 620 302 conclusa
642 273 787 308 militant,
810 272 1073 313 respondendum
1092 278 1148 303 est.
1172 273 1214 303 Et
1228 271 1268 302 ad
1283 277 1394 302 aucto-

332 315 457 346 ritatem
480 315 612 356 quidem
628 316 799 348 doctorum
823 316 937 347 dicitur
952 316 1042 357 quod
1057 317 1241 357 intelligitur
1264 315 1394 356 quando

333 365 437 390 certus
460 365 508 390 est
529 370 683 391 numerus
706 366 931 401 peccatorum:
964 371 1002 391 ex
1025 370 1092 400 quo
1117 362 1202 391 enim
1226 361 1394 400 poenitens

331 403 468 434 intendit
490 405 600 435 omnia
626 404 745 441 dicere,
770 410 802 435 et
822 410 929 435 certus
953 410 1000 435 est
1023 404 1062 435 de
1085 414 1222 435 numero
1245 410 1394 444 peccato-

331 457 418 484 rum,
441 448 530 478 nulla
553 455 683 489 apparet
705 449 785 480 ratio
816 458 914 489 quare
937 458 1004 479 non
1027 448 1141 479 debeat
1163 458 1334 479 numerum
1357 448 1395 478 il-

331 491 400 522 lum
423 492 590 532 explicare.
625 493 674 524 De
697 494 819 524 incerto
847 498 955 523 autem
981 502 1118 523 numero
1147 493 1180 523 in
1209 492 1285 523 solis
1312 492 1394 523 forte

330 536 434 566 verbis
457 537 496 566 ab
520 537 628 577 aliquo
653 537 784 568 doctore
808 537 987 568 discordare
1011 537 1178 567 credimus.

385 580 433 611 De
446 581 614 620 speciebus
626 591 712 617 vero,
723 581 838 612 dicitur
850 580 939 621 quod
951 580 990 611 de
1003 581 1218 611 communiter
1228 581 1314 611 notis
1326 589 1394 620 spe-

330 625 439 655 ciebus
450 625 630 656 verificatur
645 635 758 656 eorum
774 624 905 656 dictum.
915 625 1071 665 Alioquin
1083 634 1150 655 non
1162 625 1393 664 relinqueretur

329 669 362 698 in
381 669 524 700 Ecclesia
539 670 599 700 Dei
618 670 806 700 millesimus
829 670 967 710 quisque
990 668 1156 699 confessor
1177 678 1246 699 non
1269 678 1391 698 errans:

330 722 406 743 cum
428 713 614 744 huiusmodi
636 713 770 744 latentes
792 714 914 753 species
937 714 1100 743 rarissimis
1119 713 1181 743 sint
1196 712 1391 743 manifestae.

383 757 423 833 ἔ.
442 758 489 788 Et
514 767 572 798 per
598 758 665 788 hoc
691 762 778 797 patet
800 757 918 787 solutio
948 757 1110 797 sequentis
1141 757 1330 787 obiectionis
1361 762 1393 787 et

328 810 385 831 sua
420 801 672 832 confirmationis
683 802 711 832 *-
722 801 806 832 Nam
817 811 885 832 non
897 800 1033 831 dicimus
1049 800 1207 841 quaedam
1223 801 1392 840 singularia

329 837 399 876 esse
419 845 604 876 confitenda
630 851 662 876 et
684 845 842 886 quaedam
865 855 949 881 non;
980 855 1041 876 nec
1071 844 1206 875 dicimus
1237 844 1391 885 quasdam

327 890 451 929 species
472 895 680 930 peccatorum
703 899 772 920 esse
794 889 1040 920 manifestandas
1064 894 1096 920 et
1111 889 1265 929 quasdam
1281 889 1392 920 occul-

327 933 457 970 tandas;
487 933 544 964 sed
566 933 702 964 dicimus
725 933 788 964 alio
812 933 913 964 modo
937 934 1050 974 aperiri
1074 933 1228 974 quasdam
1251 934 1390 974 species,

326 977 447 1008 scilicet
470 978 685 1008 communiter
706 983 809 1014 notas,
834 983 866 1008 et
888 977 951 1008 alio
975 977 1076 1009 modo
1099 978 1214 1018 aperiri
1237 977 1391 1018 quasdam

326 1021 402 1053 alias
425 1022 558 1062 species,
582 1022 702 1053 scilicet
725 1031 862 1062 quarum
885 1021 1046 1052 diversitas
1070 1028 1117 1053 est
1138 1022 1249 1058 latens,
1272 1022 1341 1052 illas
1356 1023 1391 1052 in

325 1066 466 1106 speciali,
490 1067 563 1097 istas
586 1067 620 1097 in
643 1076 708 1097 una
731 1075 842 1097 earum
865 1076 922 1097 seu
945 1067 1054 1107 aliquo
1074 1066 1269 1097 huiusmodi.
1293 1066 1335 1097 Et
1349 1067 1390 1096 si-

324 1110 442 1141 militer
454 1110 591 1142 dicimus
606 1111 716 1142 omnia
730 1111 899 1151 singularia
914 1110 1107 1147 confitenda,
1119 1110 1175 1142 sed
1190 1121 1257 1141 non
1273 1110 1389 1141 eodem

324 1154 443 1186 modo:
474 1164 551 1186 narn
573 1160 659 1186 certa
681 1156 714 1186 in
737 1165 874 1186 numero
898 1160 1003 1191 certo,
1027 1156 1147 1186 incerta
1170 1160 1294 1191 autem,
1321 1164 1389 1185 non

325 1200 504 1230 excessivae
527 1205 635 1230 tamen
653 1199 876 1235 multitudinis,
899 1200 934 1230 in
949 1209 1086 1230 numero
1101 1199 1263 1230 verisimili
1279 1199 1389 1239 (etiam

325 1243 352 1274 si
366 1243 545 1284 aliqualiter
568 1253 670 1274 crassa
686 1243 810 1274 affuerit
828 1243 1019 1284 aesn'matio)
1037 1253 1095 1274 seu
1109 1243 1288 1284 frequentia
1303 1243 1389 1274 idem

324 1287 507 1319 insinuante
515 1298 530 1325 ;Δ
555 1288 674 1325 inger-ta
697 1293 806 1318 autem
829 1288 1007 1318 excessivae
1029 1287 1242 1318 multitudinis
1273 1287 1390 1319 sufficit

301 1331 728 1372 -Vin-eenfuso‘significare,
752 1337 790 1370 ut
810 1332 951 1372 prudens
974 1331 1138 1362 confessor
1160 1332 1323 1372 intelligat.
1347 1332 1390 1363 Et

324 1377 405 1407 ratio
428 1376 615 1407 diversitatis
637 1382 685 1407 est
699 1376 822 1407 diversa
837 1375 991 1407 habitudo
1007 1376 1047 1407 ad
1062 1377 1196 1407 salutare
1211 1376 1386 1407 iudicium:

324 1421 401 1457 hinc
424 1421 511 1452 enim
534 1421 644 1451 omnia
666 1420 818 1461 pendent.

379 1465 422 1496 Et
445 1465 521 1505 quia
542 1474 611 1495 non
634 1474 747 1495 omnes
770 1463 969 1495 confessores
999 1469 1073 1495 sunt
1099 1464 1240 1504 aequalis
1266 1465 1388 1504 perspi-
1407 1489 1410 1492 ,

324 1509 464 1540 cecitatis
487 1518 525 1539 ac
547 1508 746 1549 prudentiae,
769 1508 843 1539 ideo
867 1508 980 1549 aliquis
996 1508 1173 1548 explicandi
1188 1508 1306 1538 modus
1321 1508 1387 1539 suf-

280 1554 283 1555 ’
322 1552 391 1584 ficit
412 1553 499 1593 apud
514 1553 656 1593 aliquem
672 1552 900 1589 confessorem,
923 1552 1176 1592 perpendentem
1191 1552 1266 1583 inde
1280 1558 1387 1583 totum

323 1602 482 1638 quantum
504 1596 621 1628 sufficit
643 1596 684 1627 ad
706 1596 862 1627 iudicium
884 1596 1030 1632 salutare,
1055 1597 1112 1636 qui
1134 1596 1223 1626 alteri
1237 1606 1306 1626 non
1321 1596 1387 1626 suf-

2435 154 2504 191 351

1450 227 1566 258 ficeret.
1602 228 1720 258 Similis
1750 238 1882 268 quoque
1913 230 2026 260 accidit
2054 231 2248 272 quandoque
2277 232 2439 273 disparitas
2471 243 2508 263 ex

1449 277 1538 312 parte
1559 272 1812 312 poenitentium:
1838 273 2027 312 quibusdam
2044 275 2214 306 scientibus
2230 282 2302 306 ante
2318 277 2508 308 confessoris

1450 315 1562 346 oculos
1586 316 1768 346 brevissime
1793 322 1824 346 et
1846 317 1928 347 clare
1952 319 2061 348 omnia
2083 328 2139 348 sua
2161 326 2299 359 peccata,
2323 327 2359 351 ut
2381 322 2509 361 ipsimet

1449 360 1569 396 sciunt,
1593 369 1792 400 proponere;
1828 361 2019 400 quibusdam
2050 368 2156 392 autem
2186 364 2420 395 involventibus
2453 371 2508 396 aut

1448 403 1664 434 laborantibus
1688 404 1721 434 in
1744 404 1945 444 singulorum
1969 405 2188 445 explicatione.

1502 448 1556 478 XI.
1572 447 1624 478 Ad
1638 449 1795 478 rationem
1811 454 1919 478 autem
1934 450 2034 488 magis
2053 456 2218 489 urgentem
2234 452 2260 487 *‚
2278 451 2390 482 dicitur
2407 453 2505 493 quod,

1448 497 1484 522 ut
1506 493 1570 522 iam
1586 493 1603 509 ⁴*
1626 491 1748 522 dictum
1772 498 1828 528 est,
1852 492 2030 532 adaequare
2053 503 2191 533 poenam
2216 495 2328 535 culpae
2352 498 2507 536 contingit

1448 535 1633 576 dupliciter:
1658 536 1710 567 vel
1732 536 1926 576 simpliciter,
1951 542 2080 577 propter
2103 547 2152 574 se;
2177 539 2227 568 vel
2254 539 2505 578 quodammodo,

1448 580 1480 610 in
1504 580 1615 611 ordine
1638 580 1678 611 ad
1701 580 1796 610 aliud.
1821 581 1862 610 Et
1885 580 1974 620 quod
1997 582 2101 620 primo
2125 582 2223 612 modo
2248 584 2343 622 exigit
2366 590 2507 615 exactam

1448 625 1666 664 cognitionem
1690 625 1846 664 cuiusque
1869 630 1935 655 tam
1952 625 2065 665 culpae
2089 635 2186 665 quam
2209 636 2349 666 poenae:
2375 629 2450 668 quia
2473 629 2506 659 in

1447 669 1636 708 aequalitate
1663 678 1788 708 poenae
1820 668 1860 699 ad
1883 669 2010 708 culpam
2040 671 2192 700 consistit.
2227 670 2376 701 Secundo
2400 678 2506 702 autern

1446 712 1546 743 modo
1569 722 1637 743 non
1661 713 1757 752 exigit
1780 718 1922 743 exactam
1939 714 2157 753 cognitionem
2181 714 2294 754 culpae
2319 720 2349 745 et
2371 725 2506 755 poenae,

1447 757 1523 796 quia
1554 766 1623 787 non
1655 757 1799 787 consistit
1827 757 1861 787 in
1890 758 2057 797 utriusque
2088 758 2292 798 aequalitate:
2327 759 2382 789 sed
2413 761 2508 800 exigit

1447 801 1666 840 cognitionem
1690 802 2010 832 commensurationis
2032 811 2157 842 poenae
2177 802 2217 833 ad
2237 802 2345 833 finem.
2370 804 2411 834 Et
2426 813 2507 844 quo-

1446 845 1532 875 niam
1555 846 1660 885 primo
1683 845 1784 876 modo
1807 855 1875 876 non
1899 851 1946 876 est
1969 851 2057 876 actus
2079 846 2189 877 iudicii
2211 848 2384 887 praesentis
2407 849 2507 884 vitae,

1445 889 1519 919 ideo
1543 889 1582 920 ad
1606 888 1824 920 confessorem
1846 899 1915 920 non
1937 895 2059 930 spectat
2081 896 2169 921 actus
2191 891 2259 922 iste.
2284 891 2334 924 Et.
2356 902 2428 922 cum
2445 902 2508 933 po-

1445 933 1544 964 tentia
1567 934 1609 964 sit
1628 939 1763 974 propter
1785 938 1905 970 actum,
1933 944 2001 964 non
2025 940 2072 965 est
2094 944 2176 975 opus
2199 940 2235 966 ut
2258 935 2433 967 confessori
2462 937 2506 967 sic

1445 983 1553 1008 exacte
1576 983 1653 1008 nota
1675 978 1754 1008 fiant
1775 984 1906 1018 peccata
1929 984 1965 1008 ut
1987 980 2088 1019 possit
2110 989 2251 1019 poenam
2278 980 2390 1020 culpae
2414 980 2506 1012 adae-

1445 1032 1543 1063 quare
1574 1022 1759 1062 simpliciter
1787 1028 1819 1053 et
1845 1023 2000 1053 absolute.
2031 1023 2094 1054 Sed
2121 1025 2196 1063 quia
2222 1023 2262 1054 ad
2288 1024 2506 1056 confessorem

1444 1071 1566 1107 spectat
1596 1076 1853 1097 commensurare
1883 1076 2024 1107 poenam
2054 1068 2233 1107 poenitenti
2262 1069 2296 1098 in
2327 1068 2439 1100 ordine
2466 1068 2506 1099 ad

1444 1120 1534 1141 suam
1554 1111 1699 1147 salutem,
1717 1111 1872 1151 quoniam
1894 1111 1946 1141 hic
1970 1117 2018 1141 est
2039 1117 2126 1142 actus
2149 1112 2259 1142 iudicii
2281 1113 2423 1143 salutaris
2445 1114 2505 1146 sibi

1444 1155 1625 1192 commissi;
1656 1160 1688 1185 et
1709 1154 1895 1186 huiusmodi
1918 1156 2188 1186 commensuratio
2212 1157 2244 1186 in
2269 1157 2407 1196 quadam
2430 1167 2504 1197 pro-

1443 1200 1593 1239 portione
1623 1199 1729 1230 media
1750 1200 1832 1230 inter
1854 1200 2074 1240 poenitentem
2101 1205 2133 1231 et
2157 1200 2241 1231 illius
2267 1201 2402 1231 salutem
2426 1211 2504 1232 con-

1443 1244 1539 1280 sistit,
1571 1244 1652 1274 sicut
1683 1243 1876 1274 medicinam
1908 1249 2036 1284 oportet
2068 1253 2135 1274 esse
2167 1245 2443 1285 proportionatam
2473 1251 2505 1276 et

1444 1288 1567 1318 sanitati
1594 1287 1830 1328 recuperandae
1857 1293 1888 1318 et
1910 1287 2056 1324 infirmo,
2080 1294 2154 1319 sunt
2184 1290 2270 1319 enim
2299 1289 2503 1320 medicinales

1443 1341 1567 1372 poenae
1597 1333 1771 1372 praesentis
1800 1333 1971 1372 temporis:
2002 1332 2076 1362 ideo
2107 1338 2138 1363 et
2160 1342 2234 1363 vera
2260 1339 2307 1363 est
2333 1333 2503 1364 doctorum

1443 1377 1598 1407 sententia
1618 1376 1794 1406 dicentium
1815 1375 1904 1416 quod
1924 1376 2089 1407 confessor
2111 1376 2206 1407 debet
2228 1387 2323 1417 posse
2346 1377 2503 1418 adaequa-

1442 1426 1507 1451 tam
1534 1421 1767 1460 poenitentiam
1796 1421 1952 1456 arbitrari,
1983 1421 2120 1451 salvatur
2150 1422 2236 1451 enim
2265 1431 2503 1453 commensura-

1442 1465 1538 1494 tionis
1569 1464 1776 1504 adaequatio,
1804 1465 1879 1494 licet
1908 1474 1975 1495 non
2005 1465 2192 1495 interveniat
2221 1466 2393 1506 aequalitas
2421 1467 2504 1497 inter

1443 1508 1571 1548 culpam
1587 1514 1619 1539 et
1634 1518 1792 1548 poenam;
1816 1514 1847 1538 et
1862 1518 1974 1539 verum
1990 1515 2037 1539 est
2060 1508 2149 1549 quod
2169 1515 2375 1549 peccatorum
2390 1511 2503 1541 notitia

1442 1562 1508 1582 non
1533 1558 1641 1583 exacta
1663 1551 1779 1583 sufficit
1802 1552 1842 1582 ad
1863 1552 2072 1593 adaequatam
2099 1554 2330 1593 poenitentiam
2353 1555 2503 1585 arbitran-

1442 1596 1516 1626 dam
1539 1606 1558 1626 a
1581 1595 1774 1627 confessore.

1089 1751 1423 1801 QUAESITUM
1454 1752 1743 1801 QUARTUM

453 1855 514 1886 AN
537 1854 744 1887 PECCATA
767 1854 911 1886 SEMEL
934 1854 1038 1885 RITE
1062 1853 1295 1890 CONFESSA,
1320 1853 1575 1885 SUBSECUTA
1598 1853 1908 1885 ABSOLUTIONE
1931 1854 1988 1885 ET
2013 1854 2368 1892 SATISFACTIONE,

886 1898 1066 1930 POSSINT
1091 1898 1259 1929 ITERUM
1283 1898 1546 1929 FRUCTUOSE
1570 1898 1816 1935 CONFITERI,
1841 1899 1940 1930 ETC.

396 2005 552 2028 namna
581 2001 707 2037 quarto,
731 1995 836 2027 adhuc
859 1996 942 2026 circa
965 1996 1131 2026 materiam
1156 1994 1383 2032 confessionis,

397 2051 438 2072 an
460 2045 592 2082 peccata
612 2041 712 2071 semel
727 2041 786 2071 rite
809 2039 965 2075 confessa,
989 2041 1159 2070 subsecuta
1183 2039 1385 2070 absolutione

320 2090 353 2116 et
374 2085 600 2121 satisfactione,
623 2085 749 2125 possint
770 2085 887 2115 iterum
910 2083 1074 2115 fructuose
1098 2083 1254 2120 confiteri,
1272 2088 1332 2114 etc.

373 2129 509 2161 Videtur
527 2130 614 2160 enim
629 2128 720 2169 quod
734 2138 812 2159 non.
835 2128 946 2159 Primo
962 2129 989 2164 ἢ
1006 2129 1081 2169 quia
1098 2128 1188 2159 nulla
1210 2127 1314 2158 forma
1335 2129 1384 2158 sa·-

320 2175 474 2205 eramenti
497 2179 544 2204 est
557 2173 708 2204 iterabilis
730 2182 826 2214 super
849 2172 962 2203 eadem
983 2182 1120 2203 numero
1140 2173 1281 2203 materia.
1305 2172 1384 2203 Pec-

319 2223 390 2250 cata
412 2223 520 2249 autem
543 2222 618 2248 sunt
639 2218 771 2248 materia
792 2218 825 2247 in
848 2217 912 2248 hoc
935 2222 1143 2247 sacramento.
1166 2217 1264 2257 Ergo.

374 2262 522 2294 Secundo
538 2263 566 2298 ᾗ
589 2262 666 2302 quia
693 2267 822 2302 oportet
844 2261 955 2292 salvari
977 2262 1141 2292 veritatem
1165 2260 1327 2291 efficacem
1349 2261 1383 2291 in

318 2306 431 2338 formis
453 2311 736 2338 sacramentorum.
761 2305 854 2344 Quae
876 2306 910 2336 in
933 2306 996 2336 hoc
1012 2315 1088 2336 casu
1109 2315 1179 2336 non
1195 2305 1382 2336 salvaretur:

318 2350 436 2382 falsum
463 2360 605 2391 namque
634 2350 753 2381 diceret
779 2349 930 2381 sacerdos
954 2349 1111 2386 dicendo,
1135 2350 1276 2380 Absolvo
1304 2355 1335 2380 te
1362 2359 1383 2380 a

312 2396 457 2436 peccatis
472 2396 545 2431 tuis,
559 2401 637 2431 etc.;
661 2395 817 2435 quoniam
834 2403 903 2425 non
918 2394 1093 2425 absolvitur
1110 2395 1172 2425 nisi
1186 2394 1310 2435 ligatus,
1330 2395 1383 2425 hic

319 2444 428 2471 autem
450 2440 722 2480 praesupponitur
744 2439 919 2469 absolutus
960 2438 963 2440 “

379 2484 488 2515 Tertio
503 2485 530 2520 *,
555 2484 631 2524 quia
652 2483 716 2514 hoc
739 2488 982 2519 sacramentum,
1007 2492 1082 2513 cum
1104 2483 1299 2514 ministretur
1325 2492 1383 2523 per

318 2527 456 2560 modum
478 2528 598 2564 iudicii,
622 2528 718 2568 exigit
740 2528 961 2568 cognitionem
983 2527 1113 2557 vinculi.
1137 2527 1230 2565 Quae
1253 2528 1287 2557 in
1306 2536 1382 2567 pro—

317 2573 426 2614 posito
448 2582 517 2603 non
531 2572 709 2608 haberetur,
729 2572 755 2602 si
771 2570 928 2602 confitens
943 2570 1051 2602 denuo
1067 2577 1198 2611 peccata
1213 2571 1288 2602 alias
1303 2581 1382 2602 con-

319 2616 401 2648 fessa
432 2616 648 2650 solummodo
670 2616 877 2656 exprimeret:
908 2615 1018 2646 lateret
1047 2616 1134 2646 enim
1164 2615 1382 2646 confessorem

318 2661 416 2692 istum
435 2670 503 2692 esse
519 2661 593 2691 alias
609 2661 648 2691 ab
664 2661 712 2690 his
728 2660 922 2696 absolutum,
947 2669 984 2690 ac
999 2669 1057 2700 per
1072 2660 1135 2690 hoc
1150 2659 1260 2690 lateret
1274 2660 1382 2700 ipsum

317 2706 539 2746 poenitentem
558 2706 646 2735 hunc
660 2704 795 2735 vinculis
810 2705 928 2734 horum
943 2709 1150 2744 peccatorum
1166 2703 1316 2744 adstringi
1330 2704 1382 2735 vel

317 2759 387 2781 non
402 2749 561 2789 adstringi.
586 2748 686 2788 Quod
709 2754 756 2779 est
779 2748 1018 2779 inconveniens.

377 2793 503 2831 Quarto
520 2795 536 2810 ⁴*
553 2795 638 2834 quia,
654 2794 680 2824 si
695 2793 859 2833 replicatio
882 2792 1092 2823 confessionis
1107 2791 1285 2822 eorundem
1301 2797 1383 2823 esset

318 2838 492 2875 fructuosa,
516 2843 702 2878 sequeretur
725 2836 815 2877 quod
837 2836 952 2877 aliquis
976 2836 1081 2867 eidem
1097 2835 1273 2866 confessori
1286 2836 1382 2876 repli-

319 2882 423 2914 cando
446 2881 654 2913 solummodo
678 2883 712 2912 in
728 2882 896 2912 communi
915 2879 1162 2916 confessionem,
1186 2886 1274 2920 puta,
1297 2880 1380 2911 Dico

318 2937 422 2958 meam
445 2927 572 2967 culpam
596 2926 635 2957 de
653 2926 702 2957 his
724 2935 808 2966 quae
829 2925 915 2956 alias
933 2925 1012 2961 dixi,
1030 2930 1101 2961 etc.,
1125 2923 1265 2955 fructum
1281 2934 1382 2956 sacra-

318 2972 419 3003 menti
441 2972 628 3012 perciperet.
664 2971 705 3001 Et
727 2971 772 3000 sic
802 2971 835 3000 in
859 2979 926 3000 uno
950 2969 1001 2999 die
1031 2969 1150 2999 centies
1177 2969 1380 3009 replicando.

319 3016 438 3047 centies
461 3015 602 3046 fructum
625 3015 812 3045 sacramenti
841 3015 1028 3055 perciperet.
1064 3012 1163 3051 Quod
1187 3018 1234 3043 est
1259 3022 1380 3053 ponere

290 3068 293 3069 ⁷
319 3065 514 3091 sacramenta
535 3060 570 3090 in
592 3059 773 3090 ridiculum.

377 3103 499 3141 Quinto
515 3105 542 3140 ³,
562 3105 638 3145 quia
655 3103 811 3134 iudicium
835 3102 933 3134 semel
948 3102 1049 3132 latum
1064 3103 1132 3132 sine
1148 3111 1253 3132 errore
1269 3111 1287 3132 a
1303 3112 1380 3133 con-

319 3147 439 3180 fessore
461 3148 550 3179 Deus
572 3149 618 3179 sic
640 3147 773 3179 ratificat
795 3146 885 3188 quod
907 3152 954 3177 est
976 3146 1192 3177 irrevocabile.
1223 3146 1309 3186 Ergo
1332 3156 1381 3176 ra-

319 3193 471 3224 tionabile
487 3198 543 3229 est,
560 3193 665 3233 inquit
684 3192 799 3223 Scotus
815 3193 841 3228 ἢ
867 3191 956 3232 quod
972 3192 1067 3221 etiam
1083 3191 1127 3221 sic
1142 3189 1275 3221 ratificet
1290 3190 1380 3231 quod

285 3236 291 3243 ”
319 3237 360 3268 sit
381 3237 583 3268 irreiterabile
606 3236 715 3278 quoad
737 3236 887 3267 fructum.

374 3281 417 3312 Et
439 3279 646 3312 confirmatur
668 3291 707 3312 ex
729 3281 777 3311 his
804 3290 887 3321 quae
910 3279 1055 3310 videmus
1078 3280 1112 3310 in
1134 3278 1206 3309 foro
1230 3278 1380 3319 litigioso.

317 3325 402 3356 Nam
417 3325 572 3357 sententia
587 3325 749 3356 definitiva
764 3325 959 3355 absolutoria
970 3324 1108 3355 accusati
1118 3324 1298 3354 innocentis
1313 3333 1381 3354 non

318 3369 504 3410 replicatur:
534 3379 610 3406 nec,
634 3370 661 3400 si
682 3370 903 3410 replicaretur,
927 3368 1120 3404 absolveret,
1146 3368 1222 3408 quia
1244 3377 1312 3398 non
1335 3373 1383 3398 est

320 3413 456 3454 amplius
479 3413 646 3454 obligatus,
670 3419 707 3444 ut
729 3413 851 3444 absolvi
873 3413 983 3454 possit.

328 3475 331 3477 >
374 3457 413 3488 In
438 3458 617 3498 oppositum
640 3457 764 3489 videtur
786 3467 854 3488 esse
878 3458 1060 3488 communis
1084 3458 1207 3498 opinio.

1494 1995 1531 2025 11.
1555 1994 1607 2026 Ad
1629 1994 1821 2026 evidentiam
1844 1996 1959 2033 huius,
1991 1996 2157 2027 sciendum
2187 2003 2234 2027 est
2264 1998 2420 2028 contineri
2449 2000 2502 2030 hic

1438 2039 1504 2070 duo
1529 2040 1680 2080 quaesita,
1705 2040 1840 2070 scilicet:
1865 2050 1905 2070 an
1928 2041 2039 2071 iterare
2063 2041 2240 2071 eorundem
2263 2041 2500 2074 confessionem

1438 2084 1478 2114 sit
1499 2083 1639 2121 licitum;
1670 2089 1702 2115 et
1724 2094 1765 2114 an
1788 2085 1828 2115 sit
1849 2083 2061 2115 fructuosum.
2096 2085 2138 2115 Et
2160 2091 2207 2115 est
2229 2095 2334 2117 sermo
2358 2086 2398 2117 de
2421 2097 2499 2118 con-

1438 2127 1577 2158 fessione
1599 2138 1667 2158 non
1690 2129 1804 2164 mixta,
1829 2138 1912 2168 quae
1935 2129 2055 2159 scilicet
2078 2130 2221 2160 continet
2244 2130 2402 2170 quaedam
2423 2141 2499 2171 pec-

1438 2178 1507 2203 cata
1530 2172 1605 2202 alias
1629 2172 1775 2203 confessa
1798 2178 1829 2203 et
1844 2172 2002 2213 quaedam
2013 2173 2185 2214 ‘nunquam
2201 2174 2355 2211 confessa,
2380 2175 2436 2206 sed
2459 2175 2498 2206 de

1438 2216 1641 2247 confessione
1667 2217 1852 2247 continente
1875 2216 2082 2248 solummodo
2107 2217 2182 2248 alias
2205 2217 2359 2249 confessa.
2394 2219 2435 2250 Et
2457 2221 2498 2250 si-

1436 2261 1553 2291 militer
1576 2266 1622 2291 est
1644 2270 1750 2291 sermo
1774 2260 1814 2291 de
1833 2261 1939 2292 fructu
1963 2271 2001 2292 ex
2022 2267 2111 2302 parte
2134 2263 2330 2299 sacramenti,
2354 2273 2411 2294 seu
2435 2264 2497 2294 cla-

1435 2305 1543 2335 vium:
1568 2310 1600 2335 et
1621 2315 1689 2336 non
1713 2305 1752 2335 de
1776 2304 1882 2336 fructu
1905 2315 1942 2335 ex
1958 2311 2046 2345 parte
2061 2306 2264 2345 poenitentis,
2289 2307 2408 2338 scilicet
2427 2318 2497 2339 eru.-

1435 2350 1597 2380 bescentia
1627 2355 1658 2380 et
1689 2350 1835 2390 ampliori
1858 2349 2071 2380 satisfactione
2098 2356 2130 2380 et
2151 2350 2346 2382 huiusmodi.
2381 2352 2496 2383 Nullus

1436 2394 1523 2424 enim
1550 2393 1672 2424 dubitat
1701 2393 1887 2424 huiusmodi
1910 2395 2162 2425 erubescentiam
2191 2404 2228 2425 ac
2250 2395 2496 2427 satisfactionem

1436 2448 1503 2468 esse
1527 2437 1734 2469 fructuosam.
1758 2438 1800 2468 Et
1821 2438 1964 2469 similiter
1985 2438 2092 2469 nullus
2115 2438 2238 2469 dubitat
2260 2439 2496 2471 confessionem

1435 2483 1568 2513 mixtam
1584 2492 1651 2513 esse
1666 2482 1786 2512 licitam
1801 2488 1833 2512 et
1847 2481 2063 2513 fructuosam:
2088 2483 2199 2514 saltem
2223 2493 2259 2514 ea
2281 2485 2404 2515 ratione
2420 2486 2496 2526 quia

1436 2527 1514 2557 utile
1530 2536 1594 2567 per
1617 2527 1730 2557 inutile
1752 2526 1939 2557 adiunctum
1962 2536 2027 2557 non
2051 2527 2186 2558 vitiatur
2200 2527 2225 2557 *.

1493 2571 1544 2601 ΙΙΙ.
1569 2571 1618 2601 De
1640 2572 1746 2611 primo
1765 2571 1860 2611 igitur
1883 2571 2038 2611 quaesito,
2062 2581 2131 2602 non
2153 2572 2286 2602 memini
2308 2572 2420 2612 legisse
2442 2583 2495 2603 me

1435 2615 1576 2656 aliquem
1598 2621 1761 2646 tenentem
1784 2625 1852 2646 esse
1874 2615 2021 2646 illicitum
2043 2616 2155 2646 iterare
2177 2615 2354 2647 eorundem
2381 2627 2495 2657 puram

1435 2659 1682 2690 confessionem.
1714 2660 1755 2690 Et
1778 2669 1861 2700 quae
1885 2661 1968 2690 circa
1989 2660 2053 2690 hoc
2075 2660 2218 2700 ingerere
2240 2666 2372 2700 possent
2395 2662 2494 2692 ambi-

1434 2705 1598 2744 guitatem,
1614 2705 1648 2734 in
1663 2704 1774 2744 primis
1789 2705 1982 2744 argumentis
1997 2705 2014 2720 ⁴*
2035 2704 2216 2744 tanguntur,
2234 2714 2271 2734 ex
2288 2714 2427 2744 quorum
2443 2715 2495 2735 so-

1434 2749 1558 2779 lutione
1574 2749 1591 2765 ⁴*
1614 2747 1818 2778 manifestum
1834 2749 1892 2778 erit
1907 2749 2030 2779 licitum
2055 2758 2122 2779 esse
2146 2748 2258 2779 eadem
2277 2755 2408 2788 peccata
2422 2750 2494 2789 plu-

1434 2793 1495 2823 ries
1518 2791 1664 2822 confiteri
1686 2802 1776 2832 pure.

1478 2837 1520 2867 Et
1543 2837 1619 2876 quia
1641 2837 1720 2866 ratio
1752 2846 1850 2876 quam
1879 2836 1912 2866 in
1935 2835 2078 2866 secundo
2102 2837 2246 2876 quaesito
2277 2835 2492 2873 adducemus,

1434 2881 1498 2911 hoc
1520 2879 1606 2911 idem
1622 2880 1795 2916 concludit,
1820 2879 1893 2910 ideo
1909 2885 2034 2910 transeo
2051 2879 2091 2910 ad
2109 2879 2287 2911 secundum
2303 2881 2493 2920 quaesitum.

1434 2925 1470 2955 In
1494 2934 1561 2965 quo
1584 2925 1714 2955 invenio
1738 2924 1882 2959 Scotum,
1906 2925 1939 2954 in
1955 2924 1998 2954 IV
2013 2924 2110 2959 Sent„
2135 2923 2204 2955 dist.
2221 2934 2295 2954 xvm
2311 2925 2337 2960 *‚
2361 2934 2493 2965 respon-

1435 2968 1541 2999 dendo
1565 2968 1604 2999 ad
1626 2969 1785 3008 primum,
1809 2973 1916 2998 tenere
1939 2973 2062 3008 partem
2084 2969 2263 3008 negativam
2287 2978 2354 2998 esse
2376 2970 2493 3009 proba-

1434 3013 1596 3043 biliorem:
1621 3013 1665 3043 ita
1688 3012 1777 3053 quod
1799 3013 1894 3042 sentit
1916 3013 2059 3043 iteratam
2081 3011 2316 3043 confessionem
2338 3022 2406 3043 non
2425 3022 2493 3043 esse

1434 3056 1632 3088 fructuosam
1656 3066 1693 3087 ex
1715 3061 1804 3096 parte
1827 3056 1974 3092 clavium,
1997 3057 2061 3087 hoc
2082 3061 2137 3092 est,
2161 3066 2221 3087 nec
2244 3057 2403 3087 remittere
2426 3057 2494 3088 cul-

1434 3111 1519 3142 pam,
1543 3111 1626 3141 quae
1648 3101 1713 3131 iam
1736 3100 1863 3131 dimissa
1881 3101 2082 3141 supponitur,
2105 3110 2166 3130 nec
2189 3101 2347 3131 remittere
2369 3106 2492 3141 partem

1435 3145 1574 3186 aliquam
1589 3154 1724 3185 poenae.
1745 3145 1894 3175 Movetur
1909 3150 2017 3175 autem
2033 3154 2070 3176 ex
2082 3150 2270 3185 argumento
2287 3145 2401 3185 quinto
2417 3145 2492 3176 loco

1434 3191 1540 3225 allato,
1564 3199 1640 3220 cum
1662 3199 1719 3219 sua
1742 3188 1996 3219 confirmatione.

1490 3233 1554 3265 Sed
1575 3243 1683 3264 revera
1705 3243 1773 3264 non
1796 3233 1902 3264 solum
1924 3234 2031 3263 minus
2053 3233 2241 3273 probabilis,
2269 3232 2325 3263 sed
2347 3232 2423 3263 falsa
2446 3238 2494 3263 est

1436 3279 1503 3310 eius
1525 3278 1647 3318 opinio.
1679 3277 1778 3315 Quod
1800 3278 1844 3308 sic
1868 3282 1963 3317 patet.
1994 3277 2202 3317 Quicumque
2229 3277 2360 3317 suscipit
2390 3276 2493 3317 quod-

1436 3332 1576 3363 cumque
1599 3322 1760 3352 Ecclesiae
1783 3327 2015 3352 sacramentum
2038 3322 2096 3352 rite
2120 3331 2156 3352 ac
2172 3321 2277 3361 digne,
2301 3330 2493 3352 concurren-

1434 3368 1519 3398 tibus
1543 3367 1693 3397 omnibus
1715 3367 1873 3406 requisitis
1889 3365 1929 3396 ad
1944 3371 2187 3401 sacramentum,
2202 3371 2282 3405 puta
2298 3365 2410 3402 forma,
2426 3375 2494 3396 ma-

1435 3412 1522 3447 teria,
1546 3411 1687 3452 partibus
1711 3411 1870 3446 omnibus,
1894 3410 2039 3440 ministro
2062 3409 2193 3446 idoneo,
2211 3415 2282 3446 etc.,
2306 3419 2373 3440 non
2388 3409 2494 3440 solum

1436 3456 1520 3486 licite
1544 3455 1655 3495 recipit
1678 3461 1928 3490 sacramentum,
1953 3454 2009 3485 sed
2032 3455 2134 3485 etiam‘
2149 3454 2261 3494 recipit
2284 3453 2423 3484 fructum
2447 3463 2494 3484 sa—

2534 457 2543 467 '
2563 456 2633 478 Num.
2651 462 2672 481 ι,
2691 457 2746 478 Tum

2533 483 2590 509 quia
2602 484 2733 509 poenitetur.

2533 511 2542 520 ·
2559 509 2629 530 Num.
2644 515 2675 535 ιιι,
2690 515 2719 531 ιν.

2522 2533 2532 2542 ·
2546 2531 2582 2553 De
2600 2531 2659 2559 Reg.
2674 2532 2734 2563 tur„

2522 2564 2670 2606 gegmxxxvu
2681 2575 2686 2585 ,
2711 2565 2733 2580 ιη

2521 2714 2532 2723 '
2547 2711 2616 2732 Num.
2632 2717 2647 2732 1.

2520 2757 2530 2766 ·
2547 2755 2616 2776 Num.
2632 2761 2653 2776 ιν
2668 2761 2719 2782 sqq.

2520 2933 2529 2942 ·
2552 2931 2588 2962 Cf.
2612 2937 2675 2952 num.
2698 2937 2719 2956 ι,

2521 2958 2615 2985 Quinto.
