2918 4088
14 758 17 759 ν
54 749 66 760 ·
79 747 136 776 Cup.
150 753 184 774 m,
199 752 230 769 π.

55 801 67 812 ·
79 799 138 821 Dist-
149 804 175 825 u,
185 804 236 826 cap.
246 803 266 824 ις

55 825 108 849 diat.
122 830 172 852 vui,
189 830 239 853 cap.
250 830 266 846 1.

142 3237 278 3291 .ffl.g.-

973 241 1236 291 QUAESTIO
1264 241 1388 288 LXV,
1423 239 1715 278 ARTICULUS
1743 241 1788 277 111
2416 244 2463 293 59

291 324 368 361 bus
395 312 531 372 aliquis
559 323 598 360 in
626 322 752 373 seipso
772 322 978 372 perficitur,
999 333 1118 371 quam
1138 331 1351 357 sacramen·
1378 319 1382 359 Ι
1407 325 1450 355 ut
1476 318 1759 367 praeparatoria
1787 319 1835 355 ad
1856 319 2146 357 Eucharistiam.
2184 322 2259 358 Sed
2288 323 2364 359 hoc
2385 334 2465 359 non

292 385 377 414 tum
405 376 570 423 ordinis,
600 375 638 413 in
667 382 774 425 quo‘
804 374 939 424 aliquis
967 372 1207 411 constituitur
1232 371 1352 421 perfe-

293 436 376 467 ctor
402 428 578 466 aliorum.

346 483 404 519 An
439 493 599 519 TERTIUM
636 493 816 519 memnon
854 479 963 529 quod
1003 477 1282 516 nutrimentum
1319 483 1355 513 et

292 534 485 584 praecedit
512 542 776 583 augmentum,
805 533 901 570 sicut
928 543 1044 569 causa
1070 530 1171 576 eius;
1205 537 1240 566 et
1268 529 1354 565 sub-

293 586 466 637 sequitur
493 594 755 635 augmentum,
776 585 872 623 sicut
895 595 1128 622 conservans
1153 581 1355 619 hominem

294 639 334 677 in
359 640 525 689 perfecta
552 639 760 689 quantitate
788 646 824 675 et
850 637 1000 674 virtute.
1036 636 1085 673 Et
1111 635 1200 672 ideo
1231 642 1356 684 potest

294 692 534 730 Eucharistia
561 691 750 743 praemitti
769 687 1065 735 confirmationi,
1085 695 1128 725 ut
1145 687 1356 737 Dionysius

293 745 392 792 facit,
421 745 461 782 in
488 745 585 782 libro
613 745 714 782 Eccl.
742 745 852 781 Hier.
872 742 909 779 *ε
940 749 976 778 et
1003 748 1128 791 potest
1162 739 1354 790 postponi,

295 797 392 836 sicut
418 797 599 846 Magister
623 796 728 844 facit,
757 795 797 833 in
825 796 875 832 IV
902 795 1173 832 Sententiarum
1191 793 1222 830 ²⁸.

347 852 406 888 An
434 862 608 893 Quantum
626 860 807 887 mei-:unum
830 847 937 897 quod
957 846 1051 884 ratio
1070 846 1132 884 illa
1150 853 1250 883 recte
1268 857 1356 895 pro-

295 903 447 940 cederet
473 902 505 940 si
531 901 765 952 poenitentia
789 913 836 938 ex
854 899 1074 937 necessitate
1103 898 1359 948 requireretur

1408 378 1463 407 est
1500 382 1659 407 verum:
1698 382 1790 407 nam
1828 371 1858 407 si
1887 371 2022 420 aliquis
2058 381 2155 409 esset
2192 374 2272 410 sine
2308 383 2464 424 peccato

1408 423 1579 470 mortali,
1609 435 1689 461 non
1725 423 1908 472 indigeret
1941 424 2173 473 poenitentia
2205 426 2253 463 ad
2282 427 2465 476 sumptio-

1408 487 1500 512 nem
1528 475 1800 512 Eucharistiae.
1839 477 1888 513 Et
1915 476 1968 513 sic
1995 485 2097 526 patet
2133 479 2239 527 quod
2276 491 2345 527 per
2371 479 2466 516 acci—

1410 529 1505 565 dens
1532 528 1767 577 poenitentia
1793 537 1993 578 praeparat
2011 530 2060 566 ad
2088 531 2378 578 Eucharistiam,
2399 532 2467 568 sci-

1409 581 1508 628 licet,
1538 581 1738 630 supposito
1774 589 1943 631 peccato.
1981 583 2093 619 Unde
2121 582 2257 620 dicitur
2283 585 2313 620 II
2341 585 2466 621 Paral.

1409 635 1476 671 ult.
1496 633 1533 670 *z
1568 636 1636 680 Tu,
1665 635 1828 671 Domine
1855 636 2045 682 iustorum,
2066 648 2141 672 non
2164 638 2320 685 posuisti
2340 638 2468 686 poeni-

1409 688 1560 724 tentiam
1589 688 1698 723 iustis.

1464 740 1521 776 Ao
1559 751 1719 782 Qumrum
1756 751 1938 777 memnona
1973 741 2081 789 quod
2117 749 2286 779 extrema
2319 741 2468 790 unctio,

1411 799 1568 842 propter
1587 792 1774 830 rationem
1794 792 2003 840 inductam,
2024 801 2080 830 est
2097 794 2278 831 ultimum
2297 794 2394 831 inter
2414 807 2470 832 sa-

1412 852 1607 882 cramenta
1625 857 1725 894 quae
1750 845 1975 883 ordinantur
1993 846 2042 883 ad
2061 847 2332 895 perfectionem
2356 847 2472 884 unius

1412 910 1612 948 personae.

348 1032 367 1068 ι)
387 1033 413 1059 in
432 1041 495 1066 quo.
510 1047 531 1052 -
549 1033 575 1058 in
594 1033 646 1066 pH,
664 1040 724 1058 curn
742 1033 790 1063 εΗ,
808 1039 860 1065 quo
879 1036 964 1057 cetera
981 1031 1064 1057 tertia.
1077 1045 1097 1050 -
1110 1032 1249 1064 perfector
1262 1030 1321 1055 PsG
1335 1035 1361 1055 et
1377 1037 1411 1059 α,-
1425 1030 1515 1064 perf?
1516 1037 1548 1055 or
1565 1030 1682 1063 BEFpG,
1697 1031 1845 1064 perfectior
1862 1031 1925 1061 ACI,
1940 1032 2122 1065 perfectorum
2142 1032 2172 1062 D,
2188 1032 2319 1066 persectIo
2337 1033 2400 1058 Hbc.

968 1119 1303 1153 Commentaria
1325 1117 1578 1165 cardinalis
1599 1118 1802 1151 Caietani

325 1214 347 1235 Ν
370 1203 475 1239 titulo,
498 1201 638 1242 intellige
661 1210 719 1242 per
742 1199 888 1232 ordinem
913 1200 1088 1231 secundum
1110 1199 1241 1230 modum
1258 1208 1357 1240 prae-

298 1215 445 1279 Idictum
469 1245 615 1278 ordinem
639 1255 705 1286 quo
726 1250 893 1276 numerata
912 1250 987 1275 sunt
1002 1249 1197 1275 sacramenta
1217 1244 1251 1274 in
1265 1253 1356 1284 prae-

296 1291 423 1324 cedenti
445 1291 589 1326 arficulo,
613 1289 778 1321 videlicet:
805 1289 971 1329 baptisma,
996 1287 1208 1324 confirmatio,
1231 1287 1358 1318 Eucha-

295 1336 391 1372 ristia,
414 1335 622 1376 poenitentia,
646 1339 785 1364 extrema
807 1333 929 1369 unctio,
951 1332 1042 1369 ordo,
1060 1338 1092 1363 et
1106 1332 1357 1363 matrimonium.

297 1379 578 1419 Quaeriuuffenim
601 1387 642 1408 an
665 1378 710 1408 sic
733 1378 962 1408 convenienter
983 1377 1179 1408 ordinentur.

307 1422 329 1427 ‘⁴
353 1424 387 1455 In
413 1432 549 1463 corpore
571 1423 674 1463 prima
697 1421 863 1452 conclusio
887 1426 950 1451 est:
975 1421 1066 1452 Inter
1090 1425 1293 1452 sacramenta
1309 1420 1358 1450 ul-

298 1468 376 1500 timo
386 1472 559 1509 ponuntur
574 1466 655 1497 ordo
672 1471 703 1497 et
717 1466 979 1496 matrimonium:
996 1465 1238 1496 matrimonium
1254 1469 1358 1494 tamen

291 1517 371 1554 post
394 1511 549 1542 ordinem.
572 1511 729 1541 Probatur
745 1510 911 1540 conclusio
936 1509 1045 1550 quoad
1066 1510 1203 1550 primam
1226 1513 1359 1549 partem.

298 1555 402 1595 Quia,
425 1556 507 1586 sicut
528 1564 632 1585 unum
655 1559 702 1585 est
730 1554 818 1594 prius
847 1552 1070 1589 multitudine,
1094 1554 1137 1583 ita
1166 1557 1362 1583 sacramenta

298 1609 382 1642 quae
397 1599 585 1630 ordinantur
607 1598 647 1628 ad
661 1597 892 1638 perfectionem
915 1598 1011 1627 unius
1033 1606 1199 1637 personae,
1216 1601 1291 1626 sunt
1304 1605 1360 1626 na-

297 1643 440 1675 turaliter
460 1643 567 1682 priora
584 1642 633 1672 his
656 1651 740 1682 quae
755 1640 942 1671 ordinantur
964 1640 1004 1671 ad
1026 1639 1259 1680 perfectionem
1276 1639 1362 1670 mul-

297 1686 452 1720 titudinis.
486 1685 550 1717 Sed
578 1686 701 1726 reliqua
732 1690 927 1715 sacramenta
957 1689 1031 1714 sunt
1062 1685 1158 1714 unius
1187 1692 1360 1723 personae:

297 1732 377 1762 haec
399 1735 507 1761 autem
523 1729 588 1760 duo
615 1729 790 1769 respiciunt
811 1727 1061 1759 multitudinem.
1094 1728 1190 1768 Ergo.
1207 1745 1228 1750 -
1244 1726 1363 1765 Quoad

297 1773 472 1806 secundam
487 1778 596 1804 autem
610 1778 734 1814 partem
749 1772 918 1813 probatur:
941 1772 1016 1812 quia
1038 1772 1280 1802 matrimonium
1302 1771 1362 1801 mi-

297 1828 360 1851 nus
381 1818 549 1860 participat
571 1816 612 1848 de
634 1816 788 1857 spirituali
810 1817 874 1847 vita
897 1825 995 1856 quam
1019 1815 1109 1846 ordo.

353 1861 502 1894 Secunda
524 1861 691 1892 conclusio
715 1866 781 1891 est:
805 1860 1007 1891 Paenitentia
1031 1864 1063 1891 et
1084 1865 1229 1890 extrema
1253 1859 1362 1890 unctio

292 1907 480 1949 posteriora
507 1910 584 1937 sunt
610 1905 782 1946 baptismo,
807 1904 1053 1946 confirmatione
1082 1909 1114 1935 et
1134 1904 1365 1935 Eucharistia:

291 1951 461 1994 posterior
483 1955 588 1981 tamen
612 1954 660 1980 est
681 1954 826 1980 extrema
846 1949 955 1979 unctio
974 1948 1184 1989 poenitentia.
1208 1948 1364 1978 Probatur

298 1996 379 2027 haec
403 1995 570 2026 conclusio
593 1993 703 2035 quoad
725 1993 862 2034 primam
884 1999 1017 2033 partem.
1053 1992 1138 2030 Quia
1159 1993 1267 2033 priora
1289 1997 1364 2023 sunt

299 2049 383 2082 quae
405 2049 463 2080 per
478 2048 511 2069 se
535 2037 721 2069 ordinantur
743 2037 783 2068 ad
798 2037 994 2078 spiritualem
1009 2036 1241 2077 perfectionem
1257 2037 1363 2073 unius,

300 2093 399 2125 quam
413 2083 467 2114 illa
483 2092 566 2123 quae
582 2082 768 2113 ordinantur
782 2091 840 2122 per
855 2081 1012 2112 accidens.
1037 2080 1109 2117 Sed,
1127 2086 1187 2111 etc.
1203 2099 1225 2103 -
1246 2080 1364 2119 Quoad

299 2127 474 2159 secundam
501 2131 609 2158 autem
631 2131 772 2167 partem:
807 2127 883 2166 quia
911 2126 999 2166 prior
1027 2125 1210 2156 naturaliter
1239 2130 1286 2156 est
1316 2126 1364 2155 in-

300 2172 428 2204 choatio
451 2171 634 2207 sanationis,
659 2169 801 2211 quaesit
824 2179 881 2210 per
895 2170 1137 2210 poenitentiam,
1160 2179 1365 2200 consumma-

299 2217 389 2248 tione
411 2216 506 2252 illius,
531 2225 629 2256 quam
651 2214 727 2246 facit
750 2219 889 2245 extrema
912 2215 1034 2244 unctio.

356 2261 464 2292 Tertia
487 2259 654 2291 conclusio
678 2264 742 2289 est:
766 2258 858 2289 Inter
881 2259 946 2289 tria
954 2259 1064 2299 prima
1080 2263 1293 2294 sacramenta,
1310 2258 1365 2289 ba-

294 2305 434 2346 ptismus
449 2304 604 2345 primum,
628 2303 832 2345 confirmatio
856 2302 1046 2338 secundum,
1070 2302 1278 2333 Eucharistia
1302 2307 1364 2333 ter-

290 2349 381 2380 'tium
408 2349 528 2380 obtinet
553 2348 669 2379 locum.
704 2347 870 2378 Probatur.
906 2347 991 2385 Quia
1014 2347 1101 2387 prius
1125 2352 1172 2377 est
1195 2347 1364 2387 spiritualis

300 2394 480 2435 generatim
505 2391 620 2423 deinde
642 2391 776 2422 formale
791 2392 906 2428 robur;
931 2390 1062 2422 demum
1079 2391 1265 2421 consecutio
1281 2390 1363 2421 finis.

356 2437 394 2469 11.
418 2437 455 2468 ln
477 2437 685 2477 responsione
701 2435 742 2467 ad
757 2441 917 2476 quartum,
934 2435 1069 2466 dubium
1089 2436 1236 2472 occurrit,
1254 2445 1294 2465 an
1315 2436 1365 2466 iu-

301 2486 378 2518 stus,
393 2481 475 2512 idest
497 2480 565 2512 sine
587 2485 721 2521 peccato
742 2480 870 2511 mortali
889 2480 1034 2516 existens,
1050 2485 1195 2510 teneatur
1217 2480 1316 2510 semel
1331 2480 1365 2510 in

302 2534 388 2556 anno
404 2524 560 2556 confiteri.
584 2525 626 2555 Et
649 2530 695 2555 est
717 2525 798 2555 ratio
815 2524 913 2560 dubii,
933 2525 1009 2564 quia
1026 2525 1102 2554 hinc
1122 2529 1252 2564 apparet
1275 2523 1365 2564 quod

301 2578 386 2600 non:
411 2578 486 2600 cum
510 2568 623 2599 dicitur
646 2568 736 2609 quod
757 2569 827 2599 talis
849 2578 918 2599 non
939 2568 1094 2608 indigeret
1113 2568 1310 2608 poenitentia
1326 2567 1365 2598 ad

303 2618 536 2644 sacramentum
565 2613 791 2644 Eucharisu‘ae.
814 2631 838 2635 -
864 2612 900 2643 In
939 2613 1127 2653 oppositum
1161 2617 1269 2642 autem
1299 2617 1363 2648 est,

1411 1199 1487 1239 quia
1509 1204 1718 1239 praeceptum
1740 1199 1901 1230 Ecclesiae
1917 1200 1934 1216 ⁴*
1957 1205 2004 1230 est
2034 1200 2074 1231 ad
2097 1210 2206 1232 omnes
2239 1203 2405 1244 utriusque
2425 1213 2473 1235 se-

1410 1252 1474 1274 xus
1498 1243 1530 1273 in
1554 1243 1650 1274 annis
1673 1243 1875 1274 discretionis
1899 1244 2098 1276 constitutos.

1416 1298 1419 1300 ·
1466 1287 1519 1317 Ad
1533 1287 1597 1318 hoc
1621 1293 1668 1318 est
1683 1287 1856 1318 dicendum
1880 1288 1969 1328 quod
1990 1289 2092 1319 homo
2115 1290 2183 1320 sine
2198 1296 2332 1330 peccato
2347 1292 2473 1323 mortali

1412 1331 1548 1361 existens
1570 1341 1638 1362 non
1660 1337 1786 1362 tenetur
1808 1332 1847 1363 ad
1863 1332 2084 1364 confitendum
2103 1334 2202 1364 semel
2217 1335 2251 1365 in
2271 1345 2374 1366 anno:
2399 1337 2474 1376 quia

1412 1385 1480 1406 non
1504 1375 1786 1416 comprehenditur
1812 1377 1871 1407 sub
1894 1377 1943 1407 his
1969 1386 2052 1417 quos
2078 1384 2286 1418 praeceptum
2311 1379 2390 1410 illud
2412 1380 2474 1411 Ec-

1413 1420 1527 1450 clesiae
1550 1419 1722 1460 adstringit.
1747 1420 1912 1458 Quoniam
1934 1427 2142 1462 praeceptum
2157 1422 2318 1454 Ecclesiae
2342 1423 2382 1454 de
2397 1433 2475 1454 con-

1413 1462 1551 1494 fessione
1574 1465 1672 1494 semel
1694 1465 1729 1494 in
1743 1474 1829 1495 anno
1852 1474 1920 1495 non
1941 1470 1987 1495 est
2001 1466 2063 1496 nisi
2078 1465 2299 1498 determinatio
2315 1469 2476 1509 praecepti

1414 1507 1512 1539 divini
1532 1507 1571 1538 de
1587 1507 1807 1538 confessione:
1832 1509 1875 1538 ita
1898 1508 1988 1548 quod
2006 1509 2094 1540 Deus
2116 1511 2278 1551 praecepit
2301 1511 2476 1542 confessio-

1413 1561 1500 1587 nem,
1524 1551 1668 1582 Ecclesia
1690 1557 1798 1582 autem
1822 1552 2010 1583 determinat
2031 1559 2239 1594 praeceptum
2254 1555 2334 1586 illud
2356 1556 2396 1586 ad
2413 1556 2476 1587 tale

1413 1601 1552 1635 tempus,
1577 1595 1616 1625 ad
1638 1596 1743 1631 toties,
1760 1601 1831 1632 etc„
1847 1602 1926 1636 puta
1946 1597 2045 1627 semel
2060 1598 2093 1627 in
2109 1607 2205 1634 anno,
2223 1604 2282 1629 etc.
2306 1599 2369 1630 Sed
2386 1609 2477 1640 prae-

1416 1644 1546 1679 ceptum
1574 1639 1719 1669 divinum
1748 1649 1816 1669 non
1840 1640 1959 1679 obligat
1989 1640 2028 1670 ad
2051 1641 2288 1673 confessionem
2309 1644 2477 1674 hominem

1415 1683 1484 1713 sine
1506 1683 1633 1713 mortali
1659 1688 1802 1723 peccato.
1837 1683 1923 1723 Ergo
1955 1683 2176 1716 determinatio
2207 1687 2291 1717 illius
2317 1689 2478 1728 praecepti

1415 1736 1473 1767 per
1495 1727 1672 1757 Ecclesiam
1695 1736 1763 1757 non
1786 1727 1906 1767 obligat
1927 1728 2024 1758 talem
2047 1729 2223 1760 hominem.

1471 1771 1513 1801 Et
1535 1775 1595 1801 stat
1612 1771 1660 1801 vis
1682 1771 1814 1801 rationis
1829 1771 1863 1801 in
1878 1771 1952 1808 hoc,
1969 1772 2058 1812 quod
2073 1773 2180 1804 nullus
2197 1775 2479 1815 comprehenditur

1416 1814 1475 1845 sub
1497 1820 1669 1855 praecepto
1685 1815 1846 1846 Ecclesiae
1862 1816 1918 1855 qui
1932 1825 2001 1846 non
2017 1818 2299 1857 comprehenditur
2314 1820 2372 1850 sub
2388 1829 2479 1860 prae,-

1417 1865 1512 1899 cepto
1537 1858 1656 1890 divino.
1696 1858 1796 1897 Quod
1821 1869 1880 1899 per
1902 1869 1935 1890 se
1958 1866 2073 1891 notum
2097 1867 2144 1892 est
2170 1871 2238 1892 esse
2260 1863 2477 1894 verissimum:

1418 1913 1456 1934 ex
1479 1913 1519 1934 eo
1544 1903 1633 1943 quod
1658 1909 1866 1944 praeceptum
1892 1904 2053 1935 Ecclesiae
2085 1915 2119 1936 se
2146 1906 2241 1936 habet
2269 1907 2308 1937 ad
2335 1907 2479 1938 divinum

1417 1953 1625 1988 praeceptum
1647 1953 1684 1978 ut
1707 1948 1882 1979 contractio
1903 1953 1934 1978 et
1948 1948 2095 1980 limitatio
2112 1950 2280 1990 quaedam.
2305 1951 2404 1989 Quod
2423 1962 2478 1983 au-

1417 1997 1483 2022 tem
1506 1991 1651 2022 divinum
1673 1998 1880 2032 praeceptum
1902 1992 1941 2023 de
1957 1993 2160 2025 confessione
2183 1995 2303 2035 obliget
2318 1997 2405 2026 solos
2420 1997 2479 2027 ho-

1416 2037 1520 2067 mines
1542 2037 1576 2066 in
1599 2041 1732 2077 peccato
1755 2037 1892 2073 mortali,
1915 2037 2068 2077 probatur
2091 2044 2122 2068 et
2145 2048 2183 2069 ex
2198 2039 2257 2070 hac
2272 2039 2384 2077 littera,
2401 2040 2479 2071 fulta

1418 2081 1605 2111 auctoritate
1627 2090 1733 2111 sacrae
1757 2080 1947 2121 Scripturae.
1971 2081 2012 2112 Et
2035 2091 2073 2112 ex
2097 2083 2184 2113 calce
2198 2083 2416 2123 praecedentis
2431 2095 2478 2115 ar-

1417 2124 1517 2160 ticuli,
1537 2125 1593 2155 ubi
1609 2124 1731 2155 dictum
1747 2130 1794 2155 est
1815 2125 1943 2156 nullum
1958 2132 2192 2157 sacramentum
2207 2127 2325 2158 directe
2341 2128 2479 2159 ordinari

1419 2174 1530 2199 contra
1552 2174 1722 2209 peccatum
1744 2169 1884 2199 veniale:
1909 2175 1949 2205 et,
1974 2169 2132 2210 quidquid
2154 2172 2194 2201 sit
2209 2171 2248 2202 de
2265 2177 2404 2203 extrema
2419 2183 2479 2203 un-

1419 2214 1536 2249 ctione,
1553 2218 1678 2243 constat
1692 2214 1756 2244 hoc
1770 2223 1883 2243 verum
1899 2223 1967 2244 esse
1983 2214 2022 2244 de
2038 2221 2236 2246 sacramento
2251 2217 2477 2256 poenitentiae.

1418 2257 1460 2287 Et
1483 2267 1521 2288 ex
1545 2258 1711 2288 communi
1733 2257 1961 2297 theologorum
1985 2258 2147 2295 doctrina,
2174 2260 2256 2290 inter
2278 2260 2479 2295 conditiones

1419 2301 1629 2332 confessionis
1651 2307 1794 2342 ponente
1817 2301 1907 2342 quod
1930 2303 1970 2332 sit
1991 2303 2130 2343 integra:
2156 2303 2245 2344 quod
2267 2313 2335 2335 non
2356 2305 2417 2335 nisi
2440 2304 2479 2335 de

1418 2345 1605 2376 mortalibus
1628 2346 1760 2386 intelligi
1783 2351 1898 2386 potest.

1474 2390 1516 2420 Et
1539 2389 1756 2420 confirmatur.
1791 2390 1876 2428 Quia
1904 2399 2008 2421 canon
2031 2391 2100 2430 ipse
2128 2400 2273 2432 expresse
2296 2392 2372 2423 dicit
2390 2392 2479 2433 quod

1420 2435 1553 2474 quilibet
1569 2433 1758 2465 confiteatur
1768 2439 1903 2475 peccata
1925 2444 1985 2465 sua
2002 2435 2130 2466 omnia:
2153 2436 2242 2476 quod
2265 2442 2312 2467 est
2333 2437 2480 2477 impossi—

1418 2479 1483 2509 bile
1498 2479 1631 2519 intelligi
1650 2479 1711 2509 nisi
1727 2478 1766 2509 de
1782 2479 1979 2509 mortalibus.
2000 2479 2071 2519 Ipsa
2086 2489 2162 2520 ergo
2178 2481 2273 2511 verba
2289 2481 2419 2511 canonis
2434 2487 2480 2511 te-

1420 2528 1541 2554 stantur
1569 2522 1659 2563 quod
1681 2522 1721 2554 ad
1743 2523 1830 2553 solos
1854 2523 2021 2554 existentes
2043 2524 2077 2554 in
2098 2530 2232 2564 peccato
2260 2525 2385 2555 mortali
2409 2524 2481 2556 diri-

1418 2573 1546 2608 guntur.

1101 2766 1421 2808 ARTICULUS
1450 2765 1680 2807 TERTIUS

537 2859 693 2891 UTRUM
717 2858 1051 2890 SACRAMENTUM
1074 2859 1396 2891 EUCHARlsrlAE
1420 2859 1486 2890 srr
1509 2859 1774 2890 POTISSIMUM
1798 2859 1930 2890 INTER
1954 2860 2249 2891 SACRAMENTA

629 2938 663 2963 1v
682 2938 764 2967 Sent„
784 2937 842 2963 dist.
860 2924 904 2967 vn,
923 2945 968 2970 qu.
986 2944 1004 2967 1,
1024 2942 1070 2962 art.
1091 2943 1113 2967 ι,
1133 2937 1184 2969 qu*
1204 2937 1217 2962 3
1224 2945 1231 2968 ;
1251 2937 1310 2962 dist.
1327 2944 1381 2967 vm,
1401 2945 1445 2970 qu.
1466 2944 1489 2969 ι,
1508 2942 1556 2962 art.
1576 2944 1599 2968 1,
1619 2937 1668 2970 qu·
1689 2944 1699 2962 ι
1710 2944 1718 2967 ;
1738 2938 1780 2962 De
1803 2937 1890 2967 Verit„
1910 2945 1954 2970 qu.
1972 2945 2047 2970 xxvn,
2066 2944 2112 2963 art.
2130 2947 2157 2970 4.

339 3180 444 3222 ’,Ψ
472 3178 503 3220 K
516 3198 727 3223 commune
754 3185 883 3235 potius
912 3192 966 3221 est
994 3196 1113 3234 quam
1145 3184 1296 3220 bonurn
1323 3196 1367 3220 u-

306 3238 405 3286 nius,
425 3246 468 3276 ut
486 3238 623 3276 dicitur
640 3239 655 3275 I
674 3239 791 3276 Ethic.
811 3237 831 3259 ’¹‘
856 3238 932 3275 Sed
956 3236 1248 3274 matrimonium
1268 3236 1368 3273 ordi—

306 3300 419 3330 natur
437 3292 486 3329 ad
504 3291 655 3329 bonum
674 3303 885 3329 commune
914 3290 1053 3340 speciei
1077 3290 1273 3327 humanae
1300 3301 1370 3339 per

305 3345 411 3383 viam
437 3344 707 3393 generationis:
747 3351 1031 3382 sacramentum
1059 3351 1189 3380 autem
1217 3343 1368 3380 Eucha-

307 3397 431 3435 ristiae
459 3397 658 3435 ordinatur
684 3397 734 3435 ad
761 3397 912 3434 bonum
939 3396 1142 3446 proprium
1170 3395 1366 3433 sumentis.

308 3451 410 3499 Ergo
438 3462 519 3487 non
547 3458 603 3487 est
629 3449 874 3500 potissimum
902 3456 1243 3487 sacramentorum.

361 3563 389 3598 α)
409 3564 538 3594 minister,
558 3564 604 3597 qui
621 3567 669 3590 est.
687 3579 707 3583 -
725 3564 786 3589 Om.
806 3564 845 3590 Pl.

1476 3036 1510 3061 2.
1549 3025 1789 3071 PRAETEREA,
1826 3024 1998 3073 digniora
2033 3035 2269 3064 sacramenta
2306 3040 2388 3065 esse
2424 3028 2479 3065 vi-

1421 3077 1559 3114 dentur
1586 3089 1686 3126 quae
1714 3089 1784 3126 per
1810 3078 1998 3115 maiorem
2026 3079 2243 3116 ministrum
2278 3081 2479 3118 conferun-

1420 3137 1493 3167 tur.
1533 3130 1609 3167 Sed
1638 3138 1921 3167 sacramentum
1949 3131 2250 3170 confirmationis
2287 3141 2323 3170 et
2357 3146 2479 3171 sacra-

1422 3191 1599 3220 mentum
1631 3182 1774 3220 ordinis
1802 3195 1882 3220 non
1913 3184 2162 3222 conferuntur
2194 3185 2265 3222 nisi
2296 3198 2366 3236 per
2402 3186 2479 3236 epi-

1423 3248 1605 3285 scopum,
1635 3235 1702 3285 qui
1730 3243 1785 3272 est
1812 3236 1936 3274 maior
1967 3237 2139 3275 minister
2166 3250 2282 3287 quam
2320 3239 2479 3288 simplex

1422 3288 1605 3334 minister,
1635 3288 1702 3338 qui
1721 3297 1776 3326 est
1796 3294 1813 3310 α
1841 3290 2029 3338 sacerdos,
2049 3303 2118 3339 per
2142 3303 2261 3340 quem
2289 3293 2480 3329 confertur

1423 3341 1684 3379 Eucharistiae
1712 3350 2006 3380 sacramentum.
2035 3344 2137 3392 Ergo
2165 3344 2226 3382 illa
2245 3353 2480 3382 sacramenta

1424 3402 1512 3432 sunt
1538 3394 1699 3444 potiora.

1478 3448 1512 3485 3.
1551 3449 1771 3485 PRAETEREA
1787 3478 1796 3496 ,
1822 3457 2058 3487 sacramenta
2086 3457 2190 3488 tanto
2216 3458 2304 3487 sunt
2330 3450 2479 3500 potiora

2496 644 2505 653 ·
2520 642 2544 663 ln
2566 642 2636 664 Orat.
2651 642 2706 664 Ma-

2496 674 2592 690 nanae.

2499 1206 2510 1216 '¹
2520 1205 2576 1232 Cap.
2588 1204 2671 1226 Omnis
2684 1211 2711 1226 u-

2499 1231 2712 1280 arrigit*
