2918 4088
24 406 38 423 Ι.

38 467 39 471 ,
94 449 106 460 ·
119 446 186 470 Vm.
199 452 220 475 5.

48 727 49 730 ,
93 716 126 736 ιι,
140 708 169 731 nd
183 715 203 732 2.

3 1737 7 1750 ⁷
51 1740 67 1789 ἱ
84 1746 299 1778 ‘Qum-126.
334 1755 340 1763 ι

41 2331 43 2334 ·
84 2329 98 2340 ·
111 2328 191 2352 ruet.
206 2327 301 2358 xxvi,

39 2385 41 2392 Ι
83 2360 151 2378 num.
166 2362 199 2385 ¹3.

32 3084 37 3150 ⁷,
80 3098 196 3142 *Qa-

992 158 1255 204 QUAESTIO
1284 158 1476 205 LXXXII,
1506 157 1798 196 ARTICULUS
1826 160 1856 196 II

334 240 424 270 tem.
463 234 511 270 Et
547 232 635 271 ideo
651 257 655 261 -
672 234 788 271 habet
824 234 1016 283 spirituale
1054 234 1310 272 sacerdotium
1346 234 1395 271 ad

334 286 578 323 offerendum
606 286 817 336 spirituales
846 287 998 335 hostias,
1019 287 1067 323 de
1091 287 1232 336 quibus
1260 287 1397 324 dicitur

333 337 372 375 in
400 339 553 376 Psalmo
573 338 603 386 ²¹²,
633 341 866 390 Sacrificium
894 341 975 376 Deo
1002 341 1149 388 spiritus
1173 340 1395 377 contribula-

332 397 407 436 ηις,-
435 399 471 429 et
497 393 608 429 Rom.
629 392 724 437 xi1*‚
753 394 969 430 Exhibeatis
995 405 1156 443 corpora
1183 398 1304 430 vestra
1331 393 1395 429 ho-

330 446 438 494 stiam
466 446 658 482 viventem.
697 446 807 483 Unde
836 453 872 482 et
899 446 913 483 1
942 445 1041 482 Petri
1061 458 1082 482 11
1100 444 1120 466 '¹‘
1147 445 1298 482 dicitur:
1329 446 1394 482 Sa-

331 497 534 534 cerdotium
561 504 729 535 sanctum
758 497 897 547 offerre
922 498 1130 547 spirituales
1155 499 1301 535 hostias

384 551 441 586 An
478 562 637 588 TERTIUM
673 563 855 588 met-:rmum
896 550 1003 600 quod
1043 550 1237 600 perceptio
1280 549 1395 586 huius

331 603 558 640 sacramenti
585 615 666 640 non
694 611 750 640 est
776 610 901 640 tantae
929 601 1159 639 necessitatis
1187 602 1284 639 sicut
1310 614 1395 652 per-

330 656 455 706 ceptio
492 655 683 706 baptismi,
716 663 759 694 ut
791 668 838 694 ex
869 667 985 705 supra
1003 655 1023 677 '¹‘
1051 655 1158 692 dictis
1194 662 1308 704 patet.
1347 655 1395 692 Et

330 708 434 755 ideo,
473 708 557 747 licet
588 709 628 746 in
660 708 890 746 necessitatis
927 707 1085 745 articulo
1122 707 1240 745 laicus
1276 707 1395 757 possit

330 761 533 811 baptizare,
562 774 643 799 non
679 769 809 799 tamen
841 768 966 810 potest
1002 761 1078 797 hoc
1110 768 1395 798 sacramentum

330 814 532 851 conficere.

382 868 440 903 AD
469 878 640 910 QUARTUM
672 878 854 904 mCENDUM
891 866 999 915 quod
1027 865 1232 916 episcopus
1260 865 1396 915 accipit

328 926 556 968 potestatem
583 927 626 957 ut
653 926 738 967 agat
764 918 804 956 in
822 931 990 969 persona
1009 918 1149 956 Christi
1176 931 1293 968 supra
1312 931 1394 956 cor-

327 983 402 1021 pus
421 971 503 1009 eius
522 971 740 1022 mysticum,
761 972 858 1010 idest
880 984 997 1022 super
1016 971 1245 1009 Ecclesiam:
1275 984 1395 1021 quarn

95 345 106 356 ·
119 343 156 366 Pu.
165 348 187 370 ι,
202 347 262 364 vers.
272 348 305 370 ¹9.

95 399 107 410 ·
120 397 186 420 Vert.
203 403 222 419 ι.

92 658 103 669 ·
113 656 160 684 Qu.
170 661 223 683 uxr,
233 659 274 678 nrt.
283 662 304 685 3,

91 690 120 711 4³
135 688 173 711 qu.
181 688 251 710 cxxx,
261 687 303 705 art.

381 1104 407 1139 ὃ)
421 1108 554 1138 praestat.
571 1119 591 1124 -
608 1105 695 1131 Tertia
701 1113 709 1136 ς
729 1109 874 1138 praestant
896 1105 943 1136 Fa,
965 1104 1036 1138 pra?
1058 1104 1151 1139 (altero
1170 1113 1185 1129 r
1202 1113 1250 1137 pro
1270 1108 1281 1129 t
1299 1105 1395 1138 scripto

327 1146 368 1166 est
382 1141 538 1176 praestant)
556 1142 643 1167 ceteri.

2434 164 2503 200 261

1451 234 1611 283 quidem
1638 242 1865 283 potestatem
1893 248 1972 273 non
2001 238 2134 287 accipit
2169 241 2345 278 sacerdos
2373 241 2412 277 in
2440 253 2510 278 sua

1451 286 1747 334 consecratione,
1768 287 1851 324 licet
1869 289 1988 336 possit
2007 301 2093 326 eam
2112 292 2253 329 habere
2276 305 2322 329 ex
2341 293 2510 342 episcopi

1451 339 1734 377 commissione.
1764 341 1812 376 Et
1839 340 1927 377 ideo
1956 353 2000 378 ea
2020 354 2118 390 quae
2147 356 2227 380 non
2254 345 2442 394 pertinent
2461 346 2510 383 ad

1450 391 1740 440 dispositionem
1768 393 1939 441 corporis
1967 394 2132 443 mystici,
2162 408 2241 433 non
2270 406 2511 436 reservantur

1451 444 1651 493 episcopo:
1682 444 1777 482 sicut
1796 446 2030 483 consecratio
2050 447 2165 484 huius
2184 450 2419 487 sacramenti.
2449 451 2510 487 Ad

1451 496 1678 546 episcopum
1697 509 1790 534 vero
1818 498 1980 547 pertinet
2007 511 2087 537 non
2115 502 2243 538 solum
2270 503 2416 540 tradere
2441 515 2509 551 po-

1450 551 1555 598 pulo,
1586 550 1653 587 sed
1681 550 1796 587 etiam
1824 551 2095 599 sacerdotibus,
2117 564 2162 590 ea
2190 565 2236 590 ex
2263 554 2403 603 quibus
2422 567 2509 604 pos-

1451 610 1540 639 sunt
1558 602 1721 652 propriis
1741 603 1876 639 officiis
1904 603 1969 641 uti.
1999 605 2047 641 Et
2065 605 2156 653 quia
2174 605 2388 644 benedictio
2413 607 2509 644 chri—

1451 655 1581 692 smatis
1609 663 1645 691 et
1673 655 1746 692 olei
1775 655 1893 692 sancti
1917 664 1952 693 et
1980 657 2053 694 olei
2080 657 2338 706 infirmorum,
2359 667 2395 697 et
2420 659 2510 697 alio-

1450 720 1539 744 rum
1575 720 1675 756 quae
1707 717 1996 756 consecrantur,
2025 718 2118 759 puta
2146 711 2289 758 altaris,
2319 712 2508 758 ecclesiae,

1449 760 1615 798 vestium
1643 768 1679 798 et
1706 773 1901 808 vasorum,
1922 770 2085 811 praestat
2103 761 2116 784 δ
2145 764 2339 812 quandam
2364 765 2509 802 idonei-

1449 821 1566 850 tatem
1594 813 1643 850 ad
1672 822 1908 851 sacramenta
1934 815 2167 864 perficienda
2195 829 2294 865 quae
2322 817 2511 866 pertinent

1451 867 1500 903 ad
1529 866 1702 903 officium
1730 867 1992 915 sacerdotum,
2022 868 2108 906 ideo
2137 871 2227 906 tales
2259 870 2509 908 consecratio-

1450 931 1518 956 nes
1546 919 1728 969 episcopo
1756 928 2009 968 reservantur,
2029 929 2215 972 tanquam
2241 922 2402 973 principi
2421 928 2433 944 ²
2455 931 2509 961 to-

1448 971 1522 1009 tius
1550 972 1789 1010 ecclesiastici
1817 973 1972 1011 ordinis.

1502 1104 1527 1146 ε).
1540 1105 1670 1137 principi.
1689 1120 1707 1124 —
1731 1106 1779 1131 Ed.
1802 1112 1819 1130 a
1843 1111 1868 1130 et
1890 1106 1965 1130 tertia
1988 1110 2089 1137 praeter
2108 1106 2131 1137 1;
2152 1106 2288 1139 principio
2314 1106 2353 1136 Fl,
2372 1106 2509 1139 principia

1450 1145 1538 1165 ceteri.

1097 1304 1415 1346 ARTICULUS
1445 1303 1745 1346 SECUNDUS

505 1407 661 1438 UTRUM
685 1405 849 1438 PLURES
873 1405 1159 1437 SACERDOTES
1182 1405 1361 1437 PossiNT
1384 1405 1511 1436 UNAM
1535 1405 1592 1435 ET
1613 1405 1796 1435 EANDEM
1820 1404 2018 1436 HOSTIAM
2043 1405 2331 1438 CONSECRARE

1113 1493 1147 1518 lV
1167 1493 1249 1522 Sent„
1270 1493 1329 1518 dist.
1347 1495 1401 1522 xum
1421 1500 1467 1525 qu.
1485 1500 1503 1524 1,
1523 1498 1570 1518 art.
1592 1500 1616 1523 2,
1636 1492 1685 1525 qu*
1706 1500 1729 1517 2.

410 1618 416 1625 ,
460 1611 484 1633 4
538 1594 560 1619 D
580 1593 771 1620 SECUNDUM
785 1593 837 1618 sm
857 1593 1093 1618 PROCEDITUR.
1105 1580 1266 1618 Videtur
1285 1580 1392 1629 quod
1446 1587 1552 1617 ctum
1571 1587 1638 1626 est,
1659 1579 1847 1627 sacerdos,
1868 1591 1959 1616 cum
1983 1579 2191 1626 ordinatur,
2211 1581 2451 1620 constituitur
2469 1583 2508 1620 in

375 1646 379 1655 ·
704 1634 920 1672 sacerdotes
956 1645 1038 1670 non
1074 1641 1236 1682 possunt
1272 1645 1392 1670 unam
1446 1633 1567 1679 gradu
1593 1644 1730 1670 eorum
1758 1631 1824 1680 qui
1852 1644 1875 1669 a
1902 1632 2077 1669 Domino·
2099 1642 2328 1682 acceperunt
2345 1643 2508 1683 potesta—

324 1800 416 1840 sunt
434 1804 560 1830 unum
587 1792 791 1842 baptizare.
822 1791 899 1829 Sed
919 1804 1000 1829 non
1018 1791 1148 1828 minor
1174 1791 1233 1828 vis
1261 1799 1316 1828 est
1335 1803 1392 1828 sa-

324 1845 490 1893 cerdotis
517 1845 773 1884 consecrantis
802 1857 922 1895 quam
949 1843 1119 1882 hominis
1156 1843 1390 1894 baptizantis

324 1901 428 1949 Ergo
447 1898 563 1937 etiam
590 1910 672 1936 non
698 1905 861 1948 possunt
889 1897 1004 1936 simul
1031 1899 1160 1947 plures
1182 1910 1304 1935 unam
1322 1898 1392 1936 ho-

323 1952 435 1991 stiam
464 1963 701 1989 consecrare.

359 2035 362 2038 Δ
379 2016 415 2043 2.
430 2005 677 2057 rammam,
698 2004 806 2054 quod
834 2011 959 2054 potest
976 2002 1060 2040 fieri
1078 2015 1149 2053 per
1171 2015 1308 2049 unum,
1330 2015 1391 2040 su-

321 2056 474 2111 'perflue
492 2058 537 2095 fit
549 2070 620 2108 per
637 2059 792 2095 multos.
812 2058 855 2094 In
871 2056 1117 2094 sacramentis
1136 2063 1266 2094 autem
1283 2055 1391 2093 Chri-

324 2111 372 2153 sti
389 2111 486 2150 nihil
511 2111 627 2150 debet
644 2123 727 2149 esse
751 2109 1006 2160 superfluum.
1038 2109 1141 2147 Cum
1158 2109 1271 2157 igitur
1289 2121 1391 2147 unus

323 2164 488 2204 sufficiat
516 2164 566 2202 ad
593 2163 918 2210 consecrandum,
947 2162 1100 2200 videtur
1126 2162 1235 2211 quod
1261 2164 1391 2212 plures

321 2229 405 2256 non
433 2225 596 2267 possunt
621 2229 744 2254 unam
772 2216 939 2254 hostiam
966 2226 1202 2252 consecrare.

381 2270 415 2307 3.
451 2271 693 2316 ΡΒΑΕΤΕΚΕΑ,
728 2269 824 2306 sicut
860 2269 1097 2317 Augustinus
1133 2268 1243 2315 dicit,
1280 2280 1392 2318 super

324 2325 433 2361 Ioan.
453 2323 485 2370 ²⁸,
515 2325 591 2360 hoc
618 2330 902 2360 sacramentum
930 2330 986 2359 est
1012 2327 1286 2359 sacramentum
1311 2323 1391 2358 uni-

324 2378 417 2414 tatis.
447 2377 525 2425 Sed
552 2375 788 2413 contrarium
816 2375 950 2412 unitati
978 2375 1130 2412 videtur
1157 2387 1239 2412 esse
1263 2374 1390 2412 multi-

324 2429 431 2467 tudo.
461 2430 563 2477 Ergo
583 2441 663 2466 non
682 2428 834 2466 videtur
852 2428 1086 2466 conveniens
1113 2439 1195 2464 esse
1223 2427 1314 2464 huic
1333 2440 1390 2465 sa-

324 2489 522 2519 cramento
560 2482 667 2531 quod
703 2483 832 2532 plures
869 2482 1084 2519 sacerdotes
1121 2480 1286 2518 eandem
1320 2481 1390 2518 ho-

324 2535 436 2572 stiam
464 2542 698 2572 consecrent.

378 2588 452 2625 SED
481 2599 625 2625 CONTRA
653 2599 718 2624 Esr
746 2587 869 2636 quod,
899 2587 1115 2624 secundum
1143 2587 1388 2624 consuetudi-

323 2653 416 2678 nem
453 2641 700 2690 quarundam
736 2639 998 2687 ecclesiarum,
1033 2640 1264 2686 sacerdotes,
1297 2652 1389 2677 curn

324 2694 372 2731 de
391 2705 498 2731 novo
527 2694 764 2742 ordinantur,
789 2693 1057 2732 concelebrant
1083 2692 1266 2743 episcopo
1288 2692 1389 2731 ordi-

324 2746 441 2785 nanti.

377 2800 602 2839 RESPONDEO
639 2811 821 2838 DICENDUM
853 2799 982 2850 quod,
1011 2798 1107 2836 sicut
1139 2810 1256 2848 supra
1279 2798 1300 2820 '¹‘
1334 2798 1389 2836 di-

1447 1693 1526 1722 tem
1544 1684 1795 1721 consecrandi
1808 1684 1847 1720 in
1863 1685 1980 1721 Cena.
2002 1686 2049 1722 Et
2067 1685 2167 1730 ideo,
2183 1687 2399 1724 secundum
2417 1700 2508 1725 con-

507 1747 594 1776 est
613 1739 718 1776 enirn
746 1751 863 1789 supra
881 1738 901 1760 '¹‘
929 1739 1036 1788 quod
1055 1740 1184 1787 plures
1203 1750 1284 1775 non
1303 1750 1392 1788 pos·
1447 1737 1692 1774 suetudinem
1721 1737 1966 1786 quarundam
1994 1737 2251 1786 ecclesiarum,
2281 1739 2377 1776 sicut
2405 1742 2508 1791 Apo-

1448 1790 1532 1827 stoli
1561 1790 1712 1828 Christo
1741 1790 1891 1827 cenanti
1919 1799 2240 1839 concenaverunt,
2261 1791 2311 1829 ita
2337 1793 2429 1830 novi
2449 1801 2508 1830 or-

1447 1843 1566 1881 dinati
1593 1843 1775 1894 episcopo
1805 1842 1994 1880 ordinanti
2022 1844 2300 1882 concelebrant.
2329 1845 2413 1883 Nec
2439 1858 2509 1895 per

1447 1898 1523 1934 hoc
1550 1896 1705 1934 iteratur
1732 1895 1967 1933 consecratio
1986 1909 2104 1945 super
2130 1897 2295 1934 eandem
2322 1897 2506 1937 hostiam:

1447 1949 1556 1999 quia,
1586 1949 1682 1986 sicut
1715 1948 1959 1986 Innocentius
1991 1950 2037 1986 III
2072 1949 2160 1986 dicit
2179 1950 2216 1996 ²⁸,
2246 1950 2425 1988 omnium
2452 1951 2508 1989 in-

1446 2003 1564 2039 tentio
1593 2002 1706 2039 debet
1731 2001 1819 2042 ferri
1838 2002 1886 2038 ad
1905 2001 2010 2039 idem
2028 2001 2171 2039 instans
2198 2003 2505 2041 consecrationis.

1499 2057 1557 2092 AD
1585 2067 1721 2092 PmMUM
1757 2066 1856 2091 ERGO
1883 2066 2064 2091 DICENDUM
2093 2055 2199 2105 quod
2228 2055 2401 2094 Christus
2426 2069 2507 2094 non

1445 2108 1580 2157 legitur
1607 2108 1722 2146 simul
1753 2107 1963 2157 baptizasse
2000 2119 2091 2144 cum
2119 2108 2311 2158 Apostolis
2349 2110 2506 2158 quando

1445 2161 1608 2199 iniunxit
1639 2161 1693 2198 eis
1721 2159 1895 2198 officium
1921 2160 2137 2209 baptizandi
2165 2160 2195 2196 ²¹⁸.
2235 2162 2283 2198 Et
2309 2161 2397 2199 ideo
2425 2175 2506 2201 non

1446 2222 1501 2252 est
1529 2213 1661 2251 similis
1690 2213 1796 2250 ratio.

1498 2269 1555 2304 AD
1592 2278 1781 2304 SECUNDUM
1818 2277 1999 2303 DlCENDUM
2036 2266 2164 2314 quod,
2193 2265 2224 2302 si
2255 2266 2413 2315 quilibet
2449 2281 2505 2305 sa-

1445 2320 1646 2357 cerdotum
1679 2326 1902 2369 operaretur
1933 2318 1971 2355 in
1999 2318 2136 2355 virtute
2173 2318 2345 2368 propria,
2375 2333 2505 2370 super-

1444 2373 1610 2411 fluerent
1646 2372 1706 2409 alii
1743 2372 1996 2418 celebrantes,
2025 2384 2106 2408 uno
2143 2371 2375 2409 sufficienter
2410 2375 2505 2410 cele-

1444 2427 1589 2463 brante.
1620 2426 1696 2463 Sed
1725 2425 1816 2474 quia
1844 2425 2020 2462 sacerdos
2048 2437 2128 2462 non
2154 2433 2349 2462 consecrat
2376 2426 2448 2463 nisi
2466 2427 2506 2463 in

1443 2491 1610 2530 persona
1639 2478 1790 2526 Christi,
1810 2477 1920 2516 multi
1948 2485 2078 2515 autem
2097 2485 2185 2515 sunt
2204 2490 2319 2515 unum
2339 2480 2375 2514 in
2400 2480 2505 2516 Chri-

1443 2539 1497 2570 sto
1516 2532 1548 2579 ³¹⁵,
1573 2531 1661 2569 ideo
1690 2543 1770 2568 non
1799 2531 1909 2568 refert
1943 2538 2074 2567 utrum
2099 2542 2169 2579 per
2196 2543 2320 2567 unum
2348 2533 2410 2568 vel
2437 2545 2506 2581 per

1444 2587 1585 2622 multos
1600 2585 1676 2621 hoc
1690 2591 1973 2621 sacramentum
1988 2591 2290 2620 consecraretur:
2311 2584 2383 2621 nisi
2398 2586 2503 2634 quod

1443 2645 1594 2688 oportet
1621 2637 1738 2683 ritum
1766 2636 1957 2674 Ecclesiae
1985 2637 2138 2675 servari.

1496 2693 1553 2729 AD
1581 2702 1740 2729 TERTmM
1767 2702 1948 2727 DICENDUM
1976 2689 2083 2739 quod
2099 2689 2349 2727 .Eucharistia
2373 2697 2429 2726 est
2447 2702 2504 2727 sa-

1443 2751 1685 2782 eramentum
1703 2742 1856 2780 unitatis
1877 2741 2159 2790 ecclesiasticae,
2180 2755 2280 2792 quae
2301 2742 2504 2780 attenditur

1442 2796 1660 2835 secundum
1678 2797 1754 2834 hoc
1768 2795 1875 2847 quod
1890 2795 1999 2833 multi
2014 2803 2103 2833 sunt
2121 2808 2235 2833 unum
2256 2797 2294 2832 in
2313 2796 2456 2833 Christo
2470 2795 2501 2832 *.

1000 2911 1335 2945 Commentario.
1358 2910 1609 2944 cardinalis
1630 2909 1832 2943 Caietani

356 3022 377 3043 n
407 3012 541 3043 articulo
581 3011 725 3042 secundo
764 3011 960 3051 quaestionis
995 3007 1371 3050 octogesimaesecundae
1381 3031 1389 3044 ,

329 3024 441 3088 Icirca
463 3056 676 3097 pluralitatem
699 3055 794 3086 simul
818 3054 1121 3089 concelebrandum,
1145 3052 1316 3083 Durandus
1333 3061 1388 3082 oc-

285 3100 287 3104 ’
326 3101 433 3137 currit,
449 3101 483 3131 in
499 3100 634 3139 Quarto,
652 3099 721 3130 dist.
738 3109 793 3130 xm
808 3099 835 3135 “,
852 3098 1028 3129 contrarius
1047 3097 1139 3128 valde
1162 3097 1237 3127 huic
1260 3096 1388 3136 plurali—

324 3146 392 3182 tati,
409 3150 441 3176 et
454 3145 631 3176 rationibus
647 3150 679 3175 et
694 3143 933 3175 auctoritatibus
948 3151 1007 3182 pro
1025 3152 1071 3172 ea.
1088 3142 1182 3172 Putat
1197 3141 1283 3172 enim
1299 3139 1389 3180 quod

325 3188 528 3222 consuetudo
543 3190 603 3221 ista
617 3193 665 3220 est
677 3188 875 3229 periculosa,
892 3192 924 3218 et
937 3187 1044 3228 magis
1059 3190 1106 3216 est
1120 3184 1278 3216 abolenda
1293 3194 1389 3225 quam

324 3233 495 3265 servanda.
513 3251 538 3256 -
560 3231 716 3265 confutat
731 3237 840 3264 autem
854 3232 1012 3263 rationem
1026 3231 1061 3261 in
1075 3230 1178 3261 littera
1192 3229 1231 3259 ab
1246 3229 1389 3260 Auctore

326 3277 462 3314 allatam,
478 3277 517 3308 ab
540 3276 730 3308 Innocentio
749 3281 920 3317 sumptam,
938 3274 977 3305 de
998 3274 1229 3306 concenatione
1248 3273 1388 3314 Aposto-

325 3321 434 3352 lorum
457 3330 532 3352 cum
556 3320 700 3352 Christo:
726 3321 811 3361 quia,
835 3320 909 3350 licet
925 3318 1181 3354 concenaverint‚
1197 3326 1266 3347 non
1281 3321 1389 3347 tamen

327 3365 599 3396 concelebrat-unt.
623 3382 646 3388 -
668 3364 825 3396 Confutat
847 3364 1096 3404 applicationem
1112 3362 1260 3392 omnium
1274 3361 1389 3391 verbo-

324 3418 398 3440 rum
422 3409 462 3441 ad
482 3418 587 3441 unum
609 3409 744 3440 instans:
769 3409 846 3449 quia
868 3409 921 3439 vix
943 3413 998 3438 aut
1015 3415 1184 3446 nunquam
1199 3405 1267 3438 fieri
1283 3409 1389 3445 potest

326 3452 417 3495 quod
439 3463 552 3486 omnes
575 3453 670 3486 simul
685 3452 857 3494 proferant.
872 3470 897 3475 —
910 3452 978 3484 Nec
1001 3452 1113 3491 recipit
1128 3449 1298 3491 specialem
1314 3458 1388 3490 pro-

1442 3006 1615 3038 videntiam
1645 3006 1779 3047 Spiritus
1807 3005 1915 3037 Sancti
1936 3006 1970 3036 in
1993 3005 2178 3037 huiusmodi
2201 3015 2283 3047 quae
2310 3010 2384 3036 sunt
2406 3005 2501 3046 parti-

1443 3051 1599 3082 cularium
1623 3050 1838 3086 ecclesiarum,
1864 3055 1895 3080 et
1917 3059 1985 3080 non
2008 3050 2165 3080 omniurn.

1498 3095 1534 3125 ΙΙ.
1559 3095 1729 3132 Quocirca,
1754 3093 1877 3124 duabus
1901 3094 2105 3124 existentibus
2128 3093 2335 3133 opinionibus
2355 3093 2500 3123 extremis

1443 3138 1482 3170 de
1495 3140 1554 3169 hac
1565 3138 1758 3178 pluralitate3
1778 3138 1874 3169 altera
1885 3137 2074 3173 Innocentii,
2091 3147 2189 3177 quam
2204 3137 2348 3177 sequitur
2362 3137 2499 3173 Auct0r3

1443 3183 1537 3214 altera
1560 3182 1712 3218 Durandi,
1729 3182 1866 3212 totaliter
1889 3182 2060 3212 contraria:
2083 3199 2108 3204 -
2129 3187 2161 3213 et
2182 3190 2242 3222 pro
2257 3182 2308 3212 via
2323 3181 2501 3212 Innocentii

1441 3228 1580 3259 maxime
1602 3231 1694 3267 urget
1716 3227 1846 3267 antiqua
1865 3225 2066 3257 consuetudo
2080 3225 2223 3267 plurium
2239 3225 2453 3261 ecclesiarum,
2470 3230 2502 3255 et

1443 3271 1618 3313 specialiter
1638 3271 1803 3301 Romanae
1819 3271 1845 3300 “.
1869 3270 1931 3300 Pro
1947 3269 1997 3300 via
2012 3275 2120 3300 autem
2135 3269 2278 3300 Durandi
2294 3270 2373 3299 ratio
2389 3278 2500 3310 urgere

1442 3315 1576 3346 videtur.
1599 3315 1682 3345 Nam
1705 3314 1883 3346 secundum
1901 3314 2075 3350 veritatem,
2099 3314 2178 3343 ratio
2195 3312 2234 3344 de
2250 3313 2500 3344 concenantibus

1442 3359 1605 3400 discipulis
1629 3358 1757 3390 Christo
1785 3359 1893 3398 potius
1917 3357 2075 3398 adaptatio
2106 3366 2203 3398 quam
2226 3358 2306 3387 ratio
2330 3362 2393 3387 est:
2425 3365 2500 3387 cum

1441 3404 1503 3444 ipsi
1525 3413 1594 3434 non
1616 3403 1878 3434 consecraverint.
1902 3402 1943 3433 Et
1965 3402 2107 3433 similiter
2122 3401 2212 3442 quod
2226 3401 2320 3432 verba
2336 3410 2500 3432 consecra-

1442 3448 1538 3480 tionis
1561 3447 1645 3479 dicta
1667 3452 1740 3478 ante
1762 3447 1813 3478 vel
1836 3451 1910 3487 post
1931 3447 2051 3478 instans
2073 3455 2140 3486 quo
2164 3445 2276 3478 eadem
2298 3445 2500 3486 complentur

2535 1958 2546 1968 '¹
2565 1956 2601 1978 De
2623 1957 2648 1979 S.
2668 1957 2745 1979 Altar.

2533 1983 2633 2011 Myster.
2650 1983 2690 2006 lib.
2704 1984 2745 2011 1v‚

2534 2015 2585 2037 cap.
2600 2016 2654 2031 xxv.

2533 2168 2543 2178 ·
2569 2166 2651 2189 Matth.
2679 2172 2730 2195 cap.

2532 2199 2603 2214 xxviii
2626 2198 2729 2221 vers.¹9.

2533 2231 2543 2236 -
2554 2219 2589 2241 cf.
2599 2209 2663 2241 foan.
2679 2226 2730 2247 cap.

2533 2252 2564 2272 iv,
2578 2252 2638 2268 vers.
2654 2252 2673 2268 2.

2532 2539 2542 2549 ‘
2549 2537 2586 2559 Ad
2594 2537 2682 2564 Galat„
2691 2543 2740 2566 cap.

2531 2571 2566 2591 ιιι,
2581 2570 2640 2586 νοτε.
2654 2566 2690 2586 28.

2530 2802 2540 2812 ·
2554 2800 2590 2823 Cf.
2605 2806 2664 2829 resp.
2675 2801 2704 2823 ad
2719 2808 2740 2824 2.

2527 3274 2587 3305 '.Cf:
2602 3274 2680 3296 innoc.
2692 3275 2737 3296 loc.

2527 3305 2566 3323 cit.
2580 3307 2603 3323 in
2618 3306 2659 3323 art.
