2918 4088
190 976 201 986 '¹
222 975 292 997 Num.
308 981 340 1002 ix,
358 975 403 996 Te-

190 1001 276 1023 nendo.

195 2343 206 2352 '¹
222 2342 286 2364 Vei-s.
302 2348 338 2370 30.

199 2813 209 2822 ·
229 2811 265 2832 Ps.
286 2817 384 2838 nunu,

199 2844 259 2859 vers.
277 2844 308 2860 12.

204 3232 214 3242 ¹
230 3231 287 3258 Cap.
302 3237 367 3252 xviii.

205 3336 215 3346 ·
231 3335 297 3357 Vm.
315 3335 348 3361 ιδ,
366 3342 398 3363 ι7.

428 226 487 255 nisi
511 224 685 254 formaliter
708 223 963 260 consideremus,
988 224 1201 264 locemusque
1223 234 1273 254 res
1296 225 1330 254 in
1353 225 1418 254 suis
1440 233 1495 264 ge-

428 269 566 307 neribus,
586 269 692 308 vagari
707 268 925 308 multipliciter
941 269 1115 308 continget.
1140 268 1312 306 Quocirca,
1330 278 1405 299 cum
1421 269 1495 298 cha-

428 318 528 343 racter
551 312 784 343 sacramentalis
809 313 849 343 sit
871 312 1045 343 formaliter
1067 313 1228 352 potentia:
1261 318 1308 342 est
1331 313 1418 343 enim
1441 313 1495 342 ba-

428 357 583 397 ptismalis
599 357 759 387 character
782 366 848 397 quo
865 366 921 396 per
937 366 971 387 se
994 357 1100 396 primo
1117 357 1217 387 homo
1234 361 1340 396 potest
1355 357 1495 396 recipere

429 406 624 431 sacramenta
647 401 778 441 reliqua,
803 406 839 431 ut
861 406 964 440 patet;
990 406 1021 431 et
1040 400 1183 431 similiter
1199 401 1360 430 character
1376 399 1495 430 ordinis

429 454 496 485 quo
519 446 624 485 primo
647 445 790 475 minister
812 445 984 480 Ecclesiae,
1008 450 1087 484 puta
1110 444 1267 480 sacerdos,
1288 449 1395 484 potest
1418 453 1495 474 con-

429 489 525 519 ficere
548 489 796 525 Eucharistiam,
814 493 892 524 etc.,
916 507 939 511 —
962 494 993 519 et
1016 489 1055 518 sit
1082 488 1322 528 supernaturale
1349 487 1496 518 accidens

429 534 621 573 impressum
645 533 778 568 animae,
804 542 1005 573 consequens
1030 538 1076 562 est
1100 537 1135 562 ut
1158 532 1216 562 sub
1233 531 1288 562 illo
1311 541 1427 571 genere
1444 541 1496 562 ac-

429 577 604 608 cidentium
620 575 793 607 formaliter
808 576 931 607 locetur
948 575 1037 617 quod
1051 576 1211 616 potentias
1228 576 1343 606 activas
1358 575 1407 606 vel
1424 585 1495 615 pas-

429 622 509 651 sivas
533 621 684 656 continet,
698 620 787 660 quod
810 626 934 651 constat
949 621 1056 651 solum
1072 620 1230 660 qualitatis
1249 629 1350 659 genus
1370 629 1447 655 esse,
1465 625 1496 649 et

429 674 527 695 unam
550 665 633 695 illius
656 665 807 704 speciem,
832 664 1007 695 secundam
1030 664 1158 694 scilicet.
1187 663 1256 694 Nec
1280 664 1384 694 obstat
1406 663 1496 703 quod

428 719 496 739 non
515 709 554 739 sit
576 708 725 739 naturalis
741 709 894 749 potentia.
919 709 1094 746 Quoniam,
1111 708 1193 738 sicut
1209 708 1267 737 sub
1283 707 1408 738 habitus
1424 717 1496 748 spe-

430 754 478 783 cie
509 753 713 783 continentur
735 762 803 783 non
832 753 939 783 solum
970 752 1137 788 naturales,
1158 751 1214 782 sed
1243 751 1496 791 supernaturales

428 797 572 833 habitus,
597 797 640 827 ita
663 797 722 827 sub
746 797 908 836 potentiae
932 796 1133 827 accidentalis
1161 796 1267 836 specie
1291 796 1496 826 continentur

428 850 497 871 non
519 841 625 871 solum
647 841 815 876 naturales,
840 840 895 871 sed
918 840 1171 880 supernaturales
1194 840 1366 880 potentiae.
1399 839 1440 870 Et
1462 840 1496 870 in

429 886 492 916 hoc
516 885 611 915 debet
634 885 798 925 quiescere
820 884 999 915 intellectus
1022 885 1103 914 bene
1128 883 1308 924 dispositus.

485 929 539 959 XI.
563 928 615 959 Ad
638 928 876 959 distractionem
899 934 1007 959 autem
1030 928 1190 958 Scoticam
1216 927 1393 958 trahentem
1416 928 1496 958 rela-

430 974 553 1003 tionem
576 972 616 1003 ad
638 973 796 1003 rationem
825 973 987 1012 potentiae
1006 974 1032 1007 *,
1060 977 1147 1011 patet
1173 972 1339 1011 responsio
1371 980 1409 1001 ex
1432 972 1495 1002 hoc

430 1018 501 1057 ipso
533 1016 623 1057 quod
649 1016 809 1048 distractio
841 1017 971 1046 abusiva
997 1025 1104 1046 rerum
1131 1025 1167 1046 ac
1189 1016 1350 1045 rationum
1378 1014 1495 1045 forma-

430 1061 511 1091 lium
534 1066 590 1091 est.

485 1104 537 1134 Ad
559 1104 593 1134 id
615 1113 691 1134 vero
723 1103 812 1143 quod
839 1104 944 1143 primo
972 1103 1048 1134 dicit
1078 1102 1118 1133 de
1145 1103 1254 1133 habitu
1278 1102 1495 1139 Indifferente‚

430 1147 603 1178 dicendum
627 1153 674 1177 est
704 1147 794 1187 quod
821 1147 929 1177 nullus
957 1153 1005 1177 est
1030 1152 1118 1177 actus
1145 1147 1305 1177 humanus
1331 1147 1496 1186 singularis

429 1191 612 1222 indifferens
634 1191 806 1221 moraliter.
831 1191 916 1229 Quia
939 1190 975 1221 fit
997 1191 1048 1221 vel
1072 1189 1213 1230 quando,
1230 1191 1296 1226 ubi,
1313 1190 1404 1225 sicut,
1421 1199 1496 1230 pro-

429 1241 509 1276 pter,
521 1241 592 1271 etc.,
606 1234 710 1270 debet,
723 1240 755 1265 et
769 1235 814 1265 sic
831 1240 878 1265 est
893 1236 998 1265 bonus
1014 1235 1189 1264 moraliter:
1206 1234 1257 1264 vel
1273 1243 1340 1263 non
1353 1234 1495 1273 quando,

429 1285 484 1310 aut
507 1280 578 1315 ubi,
603 1284 658 1309 aut
680 1279 771 1315 sicut,
797 1285 851 1309 aut
873 1283 1019 1319 propter,
1044 1284 1098 1308 aut
1115 1283 1186 1314 etc.,
1210 1277 1314 1313 debet,
1339 1283 1370 1307 et
1389 1278 1434 1308 sic
1450 1283 1497 1308 est

429 1324 532 1354 malus
555 1323 727 1354 moraliter.
762 1323 830 1354 Nec
854 1328 900 1353 est
923 1323 1004 1353 inter
1027 1323 1086 1352 ista
1109 1321 1175 1352 duo
1197 1320 1343 1352 medium
1366 1321 1399 1351 in
1423 1326 1496 1352 actu

430 1369 586 1399 exercito:
611 1368 688 1408 quia
706 1366 944 1407 distinguuntur
966 1376 1066 1407 penes
1087 1365 1331 1396 affirmationem
1354 1370 1385 1396 et
1399 1375 1496 1405 nega-

430 1413 564 1442 tionem.
588 1412 636 1442 Ac
652 1421 710 1451 per
732 1412 805 1448 hoc,
822 1411 930 1442 nullus
953 1416 1060 1451 potest
1081 1419 1148 1440 esse
1171 1410 1298 1440 habitus
1314 1408 1496 1441 indifferens

432 1465 470 1486 ex
493 1457 557 1486 hoc
581 1456 694 1496 capite.

485 1500 537 1530 Ad
559 1499 593 1530 id
615 1509 691 1530 vero
723 1499 813 1539 quod
836 1499 875 1530 de
899 1498 1154 1530 consideratione
1177 1498 1338 1538 frequenti
1365 1499 1497 1529 conclu—

430 1545 528 1575 sionis
551 1544 764 1584 geometricae
787 1543 950 1579 subditur,
975 1542 1089 1574 dicitur
1113 1542 1212 1582 quod,
1236 1543 1263 1572 si
1286 1542 1497 1574 consideratio

432 1595 479 1620 est
501 1587 683 1624 scientifica,
708 1593 876 1628 generatur
898 1588 1024 1618 habitus
1047 1588 1169 1622 bonus,
1193 1587 1314 1617 scilicet
1337 1587 1498 1623 scientiae,

433 1642 515 1674 quae
539 1638 586 1663 est
608 1633 724 1668 virtus,
752 1641 789 1662 ac
816 1641 873 1672 per
895 1632 959 1662 hoc
986 1631 1064 1661 boni
1087 1636 1230 1667 tantum,
1254 1636 1332 1670 puta
1354 1632 1430 1661 veri.
1466 1631 1500 1662 Si

431 1687 508 1708 vero
533 1676 745 1707 consideratio
770 1682 816 1706 est
838 1685 907 1706 non
929 1675 1119 1711 scientifica,
1147 1675 1348 1715 generabitur
1374 1675 1499 1706 habitus

432 1722 630 1762 opinativus:
656 1720 712 1760 qui
736 1721 831 1750 etiarn
854 1729 922 1750 non
946 1725 993 1750 est
1014 1719 1207 1755 indifferens,
1232 1718 1289 1749 sed
1307 1719 1445 1750 declinat
1460 1718 1500 1750 ad

432 1767 557 1796 bonum
579 1765 631 1795 vel
653 1764 776 1795 malum
805 1770 903 1804 prout
929 1763 1067 1794 declinat
1094 1763 1134 1794 ad
1155 1773 1268 1794 verum
1294 1763 1345 1794 vel
1372 1762 1499 1794 falsum.

487 1810 528 1840 Et
551 1810 628 1849 quia
651 1809 812 1839 character
835 1813 882 1838 est
904 1807 1007 1838 forma
1030 1807 1277 1848 supernaturalis
1301 1817 1319 1838 a
1341 1808 1413 1838 Deo
1439 1817 1499 1848 pro

1099 145 1363 192 QUAESTIO
1392 145 1528 193 LXIII,
1558 143 1852 182 ARTICULUS
1880 144 1926 180 III

1551 231 1684 254 munere
1707 223 1874 262 impressa;
1899 231 1936 252 ac
1958 231 2016 262 per
2030 222 2104 258 hoc,
2128 223 2155 252 si
2171 227 2252 253 esset
2267 223 2402 259 habitus,
2418 232 2486 253 non
2507 227 2615 263 posset

1551 268 1630 308 poni
1656 266 1856 298 indifferens:
1887 265 1961 296 ideo
1988 265 2103 296 Scotus
2130 265 2170 296 ad
2196 266 2342 297 ultimam
2370 267 2615 307 responsionem

1551 311 1706 351 confugit.
1731 310 1823 348 Quae
1846 309 1961 340 falsum
1984 309 2016 339 in
2033 310 2143 349 primis
2166 309 2264 346 affert,
2289 310 2367 341 dum
2390 311 2561 346 caritatem,
2578 309 2616 340 fi-

1552 355 1625 386 dem
1649 365 1686 385 ac
1709 364 1800 395 spem
1822 353 1961 384 infusam
1989 363 2007 383 a
2030 352 2258 384 sufficientibus
2287 355 2506 395 proximisque
2530 355 2616 394 prin-

1552 400 1642 440 cipiis
1666 399 1809 429 elicitivis
1832 399 1995 428 bonorum
2017 402 2149 427 actuum
2172 397 2283 428 aufert.
2318 398 2375 428 Est
2398 399 2484 428 enim
2511 397 2616 428 infusa

1551 444 1662 474 caritas
1686 448 1717 473 et
1740 442 2043 473 sufficientissimum
2071 446 2102 471 et
2124 442 2309 480 proximum
2332 442 2507 473 elicitivum
2529 443 2615 482 prin-

1551 489 1673 528 cipium
1697 486 1875 517 dilectionis
1899 486 1960 516 Dei
1983 494 2079 525 super
2102 485 2222 515 omnia.
2258 484 2321 516 Sed
2343 485 2432 525 quod
2454 487 2513 516 iste
2536 495 2616 526 puer

1551 532 1728 571 baptizatus
1751 540 1819 561 non
1843 535 1916 560 actu
1940 529 2058 569 diligat,
2082 529 2231 569 provenit
2254 538 2292 559 ex
2308 529 2494 560 conditione
2516 530 2616 570 ipsius

1551 576 1696 606 habentis
1720 575 1900 609 caritatem,
1929 574 2004 614 quia
2030 573 2150 604 scilicet
2176 573 2272 603 habet
2294 582 2413 612 organa
2438 573 2616 614 impedien-

1550 620 1603 655 tia,
1621 625 1699 654 etc.;
1724 624 1755 649 et
1777 627 1845 648 non
1869 627 1907 648 ex
1929 617 2152 648 insufficientia
2175 622 2230 647 aut
2253 617 2457 657 elongatione
2479 617 2615 648 habitus.

1551 664 1592 694 Et
1615 663 1717 693 simile
1741 667 1788 692 est
1811 661 1850 692 de
1874 661 2053 692 dormiente
2077 667 2132 692 aut
2148 661 2253 691 ebrio:
2278 670 2347 691 non
2366 661 2453 691 enim
2476 670 2514 691 ex
2529 666 2617 701 parte

1551 708 1676 738 habitus
1706 706 1803 737 infusi
1830 711 1885 736 aut
1911 706 2058 746 acquisiti
2083 705 2232 746 provenit
2261 704 2351 745 quod
2377 703 2540 735 dormiens
2563 711 2618 735 aut

1552 752 1656 782 ebrius
1686 760 1754 781 non
1785 749 1963 781 considerat
1991 750 2201 790 geometricas
2231 749 2536 784 demonstrationes,
2563 754 2618 780 aut

1550 805 1618 826 non
1642 794 1741 825 credit
1763 804 1821 825 seu
1844 799 1967 834 sperat;
1999 793 2054 824 sed
2078 803 2116 824 ex
2138 792 2370 833 impedimento
2394 792 2539 823 habentis
2561 793 2617 823 ha-

1551 840 1664 870 bitum.

1606 883 1690 913 Male
1714 881 1829 913 deinde
1855 882 1941 912 locat
1959 882 2172 912 characterem
2194 882 2228 911 in
2252 881 2375 921 specie,
2402 880 2481 911 dum
2508 890 2546 911 ex
2569 881 2618 911 his

1551 927 1591 958 ad
1614 936 1697 967 quae
1720 931 1842 957 remote
1869 935 1902 956 se
1926 926 2039 961 habet,
2066 925 2152 956 locat
2174 926 2292 965 ipsum.
2327 925 2432 955 Debet
2457 924 2617 965 siquidem

1550 971 1683 1002 iudicari
1709 980 1758 1000 res
1782 969 1960 1000 secundum
1984 979 2021 1000 ea
2048 978 2130 1009 quae
2157 970 2216 999 sibi
2239 969 2386 1009 proxime
2409 969 2616 1004 conveniunt,

1552 1020 1583 1046 et
1605 1025 1674 1045 non
1697 1014 1876 1045 secundum
1898 1019 2031 1044 remota.
2056 1014 2104 1044 Ac
2128 1023 2185 1054 per
2208 1013 2281 1049 hoc,
2305 1022 2373 1043 non
2392 1011 2487 1043 debet
2509 1013 2617 1043 chara-

1551 1064 1617 1090 cter
1639 1059 1718 1099 poni
1742 1059 1800 1088 sub
1824 1058 1930 1098 specie
1953 1058 2079 1088 habitus
2102 1058 2190 1094 boni,
2215 1058 2291 1098 quia
2305 1056 2397 1088 valde
2415 1062 2539 1087 remote
2556 1055 2618 1087 dis-

1550 1103 1644 1143 ponit
1667 1102 1707 1133 ad
1729 1107 1837 1133 actum
1859 1102 1993 1132 bonum.

1605 1147 1673 1176 XII.
1698 1145 1761 1177 Sed
1783 1147 1863 1176 haec
1885 1145 2035 1176 accidunt
2057 1145 2156 1176 Scoto
2180 1146 2256 1186 quia
2279 1144 2408 1176 difficile
2423 1150 2470 1176 est
2493 1145 2619 1185 operire

1552 1190 1677 1221 falsum.
1702 1190 1864 1227 Quocirca
1886 1189 1994 1220 videto
2019 1190 2128 1220 omnia
2151 1199 2333 1220 consonare
2356 1199 2433 1220 vero
2449 1190 2476 1225 ἡ
2501 1195 2533 1219 et
2549 1189 2618 1219 abs-

1551 1243 1615 1274 que
1639 1233 1823 1264 difficultate
1846 1233 1911 1263 ulla
1934 1233 2148 1263 characterem
2171 1234 2261 1273 poni,
2285 1242 2354 1263 non
2375 1234 2538 1269 habitum,
2562 1232 2619 1263 sed
2663 1261 2669 1267 ,
2705 1261 2711 1267 ,

1550 1278 1739 1318 potentiam,
1764 1286 1847 1316 quae
1871 1286 1910 1307 ex
1931 1277 2061 1316 propria
2083 1277 2207 1307 ratione
2229 1276 2412 1307 indifferens
2435 1282 2483 1307 est
2505 1276 2546 1307 ad
2560 1277 2619 1307 bo-

1550 1331 1631 1352 num
1655 1327 1687 1351 et
1709 1320 1846 1351 malum:
1877 1319 2038 1350 character
2067 1320 2154 1350 enim
2181 1325 2228 1350 est
2250 1321 2395 1360 potent-ia
2426 1330 2491 1361 qua
2512 1325 2620 1360 potest

1552 1366 1623 1406 quis
1647 1364 1721 1396 dare
1744 1365 1796 1395 vel
1825 1365 1977 1405 recipere,
2010 1370 2041 1394 et
2063 1373 2132 1394 non
2155 1369 2202 1394 est
2232 1373 2299 1404 quo
2326 1369 2434 1404 potest
2463 1365 2546 1395 bene
2569 1365 2620 1395 vel

1550 1410 1635 1440 male
1658 1409 1731 1439 dare
1746 1409 1798 1439 vel
1813 1409 1968 1449 recipere:
1993 1426 2015 1431 -
2037 1414 2075 1438 ut
2089 1409 2135 1438 sic
2150 1409 2322 1448 perspicias
2337 1408 2478 1439 divinam
2493 1409 2620 1449 sapien-

1551 1455 1638 1489 tiam,
1659 1453 1878 1494 disponentem
1895 1452 2004 1483 omnia
2020 1452 2165 1483 suaviter
2179 1453 2212 1489 *‚-
2231 1452 2383 1483 donando
2399 1453 2494 1483 nobis
2509 1462 2620 1493 super-

1551 1498 1709 1529 naturales
1732 1497 1902 1538 potentias,
1927 1495 2001 1527 dare
2017 1506 2069 1527 eas
2085 1497 2232 1533 suaviter,
2252 1497 2316 1527 hoc
2331 1502 2388 1533 est,
2405 1501 2526 1527 servata
2542 1506 2620 1527 con-

1553 1542 1673 1573 ditione
1696 1541 1931 1582 potentiarum:
1955 1546 1991 1571 ut
2013 1541 2134 1571 scilicet
2156 1541 2219 1571 sint
2242 1541 2358 1581 quibus
2381 1550 2565 1582 possumus,
2589 1546 2622 1572 et

1552 1596 1621 1617 non
1645 1586 1762 1626 quibus
1784 1586 1867 1616 bene
1889 1585 1941 1615 vel
1963 1585 2046 1615 male
2069 1594 2252 1625 possumus.

1582 1669 1585 1671 ‚
1607 1630 1691 1660 XIII.
1715 1630 1912 1670 Argumenta
1939 1629 2023 1659 Petri
2050 1629 2202 1666 Aureoli,
2231 1629 2318 1670 apud
2344 1628 2558 1670 Capoeolum,
2586 1630 2621 1660 in

1553 1685 1584 1705 1v
1608 1674 1678 1705 dist.
1702 1674 1834 1712 Quarti,
1859 1679 1970 1704 contra
1996 1674 2060 1703 hoc
2087 1673 2177 1714 quod
2204 1674 2364 1704 character
2394 1674 2434 1704 sit
2455 1674 2619 1714 potentia,

1554 1719 1630 1759 quia
1653 1717 1693 1748 ad
1715 1717 1864 1758 specialia
1887 1717 2087 1748 descendunt
2116 1717 2156 1748 de
2183 1723 2340 1757 potestate
2367 1717 2511 1748 effectiva
2537 1723 2621 1748 tran-

1554 1762 1824 1794 substantiationis
1838 1762 1873 1792 in
1888 1761 2096 1797 Eucharistia,
2109 1767 2180 1798 etc.,
2197 1760 2374 1792 omittenda
2390 1762 2513 1792 censui:
2538 1771 2622 1802 quo-

1553 1808 1640 1837 niam
1663 1815 1723 1837 suo
1746 1806 1822 1837 loco
1846 1805 2008 1845 quaelibet
2030 1805 2184 1836 servanda
2207 1811 2255 1836 est
2277 1806 2434 1846 quaestio.

1239 1968 1561 2012 ARTICULUS
1589 1968 1821 2011 TERTIUS

815 2065 973 2096 UTRUM
998 2064 1269 2096 CHARACTER
1292 2064 1658 2096 SACRAMENTALrs
1682 2065 1749 2096 sir
1773 2065 2047 2096 CHARACTER
2070 2065 2245 2096 CHRISTI

1054 2144 1088 2168 1v
1107 2144 1191 2174 Sent.‚
1212 2143 1271 2170 dist.
1289 2151 1323 2174 iv,
1342 2151 1386 2176 qu.
1406 2151 1427 2173 ι,
1446 2149 1493 2170 art.
1515 2151 1544 2174 2;
1564 2149 1611 2169 art.
1631 2144 1655 2174 3,
1674 2144 1724 2177 qu*
1744 2143 1774 2176 55
1794 2150 1841 2170 art.
1859 2152 1884 2177 4,
1905 2145 1954 2178 qu·
1972 2153 2000 2176 4.

552 2249 604 2272 ,aa
644 2237 666 2261 ι)
687 2235 848 2261 TERTmM
874 2236 926 2261 sic
946 2235 1184 2261 PROCEDITUR.
1213 2223 1376 2260 Videtur
1394 2223 1503 2273 quod

470 2243 527 2274 η’)
548 2242 558 2261 5

465 2239 493 2266 ),.

464 2257 619 2339 ζῖᾈέμ
646 2278 842 2314 character
869 2276 1153 2314 sacramentalis
1187 2288 1268 2314 non
1296 2275 1342 2313 sit
1369 2277 1502 2313 chara-

451 2312 573 2389 Ἀἴης
587 2322 726 2367 ‘⁴'cter
754 2329 904 2367 Christi.
944 2330 1092 2367 Dicitur
1120 2329 1225 2366 enim
1252 2330 1386 2379 Ephes.
1408 2341 1443 2366 1v
1461 2329 1500 2366 *ε

491 2358 588 2417 ξ’)ὲὶΰ
602 2375 636 2419 K
648 2383 775 2420 Nolite
792 2385 1013 2420 contristare
1026 2384 1203 2432 Spiritum
1224 2384 1401 2420 Sanctum
1416 2383 1501 2428 Dei,

435 2438 472 2472 in
502 2448 574 2485 quo
601 2437 740 2486 signati
766 2438 858 2473 estis.
896 2436 973 2473 Sed
1002 2435 1238 2484 consignatio
1274 2435 1504 2485 importatur

436 2488 476 2525 in
504 2488 650 2526 ratione
670 2488 908 2526 characteris
939 2490 1042 2537 Ergo
1070 2489 1267 2526 character
1289 2500 1502 2526 sacramen-

435 2542 519 2579 talis
546 2542 667 2591 magis
695 2542 810 2579 debet
837 2541 990 2579 attribui
1019 2541 1176 2591 Spiritui
1214 2542 1354 2579 Sancto
1383 2553 1503 2591 quam

439 2594 604 2632 Christo.

492 2660 526 2685 2.
557 2648 788 2695 Paaamaaa,
815 2649 1011 2685 character
1039 2647 1155 2685 habet
1182 2647 1371 2685 rationem
1395 2646 1502 2695 signi.

438 2702 506 2738 Est
533 2708 663 2737 autem
697 2701 847 2748 signum
884 2700 1023 2748 gratiae
1062 2713 1162 2750 quae
1190 2713 1261 2750 per
1288 2712 1504 2738 sacramen-

437 2762 522 2791 tum
550 2753 753 2791 confertur.
791 2754 920 2791 Gratia
948 2761 1079 2790 autem
1107 2753 1320 2791 infunditur
1351 2753 1503 2790 animae

438 2819 461 2844 a
487 2814 567 2843 tota
585 2806 788 2844 Trinitate:
819 2807 923 2844 unde
943 2806 1081 2844 dicitur
1099 2806 1139 2843 in
1165 2807 1320 2844 Psalmo
1339 2806 1376 2843 *ε
1411 2807 1504 2844 Gra-

437 2862 527 2897 tiam
546 2865 580 2896 et
597 2860 761 2909 gloriam
776 2860 875 2897 dabit
889 2861 1084 2897 Dominus.
1106 2861 1208 2908 Ergo
1226 2859 1379 2897 videtur
1397 2860 1504 2909 quod

439 2914 634 2949 character
652 2913 934 2950 sacramentalis
958 2925 1038 2950 non
1057 2913 1195 2949 debeat
1223 2912 1434 2962 specialiter
1451 2920 1504 2950 at-

439 2965 554 3002 tribui
583 2966 747 3003 Christo.

496 3018 530 3055 3.
560 3019 792 3066 Pmnrnam,
817 3020 866 3056 ad
895 3020 970 3057 hoc
999 3019 1134 3068 aliquis
1156 3019 1416 3057 characterem
1443 3030 1504 3056 ac-

442 3070 531 3119 cipit
558 3078 600 3107 ut
628 3083 675 3108 eo
704 3085 727 3109 a
754 3072 887 3109 ceteris
915 3072 1179 3120 distinguatur.
1210 3072 1288 3110 Sed
1314 3071 1504 3109 distinctio

443 3130 665 3160 sanctorum
693 3125 740 3161 ab
769 3124 849 3161 aliis
877 3124 919 3161 fit
947 3137 1016 3173 per
1043 3125 1260 3170 caritatem,
1289 3137 1389 3174 quae
1425 3125 1506 3162 sola

443 3176 631 3224 distinguit
659 3178 753 3213 inter
769 3178 875 3224 filios
893 3178 1022 3226 Regni
1047 3183 1080 3214 et
1096 3178 1203 3225 filios
1216 3178 1447 3226 perditionis,
1463 3184 1506 3213 ut

445 3227 681 3275 Augustinus
716 3228 821 3275 dicit,
851 3230 921 3265 XV
950 3230 995 3266 de
1026 3231 1061 3266 T
1059 3231 1129 3266 rin.
1149 3230 1183 3266 *z
1221 3229 1325 3266 unde
1363 3236 1399 3265 et
1434 3228 1506 3278 ipsi

445 3280 667 3329 perditionis
695 3281 762 3318 filii
781 3282 1033 3319 characterem
1054 3283 1188 3319 bestiae
1211 3281 1352 3318 habere
1372 3280 1505 3318 dicun-

445 3340 518 3380 tur,
547 3341 589 3370 ut
616 3341 718 3382 patet
744 3335 861 3384 Apoc.
882 3346 938 3371 xm
957 3334 988 3371 ³⁸.
1019 3333 1164 3371 Caritas
1192 3341 1323 3370 autem
1345 3345 1426 3370 non
1453 3341 1505 3370 at-

499 3458 527 3492 α)
547 3461 573 3483 et
591 3458 731 3483 recreanti.
749 3472 767 3476 -
786 3457 876 3482 PFIsG
896 3462 920 3482 et
938 3464 967 3486 c,·
986 3465 1038 3483 om.

1556 2223 1736 2261 tribuitur
1756 2223 1921 2270 Christo,
1946 2225 2015 2262 sed
2042 2224 2164 2273 magis
2193 2223 2350 2274 Spiritui
2384 2224 2537 2272 Sancto,
2566 2237 2623 2263 se·

1556 2277 1732 2314 cundum
1767 2276 1860 2314 illud
1886 2279 1998 2314 Rom.
2019 2290 2043 2314 v
2061 2277 2099 2323 ²⁸,
2133 2278 2280 2315 Caritas
2305 2278 2380 2315 Dei
2409 2277 2545 2327 diffusa
2573 2284 2624 2316 est

1556 2331 1594 2366 in
1621 2330 1795 2367 cordibus
1822 2332 1955 2367 nostris
1968 2342 2042 2380 per
2059 2332 2236 2380 Spiritum
2265 2332 2455 2378 Sanctum,
2475 2332 2540 2380 qui
2557 2331 2623 2369 da-

1556 2388 1613 2419 tus
1640 2389 1691 2419 est
1719 2384 1846 2428 nobis,·
1872 2384 1934 2420 vel
1962 2382 2077 2420 etiam
2101 2383 2215 2431 Patri,
2235 2383 2450 2420 secundum
2480 2383 2574 2421 illud
2593 2385 2624 2421 11

1561 2436 1648 2472 Cor.
1677 2437 1743 2472 ult.
1763 2435 1795 2482 ³¹⁸,
1829 2436 1960 2473 Gratia
1987 2437 2144 2473 Domini
2170 2437 2288 2474 nostri
2313 2438 2397 2473 Iesu
2425 2437 2560 2474 Christi
2591 2442 2625 2474 et

1557 2490 1693 2526 caritas
1720 2490 1802 2526 Dei.
1831 2489 1934 2537 Ergo
1962 2487 2115 2526 videtur
2142 2489 2250 2538 quod
2278 2489 2474 2527 character
2500 2501 2623 2528 sacra-

1557 2541 1732 2578 mentalis
1752 2553 1833 2578 non
1861 2541 1906 2578 sit
1933 2541 2198 2579 attribuendus
2227 2541 2392 2581 Christo.
2513 2578 2515 2580 .

1578 2608 1581 2609 ’
1612 2595 1686 2632 SED
1716 2606 1861 2631 CONTRA
1887 2607 1952 2632 EST
1979 2595 2087 2644 quod
2115 2594 2276 2644 quidam
2295 2594 2315 2617 *
2343 2594 2397 2632 sic
2433 2594 2624 2632 definiunt

1557 2647 1835 2684 characterem:
1867 2649 2072 2685 Character
2090 2653 2141 2685 est
2166 2648 2346 2685 distinctio
2365 2660 2389 2685 a
2408 2649 2624 2686 charactere

1558 2706 1708 2737 aeterno
1735 2701 1914 2750 impressa
1933 2702 2084 2738 animae
2102 2701 2289 2748 rationali,
2308 2701 2510 2738 secundum
2529 2702 2622 2739 ima-

1556 2754 1685 2803 ginem
1700 2755 1928 2804 consignans
1953 2755 2152 2797 trinitatem
2177 2759 2342 2792 creatam
2357 2755 2394 2792 T
2389 2754 2531 2792 rinitati
2545 2765 2622 2791 cre-

1558 2808 1638 2843 anti
1663 2812 1696 2843 et
1723 2808 1909 2844 recreanti
1927 2811 1954 2853 α,
1984 2813 2017 2844 et
2044 2807 2272 2857 distinguens
2299 2819 2323 2844 a
2351 2819 2426 2844 non
2452 2807 2622 2856 configu—

1559 2861 1666 2905 ratis,
1694 2860 1898 2896 secundum
1929 2866 2064 2897 statum
2080 2860 2188 2909 fidei.
2229 2859 2306 2897 Sed
2337 2859 2534 2896 character
2559 2871 2622 2896 ae·

1557 2919 1689 2949 ternus
1709 2920 1764 2949 est
1782 2912 1864 2962 ipse
1885 2912 2078 2950 Christus:
2102 2911 2319 2950 secundum
2338 2911 2432 2948 illud
2445 2913 2544 2950 Heb.
2561 2911 2620 2949 1⁸⁸²:

1564 2966 1639 3008 Qui
1664 2977 1749 3002 cum
1776 2967 1821 3003 sit
1847 2964 2023 3015 splendor
2047 2965 2196 3015 gloriae
2223 2970 2257 3001 et
2271 2965 2421 3014 figura,
2443 2965 2506 3001 vel
2533 2964 2622 3002 cha-

1558 3026 1690 3065 racter,
1718 3019 1941 3056 substantiae
1967 3019 2054 3055 eius.
2088 3017 2190 3066 Ergo
2218 3016 2371 3054 videtur
2397 3017 2506 3066 quod
2533 3017 2622 3055 cha-

1559 3078 1680 3108 racter
1707 3070 1861 3120 proprie
1890 3070 1936 3108 sit
1963 3069 2227 3108 attribuendus
2256 3069 2420 3107 Christo.

1613 3124 1838 3160 Responm-:o
1857 3135 2038 3161 mer-:unum
2057 3122 2178 3172 quod,
2202 3121 2299 3160 sicut
2322 3134 2368 3159 ex
2387 3134 2505 3172 supra
2522 3122 2542 3144 '¹‘
2569 3122 2622 3160 di·
2650 3125 2660 3134 '

1559 3175 1627 3213 ctis
1645 3183 1759 3225 patet,
1780 3176 1975 3213 character
1991 3175 2146 3225 proprie
2166 3182 2221 3212 est
2239 3174 2480 3224 signaculum
2499 3175 2623 3225 quod-

1560 3229 1651 3265 dam
1680 3239 1759 3277 quo
1788 3228 1931 3278 aliquid
1959 3227 2159 3276 insignitur
2190 3235 2233 3265 ut
2260 3226 2556 3265 ordinandum!3
2583 3228 2622 3266 in

1561 3280 1730 3330 aliquem
1757 3280 1894 3318 finem:
1924 3280 2020 3318 sicut
2047 3281 2263 3318 charactere
2291 3280 2491 3329 insignitur
2508 3281 2623 3319 dena-

1561 3333 1639 3370 rius
1667 3333 1716 3370 ad
1750 3345 1868 3371 usum
1902 3333 2272 3382 commutationum,
2301 3341 2337 3371 et
2365 3332 2502 3372 milites
2534 3334 2623 3373 cha—

1611 3455 1637 3490 β)
1656 3456 1846 3482 ordinandum.
1864 3471 1884 3475 —
1901 3456 2058 3482 ordinatum
2078 3457 2121 3482 Pe.

2646 1192 2694 1214 *CL
2701 1191 2860 1214 manante.

2646 1219 2686 1240 lib.
2702 1219 2720 1246 1,
2738 1224 2790 1268 eug.
2809 1224 2859 1267 yffi-

2645 1251 2701 1294 lueet.¹
2712 1256 2752 1294 xii.
2785 1261 2791 1268 ⁸
2852 1260 2858 1267 ’

2646 1459 2657 1468 ·
2670 1457 2729 1486 Sap.
2744 1462 2796 1485 etp.
2811 1463 2863 1484 vui,

2647 1489 2708 1506 vers.
2727 1491 2746 1507 ι.

2650 2284 2661 2294 ·
2676 2282 2743 2305 vm.
2757 2288 2778 2312 5.

2651 2441 2661 2451 ·
2676 2439 2744 2463 Ven.
2760 2447 2791 2470 ¹3·

2651 2599 2662 2610 ·
2670 2597 2780 2621 Definitio
2790 2598 2865 2631 Μηί-

2650 2626 2863 2677 wiffam&

2649 2677 2723 2704 Sext„
2736 2678 2789 2701 dist.
2797 2678 2865 2705 vr,C‚

2650 2708 2693 2726 m.
2707 2710 2731 2731 ⁴·

2650 2911 2660 2920 ·
2674 2909 2742 2931 Vere.
2757 2915 2777 2938 3.
