2878 4088
335 245 541 275 transcribere
557 244 597 275 de
614 245 847 285 exemplaribus
862 245 937 275 suis.
961 243 1149 275 Notandum
1164 242 1296 273 ulterius
1313 239 1402 281 quod

336 289 402 319 duo
425 289 525 328 spatia
548 290 582 320 in
606 289 628 326 1,
647 299 729 330 quae
752 291 785 320 in
800 289 891 320 nullo
916 289 978 319 alio
996 288 1107 319 codice
1131 291 1314 321 cernuntur,
1330 293 1402 324 per-

335 333 417 363 fecte
441 333 597 373 quadrant
621 343 696 365 cum
719 334 828 364 indole
850 328 1063 368 recensionis,
1088 341 1202 371 quam,
1227 340 1244 361 a
1268 329 1399 364 codice,

335 387 489 408 vocamus
513 377 536 408 1.
571 378 623 408 Ad
649 378 745 408 huius
769 378 992 414 characterem,
1013 381 1143 407 centum
1166 375 1245 406 locis
1268 374 1402 413 vestiga-

334 421 443 457 bilem,
459 422 597 462 pertinet
612 422 756 463 specialis
780 432 856 453 cura
882 434 895 448 ‹
915 421 1141 452 auctoritatum
1160 433 1188 455 ι»,
1208 418 1289 449 idest
1311 418 1401 448 loco-

335 475 407 496 rum
431 475 469 496 ex
493 466 622 496 diversis
646 467 828 497 auctoribus
847 467 941 496 sacris
965 471 996 496 et
1016 464 1158 506 profanis
1181 463 1400 503 allegatorum.

335 509 507 540 indubium
531 517 579 541 est
601 520 803 542 recensorem
819 515 923 541 textus
947 509 959 540 1
983 509 1186 540 auctoritates
1201 508 1235 537 in
1257 506 1401 536 fontibus

335 559 413 585 tunc
430 555 657 585 communibus
680 555 840 586 revidisse.
863 554 950 585 Huic
974 552 1149 584 concordat
1166 551 1339 591 spatiolum
1355 549 1402 579 di-

335 598 452 629 midiae
474 599 577 630 lineae
592 605 668 640 post
689 599 784 629 verba
811 611 825 625 e
843 604 881 629 ut
896 598 972 629 dicit
995 606 1101 628 canon
1120 609 1148 626 ι».
1172 595 1257 626 Tota
1273 593 1400 625 traditio

337 643 521 674 citationem
537 644 602 674 loci
619 643 697 674 Iuris
713 642 870 674 Canonici
888 642 1020 673 omittit:
1044 650 1093 671 res
1108 640 1228 671 nullius
1243 638 1401 669 momenti

337 693 393 724 est,
413 688 488 728 quia
504 687 535 718 S.
552 687 695 718 Thomas
711 687 837 727 saepius
853 686 967 726 allegat
992 699 1006 712 «
1026 693 1184 716 canonem
1204 697 1218 710 ›
1245 684 1313 714 sine
1336 683 1401 713 loci

335 732 539 762 indicatione.
572 731 634 762 Sed
657 731 816 762 recenseri
845 731 952 761 citatio
982 730 1048 760 visa
1073 734 1119 759 est
1147 727 1301 764 deficere;
1325 727 1399 757 ideo

334 776 398 812 ille,
414 785 482 806 non
502 775 533 807 S.
549 775 711 811 Thomas,
739 787 753 802 ‹
773 774 890 805 dimisit
906 774 1044 814 spatium
1062 774 1119 804 ubi
1134 773 1228 803 scribi
1243 777 1353 812 posset
1371 785 1399 801 ›.

337 820 509 860 Supposita
519 819 672 860 peculiari
683 818 898 849 sollicitudine
909 818 1085 849 recensoris
1096 818 1179 848 circa
1188 817 1400 852 auctoritates,

334 865 414 894 rafio
431 864 558 894 alterius
574 863 666 904 spatii
690 869 736 894 est
759 862 849 903 quod
864 862 896 893 S.
913 862 1057 892 Thomas
1079 862 1114 892 in
1130 861 1246 892 eodem
1266 861 1399 891 articulo

335 908 383 938 bis
399 908 513 948 allegat
529 907 662 938 eandem
676 908 915 943 auctoritatem3
934 908 968 937 in
986 912 1174 947 argumento
1192 906 1255 936 Sed
1267 905 1398 936 Contra:

339 952 560 992 «Augustinus
576 951 652 982 dicit
663 951 706 982 lV
723 950 975 982 Confessionum
992 951 1031 982 de
1047 951 1152 981 amico
1170 960 1230 981 suo
1247 951 1303 990 qui
1325 960 1400 980 cum

335 995 554 1036 desperaretur
582 996 758 1036 baptizatus
789 1001 835 1026 est
854 1006 888 1032 »3
918 995 958 1026 ad
983 995 1011 1026 3.
1028 1005 1122 1026 vero:
1150 1009 1164 1022 ‹
1184 996 1266 1025 sicut
1288 995 1400 1035 Augu-

334 1041 435 1070 stinus
458 1046 561 1070 narrat
590 1041 623 1071 in
655 1040 707 1070 IV.
731 1040 812 1070 libro
846 1039 1099 1071 Confessionum
1125 1039 1164 1070 de
1189 1041 1294 1070 amico
1318 1049 1398 1076 suo,

335 1085 392 1125 qui
421 1085 597 1125 baptizatus
628 1090 675 1114 est
696 1085 842 1115 nesciens
871 1090 1003 1125 propter
1031 1084 1212 1125 periculum
1240 1085 1352 1114 mortis
1372 1097 1399 1114 ›.

335 1128 502 1170 Systemati
520 1138 596 1169 ergo
612 1129 788 1159 recensoris
804 1134 888 1159 certe
901 1130 1058 1169 congruit,
1072 1134 1108 1159 ut
1124 1129 1303 1159 auctoritati
1319 1128 1400 1158 diffi-

336 1173 414 1204 dens
430 1174 568 1214 spatium
583 1182 723 1204 vacuum
738 1173 911 1213 reliquerit,
925 1173 1028 1204 donec
1046 1174 1139 1204 aliam
1154 1174 1399 1204 nancisceretur.

336 1217 389 1248 Sic
405 1218 473 1258 ipse
490 1219 650 1248 character
672 1218 867 1248 recensionis
886 1218 898 1248 1
922 1219 1022 1258 spatia
1038 1218 1183 1258 explicat,
1198 1223 1229 1248 et
1244 1218 1288 1248 sic
1305 1219 1400 1248 etiam

337 1262 441 1292 adhuc
465 1262 578 1293 clarius
601 1262 716 1298 elucet,
732 1268 794 1292 tres
818 1262 1000 1293 lectionesI
1023 1263 1055 1293 in
1075 1262 1107 1300 Q
1130 1268 1162 1293 et
1183 1262 1212 1292 R
1227 1271 1276 1292 res
1300 1268 1400 1292 extra—

336 1315 412 1339 neas
436 1315 514 1338 esse.
533 1306 607 1337 Nisi
628 1307 662 1336 in
681 1315 795 1337 eorum
810 1312 932 1337 textum
956 1307 1129 1337 deliberato
1147 1307 1282 1337 consilio
1301 1307 1397 1337 inter-

337 1349 463 1391 polatae
487 1350 630 1387 fuissent,
647 1356 809 1391 respectus
826 1351 886 1389 QR
909 1351 948 1381 ad
965 1351 977 1381 1
993 1352 1041 1382 his
1057 1352 1136 1382 locis
1156 1350 1242 1381 idem
1266 1357 1348 1382 esset
1363 1361 1400 1381 ac

337 1403 436 1435 quem
459 1395 577 1426 habent
599 1395 633 1425 in
655 1395 781 1435 reliquo
797 1400 902 1425 textu:
928 1395 1191 1426 contradixissent
1206 1396 1400 1426 lectionibus

335 1440 512 1470 recensoris
535 1439 558 1476 1,
576 1447 658 1478 quae
681 1439 837 1479 plurimae
861 1445 944 1469 sunt.

394 1483 446 1513 55.
461 1500 485 1504 -
506 1483 536 1513 Α
558 1488 636 1513 nota
664 1492 752 1514 nunc
774 1483 975 1514 redeundum
1006 1482 1100 1513 nobis
1124 1487 1171 1513 est
1199 1481 1238 1512 ad
1267 1481 1399 1511 textum.

336 1525 436 1564 Quod
451 1527 586 1566 scriptor
601 1526 633 1565 Q
646 1528 805 1567 petiarum
835 1526 915 1557 fines
935 1532 1036 1563 notat,
1052 1535 1120 1556 non
1138 1526 1246 1557 solum
1268 1526 1302 1555 in
1317 1525 1401 1565 Sup-

334 1570 500 1610 plemento
516 1570 573 1601 sed
591 1572 686 1601 etiam
709 1571 743 1601 in
758 1572 866 1602 Tertia
888 1571 990 1607 Parte,
1007 1572 1135 1611 signum
1158 1576 1206 1600 est
1229 1579 1304 1600 eum
1322 1569 1401 1600 Ter—

334 1615 411 1645 tiam
427 1615 523 1645 etiam
539 1615 665 1645 Partem
681 1625 720 1645 ex
731 1616 824 1656 petiis
840 1616 1080 1655 transcripsisse.
1102 1615 1134 1646 Si
1151 1615 1237 1644 enim
1253 1614 1322 1653 ipse
1336 1615 1401 1654 pri-

334 1668 407 1689 mus
429 1660 541 1699 petias,
556 1668 614 1699 per
637 1660 725 1699 signa
748 1660 942 1700 marginalia,
960 1663 1104 1696 creasset,
1129 1659 1216 1689 nulla
1240 1667 1335 1688 causa
1355 1664 1402 1689 est

334 1711 432 1744 quare
447 1703 535 1733 illam
557 1712 741 1733 mensuram
763 1704 929 1741 linearum,
947 1713 1030 1744 quae
1054 1702 1093 1733 ad
1115 1704 1274 1733 rationem
1296 1704 1401 1743 petiae

332 1748 480 1788 pertinet,
495 1748 588 1787 petiis
605 1757 623 1777 a
638 1757 672 1778 se
688 1748 902 1779 determinatis
923 1749 1110 1788 negavisset.
1135 1748 1211 1778 Non
1233 1747 1313 1778 liber
1337 1754 1402 1778 erat

334 1791 374 1822 ad
396 1792 589 1822 mutandum
611 1801 794 1829 numerum,
807 1801 906 1833 quem
929 1793 1028 1823 semel
1052 1793 1284 1823 constituisset:
1309 1801 1402 1822 secus

331 1837 419 1877 petia
433 1837 498 1866 iam
519 1845 589 1866 non
605 1842 652 1866 est
666 1845 826 1867 mensura.
851 1837 938 1873 Ideo,
955 1837 1103 1878 quamvis
1126 1837 1178 1867 hic
1196 1837 1291 1867 nobis
1314 1836 1403 1867 deest

332 1886 536 1911 momentosa
550 1879 703 1911 indicatio
720 1881 822 1922 qualis
838 1887 885 1912 est
899 1881 985 1912 istud
1004 1894 1017 1908 α
1034 1887 1065 1912 et
1081 1887 1127 1912 est
1143 1881 1182 1912 de
1198 1890 1252 1911 sex
1269 1882 1363 1911 cartis
1383 1894 1397 1908 »

332 1925 368 1956 in
389 1925 427 1961 L,
444 1930 476 1956 et
491 1925 517 1955 si
540 1925 580 1955 ad
595 1924 726 1955 fortuita
749 1931 780 1956 et
797 1927 954 1956 inscibilia
976 1926 1168 1966 deputemus
1183 1925 1264 1956 illud
1290 1939 1304 1952 ‹
1326 1925 1362 1956 ·f·
1383 1939 1397 1953 »

334 1970 425 2010 quod
447 1979 543 2010 supra
565 1970 742 2010 marginem
763 1971 869 2011 petiae
891 1972 933 2001 xi.
962 1972 1108 2001 scribitur
1129 1971 1187 2001 ubi
1208 1971 1294 2011 petia
1316 1971 1401 2000 ordi-

331 2014 420 2044 naria
446 2015 645 2045 terminasset
674 2014 736 2055 (cf.
761 2024 793 2045 n.
819 2015 910 2054 27.),
933 2021 1041 2045 tamen
1070 2016 1204 2046 omnino
1234 2015 1401 2055 probabile

334 2063 382 2089 est
404 2058 547 2089 Tertiam
561 2059 688 2089 Partem
703 2060 736 2089 in
752 2059 785 2097 Q
806 2061 1026 2100 transcriptam
1045 2059 1143 2090 fuisse
1165 2059 1205 2089 de
1228 2060 1402 2099 exemplari

332 2111 391 2143 per
415 2102 709 2144 petias-fasciculos
732 2103 844 2134 diviso.
880 2104 928 2134 Ex
958 2103 1159 2134 Chartulario
1183 2104 1401 2135 Universitatis

333 2147 516 2178 Parisiensis
540 2147 696 2178 docemur
711 2147 854 2178 Tertiam
869 2149 995 2179 Partem
1015 2158 1102 2179 anno
1123 2149 1206 2188 1304
1227 2157 1286 2189 per
1301 2150 1402 2189 petia-

332 2192 398 2222 rios
414 2197 552 2222 taxatam
572 2201 657 2222 esse:
682 2191 719 2222 11.
741 2195 780 2222 n⁰
804 2192 878 2232 642.
906 2206 920 2220 α
940 2193 1020 2223 Item
1043 2194 1077 2223 in
1098 2193 1211 2223 ultima
1228 2198 1318 2233 parte
1340 2193 1402 2224 fra-

333 2237 390 2266 tris
401 2236 531 2267 Thorne
542 2236 584 2266 lv.
596 2236 713 2276 pecias.
724 2236 801 2266 xliiii
814 2237 886 2268 den.
900 2251 928 2268 ›.
947 2237 1006 2279 (lbi
1019 2237 1041 2267 1.
1054 2241 1093 2267 n⁰
1107 2237 1180 2268 530.
1193 2238 1226 2268 in
1241 2239 1402 2269 taxatione

335 2289 473 2321 operum
496 2280 528 2311 S.
545 2281 693 2311 Thomae
716 2281 824 2311 Tertia
845 2282 920 2312 Pars
940 2287 1080 2318 tacetur;
1105 2281 1296 2313 Chartularii
1312 2292 1401 2313 com—

334 2325 486 2365 pilatores
501 2330 624 2361 notant,
641 2334 724 2365 opus
738 2325 813 2356 ideo
829 2327 926 2357 taceri
941 2327 1018 2367 quia
1032 2331 1110 2356 tunc
1130 2326 1213 2357 forte
1231 2337 1299 2358 non
1318 2328 1402 2358 mul-

335 2374 407 2400 tum
422 2369 621 2409 divulgatum
637 2375 728 2400 esset.
753 2369 840 2401 Cum
862 2371 979 2402 taxatio
1005 2370 1154 2401 acciderit
1176 2371 1258 2402 inter
1280 2381 1402 2402 annum

335 2414 484 2444 transitus
499 2415 637 2444 auctoris
656 2420 750 2454 1274.
768 2419 800 2445 et
815 2425 940 2446 annum
960 2415 1055 2451 1286,
1071 2415 1140 2446 fieri
1162 2417 1269 2456 potuit
1290 2422 1328 2447 ut
1347 2426 1402 2447 au-

335 2458 530 2498 tographum
552 2463 630 2488 tunc
645 2459 799 2499 temporis
822 2460 856 2490 in
875 2460 982 2500 aliqua
1004 2461 1140 2491 statione
1155 2460 1280 2491 libraria
1301 2461 1354 2492 vel
1368 2462 1402 2492 in

336 2503 446 2543 aliquo
469 2507 633 2533 conventu
649 2512 744 2543 supra
765 2504 866 2544 petias
881 2510 1012 2535 statutas
1026 2505 1259 2543 rescriberetur.
1284 2505 1320 2536 In
1342 2506 1403 2536 hac

336 2547 439 2587 prima
455 2546 668 2588 descriptione
683 2548 834 2588 peu'arius
845 2549 899 2579 illa
914 2549 980 2579 duo
1002 2550 1102 2589 spatia
1113 2559 1214 2580 vacua
1229 2550 1402 2590 reliquerit,

335 2595 411 2631 post
443 2603 457 2617 ‹
477 2591 541 2622 Sed
563 2597 675 2622 contra
705 2597 752 2622 est
774 2592 864 2632 quod
894 2593 970 2624 dicit
992 2594 1191 2634 Augustinus
1210 2607 1242 2630 »,
1267 2599 1298 2625 et
1328 2601 1403 2635 post

340 2648 355 2662 ‹
374 2634 468 2667 Unde
491 2636 560 2666 Leo
583 2645 667 2676 papa
689 2635 765 2667 dicit
779 2649 807 2673 »,
824 2638 910 2677 quia,
927 2647 994 2678 quo
1018 2648 1094 2669 casu
1116 2639 1237 2674 nescio,
1253 2640 1287 2669 in
1311 2645 1403 2670 auto—

335 2680 458 2720 grapho
471 2682 674 2711 auctoritates
684 2681 813 2711 Patrum
830 2682 1000 2713 citatorum
1016 2682 1155 2713 deerant.
1172 2682 1319 2714 Tertium
1330 2693 1402 2724 spa—

335 2724 469 2760 tiolum,
494 2724 630 2755 duarum
652 2725 843 2762 litterarum,
867 2736 922 2767 qu.
945 2736 1048 2758 Lxxvr.
1073 2732 1129 2757 art.
1155 2736 1184 2758 2.
1209 2727 1248 2757 ad
1274 2737 1303 2758 2.
1327 2734 1402 2768 post

335 2769 446 2799 Exodi
469 2770 609 2799 occurrit
630 2770 664 2799 in
687 2769 853 2800 codicibus
881 2771 1004 2811 antiqui
1033 2777 1154 2807 textus,
1172 2771 1262 2811 quod
1283 2781 1402 2812 nempe

336 2814 524 2844 citationem
548 2813 679 2854 capituli
701 2815 873 2854 reciperet;
898 2815 939 2845 cf.
960 2816 1055 2846 etiam
1078 2815 1178 2846 Praef.
1196 2816 1248 2846 cit.
1271 2820 1310 2846 n⁰
1335 2818 1400 2856 21.)

390 2858 502 2894 Porro,
518 2859 552 2888 in
574 2863 663 2888 textu
687 2858 814 2889 Tertiae
837 2859 936 2889 Partis
960 2860 1080 2890 codicis
1102 2860 1134 2898 Q
1151 2860 1334 2891 invenimus
1357 2861 1402 2891 le-

335 2902 459 2932 ctiones
478 2903 662 2942 singulares,
679 2903 745 2933 sive
768 2913 851 2943 quae
865 2904 900 2934 in
915 2904 1006 2934 nullo
1028 2905 1092 2934 alio
1109 2904 1222 2934 codice
1243 2905 1400 2935 obtinent.

335 2946 517 2987 Singulares
545 2947 622 2977 istae
653 2947 773 2978 codicis
805 2948 960 2978 lectiones
990 2949 1084 2979 crisin
1114 2949 1180 2979 sive
1210 2949 1403 2980 emendandi

334 2991 540 3031 propositum
562 3001 638 3031 prae
662 3001 696 3022 se
719 2991 835 3024 ferunt.
866 2992 1012 3023 Citamus
1035 3003 1072 3023 ex
1096 2993 1164 3023 sola
1187 2993 1251 3030 Qu.
1275 3003 1300 3023 1:

390 3036 425 3065 in
452 3036 588 3077 analysi:
626 3049 640 3062 α
665 3036 776 3066 Tertio
806 3042 915 3067 utrum
938 3038 964 3067 si
995 3047 1063 3068 non
1093 3037 1204 3067 fuisset
1232 3043 1401 3077 peccatum

335 3079 424 3110 Deus
446 3080 628 3110 incarnatus
651 3079 762 3111 fuisset
781 3091 815 3117 »3
839 3082 882 3111 ita
906 3091 1020 3112 omnes
1043 3087 1168 3122 praeter
1191 3081 1232 3119 Q,
1249 3082 1306 3122 qui
1329 3087 1403 3122 post

329 3129 499 3164 peccatum
522 3125 618 3155 habet
639 3134 695 3156 seu
719 3126 815 3155 homo
833 3131 999 3166 peccator.

392 3173 447 3198 art.
466 3169 494 3199 5.
511 3178 575 3209 arg.
594 3178 623 3199 2.
651 3182 665 3196 «
684 3170 718 3200 in
734 3179 794 3200 suo
810 3176 944 3210 peccato
961 3170 1123 3211 perierunt
1138 3171 1172 3200 in
1188 3169 1318 3200 diversis
1332 3179 1402 3200 sae-

337 3211 418 3242 culis
437 3223 471 3249 »3
495 3213 527 3251 Q
549 3214 671 3244 mavult
692 3214 875 3245 sceleribus.

391 3256 468 3287 ibid.
484 3257 516 3288 S.
533 3257 571 3288 C.
599 3270 613 3284 ‹
631 3258 750 3289 Filium
764 3268 860 3289 suum
876 3258 997 3289 factum
1013 3268 1051 3289 ex
1066 3259 1201 3289 muliere
1220 3268 1254 3295 »ς
1269 3259 1402 3300 factum

337 3299 395 3330 sub
418 3300 490 3341 lege
512 3301 599 3332 addit
620 3302 661 3340 Q.

393 3342 460 3374 Iam
475 3343 542 3375 duo
557 3345 635 3376 data‘
643 3351 807 3378 tenemus:
831 3347 932 3387 petias
949 3352 981 3377 et
995 3347 1149 3378 lectiones
1165 3347 1305 3384 criticas;
1326 3346 1401 3377 inde

338 3390 409 3418 tuto
426 3387 466 3418 ad
480 3389 608 3420 tertium
623 3391 755 3430 procedi
766 3400 862 3432 posse
872 3391 1008 3428 videtur,
1020 3401 1139 3432 nempe
1155 3390 1194 3422 ad
1209 3392 1402 3432 petiarium-

339 3434 562 3464 correctorem.
585 3433 619 3465 Si
641 3436 858 3476 supponimus
878 3436 1018 3476 aliquem
1040 3437 1218 3471 hominem,
1241 3436 1347 3467 modis
1371 3441 1402 3466 et

337 3476 396 3505 viis
419 3477 626 3516 petiariorum
645 3485 817 3516 assuetum,
833 3480 965 3520 aliquod
989 3481 1274 3521 exemplar—petias
1294 3481 1401 3521 plures

339 3519 467 3550 codices
490 3520 687 3553 conferendo
711 3525 916 3561 examinasse,
938 3525 1100 3556 interdum
1121 3526 1259 3565 propriis
1281 3526 1401 3555 viribus

2457 177 2519 202 xlx

1454 240 1550 271 fisum
1574 241 1757 276 correxisse,
1774 240 1889 271 deinde
1906 242 2113 281 experientias
2130 243 2309 273 collationis
2324 244 2357 273 in
2374 243 2437 274 fine
2453 249 2519 274 tex-

1454 289 1506 315 tus
1530 285 1620 324 quasi
1643 285 1676 314 in
1698 284 1919 315 defensionem
1943 286 2048 325 operis
2071 287 2120 315 sui
2144 288 2356 327 consignasse,
2374 289 2446 318 satis
2467 297 2519 318 ex-

1454 329 1570 369 plicata
1593 329 1686 358 nobis
1710 328 1858 358 videntur
1877 330 2102 369 phaenomena
2118 331 2238 369 primae
2259 332 2406 362 dimidiae
2431 332 2518 362 codi-

1456 373 1500 403 cis
1523 372 1571 410 Q:
1602 382 1687 403 nova
1717 373 1879 408 recensio,
1904 374 1992 412 signa
2024 374 2223 413 marginalia,
2249 381 2279 405 et
2302 382 2379 406 nota
2403 377 2518 406 critica.

1511 416 1598 447 Cum
1620 426 1697 447 vero
1714 417 1897 456 complexio
1921 417 2038 447 horum
2053 418 2354 457 phaenomenorum
2375 426 2520 450 occurrat

1454 461 1487 491 in
1511 460 1543 498 Q
1565 461 1636 491 solo
1661 461 1750 501 (nam
1773 461 1801 491 R
1824 469 1891 490 non
1915 461 2012 491 habet
2034 462 2096 491 nisi
2125 468 2236 492 notam
2260 468 2291 492 et
2314 464 2467 494 lectiones
2491 466 2520 494 ei

1454 504 1710 545 respondentes),
1728 514 1856 535 causam
1872 506 1996 545 petiarii
2020 510 2050 535 et
2072 507 2292 536 recensionem
2316 507 2346 545 Q
2362 509 2400 537 ab
2418 508 2429 537 I
2446 514 2477 538 et
2492 509 2519 538 R

1455 555 1486 579 et
1510 554 1614 579 cetera
1637 549 1764 580 Tertiae
1793 549 1892 579 Partis
1922 549 2090 579 traditione
2113 559 2242 589 prorsus
2274 558 2429 590 separatas
2453 561 2520 582 esse

1454 598 1551 633 patet.

1512 637 1563 668 56.
1576 655 1598 659 -
1610 637 1785 667 Videamus
1800 646 1888 667 nunc
1905 637 1944 667 de
1961 636 2088 668 duobus
2104 638 2184 668 locis
2199 638 2232 667 in
2249 643 2326 667 nota
2342 639 2521 669 considera-

1454 682 1503 717 tis,
1521 686 1553 711 et
1567 682 1673 721 primo
1689 681 1862 711 lectionem
1879 682 2031 722 spuriam,
2044 691 2104 722 pro
2121 691 2184 722 qua
2208 682 2260 711 ille
2276 683 2397 712 invenit
2412 683 2522 713 lectio-

1454 735 1529 756 nem
1564 738 1577 752 «
1598 725 1699 756 fratris
1722 726 1833 755 thome
1853 739 1887 762 »,
1912 727 2058 766 quamvis
2086 727 2199 756 nullibi
2225 727 2327 756 existit
2350 728 2410 757 nisi
2435 727 2519 767 apud

1453 770 1623 810 petiarium
1647 770 1793 800 criticum
1817 770 1883 800 sive
1907 770 1993 811 apud
2015 776 2112 801 notae
2136 775 2311 800 auctorem.

1509 814 1574 852 Qu.
1591 824 1664 844 an.
1682 820 1737 844 art.
1756 815 1785 845 6.
1803 814 1843 844 ad
1869 814 1903 845 3:
1932 828 1946 842 α
1966 815 2007 844 Et
2022 815 2096 845 ideo
2112 815 2227 845 melius
2248 814 2420 845 dicendum
2436 814 2524 844 vide-

1453 863 1505 889 tur
1521 859 1611 898 quod
1634 859 1836 890 circumcisio
1857 864 1921 889 erat
1944 859 2071 898 signum
2095 859 2170 889 fidei
2192 858 2401 889 iustificantis.
2430 859 2523 889 Unde

1453 903 1632 943 Apostolus
1656 903 1731 934 dicit
1761 904 1856 934 Rom.
1881 913 1911 943 4.
1937 904 2027 944 quod
2050 904 2212 934 Abraham
2244 904 2367 944 accepit
2396 904 2523 943 signum

1454 948 1707 979 circumcisionis
1739 948 1940 988 signaculum
1963 948 2101 979 iustitiae
2130 947 2215 979 fidei.
2240 948 2281 978 Et
2303 948 2377 978 ideo
2403 948 2434 978 in
2459 949 2522 977 cir—

1454 993 1650 1023 cumcisione
1679 994 1910 1034 conferebatur
1937 993 2049 1034 gratia
2077 994 2266 1033 inquantum
2297 998 2369 1022 erat
2394 993 2524 1034 signum

1447 1038 1615 1078 passionis
1640 1037 1761 1068 Christi
1774 1038 1926 1080 suturae,
1952 1043 1987 1068 ut
2010 1038 2099 1079 infra
2117 1037 2286 1078 patebit».
2315 1037 2405 1067 Haec
2428 1037 2523 1067 lectio

1455 1087 1502 1112 est
1531 1083 1751 1122 antiquissima
1776 1087 1807 1112 et
1829 1082 2095 1114 universalissima
2124 1087 2155 1112 et
2177 1090 2308 1122 prorsus
2330 1082 2522 1117 thomistica‚

1453 1126 1509 1157 sed
1541 1140 1554 1154 «
1573 1137 1641 1157 non
1666 1132 1712 1157 est
1735 1126 1836 1158 fratris
1859 1128 1970 1158 thome
1990 1139 2018 1163 ›‚
2035 1126 2214 1157 secundum
2239 1126 2332 1156 crisin
2355 1126 2521 1156 notatoris.

1511 1183 1526 1197 ‹
1545 1171 1586 1201 Et
1608 1171 1682 1202 ideo
1705 1172 1820 1202 melius
1844 1172 2017 1202 dicendum
2039 1171 2166 1202 videtur
2189 1170 2279 1210 quod
2302 1170 2520 1205 circumcisio,

1452 1215 1537 1246 sicut
1558 1221 1590 1246 et
1611 1216 1678 1246 alia
1701 1222 1905 1247 sacramenta
1929 1216 2044 1247 veteris
2068 1216 2158 1256 legis,
2181 1221 2245 1245 erat
2267 1215 2372 1245 solum
2396 1216 2522 1255 signum

1453 1259 1529 1290 fidei
1544 1259 1753 1291 iustificantis.
1778 1260 1971 1302 (Hucusque
1987 1261 2083 1291 lectio
2100 1266 2147 1290 est
2166 1259 2360 1290 recensionis
2383 1259 2406 1295 1,
2424 1269 2521 1299 quam

1453 1305 1605 1344 petiarius
1628 1305 1816 1345 adoptavit.)
1840 1306 1934 1336 Unde
1957 1304 2134 1345 Apostolus
2158 1304 2234 1334 dicit
2255 1304 2351 1333 Rom.
2375 1313 2406 1342 4.
2432 1303 2521 1344 quod

1453 1349 1614 1379 Abraham
1627 1350 1750 1389 accepit
1766 1350 1892 1389 signum
1906 1349 2157 1380 circumcisionis
2173 1348 2372 1389 signaculum
2385 1349 2521 1378 iustitiae

1452 1392 1538 1423 fidei.
1574 1393 1616 1423 Et
1637 1393 1712 1424 ideo
1736 1403 1801 1424 non
1824 1395 1918 1425 habet
1947 1394 1979 1424 in
2002 1404 2037 1425 se
2066 1394 2215 1425 virtutem
2244 1402 2302 1422 nec
2331 1393 2522 1434 conferendi

1451 1438 1596 1479 gratiam
1621 1448 1679 1469 nec
1701 1439 1875 1480 auferendi
1897 1445 2076 1479 peccatum,
2093 1438 2149 1469 sed
2163 1437 2334 1479 hocfiebat
2342 1447 2406 1477 per
2420 1438 2521 1467 virtu-

1453 1487 1514 1512 tem
1525 1482 1691 1522 passionis
1709 1483 1830 1514 Christi
1844 1493 1940 1524 quam
1963 1483 2165 1514 circumcisio
2182 1482 2374 1524 designabat
2385 1495 2414 1511 ›.
2431 1482 2521 1512 Haec

1453 1527 1550 1557 lectio
1584 1539 1597 1554 «
1618 1533 1664 1557 est
1693 1527 1795 1557 fratris
1825 1528 1937 1558 thome
1970 1537 2033 1567 que
2057 1528 2159 1558 deleta
2182 1526 2242 1557 fuit
2266 1527 2305 1557 de
2329 1527 2474 1566 originali
2493 1540 2521 1556 ».

1454 1571 1558 1602 Verba
1581 1581 1685 1611 pauca
1706 1577 1790 1608 sunt,
1807 1572 1863 1602 sed
1878 1582 1938 1612 pro
1950 1579 2058 1603 nostra
2074 1573 2154 1602 thesi
2177 1581 2244 1602 non
2268 1581 2370 1611 pauca
2394 1571 2521 1601 docent.

1454 1615 1486 1646 S.
1503 1616 1647 1646 Thomas
1663 1625 1730 1646 non
1747 1616 1828 1646 solet
1851 1617 1904 1646 tali
1928 1617 2011 1657 stylo
2032 1617 2095 1647 uti:
2119 1625 2186 1646 non
2211 1616 2369 1646 omisisset
2388 1616 2521 1645 verbum

1454 1660 1657 1691 circumcisio
1681 1667 1753 1691 ante
1777 1670 1842 1690 non
1866 1661 1977 1696 habet,
2003 1666 2034 1691 et
2057 1660 2135 1701 quid
2163 1660 2401 1690 determinatius
2426 1669 2521 1699 quam

1454 1706 1516 1735 hoc
1519 1705 1627 1746 fiebat
1636 1705 1774 1742 dixisset,
1786 1715 1847 1736 nec
1863 1706 1930 1736 scio
1945 1715 1984 1735 an
2001 1705 2192 1747 designabat
2205 1706 2396 1745 scripsisset;
2415 1705 2523 1734 citatio

1457 1755 1492 1780 ut
1514 1750 1604 1791 infra
1622 1750 1747 1790 patebit
1768 1750 1801 1780 in
1824 1750 1963 1780 lectione
1987 1750 2094 1790 spuria
2108 1759 2234 1780 morem
2258 1749 2289 1780 S.
2306 1749 2454 1779 Thomae
2470 1759 2522 1778 ex—

1456 1795 1573 1835 primit.
1591 1793 1724 1835 Insuper
1740 1795 1765 1824 si
1781 1794 1877 1824 lectio
1905 1808 1918 1821 «
1939 1794 2039 1825 fratris
2055 1795 2167 1824 thome
2187 1808 2201 1821 ι»
2225 1794 2372 1823 lectionis
2386 1794 2524 1834 vulgaris

1455 1838 1662 1879 amplificatio
1687 1848 1755 1869 esse
1774 1839 2001 1875 intenderetur,
2018 1839 2088 1869 talis
2111 1844 2193 1869 esset
2209 1838 2311 1878 qualis
2334 1847 2442 1868 revera
2466 1844 2522 1868 est.

1455 1884 1503 1914 Ex
1514 1884 1563 1913 his
1574 1889 1646 1914 tuto
1659 1883 1871 1920 concluditur,
1882 1883 1972 1924 quod
1983 1884 2122 1914 incisum
2140 1883 2184 1913 Et
2195 1883 2266 1913 ideo
2281 1893 2345 1912 non
2358 1883 2452 1912 habet
2462 1889 2522 1913 etc.

1455 1933 1621 1959 auctorem
1641 1934 1738 1958 notae
1762 1933 1884 1968 patrem
1900 1929 2023 1959 habeat.

1510 1972 1680 2013 Sequentis
1703 1973 1767 2003 loci
1791 1974 2013 2012 paternitatem
2040 1977 2170 2002 notator
2193 1972 2251 2002 sibi
2275 1972 2343 2011 ipse
2366 1970 2521 2001 vindicat:

1458 2029 1472 2043 ‹
1488 2017 1567 2047 Item
1585 2027 1638 2057 qu.
1652 2017 1748 2047 lxviii.
1762 2023 1818 2047 art.
1835 2018 1890 2047 iiii.
1907 2017 2002 2048 frater
2015 2017 2143 2047 thomas
2201 2016 2329 2046 dimittit
2345 2016 2522 2055 spacium...

1454 2061 1511 2091 sed
1533 2062 1585 2092 hic
1609 2067 1656 2092 est
1678 2062 1825 2101 apposita
1847 2062 1901 2092 illa
1922 2062 1972 2092 vel
1997 2061 2057 2091 alia
2081 2060 2278 2101 (auctoritas)
2308 2060 2451 2090 eiusdem
2467 2070 2522 2089 au-

1455 2107 1573 2145 gustini
1589 2105 1749 2136 sufficiens
1774 2106 1813 2136 ad
1829 2106 2028 2146 arguendum
2043 2106 2247 2145 propositum
2263 2110 2299 2135 ut
2315 2105 2347 2134 in
2370 2114 2430 2134 suo
2447 2105 2522 2134 loco

1455 2155 1542 2190 patet
1561 2163 1588 2180 ».
1612 2151 1726 2181 Lectio
1741 2151 1896 2181 notator-is
1913 2155 1944 2180 et
1958 2150 2075 2180 valebit
2095 2150 2134 2180 ad
2149 2149 2439 2179 manifestationem
2455 2159 2523 2178 me-

1456 2195 1572 2225 diocris
1587 2195 1708 2235 ingenii
1723 2196 1791 2225 eius
1815 2201 1846 2225 et
1868 2200 2030 2235 praeterea
2053 2194 2249 2225 demonstrat
2273 2194 2412 2233 aliquam
2432 2192 2524 2223 farni-

1455 2240 1565 2270 liarem
1589 2239 1822 2270 Commentarii
1845 2240 2076 2279 cognitionem.
2100 2239 2174 2276 Qua
2196 2248 2229 2268 re
2252 2247 2350 2278 quam
2373 2238 2522 2278 probabi-

1455 2285 1516 2315 lior
1537 2289 1646 2314 nostra
1673 2284 1770 2314 thesis
1792 2283 1847 2314 fiat
1870 2293 1937 2314 non
1962 2293 2045 2324 opus
2068 2288 2115 2313 est
2139 2282 2255 2314 dicere.

1511 2328 1576 2366 Qu.
1592 2338 1697 2358 vam.
1710 2334 1766 2358 art.
1780 2338 1812 2368 4.
1825 2333 2050 2368 argumentum
2067 2327 2129 2358 Sed
2146 2327 2277 2363 Contra,
2294 2332 2445 2356 truncum
2461 2325 2495 2356 in
2512 2326 2523 2355 Ι

1457 2377 1488 2402 et
1507 2373 1646 2412 antiquis
1669 2373 1844 2407 codicibus,
1862 2372 1944 2403 GHb
1967 2372 2197 2413 suppleverunt
2221 2381 2258 2401 ex
2281 2370 2524 2401 Commentario

1456 2417 1526 2447 dist.
1543 2427 1584 2453 1v‚
1601 2427 1656 2456 qu.
1672 2428 1717 2452 m,
1734 2422 1790 2447 art.
1809 2427 1838 2453 2,
1856 2419 1914 2457 qu·
1934 2425 1945 2447 1
1959 2427 1967 2453 ;
1992 2417 2023 2447 S.
2040 2417 2183 2447 Thomas
2199 2421 2338 2455 utroque
2362 2416 2437 2445 loco
2462 2416 2525 2454 agit

1456 2461 1496 2492 de
1518 2461 1674 2502 baptismo
1692 2462 1877 2502 peccatoris
1900 2461 2144 2501 impoenitentis.

1512 2506 1792 2536 Commentarius:
1832 2519 1846 2533 ‹
1872 2506 2054 2542 Praeterea,
2085 2504 2265 2536 secundum
2294 2504 2524 2544 Augustinum,

1457 2551 1513 2590 qui
1536 2551 1654 2582 creavit
1675 2556 1708 2581 te
1730 2551 1798 2581 sine
1822 2556 1864 2586 te,
1888 2560 1955 2581 non
1979 2549 2163 2581 iustificabit
2186 2555 2217 2579 te
2240 2549 2308 2578 sine
2324 2554 2365 2578 te.
2391 2548 2452 2578 Sed
2469 2548 2522 2577 ille

1456 2595 1512 2635 qui
1535 2595 1631 2626 habet
1653 2595 1876 2635 indispositam
1898 2596 2100 2625 voluntatem
2128 2604 2197 2625 non
2225 2598 2417 2633 cooperatur
2440 2593 2523 2628 Deo,

1454 2641 1557 2670 immo
1578 2640 1680 2679 magis
1703 2640 1734 2669 in
1764 2640 1959 2670 contrarium
1990 2644 2149 2679 operatur.
2184 2638 2270 2678 Ergo
2300 2638 2333 2667 in
2364 2638 2523 2677 baptismo

1454 2694 1522 2715 non
1537 2683 1727 2714 iustificatur
1742 2696 1769 2714 ».
1795 2683 1893 2714 GHb:
1917 2697 1931 2710 ε
1945 2683 2008 2714 Sed
2024 2689 2135 2713 contra
2151 2688 2198 2713 est
2214 2681 2303 2722 quod
2320 2681 2395 2712 dicit
2410 2682 2522 2721 Augu-

1455 2729 1572 2759 stinus:
1598 2729 1686 2768 qui...
1711 2728 1779 2758 sine
1802 2734 1843 2758 te.
1868 2728 1931 2758 Sed
1954 2733 2115 2768 peccator,
2139 2736 2214 2757 cum
2238 2727 2352 2756 habeat
2375 2726 2523 2756 volunta-

1453 2779 1520 2804 tem
1542 2782 1610 2803 non
1641 2771 1844 2812 dispositam,
1869 2781 1937 2802 non
1967 2777 2159 2812 cooperatur
2182 2771 2263 2800 Deo.
2299 2770 2385 2810 Ergo
2410 2770 2523 2800 frustra

1454 2817 1622 2848 adhibetur
1644 2817 1703 2846 sibi
1727 2817 1903 2856 baptismus
1926 2815 1965 2846 ad
1987 2815 2248 2846 iustificationem
2267 2828 2294 2844 ».

1509 2861 1603 2891 Hanc
1626 2862 1804 2900 argumenti
1828 2861 2008 2891 versionem
2032 2860 2245 2890 ostendissent
2269 2859 2363 2888 etiam
2380 2857 2450 2895 QR,
2467 2857 2522 2887 sed

1454 2906 1605 2945 petiarius
1628 2905 1838 2935 interlocutus
1860 2906 1971 2935 recitat
1993 2904 2080 2935 aliud
2103 2908 2339 2944 argumentum,
2355 2908 2520 2942 sumptum

1455 2959 1493 2980 ex
1517 2949 1587 2979 dist.
1613 2948 1735 2985 eadem,
1760 2958 1814 2989 qu.
1831 2959 1864 2985 11,
1881 2955 1936 2979 art.
1955 2958 1984 2984 2,
2009 2947 2068 2988 qu*
2086 2949 2123 2984 5;
2147 2949 2191 2978 ibi
2215 2947 2246 2978 S.
2264 2947 2407 2977 Thomas
2424 2956 2522 2986 quae-

1454 2994 1503 3029 rit,
1528 2998 1637 3024 utrum
1661 2993 1869 3034 incorporari
1895 2993 2023 3023 Christo
2047 2993 2089 3023 sit
2111 2992 2242 3033 effectus
2264 2991 2420 3031 baptismi.

1509 3037 1790 3068 Commentarius:
1819 3050 1833 3063 «
1853 3037 1916 3068 Sed
1939 3043 2051 3068 contra
2074 3042 2121 3067 est
2144 3036 2233 3076 quod
2255 3036 2455 3075 Augustinus
2475 3034 2521 3064 di-

1455 3082 1498 3111 cit
1520 3081 1560 3112 ad
1582 3081 1787 3112 Bonifacium
1818 3082 1909 3122 quod
1938 3082 1971 3112 in
2001 3082 2161 3121 baptismo
2194 3080 2308 3120 aliquis
2338 3080 2520 3110 membrum

1455 3125 1573 3156 Christi
1597 3125 1740 3156 efficitur.
1776 3126 1839 3156 Sed
1862 3127 1926 3156 hoc
1956 3131 2003 3156 est
2030 3125 2158 3156 Christo
2190 3124 2399 3164 incorporari.
2434 3124 2520 3163 Ergo

1454 3171 1672 3210 incorporatio
1697 3176 1744 3200 est
1767 3170 1898 3201 effectus
1922 3170 2070 3210 baptismi
2089 3183 2117 3199 ι.
2150 3169 2210 3207 QR
2233 3169 2298 3199 sive
2323 3174 2434 3198 auctor
2461 3177 2520 3197 no—

1453 3220 1521 3244 tae:
1549 3227 1563 3241 ‹
1583 3214 1646 3245 Sed
1669 3220 1780 3245 contra
1796 3220 1886 3245 est
1911 3214 2056 3245 efficitur.
2081 3213 2143 3244 Sed
2159 3213 2267 3244 nullus
2283 3218 2432 3253 peccator
2448 3222 2519 3252 per-

1454 3259 1566 3291 sistens
1589 3260 1623 3289 in
1645 3259 1811 3289 voluntate
1834 3258 1988 3299 peccandi
2003 3263 2110 3299 potest
2132 3257 2202 3288 fieri
2224 3258 2405 3288 membrum
2428 3256 2520 3287 Chri-

1454 3303 1503 3339 sti,
1521 3303 1611 3343 quod
1627 3309 1673 3334 est
1689 3304 1887 3343 incorporari
1903 3303 2042 3334 Christo.
2066 3303 2152 3342 Ergo
2168 3301 2354 3332 huiusmodi
2370 3307 2522 3341 peccator

1453 3357 1521 3378 non
1545 3353 1591 3378 est
1614 3347 1832 3387 baptizandus,
1850 3349 1926 3388 quia
1948 3347 2063 3378 frustra
2084 3347 2296 3387 baptizaretur
2315 3359 2342 3376 ».

1508 3391 1603 3422 Plura
1618 3392 1670 3422 hic
1685 3392 1882 3422 observanda
1905 3398 1997 3422 sunt:
2021 3392 2141 3427 Primo,
2157 3396 2382 3431 argumentum
2397 3389 2520 3429 petiarii

1454 3435 1616 3466 evidenter
1640 3443 1840 3477 assumptum
1864 3442 1911 3467 est
1935 3446 1972 3467 ex
1996 3436 2250 3467 Commentario.
2275 3434 2437 3470 Secundo,
2461 3434 2521 3463 iste

1453 3490 1520 3511 non
1550 3480 1713 3517 intellexit,
1737 3482 1833 3512 verba
1863 3481 1949 3522 quod
1979 3486 2026 3511 est
2055 3480 2263 3520 incorporari
2289 3480 2428 3514 Christo,
2453 3478 2518 3508 sive

1452 3524 1592 3555 mediam
1615 3526 1871 3566 propositionem
1895 3525 2070 3566 syllogismi
2094 3525 2125 3556 S.
2145 3525 2303 3560 Thomae,
2319 3525 2353 3554 in
2376 3533 2433 3553 sua
2452 3532 2520 3551 ver-
