2878 4088
75 324 126 347 Ἐξ.
131 324 153 347 11
158 324 287 351 Sent.,dist.

75 357 178 405 fix‘nilqu:
184 356 209 378 ιι,
215 354 256 373 art.
262 357 274 373 2
282 358 288 377 3

76 407 118 452 ff?
127 404 241 452 4ffl¹i.v;
250 404 286 426 Cf.

75 437 187 479 ·D⁸e'Vem
197 446 257 486 2³er
267 445 286 478 ε’.

75 483 174 514 Roenx't„
193 488 219 504 cn
238 499 244 505 .
265 489 289 505 ιι

76 513 141 558 [¹⁰35
146 509 209 558 ⁰02ss:
228 511 287 568 §.54¹2

71 562 286 612 {itl‘in‘f‘fflm

190 383 229 406 qu.
239 383 287 403 ιιι,

0 315 11 695 —vw--wvw--u-u-vv
0 297 4 306 r
0 283 3 286 ’
0 266 3 273 -

65 3237 117 3260 ‘De
123 3237 248 3266 &accepta
254 3239 278 3259 et

19 3272 21 3274 ·
65 3264 182 3320 mm„
190 3270 241 3292 etp.
250 3270 277 3292 n,

1014 198 1277 245 QUAESTIO
1307 199 1369 245 xl,
1390 197 1683 236 ARTICULUS
1712 199 1726 234 1
2455 215 2475 240 2
2482 204 2502 240 3

315 275 349 305 in
363 275 520 305 memoria
536 275 640 311 habet,
654 275 836 315 aliquorum
853 277 981 312 oblitus,
994 287 1061 308 non
1078 287 1115 307 ex
1130 278 1193 308 hoc
1210 283 1256 308 est
1272 276 1381 307 fictus:

316 319 391 359 quia
414 320 627 359 ignorantiam
651 319 724 350 facti
748 321 882 360 patitur,
907 330 988 361 quae
1013 331 1031 351 a
1053 327 1187 361 peccato
1211 326 1340 352 excusat
1355 322 1382 351 ἦ

315 363 406 403 Ergo.
424 364 551 394 veniam
567 365 785 403 consequitur.
810 365 851 395 Et
873 365 918 395 sic
942 371 1072 405 peccata
1089 375 1171 405 quae
1195 365 1294 395 oblita
1309 370 1383 395 sunt

315 406 510 437 relaxantur:
535 417 611 438 cum
635 408 765 448 impium
788 409 831 439 sit
861 409 1027 440 dimidiam
1057 419 1189 450 sperare
1213 409 1339 440 veniam
1355 410 1381 439 ’ἢ

1494 286 1524 306 2.
1548 277 1744 313 PRAETEREA,
1761 277 1840 307 illud
1863 278 1902 308 ad
1926 279 2015 318 quod
2039 281 2110 319 quis
2134 281 2291 321 obligatur
2315 291 2352 312 ex
2375 292 2504 322 praece-

1437 326 1494 360 pto
1518 321 1679 351 Ecclesiae
1702 327 1837 356 tantum,
1854 331 1920 351 non
1945 329 1991 352 est
2013 332 2142 354 necesse
2166 325 2325 356 observari
2352 327 2502 358 mandato

1437 364 1599 395 Ecclesiae
1623 365 1656 395 in
1680 366 1875 395 contrarium
1891 365 1986 396 facto.
2012 367 2074 397 Sed
2098 369 2210 398 celatio
2231 369 2440 401 confessionis
2457 378 2504 402 est

1437 408 1619 439 introducta
1635 419 1673 439 ex
1696 415 1814 440 statuto
1834 410 1996 440 Ecclesiae
2011 416 2146 442 tanturn.
2171 412 2203 442 Si
2220 423 2295 452 ergo
2312 424 2369 454 per
2392 416 2503 446 Eccle-

369 451 559 482 Rnspomno
582 462 743 482 moenum
765 453 855 493 quod
878 452 1038 484 confessio
1059 459 1208 494 operatur
1230 462 1383 493 praesup-
1405 463 1414 483 ι
1437 453 1517 483 siam
1539 454 1752 493 praecipiatur
1767 453 1857 493 quod
1873 454 2071 494 quicumque
2087 457 2145 485 scit
2169 456 2288 496 aliquid
2304 458 2343 488 de
2359 460 2412 489 tali
2428 469 2503 499 pec-

315 496 419 535 posita
442 497 644 532 contritione,
662 506 745 536 quae
761 497 890 537 culpam
913 497 1007 528 delet.
1031 498 1072 528 Et
1095 498 1140 528 sic
1160 497 1320 528 confessio
1336 497 1383 527 di-

315 545 399 570 recte
423 539 587 570 ordinatur
609 540 649 571 ad
673 540 892 572 dimissionem
914 551 1059 581 poenae:
1084 541 1174 582 quod
1190 541 1321 581 quidem
1337 541 1382 571 fa-

315 584 358 614 cit
380 589 412 614 et
435 593 473 614 ex
497 585 715 615 erubescentia
732 594 830 625 quam
853 586 965 622 habet;
990 591 1021 616 et
1037 595 1075 616 ex
1098 586 1129 616 vi
1146 586 1294 621 clavium,
1311 586 1382 625 qui-

314 629 374 658 bus
390 637 424 658 se
439 628 597 659 confitens
612 629 748 660 subiicit.
773 629 940 669 Contingit
956 635 1063 660 autem
1080 629 1276 669 quandoque
1293 629 1382 669 quod

313 681 371 712 per
394 673 621 703 contritionem
635 672 881 713 praecedentem
899 679 1069 713 peccatum
1092 673 1225 713 aliquod
1240 673 1381 704 deletum

314 722 361 746 est
384 716 494 756 quoad
517 717 656 757 culpam,
672 718 738 747 sive
761 718 794 747 in
817 717 966 757 generali,
986 718 1012 747 si
1035 718 1103 748 eius
1126 717 1282 748 memoria
1303 722 1381 747 tunc

313 770 380 790 non
404 761 588 796 habebatur,
603 762 670 791 sive
692 762 726 791 in
752 761 898 801 speciali,
924 766 955 791 et
977 767 1085 792 tamen
1108 767 1181 791 ante
1205 761 1381 791 confessio-

313 814 389 835 nem
411 804 526 845 aliquis
549 805 633 835 illius
655 806 779 845 peccati
809 805 927 835 oblitus
956 810 1012 835 est.
1047 805 1088 835 Et
1110 811 1187 835 tunc
1219 804 1380 835 confessio

312 849 466 888 generalis
489 848 722 879 sacramentalis
755 854 906 888 operatur
935 848 974 879 ad
1004 848 1225 879 dimissionem
1254 858 1380 889 poenae

313 902 359 922 ex„
373 893 405 922 vi
428 893 576 928 clavium,
593 893 710 932 quibus
733 902 766 923 se
790 892 947 923 confitens
971 893 1097 923 subiicit
1119 893 1246 924 nullum
1274 894 1379 923 obsta-

313 935 433 972 culum,
450 942 608 976 quantum
621 937 655 966 in
678 937 750 976 ipso
767 942 823 973 est,
840 946 975 977 ponens.
1000 937 1063 968 Sed
1087 947 1124 967 ex
1140 937 1192 967 illa
1211 943 1299 978 parte
1316 947 1379 978 qua

312 981 530 1011 erubescentia
552 979 762 1011 confessionis
778 982 902 1021 peccati
924 990 1064 1021 poenam
1080 982 1255 1018 minuebat,
1273 991 1379 1022 poena

310 1025 410 1064 ipsius
434 1023 473 1055 de
497 1033 564 1064 quo
589 1025 660 1064 quis
683 1025 861 1065 specialiter
883 1035 993 1056 coram
1023 1025 1186 1057 sacerdote
1216 1036 1283 1056 non
1307 1036 1378 1057 eru-

310 1068 389 1104 buit,
405 1078 472 1098 non
497 1074 544 1099 est
567 1068 733 1100 diminuta.

365 1113 416 1143 An
439 1123 557 1143 muium
579 1123 662 1144 nano
686 1123 846 1144 DICENDUM
870 1113 959 1154 quod
982 1115 1015 1144 in
1044 1114 1246 1145 confessione
1277 1125 1378 1146 sacra-

309 1156 441 1187 mentali
463 1167 532 1188 non
554 1158 660 1188 solum
683 1159 854 1198 requiritur
877 1158 1048 1195 absolutio,
1072 1159 1127 1189 sed
1150 1159 1306 1190 iudicium
1329 1169 1377 1190 sa-

310 1200 447 1232 cerdotis
470 1201 719 1232 satisfacfionem
741 1203 947 1243 imponentis.
971 1203 1013 1233 Et
1035 1202 1125 1239 ideo,
1151 1205 1296 1244 quamvis
1319 1205 1377 1235 iste

310 1245 511 1276 absolutione
535 1246 575 1276 sit
590 1245 728 1283 functus,
745 1252 854 1277 tamen
875 1252 1002 1277 tenetur
1017 1247 1162 1278 confiteri
1178 1253 1214 1278 ut
1229 1248 1377 1289 supplea-

309 1295 362 1320 tur
383 1289 474 1330 quod
497 1289 599 1325 defuit
621 1291 838 1321 sacramentali
861 1291 1065 1322 confessioni.

315 1362 334 1365 ‚.
354 1334 602 1364 Arnsnc‘unnun
625 1345 784 1370 nicanum!
807 1335 898 1376 quod
928 1335 1087 1366 confessio
1111 1345 1179 1366 non
1211 1342 1375 1376 operatur,

310 1383 346 1408 ut
368 1378 490 1409 dictum
513 1384 560 1409 est
579 1380 606 1415 *‚
632 1379 692 1409 nisi
725 1380 917 1410 contritione
948 1381 1200 1420 praesupposita.
1233 1381 1282 1411 De
1313 1390 1377 1421 qua

309 1422 440 1462 quando
457 1432 530 1453 vera
544 1422 649 1459 fuerit,
665 1433 733 1454 non
748 1429 854 1464 potest
872 1424 987 1464 aliquis
1005 1425 1100 1455 scire:
1125 1425 1207 1455 sicut
1222 1434 1282 1455 nec
1297 1426 1376 1456 scire

308 1471 415 1507 potest
438 1476 479 1497 an
500 1467 633 1507 gratiam
656 1468 771 1498 habeat
792 1477 850 1508 per
872 1468 1106 1499 certitudinem.
1141 1469 1182 1499 Et
1210 1469 1284 1499 ideo
1308 1479 1386 1500 non*

307 1515 415 1551 potest
443 1511 524 1542 scire
552 1516 662 1542 utrum
684 1521 742 1552 per
771 1511 1009 1543 confessionem
1038 1513 1219 1552 generalem
1247 1514 1287 1543 sit
1317 1514 1376 1544 sibi

255 1559 258 1562 ’
308 1560 479 1595 peccatum
509 1555 647 1586 oblitum
677 1556 844 1586 dimissum
873 1565 930 1596 per
961 1557 1198 1587 certitudinem:
1230 1558 1375 1597 quamvis

308 1599 409 1640 possit
430 1608 490 1639 per
511 1600 711 1630 coniecturas
734 1600 855 1640 aliquas
879 1600 1054 1631 aestimare.

362 1643 414 1673 An
437 1653 572 1673 'rnna-nm
595 1653 756 1684 menn-mm
779 1644 869 1684 quod
891 1645 950 1674 iste
973 1654 1039 1675 non
1064 1650 1205 1685 reportat
1228 1655 1375 1676 commo-

308 1686 386 1718 dum
409 1697 448 1717 ex
470 1687 671 1727 negligentia.
705 1688 791 1725 Quia
820 1697 888 1718 non
920 1689 963 1718 ita
993 1689 1122 1728 plenam
1154 1690 1375 1720 remissionem

307 1731 516 1771 consequitur
531 1731 613 1762 sicut
628 1732 703 1762 alias
722 1738 915 1763 consecutus
938 1732 1059 1763 fuisset.
1083 1733 1152 1763 Nec
1168 1738 1292 1764 tantum
1307 1743 1375 1764 me-

306 1780 402 1806 retur.
425 1775 467 1806 Et
482 1780 608 1806 tenetur
631 1776 748 1806 iterum
765 1776 911 1807 confiteri
934 1786 1010 1807 cum
1033 1777 1072 1807 ad
1094 1778 1285 1808 memoriam
1300 1787 1376 1818 pec-

307 1824 415 1850 catum
437 1820 568 1850 venerit.

362 1863 413 1894 An
430 1874 579 1894 auam-tm
593 1874 754 1895 DICENDUM
770 1865 859 1905 quod
874 1866 1052 1905 ignorantia
1064 1866 1140 1896 iuris
1156 1876 1222 1896 non
1236 1872 1374 1902 excusat,

307 1908 383 1948 quia
406 1909 476 1949 ipsa
497 1914 667 1948 peccatum
691 1914 738 1939 est
752 1910 785 1939 *ι
811 1909 867 1940 sed
888 1910 1067 1950 ignorantia
1089 1910 1163 1941 facti
1185 1917 1314 1941 excusat
1330 1912 1374 1941 Η.

307 1951 401 1983 Unde
424 1952 538 1993 aliquis
562 1953 601 1984 de
630 1954 695 1984 hoc
718 1953 807 1993 quod
830 1963 898 1984 non
930 1954 1102 1985 confitetur
1129 1960 1260 1995 peccata
1292 1965 1375 1995 quae

305 1997 407 2028 nescit
429 2006 498 2028 esse
520 2003 652 2037 peccata
674 2003 805 2038 propter
827 1999 1039 2038 ignorantiam
1066 2000 1143 2029 iuris
1167 1999 1284 2035 divini,
1306 2010 1375 2030 non

307 2047 474 2072 excusatur
497 2052 514 2071 a
530 2041 671 2072 fictione.
695 2042 907 2073 Excusaretur
923 2048 1030 2073 autem
1054 2044 1080 2073 si
1095 2044 1231 2074 nesciret
1254 2053 1291 2074 ea
1307 2054 1374 2074 esse

305 2090 437 2125 peccata
464 2091 596 2126 propter
627 2087 839 2126 ignorantiam
870 2087 1066 2126 particularis
1101 2088 1373 2127 circumstantiae:

305 2130 388 2160 sicut
411 2130 437 2160 si
460 2130 614 2170 cognovit
636 2131 772 2161 alienam
802 2140 900 2171 quarn
928 2131 1060 2162 credidit
1084 2141 1151 2162 esse
1175 2141 1275 2163 suam.
1312 2133 1375 2163 Sed

306 2173 427 2205 oblivio
451 2174 491 2205 de
514 2180 588 2205 actu
611 2175 734 2215 peccati
756 2175 852 2205 habet
883 2176 1095 2215 ignorantiam
1118 2175 1201 2206 facti.
1237 2177 1278 2207 Et
1300 2176 1373 2208 ideo

1438 502 1510 527 cato
1534 497 1627 533 dicat,
1643 498 1696 528 ille
1721 498 1777 538 qui
1801 498 1859 528 scit
1882 507 1939 538 per
1962 498 2198 530 confessionem
2222 501 2316 531 debet
2343 502 2456 533 dicere.

1494 541 1523 571 3.
1547 541 1743 578 Pluinnam,
1759 542 1860 582 magis
1884 542 1978 572 debet
2001 543 2102 573 homo
2127 553 2312 575 conservare
2337 548 2502 577 conscien-

1437 586 1514 615 tiam
1530 595 1622 616 suam
1645 595 1743 626 quam
1759 586 1878 616 famam
1897 586 2039 617 alterius:
2065 588 2141 627 quia
2159 589 2270 618 caritas
2286 589 2429 620 ordinata
2445 598 2501 621 est.

1437 629 1500 659 Sed
1523 629 1696 669 aliquando
1719 631 1834 670 aliquis
1863 636 2032 670 peccatum
2060 631 2166 662 celans
2195 633 2325 663 incurrit
2356 636 2502 674 propriae

1397 683 1423 697 1⁰
1437 674 1651 704 conscientiae
1675 674 1846 704 damnum:
1871 675 1953 705 sicut
1975 684 2050 705 curn
2074 676 2106 705 in
2130 677 2350 707 testimonium
2374 678 2502 709 adduci-

1436 723 1487 747 tur
1509 727 1569 757 pro
1592 724 1726 757 peccato
1745 719 1802 748 illo
1819 724 1850 749 et
1873 719 1975 749 iurare
1991 720 2116 759 cogitur
2132 719 2171 750 de
2194 722 2325 751 veritate
2350 722 2500 760 dicenda3

1436 761 1487 791 vel
1510 771 1585 792 cum
1601 762 1715 802 aliquis
1734 763 1830 792 abbas
1853 763 1912 793 scit
1927 772 1984 803 per
2008 763 2246 794 confessionem
2267 766 2400 796 alicuius
2416 768 2502 806 prio-

1435 805 1476 835 ris
1499 806 1633 836 subiecti
1656 806 1716 836 sibi
1737 812 1907 846 peccatum
1934 808 2026 837 cuius
2049 809 2176 838 occasio
2195 809 2318 840 inducit
2340 811 2447 850 ipsum
2463 811 2502 842 ad

1434 850 1560 879 ruinam
1579 850 1605 879 si
1628 851 1658 880 ei
1681 851 1858 890 prioratum
1881 851 2034 888 dimittat,
2061 852 2147 883 unde
2177 858 2303 884 tenetur
2326 855 2355 884 ei
2379 855 2501 886 auferre

1395 907 1417 927 ις
1434 899 1565 933 propter
1588 893 1732 925 debitum
1754 896 1919 935 pastoralis
1943 906 2055 932 curae,
2081 896 2255 928 auferendo
2283 904 2391 929 autem
2414 900 2501 931 vide-

1434 943 1484 968 tur
1508 938 1745 969 confessionem
1769 939 1941 979 publicare.
1965 940 2051 980 Ergo
2075 940 2199 972 videtur
2223 942 2313 983 quod
2335 944 2369 973 in.
2392 944 2500 984 aliquo

1434 991 1509 1012 casu
1532 983 1626 1013 liceat
1649 983 1887 1014 confessionem
1905 985 2078 1024 publicare.

1444 1038 1446 1040 ’
1487 1036 1518 1065 4.
1535 1027 1732 1063 Palmum,
1749 1028 1862 1068 aliquis
1878 1028 2025 1059 sacerdos
2040 1039 2098 1070 per
2114 1030 2350 1062 confessionem
2366 1033 2500 1064 alicuius

1433 1080 1531 1110 quam
1554 1071 1651 1108 audit,
1667 1077 1774 1112 potest
1789 1073 1932 1113 accipere
1957 1074 2186 1105 conscientiam
2205 1075 2295 1115 quod
2318 1077 2357 1107 sit
2379 1078 2499 1117 praela-

1392 1127 1420 1142 ιο
1432 1115 1520 1145 tione
1543 1115 1703 1156 indignus.
1729 1116 1791 1147 Sed
1815 1117 1948 1156 quilibet
1971 1123 2097 1149 tenetur
2120 1119 2337 1151 contradicere
2366 1131 2499 1161 promo-

1431 1160 1513 1189 tioni
1535 1159 1753 1200 indignorum,
1770 1161 1796 1191 si
1814 1171 1871 1192 sua
1890 1162 2020 1192 intersit.
2047 1162 2133 1193 Cum
2149 1173 2225 1203 ergo
2249 1165 2498 1197 contradicendo

1432 1204 1650 1244 suspicionem
1673 1204 1824 1236 inducere
1840 1205 1983 1236 videatur
2006 1206 2045 1237 de
2061 1214 2205 1247 peccato,
2222 1214 2253 1239 et
2276 1210 2320 1239 sic
2341 1210 2498 1249 quodam-

1431 1247 1531 1278 modo
1545 1248 1781 1280 confessionem
1793 1250 1941 1286 revelare,
1954 1250 2078 1282 videtur
2090 1252 2179 1291 quod
2192 1253 2388 1294 quandoque
2401 1264 2498 1295 opor-

1431 1298 1495 1322 teat
1518 1292 1756 1324 confessionem
1779 1294 1927 1325 revelare.

1487 1336 1549 1367 San
1574 1347 1697 1368 CONTRA
1721 1348 1775 1368 nsr
1798 1338 1888 1378 quod
1911 1339 1987 1369 dicit
2010 1339 2173 1371 decretalis
2189 1341 2228 1372 de
2250 1342 2452 1373 Poenitentia
2468 1349 2500 1374 et

1430 1381 1631 1412 Remissione
1645 1383 1679 1412 *ε
1707 1382 1829 1413 Caveat
1842 1383 1995 1414 sacerdos
2011 1394 2051 1414 ne
2066 1385 2161 1415 verbo
2187 1386 2237 1416 vel
2251 1387 2347 1428 signo
2364 1388 2415 1417 vel
2429 1388 2496 1418 alio

1430 1425 1544 1465 quovis
1566 1426 1661 1456 modo
1679 1427 1804 1466 prodat
1825 1427 2028 1467 aliquatenus
2045 1435 2260 1469 peccatorem.

1488 1479 1518 1500 2.
1541 1470 1737 1507 PRAETRRRA‚
1762 1471 1908 1502 sacerdos
1932 1471 2027 1503 debet
2050 1473 2131 1508 Deo,
2160 1475 2251 1505 cuius
2274 1476 2417 1506 minister
2440 1482 2496 1512 est,

1431 1513 1634 1544 conformari.
1671 1514 1734 1545 Sed
1770 1515 1857 1546 Deus
1894 1522 2025 1556 peccata
2055 1527 2137 1557 quae
2167 1528 2224 1559 per
2260 1519 2497 1550 confessionem

1391 1569 1417 1589 3⁰
1430 1557 1615 1597 panduntur
1637 1568 1705 1589 non
1728 1560 1863 1595 revelat,
1889 1560 1944 1591 sed
1967 1562 2053 1600 tegit.
2082 1562 2168 1602 Ergo
2192 1572 2252 1593 nec
2280 1564 2426 1594 sacerdos
2449 1574 2497 1595 re-

1430 1601 1534 1632 velare
1558 1602 1660 1633 debet.

1485 1646 1675 1677 Rnsponmzo
1699 1657 1859 1677 memnon
1883 1648 1972 1688 quod
1995 1650 2027 1679 in
2051 1652 2253 1681 sacramentis
2278 1661 2314 1681 ea
2338 1661 2420 1692 quae
2444 1662 2497 1683 ex-

1430 1690 1527 1720 terius
1550 1697 1704 1730 geruntur
1719 1697 1793 1721 sunt
1816 1693 1905 1732 signa
1919 1702 2025 1723 rerum
2042 1703 2124 1733 quae
2143 1695 2274 1725 interius
2294 1697 2496 1736 contingunt.

1431 1734 1472 1764 Et
1493 1734 1568 1764 ideo
1593 1735 1752 1765 confessio
1782 1745 1846 1775 qua
1869 1737 1940 1775 quis
1963 1737 2119 1768 sacerdoti
2142 1748 2175 1768 se
2199 1740 2343 1776 subiicit,
2370 1741 2497 1780 signum

1391 1789 1414 1808 τε
1431 1783 1478 1808 est
1501 1779 1667 1815 interioris,
1685 1789 1748 1819 qua
1765 1781 1836 1820 quis
1860 1780 1931 1810 Deo
1955 1782 2129 1812 subiicitur.
2154 1783 2241 1813 Deus
2257 1789 2365 1814 autem
2384 1794 2497 1824 pecca-

1430 1828 1501 1852 tum
1516 1823 1600 1853 illius
1613 1824 1668 1864 qui
1685 1834 1718 1854 se
1735 1824 1793 1854 sibi
1809 1825 1936 1855 subiicit
1948 1835 2005 1865 per
2016 1827 2257 1866 poenitentiam,
2271 1829 2348 1868 tegit
2359 1830 2385 1859 ᾗ.
2404 1829 2497 1860 Unde

1431 1872 1462 1896 et
1485 1867 1548 1897 hoc
1572 1873 1701 1908 oportet
1723 1869 1756 1898 in
1780 1875 1978 1900 sacramento
2002 1872 2218 1910 poenitentiae
2242 1872 2420 1912 significari.
2456 1874 2498 1904 Et

1430 1911 1503 1941 ideo
1528 1911 1567 1941 de
1590 1913 1777 1943 necessitate
1793 1915 1981 1944 sacramenti
1996 1921 2043 1945 est
2067 1915 2156 1955 quod
2173 1917 2244 1956 quis
2261 1917 2497 1948 consessionem

1430 1955 1527 1992 celet3
1553 1961 1584 1986 et
1606 1962 1760 1997 tanquam
1782 1957 1919 1988 violator
1942 1961 2129 1990 sacramenti
2156 1967 2268 2000 peccat
2291 1962 2347 2001 qui
2371 1962 2496 1992 confes-

1389 2009 1416 2030 4ο
1429 2001 1555 2030 sionem
1578 2001 1705 2031 revelat.
1730 2001 1771 2031 Et
1793 2007 1917 2041 praeter
1938 2003 2002 2033 hoc
2026 2010 2100 2034 sunt
2122 2004 2201 2035 aliae
2228 2006 2378 2036 utilitates
2400 2007 2496 2037 huius

1430 2044 1610 2075 celationis:
1636 2046 1711 2085 quia
1734 2055 1791 2085 per
1814 2046 1877 2076 hoc
1900 2047 2047 2078 homines
2071 2049 2171 2088 magis
2195 2049 2234 2079 ad
2258 2050 2495 2081 confessionem

1430 2089 1646 2126 attrahuntur;
1671 2095 1702 2120 et
1725 2090 1899 2130 simplicius
1924 2091 2018 2122 etiam
2041 2098 2172 2132 peccata
2196 2093 2398 2125 confitentur.

1484 2133 1535 2162 An
1559 2143 1675 2163 panum
1699 2143 1782 2164 aneo
1814 2144 1974 2165 mensuum
1998 2136 2086 2176 quod
2110 2137 2240 2176 quidam
2272 2138 2383 2169 dicunt
2406 2140 2495 2179 quod

1429 2177 1576 2207 sacerdos
1599 2187 1666 2208 non
1689 2183 1815 2208 tenetur
1838 2188 1960 2210 servare
1984 2181 2042 2210 sub
2067 2181 2169 2221 sigillo
2201 2182 2414 2213 confessionis
2434 2185 2495 2215 nisi

306 2224 435 2249 excusat
458 2229 476 2248 a
499 2224 633 2258 peccato
657 2218 795 2249 fictionis
819 2220 852 2249 in
877 2219 1095 2256 confessione,
1120 2220 1210 2260 quod
1234 2220 1374 2252 fructum
1387 2231 1411 2251 45
1428 2227 1559 2261 peccata
1583 2222 1622 2252 de
1646 2223 1762 2262 quibus
1778 2224 1947 2262 poenitens
1963 2225 2222 2256 emendationem
2241 2228 2414 2267 promittit:
2439 2229 2494 2259 ali-

306 2262 517 2293 absolutionis
540 2268 572 2293 et
595 2262 806 2294 confessionis
829 2263 972 2304 impedit.

571 2327 825 2371 QUAESTIO
849 2327 1105 2362 UNDECIMA

609 2387 653 2411 DE
672 2386 808 2411 SlGlLLO
828 2386 1071 2412 conrssssmms

499 2409 513 2419 t

219 2465 226 2477 ,
265 2460 276 2466 -
309 2450 461 2514 Dumna
485 2441 646 2480 quaeritur
669 2439 708 2470 de
731 2440 834 2480 sigillo
859 2440 1069 2472 confessionis
1085 2442 1111 2472 *.

368 2484 409 2515 Et
432 2485 515 2515 circa
537 2485 600 2514 hoc
624 2490 820 2524 quaeruntur
844 2486 999 2525 quinque.

359 2529 485 2560 Primo:
510 2534 619 2559 utrum
641 2529 675 2559 in
698 2529 844 2568 quolibet
866 2539 941 2560 casu
973 2535 1119 2560 teneatur
1140 2531 1241 2562 homo
1270 2532 1371 2564 celare

439 2583 477 2603 ea
499 2582 582 2613 quae
605 2573 700 2603 habet
723 2573 782 2603 sub
805 2574 908 2614 sigillo
933 2574 1152 2605 confessionis.

361 2617 530 2649 Secundo:
562 2622 670 2647 utrum
700 2617 839 2656 sigillum
872 2618 1082 2649 confessionis
1105 2628 1138 2649 se
1162 2620 1309 2651 extendat
1332 2621 1372 2652 ad

438 2662 498 2692 alia
521 2671 619 2701 quam
642 2661 695 2692 illa
718 2671 801 2701 quae
824 2667 898 2693 sunt
921 2662 961 2693 de
985 2662 1197 2694 confessione.

360 2706 488 2737 Tertio:
513 2711 621 2736 utrum
644 2706 732 2736 solus
755 2706 902 2737 sacerdos
925 2707 1063 2747 sigillum
1083 2707 1293 2740 confessionis
1315 2710 1371 2740 ha-

437 2751 519 2780 beat.

359 2794 500 2833 Quarto:
525 2800 635 2825 utrum
657 2794 805 2825 sacerdos
821 2796 923 2835 possit
938 2795 1005 2826 aliis
1020 2796 1160 2827 revelare
1183 2797 1223 2828 de
1245 2798 1372 2829 lieentia

437 2837 629 2869 confitentis.

1428 2271 1476 2296 ter
1498 2271 1604 2306 potest
1623 2276 1659 2296 ea
1676 2266 1779 2297 dicere
1796 2268 1825 2297 ei
1849 2268 1905 2307 qui
1928 2274 2035 2308 potest
2049 2269 2200 2309 prodesse
2224 2277 2256 2301 et
2278 2282 2346 2302 non
2370 2273 2492 2303 obesse.

1484 2310 1547 2341 Sed
1569 2311 1648 2341 haec
1671 2312 1784 2351 opinio
1807 2311 1932 2342 videtur
1956 2323 2102 2344 erronea:
2128 2324 2203 2345 cum
2226 2316 2265 2345 sit
2281 2322 2391 2347 contra
2413 2318 2494 2347 veri-

1427 2360 1525 2385 tatem
1549 2356 1746 2385 sacramenti.
1772 2355 1861 2386 Sicut
1885 2357 1971 2387 enim
1994 2358 2170 2398 baptismus
2192 2365 2238 2390 est
2260 2367 2492 2392 sacramentum

1428 2400 1573 2438 quamvis
1598 2400 1669 2439 quis
1693 2399 1786 2430 fictus
1816 2400 1961 2438 accedat,
1987 2411 2047 2432 nec
2071 2408 2117 2433 est
2144 2404 2348 2435 immutatum
2373 2406 2494 2446 aliquid

1388 2456 1413 2476 50
1427 2449 1559 2483 propter
1582 2444 1644 2474 hoc
1660 2443 1699 2474 de
1723 2445 1941 2475 essentialibus
1957 2448 2163 2483 sacramenti;
2188 2449 2230 2478 ita
2250 2448 2410 2480 confessio
2426 2460 2494 2480 non

1428 2487 1542 2518 desinit
1558 2498 1625 2518 esse
1642 2489 1876 2519 sacramentalis
1892 2491 2038 2529 quamvis
2053 2491 2106 2521 ille
2123 2493 2179 2532 qui
2199 2492 2369 2524 confitetur
2385 2504 2494 2525 emen-

1427 2532 1590 2562 dationem
1613 2542 1681 2562 non
1696 2539 1867 2573 proponat.
1892 2534 1933 2564 Et
1955 2534 2028 2565 ideo
2045 2536 2145 2566 nihilo
2165 2537 2272 2567 minus
2289 2538 2347 2567 sub
2364 2539 2493 2569 occulto

1426 2576 1603 2607 tenendum
1627 2582 1683 2607 est.

1481 2621 1550 2651 Nec
1572 2627 1680 2652 tamen
1703 2621 1843 2661 sigillum
1867 2622 2076 2654 confessionis
2101 2630 2210 2655 contra
2226 2627 2388 2657 caritatem
2411 2628 2494 2657 mili—

1387 2677 1409 2697 ςς
1426 2671 1480 2695 tat.
1505 2665 1590 2703 Quia
1614 2666 1724 2696 caritas
1746 2675 1814 2696 non
1837 2668 1969 2706 requirit
1992 2668 2082 2708 quod
2105 2676 2290 2709 opponatur
2315 2671 2493 2702 remedium

1425 2715 1559 2750 peccato
1583 2710 1674 2750 quod
1696 2710 1797 2740 homo
1814 2712 1924 2742 nescit.
1949 2712 2030 2743 Illud
2053 2718 2160 2743 autem
2181 2715 2270 2754 quod
2293 2716 2351 2746 sub
2369 2715 2493 2746 confes-

1426 2754 1516 2784 sione
1533 2755 1630 2784 scitur
1646 2760 1692 2784 est
1708 2756 1798 2794 quasi
1814 2756 1989 2787 nescitum:
2010 2767 2085 2788 cum
2101 2757 2180 2788 illud
2196 2760 2315 2789 nesciat
2330 2766 2366 2790 ut
2381 2761 2492 2796 homo,

1425 2798 1482 2828 sed
1503 2803 1540 2828 ut
1563 2799 1661 2829 Deus.

1481 2843 1607 2874 Tamen
1630 2843 1762 2883 aliquod
1785 2844 1964 2875 remedium
1987 2845 2136 2877 adhibere
2153 2846 2247 2877 debet
2269 2849 2302 2878 in
2325 2848 2493 2888 praedictis

359 2883 501 2922 Quinto:
530 2888 640 2913 utrum
669 2888 814 2914 teneatur
837 2893 875 2914 ea
905 2883 1006 2915 celare
1037 2885 1132 2915 etiam
1164 2887 1189 2916 si
1219 2887 1307 2918 aliter
1335 2898 1371 2918 ea
1385 2892 1412 2912 6⁰
1426 2887 1560 2923 casibus,
1570 2893 1728 2927 quantum
1739 2893 1845 2928 potest
1861 2889 1928 2920 sine
1951 2890 2144 2922 revelatione
2165 2891 2391 2923 confessionis:
2412 2894 2494 2924 sicut

436 2928 571 2958 noverit.

354 2993 494 3024 ART.1.
518 3002 623 3023 urium
646 3003 678 3022 m
703 3003 858 3023 Quonam*
881 3003 958 3023 cAsu
980 3004 1141 3025 TENEATUR
1165 3006 1320 3027 sacnnnos

335 3048 453 3068 cummi
482 3047 621 3067 peccam
652 3047 734 3067 QUAE
765 3047 819 3067 sun
850 3048 970 3068 sromo
1002 3048 1217 3071 conrnssmms
1246 3050 1341 3071 novrr

1426 2931 1592 2962 monendo
1616 2941 1672 2962 eos
1705 2933 1762 2972 qui
1791 2932 2003 2970 confitentur,
2029 2940 2060 2965 et
2083 2936 2150 2966 aliis
2174 2935 2368 2976 diligentiam
2391 2947 2493 2978 appo-

1425 2975 1534 3006 nendo
1557 2986 1599 3006 ne
1615 2982 1861 3016 corrumpantur
1883 2987 1941 3018 per
1955 2979 2121 3010 haeresim.
2146 2980 2254 3010 Potest
2277 2982 2372 3011 etiam
2389 2981 2492 3013 dicere

1426 3020 1567 3059 praelato
1592 3020 1682 3060 quod
1706 3020 1887 3061 diligentius
1910 3023 2019 3063 vigilet
2041 3033 2137 3064 super
2158 3034 2287 3065 gregem
2311 3035 2424 3056 suurn:
2450 3027 2493 3056 ita

1425 3069 1533 3094 tamen
1557 3064 1647 3104 quod
1670 3074 1738 3095 non
1762 3065 1845 3096 dicat
1869 3066 1989 3107 aliquid
2006 3068 2095 3108 quod
2118 3070 2216 3099 verbo
2236 3070 2285 3100 vel
2309 3076 2390 3100 nutu
2415 3081 2492 3101 con-

330 3096 365 3119 11·
378 3096 432 3123 11⁸¹,
447 3102 486 3123 qu.
500 3101 555 3123 ιιι,
569 3099 612 3118 ιη.
628 3103 647 3122 ι,
662 3096 691 3117 nd
706 3102 729 3122 ης
747 3096 831 3123 Queat.
849 3097 877 3123 V,
892 3103 932 3124 qu.
947 3103 987 3124 vu,
1002 3101 1044 3119 art.
1061 3105 1083 3124 ις
1099 3098 1149 3126 xu,
1165 3105 1204 3127 qu.
1218 3105 1252 3126 ιι,
1266 3104 1307 3122 art.
1323 3106 1344 3122 2.
1385 3112 1409 3138 ες
1426 3107 1571 3139 fitentem
1593 3109 1716 3149 prodat·

369 3158 390 3178 r>
413 3157 530 3178 ramim
559 3157 605 3177 s1c
633 3157 838 3178 PROCEDITUR.
867 3148 1001 3179 Videtur
1024 3149 1114 3189 quod
1137 3159 1205 3181 non
1232 3151 1265 3181 in
1289 3160 1371 3191 quo-

306 3159 447 3222 Alibet
476 3201 551 3222 casu
583 3196 729 3222 teneatur
752 3191 899 3223 sacerdos
923 3193 1024 3223 celare
1051 3200 1182 3234 peccata
1205 3204 1288 3235 quae
1311 3197 1371 3226 sub

305 3236 409 3277 sigillo
433 3235 643 3266 confessionis
672 3237 773 3267 novit.
808 3237 908 3275 Quia,
934 3238 1016 3268 sicut
1044 3238 1120 3269 dicit
1149 3239 1327 3270 Bernardus
1343 3241 1370 3276 *,

305 3280 391 3322 quod
413 3284 461 3310 est
482 3279 662 3310 institutum
670 3290 737 3320 pro
753 3281 898 3316 caritate,
916 3287 1031 3313 contra
1047 3283 1214 3314 caritatem
1231 3294 1296 3314 non
1312 3285 1371 3315 mi-

1480 3153 1531 3182 An
1551 3163 1713 3184 snctmnum
1729 3164 1887 3185 monimum
1904 3155 1994 3195 quod
2012 3163 2219 3197 praeceptum
2235 3158 2274 3189 de
2291 3158 2491 3189 confessione

1425 3197 1578 3227 servanda
1601 3199 1809 3238 consequitur
1830 3199 1938 3239 ipsum
1962 3207 2205 3232 sacramentum.
2236 3203 2277 3232 Et
2302 3202 2386 3239 ideo,
2411 3204 2492 3233 sicut

1425 3247 1634 3281 praeceptum
1662 3242 1701 3272 de
1725 3242 1928 3274 confessione
1959 3247 2177 3276 sacramentali
2209 3246 2353 3277 facienda
2383 3253 2429 3277 est
2452 3247 2490 3277 de

1426 3285 1494 3316 iure
1510 3285 1630 3322 divino,
1647 3291 1679 3316 et
1693 3296 1762 3317 non
1776 3292 1883 3327 potest
1906 3288 2013 3329 aliqua
2033 3289 2269 3330 dispensatione
2285 3291 2334 3321 vel
2349 3292 2490 3322 iussione

305 3326 387 3356 litat.
415 3322 478 3354 Sed
501 3324 614 3354 celatio
637 3324 847 3356 confessionis
870 3326 903 3356 in
927 3326 1036 3367 aliquo
1060 3336 1136 3358 casu
1159 3334 1270 3358 contra
1293 3330 1371 3359 cari—
1385 3341 1412 3362 7⁰
1425 3330 1565 3360 humana
1587 3331 1689 3361 homo
1713 3331 1835 3362 absolvi
1858 3333 1897 3362 ab
1922 3342 1972 3369 e0‚
1998 3334 2041 3364 ita
2063 3335 2171 3365 nullus
2194 3335 2234 3365 ad
2263 3335 2490 3366 revelationem

304 3374 403 3400 tatem
426 3367 592 3398 militaret:
615 3369 698 3399 sicut
712 3370 739 3399 si
754 3369 868 3410 aliquis
886 3371 920 3401 in
936 3370 1140 3402 confessione
1155 3373 1214 3402 scit
1229 3373 1370 3413 aliquem

305 3412 511 3447 haereticum,
531 3420 630 3451 quem
651 3422 719 3443 non
742 3419 848 3453 potest
870 3414 1023 3446 inducere
1053 3415 1092 3446 ad
1115 3416 1179 3447 hoc
1203 3416 1293 3457 quod
1316 3417 1370 3448 de-

305 3459 392 3489 sistat
415 3466 433 3486 a
456 3456 663 3495 corruptione
678 3457 796 3496 plebis;
821 3463 853 3489 et
875 3459 1017 3490 similiter
1033 3459 1072 3491 de
1088 3460 1143 3491 illo
1168 3462 1224 3501 qui
1240 3462 1298 3492 scit
1313 3468 1370 3502 per

306 3500 544 3533 confessionem
566 3499 750 3532 affinitatem
766 3511 834 3532 esse
857 3503 938 3533 inter
961 3504 1087 3544 aliquos
1111 3506 1167 3545 qui
1183 3507 1370 3537 contrahere

304 3546 428 3577 volunt.
452 3544 538 3583 Ergo
561 3543 631 3574 talis
655 3543 749 3575 debet
772 3545 1009 3579 confessionem
1031 3549 1180 3580 revelare.

1426 3373 1635 3405 confessionis
1650 3380 1757 3415 potest
1779 3376 1818 3406 ab
1834 3376 1967 3408 homine
1991 3379 2063 3418 cogi
2085 3379 2136 3409 vel
2157 3379 2319 3410 licendari.
2344 3379 2447 3415 Unde,
2464 3380 2490 3409 si

1425 3419 1636 3459 praecipiatur
1659 3419 1717 3450 sub
1733 3428 1840 3459 poena
1863 3423 2205 3454 excommunicationis
2220 3424 2283 3453 iam
2304 3424 2383 3453 latae
2401 3423 2490 3463 quod

1425 3463 1509 3493 dicat
1524 3464 1549 3493 si
1566 3463 1687 3503 aliquid
1702 3465 1760 3494 scit
1784 3464 1824 3495 de
1839 3465 1893 3506 tali
1911 3472 2056 3506 peccato,
2073 3477 2139 3497 non
2157 3467 2250 3498 debet
2269 3467 2389 3498 dicere:
2415 3468 2489 3507 quia

1425 3506 1519 3538 debet
1534 3508 1698 3538 aestimare
1722 3508 1812 3548 quod
1834 3509 1968 3540 intentio
1990 3512 2212 3551 praecipientis
2236 3517 2291 3547 est,
2307 3512 2336 3542 si
2357 3512 2440 3542 sciat
2455 3517 2490 3542 ut

1384 3561 1407 3583 75
1423 3552 1529 3582 homo.
1554 3552 1595 3582 Et
1618 3553 1644 3582 si
1660 3553 1755 3583 etiam
1779 3554 1968 3593 exprimeret
1989 3554 2028 3586 de
2052 3555 2263 3592 confessione,
2280 3557 2489 3595 interrogatus

2525 1396 2535 1406 ·
2552 1395 2609 1421 Cap.
2630 1396 2710 1417 Omnis

2524 1422 2655 1450 utriusque.

2525 1839 2535 1849 ·
2557 1838 2593 1860 cf.
2616 1838 2649 1860 ad
2671 1839 2736 1861 Rom.

2525 1870 2575 1892 cap.
2592 1871 2623 1891 iv,
2637 1871 2698 1887 vers.
2713 1872 2735 1893 7.
