2918 4088
228 1124 239 1134 ·
253 1123 300 1150 Qu.
311 1129 351 1150 vn,
361 1127 402 1145 art.
416 1130 423 1145 ¹
433 1130 438 1150 ;

228 1155 266 1177 qu.
282 1155 335 1176 xxv,
350 1153 391 1171 art.
404 1156 425 1171 2.

225 1980 236 1990 ‘
257 1979 346 2001 Concil.
369 1979 437 2001 Late-

225 2005 319 2032 rnn.1V‚
326 2011 376 2033 cap.
385 2006 437 2027 Fir-

224 2032 294 2053 miter
312 2032 436 2059 credimus,

226 2058 255 2079 de
263 2058 357 2080 Summa
369 2059 435 2081 Trtn.

225 2086 248 2106 et
263 2084 323 2106 Fide
342 2085 435 2107 cathol.

473 141 542 178 168

468 232 539 270 ego
559 220 698 257 locutus
722 233 803 257 sum
822 222 936 267 vobis,
956 220 1094 258 scilicet
1114 221 1161 258 de
1180 222 1256 258 hoc
1274 229 1526 268 sacramento,

229 287 440 336 ζηξέξωὶᾷιῑνιὲι,
466 275 613 323 spiritus
640 279 673 310 et
699 275 774 311 vita
800 279 895 320 sunt,
916 273 1004 310 dicit
1023 273 1324 323 Chrysostomus
1342 274 1381 311 *z
1411 274 1528 310 Idest:

228 341 304 368 toan„
320 347 342 362 n.
357 346 376 362 2.

466 326 789 376 spiritualia-sunt,
811 327 901 364 nihil
926 328 1098 364 habentia
1122 327 1274 364 carnale
1302 339 1419 376 neque
1441 339 1527 363 con-

466 381 691 428 sequentiam
728 380 947 427 naturalem,
985 379 1050 416 sed
1085 384 1188 416 eruta
1221 385 1305 416 sunt
1341 381 1388 416 ab
1426 380 1530 417 omni

467 432 534 469 tali
566 434 774 470 necessitate
811 445 905 482 quae
933 434 969 469 in
997 438 1118 479 terra,
1148 438 1181 469 et
1208 445 1232 470 a
1260 433 1402 482 legibus
1434 444 1528 481 quae

467 485 527 522 hic
547 487 692 534 positae
717 491 812 522 sunt.

519 538 768 575 Manifestum
805 545 859 574 est
893 537 998 574 enim
1031 538 1137 586 quod
1166 549 1282 574 omne
1311 549 1426 585 agens
1454 536 1528 585 agit

467 589 697 640 inquantum
718 598 774 628 est
792 598 889 628 actu.
914 590 1124 637 Quodlibet
1142 598 1272 627 autem
1291 602 1406 638 agens
1425 601 1527 626 crea-

467 651 552 681 tum
580 651 635 680 est
662 643 958 681 determinatum
977 643 1016 680 in
1045 655 1116 680 suo
1145 651 1250 680 actu:
1281 655 1372 680 cum
1401 642 1446 679 sit
1465 642 1527 679 de-

467 696 655 734 terminati
691 696 839 745 generis
867 704 903 733 et
931 695 1080 745 speciei.
1118 697 1167 733 Et
1203 695 1290 733 ideo
1328 695 1528 732 cuiuslibet

468 749 610 797 agentis
638 749 752 787 creati
779 749 878 786 actio
915 749 1032 786 fertur
1059 761 1175 798 super
1209 748 1377 797 aliquem
1406 748 1527 785 deter-

467 802 658 839 minatum
686 810 826 839 actum.
864 801 1140 839 Determinatio
1169 809 1298 838 autem
1326 801 1527 838 cuiuslibet

467 854 521 892 rei
549 855 588 892 in
617 867 698 892 esse
726 854 863 892 actuali
897 862 952 891 est
979 866 1049 904 per
1076 854 1158 891 eius
1195 854 1372 891 formam.
1414 853 1527 891 Unde

467 908 618 945 nullum
646 920 761 956 agens
789 908 959 944 naturale
987 908 1049 943 vel
1076 914 1247 944 creatum
1265 914 1390 956 potest
1417 907 1531 954 agere

466 960 539 997 nisi
566 961 616 997 ad
643 960 951 997 immutationem
976 960 1122 997 formae
1141 959 1172 995 ³⁸.
1202 960 1250 996 Et
1277 967 1434 1008 propter
1452 959 1528 996 hoc

467 1013 594 1050 omnis
621 1013 823 1050 conversio
852 1024 951 1061 quae
979 1012 1022 1048 fit
1049 1012 1265 1049 secundum
1291 1014 1391 1060 leges
1418 1019 1527 1048 natu-

467 1077 542 1111 rae,
573 1073 628 1102 est
654 1065 834 1102 formalis.
880 1065 956 1102 Sed
984 1065 1090 1101 Deus
1119 1071 1174 1102 est
1201 1064 1372 1101 infinitus
1400 1071 1525 1111 actus,

466 1125 508 1155 ut
526 1117 566 1154 in
585 1118 714 1155 Prima
733 1118 843 1154 Parte
862 1117 882 1139 ’³‘
906 1116 1081 1154 habiturn
1101 1124 1167 1153 est.
1196 1117 1308 1154 Unde
1328 1116 1410 1153 eius
1430 1116 1526 1153 actio

466 1183 506 1207 se
535 1170 701 1207 extendit
729 1170 778 1207 ad
805 1177 925 1206 totam
953 1177 1131 1206 naturam
1159 1168 1266 1206 entis.
1295 1170 1388 1206 Non
1416 1168 1528 1217 igitur

466 1224 593 1260 solum
621 1230 745 1272 potest
771 1222 955 1271 perficere
983 1221 1279 1259 conversionem
1311 1222 1525 1267 formalem,

465 1283 508 1313 ut
535 1275 674 1313 scilicet
701 1275 873 1312 diversae
901 1275 1047 1312 formae
1067 1274 1137 1311 sibi
1165 1274 1205 1311 in
1233 1274 1373 1311 eodem
1401 1274 1526 1311 subie-

465 1336 526 1366 cto
555 1329 777 1366 succedant:
808 1328 875 1365 sed
894 1327 1190 1365 conversionem
1215 1326 1330 1364 totius
1358 1326 1464 1373 entis,
1485 1334 1528 1363 ut

465 1381 603 1419 scilicet
621 1389 699 1419 tota
718 1380 927 1418 substantia
946 1380 1061 1418 huius
1085 1387 1329 1417 convertatur
1348 1379 1387 1416 in
1406 1387 1526 1416 totam

466 1435 716 1472 substantiam
744 1434 854 1471 illius.

518 1489 567 1525 Et
585 1489 661 1525 hoc
679 1487 801 1536 agitur
819 1487 949 1524 divina
962 1486 1101 1524 virtute
1121 1486 1160 1523 in
1179 1487 1255 1523 hoc
1274 1493 1525 1524 sacramento.

464 1542 568 1578 Nam
596 1549 674 1578 tota
702 1540 911 1578 substantia
939 1539 1048 1589 panis
1079 1539 1313 1576 convertitur
1339 1538 1379 1575 in
1406 1546 1527 1575 totam

465 1594 716 1643 substantiam
743 1593 915 1643 corporis
949 1592 1110 1639 Christi,
1140 1600 1176 1629 et
1203 1600 1282 1629 tota
1318 1592 1527 1629 substantia

517 1722 543 1757 ὃ)
561 1723 607 1748 ad.
624 1737 643 1742 -
663 1723 689 1748 in
710 1724 738 1748 Ρ.

1132 142 1395 189 QUAESTIO
1424 143 1584 189 LXXV,
1614 141 1907 180 ARTICULUS
1935 142 1985 178 IV

1582 220 1661 257 vini
1680 220 1719 257 in
1737 227 1857 257 totam
1877 219 2127 257 substantiam
2145 220 2338 269 sanguinis
2358 221 2507 259 Christi.
2528 223 2641 260 Unde

1582 274 1677 310 haec
1705 272 1905 310 conversio
1934 284 2014 309 non
2043 279 2098 309 est
2121 272 2300 321 formalis,
2321 274 2389 311 sed
2416 275 2641 313 substantia-

1582 325 1636 362 lis.
1667 327 1751 363 Nec
1769 325 1986 362 continetur
2003 325 2101 362 inter
2128 325 2273 375 species
2292 334 2420 364 motus
2448 328 2640 376 naturalis,

1582 379 1649 415 sed
1676 378 1833 428 proprio
1861 378 2019 415 nomine
2040 385 2164 427 potest
2192 378 2266 416 dici
2293 382 2639 419 transubstantiatio.

1634 433 1691 468 AD
1729 443 1863 469 patmum
1897 443 1994 468 ERGO
2027 443 2208 469 manDUM
2247 432 2355 481 quod
2382 432 2544 471 obiectio
2579 433 2642 471 illa

1581 484 1753 534 procedit
1771 485 1819 521 de
1848 483 2059 521 mutatione
2077 484 2246 521 formali:
2276 484 2368 533 quia
2386 485 2533 524 formae
2552 498 2641 535 pro—

1580 537 1710 586 prium
1730 544 1785 574 est
1812 536 1851 573 in
1878 536 2036 573 materia
2054 537 2116 573 vel
2144 536 2313 574 subiecto
2341 549 2434 575 esse.
2462 539 2556 576 Non
2574 551 2642 576 au-

1581 598 1659 627 tern
1687 590 1802 627 habet
1828 591 1960 627 locum
1987 589 2027 626 in
2055 589 2306 627 conversione
2325 590 2440 628 totius
2468 591 2642 629 substan-

1580 642 1665 680 tiae.
1694 643 1819 688 Unde,
1839 655 1931 680 cum
1950 643 2045 680 haec
2068 642 2269 680 conversio
2299 643 2552 681 substantialis
2571 643 2642 682 im-

1580 703 1704 745 portet
1723 696 1918 745 quendam
1949 695 2123 733 ordinem
2149 695 2447 734 substantiarum
2475 708 2643 745 quarum
2686 728 2690 731 .

1581 761 1660 785 una
1687 748 1921 785 convertitur
1947 748 1987 785 in
2015 750 2183 796 alteram,
2204 756 2260 786 est
2287 748 2383 786 sicut
2400 748 2442 786 in
2470 749 2642 787 subiecto

1581 801 1621 838 in
1649 809 1816 851 utraque·
1840 801 2049 838 substantia
2071 801 2103 849 ³¹⁸,
2131 801 2227 838 sicut
2255 802 2351 839 ordo
2379 810 2416 839 et
2443 814 2642 840 numerus.

1634 855 1691 891 AD
1720 866 1909 892 SECUNDUM
1944 866 2126 892 mcrnnum
2163 855 2271 904 quod
2304 854 2419 892 etiam
2447 855 2510 892 illa
2538 855 2643 893 obie-

1581 906 1654 943 ctio
1682 907 1854 956 procedit
1882 907 1929 944 de
1958 907 2211 945 conversione
2238 907 2399 955 formali,
2422 920 2491 946 seu
2518 916 2642 946 muta-

1580 959 1703 996 tione:
1734 960 1826 1009 quia
1853 967 2015 1008 oportet,
2044 960 2142 997 sicut
2169 960 2315 998 dictum
2344 969 2399 998 est
2416 960 2448 1008 ²⁸,
2476 961 2644 999 formam

1582 1024 1663 1049 esse
1691 1012 1731 1049 in
1758 1012 1918 1049 materia
1944 1014 2006 1049 vel
2035 1013 2217 1050 subiecto.
2249 1014 2343 1050 Non
2370 1021 2498 1051 autem
2529 1015 2645 1052 habet

1580 1066 1712 1101 locum
1739 1065 1779 1101 in
1811 1065 2063 1103 conversione
2098 1066 2213 1103 totius
2250 1067 2502 1115 substantiae,
2533 1067 2644 1105 cuius

1581 1129 1661 1154 non
1690 1125 1745 1154 est
1773 1117 1944 1166 accipere
1973 1117 2128 1167 aliquod
2158 1118 2384 1156 subiectum.

1634 1171 1691 1206 AD
1710 1181 1869 1207 TERTmM
1888 1182 2070 1208 manDUM
2089 1171 2197 1220 quod
2215 1171 2353 1209 virtute
2377 1172 2520 1220 agentis
2546 1172 2644 1210 finiti

1581 1234 1662 1258 non
1689 1230 1813 1271 potest
1839 1222 1964 1260 forma
1992 1222 2031 1259 in
2057 1223 2225 1261 formam
2252 1223 2405 1270 mutari,
2425 1236 2498 1261 nec
2525 1233 2645 1268 mate÷

1581 1274 1636 1311 ria
1654 1274 1694 1311 in
1713 1274 1923 1312 materiam.
1952 1275 2030 1312 Sed
2046 1275 2185 1312 virtute
2205 1275 2348 1324 agentis
2367 1276 2515 1324 infiniti,
2535 1278 2646 1327 quod

1581 1327 1697 1363 habet
1725 1326 1916 1364 actionem
1944 1327 1983 1364 in
2010 1335 2136 1366 totum
2171 1340 2257 1376 ens,
2284 1337 2409 1378 potest
2435 1329 2518 1367 talis
2553 1342 2645 1368 con-

1580 1379 1707 1417 versio
1727 1379 1830 1417 fieri:
1861 1379 1952 1429 quia
1975 1380 2127 1430 utrique
2154 1381 2300 1419 formae
2329 1390 2365 1419 et
2391 1382 2544 1432 utrique
2563 1395 2645 1421 ma-

1580 1433 1696 1470 teriae
1734 1441 1789 1470 est
1826 1433 2046 1471 communis
2073 1442 2210 1472 natura
2247 1434 2363 1482 entis;
2393 1443 2430 1472 et
2461 1435 2500 1473 id
2536 1436 2645 1486 quod

1582 1485 1742 1523 entitatis
1770 1494 1826 1524 est
1852 1486 1893 1523 in
1920 1499 2019 1533 una,
2048 1495 2173 1536 potest
2200 1496 2334 1525 auctor
2361 1489 2456 1526 entis
2484 1501 2644 1526 conver-

1581 1547 1659 1576 tere
1688 1539 1736 1575 ad
1755 1537 1769 1561 ὅ
1797 1539 1835 1576 id
1864 1540 1971 1588 quod
1999 1547 2055 1577 est
2082 1540 2243 1578 entitatis
2271 1541 2311 1578 in
2339 1543 2466 1590 altera,
2494 1542 2643 1580 sublato

1582 1604 1628 1629 eo
1657 1604 1727 1641 per
1753 1592 1861 1641 quod
1889 1592 1938 1629 ab
1966 1592 2029 1630 illa
2056 1593 2367 1642 distinguebatur.

1139 1810 1474 1844 Commentaria
1498 1810 1752 1843 Cardjnalis
1775 1811 1975 1844 Caietani

524 1903 632 1925 rrurus
668 1892 853 1932 intelligitur
892 1891 932 1922 de
967 1892 1177 1922 conversione
1213 1891 1427 1927 substantiali,
1463 1900 1527 1931 qua

466 1905 614 1978 Tpanis
627 1936 870 1967 substantialiter
881 1941 1027 1976 sumptus
1043 1936 1338 1967 transubstantiatur
1355 1936 1389 1966 in
1409 1945 1526 1976 corpus

465 1981 596 2014 Christi:
630 1981 674 2011 sic
705 1981 791 2014 enim
813 1980 956 2010 Ecclesia
983 1979 1130 2020 intelligit
1161 1980 1404 2010 conversionem
1424 1980 1450 2009 *.
1485 1979 1527 2009 Et

463 2031 632 2066 propterea
658 2025 782 2055 Auctor
809 2025 931 2064 quaerit
960 2029 1069 2055 utrum
1091 2024 1130 2054 sit
1151 2023 1310 2064 possibilis
1340 2022 1526 2054 huiusmodi

464 2070 642 2100 conversio.
699 2072 701 2074 '

518 2114 553 2144 In
570 2122 705 2153 corpore
721 2112 844 2142 articuli
860 2111 925 2142 duo
941 2111 1039 2143 fiunt:
1060 2112 1175 2152 primo,
1193 2111 1308 2143 dicitur
1323 2111 1412 2152 quod
1429 2120 1525 2151 opor-

462 2163 507 2189 tet
529 2167 650 2199 ponere
681 2157 943 2194 conversionem:
978 2156 1139 2193 secundo,
1170 2161 1319 2187 tractatur
1347 2156 1449 2196 qualis
1480 2161 1526 2186 est

461 2203 520 2232 ista
544 2202 721 2232 conversio.

516 2245 634 2284 Quoad
656 2246 808 2286 primum,
833 2254 871 2275 ex
886 2245 1077 2285 repetitione
1096 2254 1191 2285 supra
1218 2244 1379 2275 dictorum
1402 2254 1439 2275 ac
1462 2243 1524 2275 dis-

463 2299 640 2326 cussorum,
665 2290 867 2320 concluditur
891 2290 1068 2320 conversio.

518 2333 636 2372 Quoad
665 2333 860 2370 secundum,
884 2333 950 2364 duo
974 2333 1014 2364 de
1037 2334 1096 2364 hac
1124 2333 1335 2363 conversione
1364 2332 1523 2363 dicuntur.

461 2378 606 2409 Primum
629 2384 684 2414 est,
710 2377 799 2418 quod
822 2387 890 2408 non
913 2383 960 2408 est
982 2377 1092 2408 similis
1111 2377 1375 2408 conversionibus
1397 2382 1524 2407 natura-

462 2423 554 2459 libus,
579 2421 634 2452 sed
657 2427 704 2452 est
726 2422 860 2452 omnino
885 2421 1139 2461 supernaturalis.
1164 2421 1349 2452 Secundum
1365 2426 1412 2451 est
1435 2420 1526 2461 quod

463 2466 531 2498 sola
554 2467 614 2497 Dei
629 2467 745 2496 virtute
760 2465 805 2497 fit.
830 2466 872 2500 Et
885 2467 1027 2506 primum
1043 2465 1175 2506 quidem
1190 2465 1430 2496 auctoritatibus
1445 2465 1524 2495 Am-

462 2509 560 2541 brosii
576 2516 607 2540 et
623 2510 845 2551 Chrysostomi
860 2510 984 2550 probat.
1001 2508 1187 2540 Secundum
1203 2514 1321 2545 autem,
1337 2509 1433 2540 simul
1449 2518 1524 2539 cum

462 2555 578 2595 primo,
602 2555 724 2585 ratione
747 2554 870 2594 probat.

517 2598 555 2628 11.
579 2598 643 2629 Ubi
673 2599 753 2628 scito
785 2597 935 2637 distingui
965 2598 1209 2628 conversionem
1238 2597 1271 2627 in
1301 2596 1469 2627 formalem
1493 2603 1524 2628 et

462 2642 718 2678 substantialem3
743 2647 774 2672 et
796 2642 953 2673 naturales
977 2642 1127 2682 appellari
1150 2641 1309 2678 formales,
1325 2650 1393 2672 non
1417 2650 1454 2672 ea
1475 2651 1524 2672 ra-

461 2687 550 2716 tione
574 2687 650 2726 quia
672 2686 775 2720 forma
796 2686 990 2717 convertitur
1004 2686 1038 2717 in
1054 2685 1208 2722 formam,
1233 2685 1289 2719 sed
1312 2685 1387 2725 quia
1410 2695 1524 2718 secun-

462 2730 541 2761 dum
556 2730 810 2771 deperditionem
825 2731 921 2761 unius
937 2729 1059 2760 formae
1076 2735 1107 2761 et
1122 2730 1367 2770 acquisitionem
1386 2730 1523 2767 alterius,

462 2773 576 2805 dicitur
599 2780 705 2805 totum
729 2775 990 2814 categorematice
1014 2774 1157 2804 converti
1179 2775 1212 2804 in
1235 2779 1357 2810 toturn,
1388 2779 1425 2804 ut
1448 2783 1523 2806 cum

462 2818 597 2848 dicimus
614 2818 704 2858 quod
715 2828 767 2850 aer
783 2827 955 2849 conversus
972 2823 1018 2848 est
1033 2819 1067 2848 in
1082 2819 1199 2858 ignem.
1221 2817 1398 2848 Conversio
1415 2823 1523 2849 autem

461 2863 672 2893 substantialis
695 2862 887 2903 appellatur,
913 2871 976 2902 qua
998 2867 1104 2893 totum
1128 2863 1224 2893 etiarn
1247 2868 1523 2903 syncategorema-

460 2907 523 2937 tice
546 2907 741 2941 convertitur
763 2907 797 2937 in
819 2912 942 2937 totum:
975 2912 1070 2946 puta,
1094 2907 1120 2937 si
1143 2916 1195 2936 aer
1218 2907 1263 2936 sic
1286 2912 1523 2938 converteretur

461 2951 494 2982 in
516 2951 625 2990 iguem
648 2950 738 2991 quod
761 2951 856 2983 etiam
878 2956 982 2990 partes
1001 2951 1181 2986 essentiales
1198 2951 1276 2983 aeris
1300 2956 1522 2982 converteren-

461 2999 512 3024 tur
535 2995 568 3025 in
590 3001 694 3036 partes
719 2995 898 3028 essentiales
921 2995 1012 3034 ignis.
1036 2995 1078 3026 Et
1095 2994 1192 3026 talem
1208 3004 1275 3027 esse
1290 2995 1373 3026 hanc
1389 3005 1522 3027 conver-

461 3038 586 3068 sionem
609 3039 732 3070 Auctor
754 3048 890 3079 ponens,
914 3039 989 3069 hinc
1011 3038 1191 3071 manifestat
1214 3038 1425 3070 differentiam
1440 3040 1523 3070 inter

463 3082 706 3114 conversionem
729 3083 821 3113 istam
845 3088 875 3113 et
898 3083 1074 3114 naturales:
1108 3087 1139 3113 et
1171 3092 1209 3113 ex
1236 3082 1412 3114 differentia
1441 3084 1522 3114 inter

463 3130 569 3157 actum
591 3125 754 3156 infinitum
778 3132 809 3156 et
824 3132 931 3157 actum
946 3126 1083 3162 finitum,
1104 3126 1249 3170 procedit
1264 3126 1304 3157 ad
1319 3127 1522 3167 probandum

463 3169 552 3208 quod
575 3178 670 3209 agens
694 3175 845 3206 creatum,
869 3171 944 3210 quia
963 3180 1001 3201 ex
1015 3170 1108 3201 finito
1124 3172 1187 3211 agit
1203 3176 1286 3206 actu,
1303 3171 1343 3202 ad
1358 3171 1442 3202 solas
1457 3171 1522 3202 for-

462 3213 561 3243 males
584 3214 809 3244 conversiones
832 3223 866 3246 se
885 3214 1043 3251 extendit;
1068 3215 1156 3246 Deus
1179 3220 1297 3251 autem,
1322 3216 1398 3255 quia
1420 3225 1458 3246 ex
1473 3216 1522 3246 in-

462 3255 554 3287 finito
579 3257 642 3296 agit
664 3262 747 3292 actu,
771 3257 811 3288 ad
833 3263 938 3288 totum
963 3268 1018 3288 ens
1041 3268 1075 3289 se
1099 3258 1247 3294 extendit,
1268 3268 1305 3289 ac
1321 3268 1378 3299 per
1392 3259 1466 3295 hoc,
1483 3259 1522 3291 ad

463 3301 707 3331 conversionem
730 3301 977 3331 substantialem.
1013 3301 1054 3332 Et
1076 3301 1150 3332 inde
1173 3301 1306 3332 infertur
1332 3302 1422 3343 quod
1443 3303 1523 3334 haec

463 3344 630 3374 conversio
653 3354 714 3375 nec
738 3345 918 3375 continetur
942 3346 999 3375 sub
1023 3355 1138 3385 genere
1162 3346 1311 3376 naturalis
1334 3351 1442 3376 motus
1466 3356 1522 3377 seu

463 3388 659 3424 mutationis,
682 3397 742 3419 nec
765 3397 886 3419 nomen
909 3388 1040 3419 aliarum
1064 3389 1195 3429 suscipit
1217 3390 1360 3429 proprie,
1385 3389 1441 3420 sed
1463 3400 1522 3421 no-

460 3431 550 3462 mine
573 3432 705 3472 proprio
735 3433 842 3462 vocari
874 3437 979 3472 potest
1011 3433 1332 3463 transubstantiatio:
1365 3433 1409 3464 sic
1437 3434 1523 3464 enim

1579 1902 1599 1966 ii
1621 1902 1710 1924 sacro
1735 1892 1884 1923 Concilio
1909 1893 2131 1930 Lateranensi,
2155 1894 2214 1924 sub
2238 1893 2349 1925 Innoc.
2372 1894 2430 1931 111,
2454 1895 2646 1936 appellatam

1633 1937 1715 1967 'mus
1731 1938 1757 1967 ’ἢ

1592 1946 1687 2011 eg¹III.
1705 1980 1799 2012 Circa
1813 1982 1896 2012 hanc
1911 1982 2086 2018 materiam,
2103 1981 2230 2012 adverte
2247 1982 2336 2022 quod
2354 1982 2480 2020 Scotus‚
2496 1984 2530 2014 in
2548 1994 2581 2014 xi
2599 1983 2646 2015 di-

1580 2025 1749 2056 stinctione
1765 2025 1889 2063 Quarti,
1906 2034 1960 2065 qu.
1977 2035 2021 2061 111,
2038 2031 2188 2066 reputans
2210 2026 2443 2066 impossibilem
2462 2029 2645 2059 conversio·

1579 2078 1655 2099 nem
1670 2070 1761 2109 panis
1777 2070 1810 2099 in
1827 2079 1944 2110 corpus
1961 2069 2078 2100 Christi
2100 2071 2314 2110 praeexistens
2329 2076 2361 2101 et
2375 2081 2509 2102 manens
2531 2081 2646 2104 secun·

1580 2112 1658 2143 dum
1681 2123 1777 2144 suum
1804 2123 1872 2144 esse
1898 2114 2084 2154 antiquum,
2107 2114 2265 2154 triplicem
2287 2115 2478 2156 imaginatur
2500 2117 2645 2150 transub-
2695 2159 2718 2187 Ν
2760 2147 2763 2150 .

2669 2165 2683 2178 ·
2718 2170 2768 2188 um.
2781 2161 2866 2194 preest.⁴

1580 2158 1825 2189 stantiationem.
1850 2158 1955 2188 Prima
1979 2163 2026 2189 est
2048 2167 2131 2199 quae
2146 2159 2211 2190 iam
2227 2159 2310 2190 dicta
2326 2165 2373 2190 est
2387 2160 2414 2196 *‚
2438 2160 2558 2193 scilicet
2580 2170 2645 2204 qua

1579 2206 1647 2232 tota
1670 2202 1844 2235 substantia
1872 2203 2066 2234 convertitur
2088 2203 2123 2233 in
2145 2208 2247 2234 totam
2274 2204 2481 2236 substantiam
2502 2205 2645 2246 praeexi-

1579 2251 1716 2276 stentem
1732 2256 1769 2276 ac
1784 2251 1969 2277 manentem
1986 2246 2164 2278 secundum
2181 2257 2249 2278 esse
2264 2248 2443 2289 antiquum.
2459 2267 2483 2271 —
2498 2248 2645 2280 Secunda

1581 2289 1636 2326 est,
1654 2299 1718 2330 qua
1740 2295 1808 2321 tota
1824 2291 1998 2321 substantia
2013 2291 2057 2321 sic
2074 2291 2269 2322 convertitur
2283 2292 2318 2322 in
2333 2292 2427 2322 aliam
2442 2298 2479 2323 ut
2493 2292 2554 2324 alia
2568 2302 2644 2334 pro·-

1580 2333 1714 2365 ducatur
1727 2334 1762 2365 in
1778 2344 1855 2365 esse.
1879 2335 1921 2365 Et
1935 2335 2018 2365 hanc
2032 2340 2127 2366 vocat
2142 2335 2258 2366 Scotus
2276 2336 2645 2369 transubstantian'onem
2678 2349 2680 2352 ·

1573 2378 1823 2418 productivum:
1845 2379 1920 2419 quia
1935 2388 1993 2419 per
2008 2388 2079 2410 eam
2098 2379 2287 2420 producitur
2308 2381 2463 2413 terminus
2479 2380 2519 2412 ad
2534 2390 2644 2421 quem.

1579 2422 1621 2452 Et
1639 2423 1718 2453 haee
1741 2427 1848 2462 potest
1877 2422 2035 2453 subdividi
2061 2423 2095 2453 in
2123 2423 2346 2463 productivam
2372 2425 2500 2455 termini
2529 2434 2645 2458 seeun-

1579 2466 1658 2504 dum
1674 2476 1742 2497 esse
1757 2467 1977 2498 substantiale:
1997 2467 2048 2498 vel
2063 2467 2243 2499 secundum
2258 2477 2327 2499 esse
2343 2468 2547 2506 accidentale,
2564 2478 2644 2511 qua-

1578 2510 1643 2541 lem
1665 2511 1775 2550 posuit
1796 2511 1863 2547 hic,
1888 2516 1924 2541 ut
1947 2510 2084 2542 diximus
2100 2512 2127 2548 ’ἦ
2143 2512 2255 2542 Petrus
2279 2512 2319 2543 de
2341 2512 2476 2549 Palude,
2499 2513 2570 2545 sine
2592 2523 2644 2545 as-

1577 2554 1719 2585 sertione
1752 2559 1868 2585 tamen.
1892 2573 1913 2578 —
1937 2554 2045 2586 Tertia
2069 2560 2115 2586 est
2138 2555 2310 2586 adductiva
2331 2557 2461 2587 termini
2485 2556 2525 2588 ad
2543 2566 2643 2599 quem

1578 2599 1634 2629 illo
1650 2599 1706 2629 ubi
1729 2604 1795 2629 erat
1809 2599 1965 2630 terminus
1987 2609 2006 2629 a
2021 2609 2099 2639 quo.
2123 2599 2164 2630 Et
2179 2601 2213 2630 in
2229 2600 2311 2631 hanc
2327 2600 2466 2631 declinat
2483 2601 2600 2634 Scotue
2613 2602 2645 2633 ἐ

1579 2643 1615 2673 In
1630 2652 1694 2683 qua
1710 2642 1888 2674 secundum
1899 2644 2064 2674 veritatem
2075 2644 2164 2675 nulla
2180 2649 2227 2675 est
2241 2645 2544 2683 transubstantiatio,
2554 2645 2644 2681 uuna

1579 2687 1765 2717 conversio:
1791 2688 1866 2727 quia
1881 2687 2013 2728 ponitur
2027 2697 2146 2728 panem
2165 2687 2265 2729 redigi
2280 2689 2314 2719 in
2336 2689 2425 2726 nihil,
2443 2695 2474 2720 et
2496 2690 2565 2722 sola
2577 2699 2644 2724 vox

1577 2731 1798 2763 conversionis
1821 2737 1852 2762 et
1875 2732 2246 2769 transubstantiationis,
2277 2742 2353 2765 cum
2379 2732 2491 2766 ordine
2517 2743 2642 2767 succes-

1578 2775 1675 2806 sionis
1699 2776 1843 2815 corporis
1867 2775 1985 2806 Christi
2007 2776 2040 2806 in
2062 2776 2138 2807 loco
2161 2777 2262 2818 panis,
2286 2776 2467 2808 affirmatur.

1631 2819 1754 2850 Relicta
1777 2824 1884 2850 autem
1906 2820 2239 2852 transubstantiatione
2266 2820 2464 2861 productiva,
2487 2826 2642 2862 tanquam

1576 2873 1645 2894 non
1667 2864 1804 2894 habente
1826 2864 1860 2894 in
1883 2864 1947 2894 hoc
1970 2870 2169 2896 sacramento
2199 2865 2320 2902 locum,
2351 2865 2462 2896 nititur
2491 2865 2608 2896 Scotus
2622 2867 2641 2884 ⁰

1576 2908 1711 2948 probare
1734 2908 1871 2948 primam
1894 2917 1962 2939 esse
1984 2909 2226 2949 impossibilem,
2243 2914 2275 2940 et
2290 2908 2406 2942 deinde
2425 2910 2550 2943 tertiam
2572 2919 2642 2942 esse

1576 2952 1807 2984 rationabilem.

1631 2996 1746 3037 Arguit
1779 2996 1875 3037 igitur
1908 2996 1948 3028 ad
1977 2996 2265 3036 impossibilitatem
2298 2997 2640 3032 transubstantiationis

1577 3040 1698 3080 primae
1714 3041 1740 3076 *‚
1759 3050 1857 3080 quam
1880 3039 2038 3072 credimus
2061 3049 2135 3070 vere
2157 3040 2191 3070 in
2214 3040 2277 3071 hoc
2295 3046 2493 3071 sacramento
2517 3041 2638 3073 salvari.

1576 3084 1663 3114 Nihil
1687 3089 1734 3118 est
1756 3085 1910 3115 terminus
1933 3093 2036 3114 novae
2059 3084 2192 3114 actionis
2214 3084 2343 3124 proprie
2367 3084 2469 3115 dictae
2491 3085 2553 3116 nisi
2581 3095 2640 3128 per

1576 3127 1663 3158 illam
1695 3128 1855 3159 actionem
1885 3128 2019 3168 accipiat
2046 3137 2114 3158 esse
2139 3128 2344 3161 substantiale
2366 3129 2418 3159 vel
2445 3129 2640 3161 accidentale

1577 3171 1756 3203 secundum
1779 3171 1869 3212 quod
1892 3177 1939 3203 est
1961 3171 2102 3203 famaus
2124 3172 2278 3204 terminus
2300 3172 2385 3206 illius
2408 3173 2551 3207 actionis.
2576 3173 2640 3207 Sed

1578 3224 1695 3256 eorpus
1719 3215 1837 3247 Christi
1859 3216 2086 3256 praeexistens,
2107 3221 2185 3252 etc.‚
2212 3216 2339 3248 nullum
2366 3226 2434 3247 esse
2460 3218 2576 3258 accipit
2604 3219 2640 3252 in

1577 3269 1634 3292 sua
1657 3260 1831 3293 substantia
1856 3269 1913 3301 per
1934 3258 2119 3294 huiusmodi
2142 3260 2517 3295 transubstantiationem.
2552 3261 2638 3304 Ergo

1577 3313 1695 3343 corpus
1719 3303 1836 3334 Christi
1865 3303 2044 3334 secundum
2067 3312 2158 3333 suam
2181 3303 2388 3335 substanu'am
2417 3315 2485 3336 non
2509 3310 2555 3336 est
2577 3311 2639 3337 ter·
2672 3310 2675 3313 ’

1576 3348 1683 3378 minus
1706 3357 1810 3378 novae
1826 3347 1959 3377 actionis
1982 3347 2307 3378 transubstantiativae
2330 3349 2421 3389 panis
2436 3349 2469 3379 in
2487 3350 2604 3390 ipsum.
2616 3368 2640 3374 -

1577 3391 1684 3421 Minor
1707 3391 1900 3431 supponitur
1920 3390 2012 3421 clara.
2036 3408 2057 3413 -
2082 3391 2185 3421 Maior
2199 3401 2276 3422 vero
2291 3393 2445 3432 probatur
2459 3393 2637 3434 dupliciter.

1575 3434 1684 3465 Primo
1709 3435 1793 3475 quia,
1817 3435 1843 3465 si
1865 3433 1991 3466 nullum
2015 3443 2082 3466 esse
2106 3436 2221 3476 accipit
2242 3445 2300 3477 per
2314 3437 2411 3474 illam,
2431 3447 2499 3469 non
2514 3437 2639 3471 videtur

2669 814 2680 825 ‘
2694 812 2722 835 D.
2737 813 2789 841 57⁶.

2669 970 2732 992 ‘Ad
2747 977 2768 993 ι.

2671 1940 2790 1965 ‘Lauda
2798 1947 2886 1965 num-1-

2670 2520 2682 2532 ·
2701 2519 2754 2542 Art.
2769 2526 2790 2547 ι.
2811 2519 2886 2542 Com·

2670 2549 2744 2568 ment.
2758 2551 2824 2569 num.
2837 2552 2860 2569 v.

2669 2604 2681 2615 ·
2693 2602 2726 2626 lv
2740 2602 2814 2631 Sua,
2827 2602 2884 2626 dist.

2669 2635 2702 2657 ιι,
2715 2635 2756 2658 qn.
2770 2635 2802 2652 xv.

2667 2869 2679 2879 ‘
2697 2866 2765 2894 mid..
2786 2872 2826 2895 qu.
2846 2873 2883 2896 m,

2666 2897 2708 2916 nrt.
2719 2899 2732 2915 π
2746 2893 2868 2922 principat.

2666 3048 2678 3059 ·
2692 3047 2728 3070 Cf.
2743 3053 2807 3070 num.
2821 3053 2853 3070 νι.
