2918 4088
154 979 165 989 '¹
180 977 204 999 In
221 982 326 1004 corpore.

163 3119 174 3129 ·
189 3117 253 3139 Vers.
269 3123 288 3140 2.

397 159 473 206 324

392 291 495 335 Dixi,
521 290 733 337 Confitebor
760 290 956 327 adversum
985 301 1044 326 me
1072 290 1282 325 iniustitiam
1302 299 1424 324 meam
1445 293 1452 307 ‘

392 343 576 379 Domino:
612 348 645 379 et
671 348 708 378 tu
742 344 912 379 remisisti
945 343 1165 391 impietatem
1199 341 1342 389 peccati
1367 341 1450 376 mei.

393 395 441 432 Et
469 402 600 432 contra
627 396 702 431 hoc
728 395 814 432 facit
841 394 901 431 ille
930 394 996 444 qui
1025 393 1235 430 contemnit
1267 391 1451 438 confiteri,

394 448 610 485 secundum
637 448 744 497 quod
772 454 1035 497 proposuerat.

446 502 494 537 Et
530 501 617 538 ideo
655 500 791 537 dicitur
827 500 933 549 quod
975 497 1184 548 specialiter
1224 497 1452 545 ingratitudo

394 554 537 590 horum
565 561 812 603 peccatorum
840 552 925 589 facit
949 551 1070 588 redire
1090 557 1246 599 peccata
1273 549 1379 599 prius
1399 549 1453 586 di-

394 607 520 643 missa.

447 661 503 696 AD
526 672 660 697 PRlMUM
680 671 776 696 ERGO
799 669 978 695 D1CENDUM
999 655 1105 704 quod
1125 656 1200 692 hoc
1219 667 1299 692 non
1318 655 1455 692 dicitur

394 712 604 761 specialiter
631 713 678 748 de
707 711 783 748 istis
811 709 974 759 peccatis
1002 708 1092 757 quia
1121 707 1194 744 sint
1213 708 1345 745 ceteris
1372 720 1453 756 gra-

394 765 519 802 viora:
554 765 621 801 sed
649 764 739 813 quia
774 762 952 800 directius
985 769 1238 810 opponuntur
1265 761 1454 798 beneficio

395 817 628 854 remissionis
655 824 914 866 peccatorum.

446 872 502 906 AD
531 882 719 907 SECUNDUM
747 880 927 905 DICENDUM
956 867 1063 916 quod
1083 866 1194 904 etiam
1215 875 1372 916 peccata
1390 879 1455 904 ve-

394 923 506 959 nialia
535 931 570 959 et
597 930 799 971 peccatum
819 920 998 968 originale
1027 920 1189 957 redeunt
1208 920 1328 957 modo
1347 932 1456 969 prae-

394 975 494 1012 dicto
509 975 539 1021 ’ἢ
561 975 656 1011 sicut
676 983 711 1011 et
730 981 884 1022 peccata
903 972 1097 1009 mortalia:
1119 973 1350 1022 inquantum
1365 985 1455 1010 con-

393 1028 576 1064 temnitur
603 1027 674 1064 Dei
702 1026 935 1063 beneficium
965 1038 1044 1074 quo
1071 1026 1166 1063 haec
1185 1033 1341 1075 peccata
1369 1033 1458 1063 sunt

448 1160 466 1194 ι)
487 1160 647 1185 iniustitiam
667 1166 761 1184 meam.
780 1173 798 1176 —
818 1157 964 1183 iniustitias
982 1164 1054 1182 meas
1073 1157 1162 1187 GHbc,
1181 1156 1327 1181 iniustitias
1345 1157 1363 1182 1.

1019 158 1282 205 QUAESTIO
1310 157 1554 203 LXXXVIII,
1584 154 1876 192 ARTICULUS
1905 155 1950 191 111

152 243 365 269 ·P⁸·¹x¹¹›vcr⁵·5·
392 236 527 273 clesiae
542 248 611 285 per
625 235 918 273 confessionem:
935 236 1151 273 secundum
1166 235 1258 272 illud
1270 234 1410 272 Psalmi
1420 234 1450 270 *ε

257 295 264 310 ι

1507 233 1675 270 remissa.
1719 234 1812 270 Non
1840 240 1970 269 tamen
2002 244 2072 282 per
2098 240 2301 282 peccatum
2327 233 2476 271 veniale
2505 233 2568 270 ali-

1506 286 1592 335 quis
1627 285 1784 322 incurrit
1811 285 2142 333 ingratitudinem:
2181 285 2272 334 quia
2304 286 2447 332 homo,
2481 298 2568 336 pec-

1506 339 1630 375 cando
1645 338 1851 385 venialiter,
1873 350 1953 375 non
1968 337 2053 375 facit
2067 345 2200 374 contra
2213 338 2354 385 Deum,
2375 339 2442 376 sed
2461 351 2568 388 prae-

1506 399 1562 428 ter
1589 391 1730 440 ipsum.
1773 392 1822 428 Et
1854 390 1941 428 ideo
1978 403 2048 440 per
2080 398 2236 439 peccata
2262 391 2427 428 venialia
2462 393 2568 429 nullo

1506 444 1628 482 modo
1656 451 1812 493 peccata
1839 443 1996 480 dimissa
2024 443 2197 480 redeunt.

1560 498 1617 533 An
1635 509 1795 534 TERTlUM
1814 509 1995 534 mcENDUM
2024 496 2131 545 quod
2159 495 2394 532 beneficium
2412 495 2570 545 aliquod

1507 549 1623 586 habet
1650 549 1802 599 pensari
1831 549 2041 599 dupliciter.
2072 550 2159 586 Uno
2188 549 2321 595 modo,
2348 561 2395 585 ex
2421 548 2570 597 quanti-

1507 610 1580 639 tate
1609 602 1729 651 ipsius
1757 602 1945 639 beneficii.
1976 603 2024 639 Et
2043 602 2260 638 secundum
2280 602 2367 647 hoc,
2387 600 2570 638 innocen-

1507 655 1558 692 tia
1586 663 1642 692 est
1669 655 1795 692 maius
1823 655 1895 692 Dei
1914 654 2146 692 beneficium
2178 666 2298 704 quam
2325 653 2569 703 poenitentia,

1508 720 1607 757 quae
1627 708 1764 745 dicitur
1780 708 1942 745 secunda
1960 708 2086 745 tabula
2108 714 2192 757 post
2221 708 2466 756 naufragium
2485 706 2517 743 ²¹².

1508 761 1594 798 Alio
1614 761 1735 798 modo
1754 769 1878 811 potest
1897 761 2049 810 pensari
2070 759 2305 797 beneficium
2324 773 2371 797 ex
2389 767 2495 808 parte
2515 771 2572 796 re-

1508 813 1694 863 cipientis,
1715 814 1782 863 qui
1810 814 1939 851 minus
1967 822 2022 851 est
2050 813 2199 862 dignus,
2221 821 2257 850 et
2281 813 2333 850 sic
2361 812 2482 860 magis
2501 812 2572 849 sibi

1509 867 1551 903 fit
1570 867 1698 915 gratia.
1728 867 1840 904 Unde
1861 875 1897 903 et
1916 867 1997 916 ipse
2022 866 2142 914 magis
2167 874 2222 903 est
2245 866 2413 914 ingratus
2432 865 2462 902 si
2481 877 2572 902 con-

1508 927 1665 957 temnat.
1687 921 1735 957 Et
1754 921 1830 957 hoc
1849 920 1969 957 modo
1989 919 2224 957 beneficium
2244 918 2478 956 remissionis
2497 919 2574 955 cul-

1510 985 1582 1022 pae
1603 981 1658 1010 est
1682 972 1818 1019 maius,
1840 973 2072 1022 inquantum
2100 979 2314 1021 praestatur
2338 971 2500 1008 totaliter
2518 971 2574 1008 in-

2598 739 2640 758 an.
2656 735 2678 757 6.

1493 1025 1638 1073 digno.
1659 1027 1707 1063 Et
1726 1025 1814 1063 ideo
1835 1038 1881 1062 ex
1901 1027 1977 1063 hoc
1996 1025 2168 1075 sequitur
2187 1025 2312 1062 maior
2330 1024 2572 1073 ingratitudo.

1191 1319 1512 1362 ARTICULUS
1541 1319 1773 1361 TERTIUS

563 1419 721 1449 UTRUM
744 1418 827 1448 PER
850 1415 1237 1447 INGRATITUDINEM
1260 1414 1450 1445 PECCATI
1474 1414 1717 1452 SEQUENTIS
1741 1414 2009 1446 CONSURGAT
2034 1414 2211 1446 TANTUS
2234 1414 2408 1445 REATUS

896 1460 1105 1499 QUANTUS
1129 1459 1305 1491 FUERAT
1328 1458 1634 1490 PECCATORUM
1656 1459 1779 1490 PRIUS
1803 1458 2072 1490 DIMISSORUM

1179 1539 1212 1563 lV
1233 1538 1316 1567 Sent„
1337 1538 1395 1563 dist.
1414 1545 1473 1569 xxn,
1493 1545 1537 1570 qu.
1555 1545 1573 1567 1¹
1593 1543 1639 1563 art.
1661 1545 1684 1569 2,
1704 1538 1754 1570 qu⁸¹¹
1775 1537 1799 1563 3.

448 1646 457 1654 ‹
479 1641 487 1656 ι
509 1660 516 1670 .
541 1646 562 1660 7*
605 1636 626 1660 D
653 1634 812 1660 TERTIUM
832 1633 884 1658 SIC
904 1632 1140 1657 PROCEmTUR.
1170 1619 1331 1656 Videtur
1351 1618 1457 1667 quod

462 1674 469 1682 ⁶
605 1673 994 1725 peringratitudinem
1004 1672 1150 1722 peccati
1165 1671 1359 1721 sequentis
1369 1683 1458 1708 con-

576 1728 593 1755 fi
606 1736 733 1777 surgat
753 1735 880 1765 tantus
900 1734 1026 1763 reatus
1046 1733 1213 1775 quantus
1232 1725 1354 1761 fuerat
1373 1736 1458 1773 pec-

607 1789 782 1819 catorum
801 1780 907 1830 prius
923 1779 1184 1817 dimissorum.
1206 1777 1310 1825 Quia
1325 1789 1459 1814 secun-

395 1837 492 1874 dum
520 1834 824 1883 magnitudinem
845 1833 990 1883 peccati
1018 1840 1072 1869 est
1098 1831 1323 1880 magnitudo
1343 1830 1459 1867 bene-

394 1889 472 1926 ficii
500 1901 579 1938 quo
605 1895 808 1937 peccatum
828 1886 1046 1931 remittitur3
1077 1894 1112 1922 et
1130 1897 1200 1934 per
1218 1895 1460 1933 consequens

395 1942 619 1990 magnitudo
639 1940 916 1989 ingratitudinis
936 1952 1013 1988 qua
1032 1940 1108 1975 hoc
1121 1936 1354 1974 beneficium
1371 1948 1459 1973 con-

394 1995 585 2032 temnitur.
630 1994 707 2031 Sed
744 1993 960 2030 secundum
988 1991 1239 2041 quantitatem
1267 1989 1460 2038 ingratitu-

395 2048 493 2085 dinis
517 2055 571 2084 est
590 2046 780 2096 quantitas
800 2054 925 2083 reatus
946 2043 1226 2093 consequentis.
1257 2044 1359 2090 Ergo
1379 2050 1460 2079 tan-

394 2110 455 2138 tus
474 2108 601 2138 reatus
622 2105 638 2121 α
667 2099 784 2147 surgit
807 2111 852 2135 ex
872 2097 1139 2146 ingratitudine
1160 2096 1354 2145 sequentis
1373 2107 1460 2144 pec—

394 2154 466 2192 cati
495 2161 662 2203 quantus
689 2152 757 2189 fuit
785 2159 911 2189 reatus
940 2151 1118 2188 omnium
1146 2148 1458 2199 praecedentium

394 2215 654 2258 peccatorum.

450 2273 483 2298 2.
504 2262 736 2306 PRAETEREA,
766 2258 887 2307 magis
914 2265 1046 2307 peccat
1065 2256 1133 2306 qui
1152 2255 1313 2294 offendit
1331 2257 1462 2292 Deum

395 2326 515 2364 quam
543 2313 611 2362 qui
639 2312 800 2349 offendit
828 2311 1041 2348 hominem.
1073 2310 1150 2348 Sed
1170 2322 1304 2347 servus
1324 2321 1462 2346 manu-

395 2367 535 2405 missus
570 2366 617 2403 ab
647 2365 775 2415 aliquo
805 2364 966 2402 domino
1002 2363 1196 2400 reducitur
1230 2362 1269 2399 in
1298 2362 1463 2399 eandem

395 2420 619 2458 servitutem
646 2431 668 2456 a
688 2431 766 2467 qua
784 2418 890 2467 prius
909 2417 1031 2454 suerat
1052 2416 1244 2463 liberatus,
1265 2417 1327 2452 vel
1348 2415 1463 2452 etiam

231 2513 251 2527 ,s
281 2486 328 2527 ‘in‘
360 2486 372 2518 ς
397 2474 436 2511 in
464 2472 682 2521 graviorem
700 2472 731 2508 ²¹⁶.
761 2472 863 2520 Ergo
883 2471 1006 2507 multo
1026 2469 1146 2518 magis
1166 2469 1226 2506 ille
1246 2469 1313 2518 qui
1332 2476 1464 2505 contra

248 2566 291 2581 ‚m
306 2549 334 2580 gn
349 2522 373 2580 ἰζ
398 2524 528 2564 Deum
555 2532 687 2575 peccat
714 2532 801 2574 post
828 2523 1094 2561 liberationem
1113 2535 1136 2559 a
1154 2529 1324 2571 peccato,
1353 2521 1463 2558 redu-

398 2580 496 2618 citur
523 2578 562 2615 in
589 2586 739 2615 tanturn
767 2585 918 2615 reatum
938 2588 1088 2626 poenae
1117 2582 1308 2624 quantum
1335 2574 1463 2624 primo

399 2633 598 2670 habuerat.

454 2686 487 2722 3.
509 2687 743 2730 PRAETEREA,
763 2685 899 2720 Matth.
919 2695 1001 2720 xvm
1019 2683 1040 2704 '¹‘
1068 2681 1204 2719 dieitur
1223 2681 1330 2731 quod
1350 2683 1465 2718 iratus

398 2739 570 2776 dominus
597 2738 746 2775 tradidit
773 2749 870 2782 eum,
900 2736 962 2773 cui
986 2735 1217 2785 replicantur
1234 2742 1391 2784 peccata
1410 2734 1465 2771 di-

399 2792 517 2829 missa
543 2799 702 2840 propter
729 2789 1051 2838 ingratitudinem,
1080 2790 1296 2834 tortoribus,
1327 2788 1465 2837 quoad-

399 2858 512 2894 usque
539 2845 706 2882 redderet
734 2845 946 2881 universum
975 2843 1145 2880 debitum.
1177 2841 1253 2878 Sed
1281 2842 1357 2878 hoc
1384 2853 1465 2878 non

399 2906 496 2936 esset
524 2898 596 2934 nisi
620 2904 866 2945 consurgeret
885 2908 931 2933 ex
950 2894 1217 2943 ingratitudine
1238 2902 1365 2931 tantus
1384 2906 1465 2931 rea-

399 2960 460 2989 tus
488 2959 655 3000 quantus
688 2950 757 2987 fuit
792 2949 971 2987 omnium
1005 2947 1299 2998 praeteritorum
1331 2959 1464 2997 pecca-

399 3013 540 3041 torum.
577 3005 678 3052 Ergo
708 3003 877 3053 aequalis
905 3010 1031 3039 reatus
1058 3013 1128 3051 per
1155 3000 1465 3050 ingratitudinem

402 3057 509 3094 redit.

456 3111 529 3147 SED
558 3122 702 3147 CONTRA
721 3121 786 3146 EST
814 3109 921 3158 quod
950 3108 1087 3145 dicitur
1114 3109 1314 3144 Deuteron.
1336 3120 1407 3144 xxv
1425 3106 1463 3144 *ε

401 3165 477 3199 Pro
496 3175 671 3199 mensura
685 3164 832 3212 peccati
858 3164 925 3198 erit
953 3168 986 3198 et
1008 3162 1214 3211 plagarum
1235 3161 1376 3197 modus.
1407 3161 1466 3197 Ex

404 3227 483 3264 quo
511 3223 613 3263 patet
641 3215 748 3264 quod
776 3227 822 3251 ex
850 3227 971 3264 parvo
991 3222 1148 3263 peccato
1172 3226 1253 3250 non
1272 3212 1467 3261 consurgit

404 3280 566 3315 magnus
594 3275 730 3304 reatuS.
770 3267 847 3304 Sed
875 3267 1110 3316 quandoque
1144 3268 1303 3304 mortale
1332 3278 1465 3315 pecca-

459 3396 486 3431 α)
507 3401 597 3422 tantus
615 3400 742 3422 reatus.-
761 3401 852 3422 tantus
870 3401 910 3422 est
929 3396 979 3431 (est
999 3400 1090 3422 tantus
1109 3397 1140 3431 P)
1159 3401 1251 3422 reatus
1268 3398 1314 3430 qui
1332 3398 1467 3423 editiones.

405 3434 455 3458 Pro
472 3433 569 3465 surgit,
588 3433 726 3465 consurgit
744 3433 826 3458 tertia.

460 3467 484 3502 β)
504 3475 586 3500 supra
606 3469 704 3493 dictum
724 3471 763 3493 est
781 3468 859 3500 quod.
877 3482 896 3486 —
914 3468 982 3493 sicut
1000 3475 1082 3500 supra
1102 3468 1200 3492 dictum
1221 3471 1260 3492 est
1278 3467 1360 3493 tertia.

1508 1625 1594 1655 tum
1622 1630 1789 1667 sequens
1817 1625 1873 1654 est
1901 1619 2024 1655 multo
2044 1617 2174 1654 minus
2202 1617 2375 1667 quolibet
2402 1626 2578 1668 peccato·

1510 1684 1599 1708 rum
1636 1671 1742 1720 prius
1775 1670 2037 1708 dimissorum.
2081 1672 2174 1708 Non
2210 1683 2300 1719 ergo
2339 1684 2386 1708 ex
2419 1679 2577 1721 peccato

1510 1724 1685 1774 sequenti
1713 1723 1809 1761 redit
1835 1732 1962 1761 tantus
1990 1731 2117 1761 reatus
2153 1732 2321 1774 quantus
2348 1724 2418 1762 fuit
2444 1736 2579 1774 pecca-

1510 1785 1641 1815 torum
1668 1777 1776 1827 prius
1804 1777 2067 1814 dimissorum.

1564 1833 1790 1868 RESPONDEO
1819 1843 2001 1868 ulcENDuM
2034 1831 2142 1880 quod
2174 1830 2331 1880 quidam
2353 1830 2373 1852 ²¹⁶
2401 1830 2580 1868 dixerunt
2605 1834 2648 1883 ἓξ

1511 1998 1760 2040 peccatorum
1779 1989 1885 2039 prius
1904 1989 2165 2037 dimissorum,
2187 2001 2304 2039 supra
2322 1997 2473 2026 reatum
2491 2002 2580 2039 pro·
2605 1973 2655 1990 ω’

1512 2044 1643 2093 prium
1671 2042 1788 2080 huius
1815 2042 1972 2092 peccati.
1993 2065 2018 2069 -
2039 2043 2115 2080 Sed
2135 2043 2211 2079 hoc
2234 2054 2315 2079 non
2334 2050 2390 2079 est
2411 2055 2579 2080 necesse.

1514 2097 1618 2144 Quia
1645 2108 1762 2145 supra
1784 2096 1804 2118 '¹‘
1832 2095 1978 2133 dictum
2006 2103 2062 2133 est
2099 2094 2241 2145 quodss
2268 2103 2395 2133 reatus
2426 2107 2581 2145 praece·
2608 2103 2720 2126 'Artu-

1513 2150 1689 2188 dentium
1717 2156 1966 2199 peccatorum
1994 2161 2075 2186 non
2094 2148 2190 2186 redit
2217 2160 2287 2198 per
2304 2157 2507 2198 peccatum
2527 2161 2582 2186 se·
2707 2130 2724 2165 β

1513 2216 1637 2253 quens
1665 2203 1898 2252 inquantum
1926 2202 2159 2251 sequebatur
2187 2214 2234 2239 ex
2252 2201 2399 2239 actibus
2426 2214 2582 2252 praece·
2702 2203 2704 2206 ’

1514 2256 1688 2294 dentium
1716 2263 1976 2305 peccatorum,
1997 2255 2064 2292 sed
2083 2255 2315 2304 inquantum
2335 2255 2583 2304 consequitur

1514 2318 1645 2348 actum
1682 2308 1876 2358 sequentis
1912 2308 2068 2358 peccati.
2116 2309 2164 2345 Et
2200 2307 2251 2345 ita
2287 2315 2439 2357 oportet
2474 2308 2583 2357 quod

1514 2362 1705 2412 quantitas
1733 2370 1860 2399 reatus
1889 2361 2083 2398 redeuntis
2111 2361 2157 2398 sit
2185 2362 2403 2399 secundum
2421 2361 2583 2410 gravita-

1514 2425 1594 2454 tem
1612 2415 1758 2465 peccati
1777 2414 2055 2464 subsequentis.
2076 2415 2205 2451 Potest
2219 2422 2347 2452 autem
2364 2415 2583 2463 contingere

1516 2469 1623 2519 quod
1651 2468 1814 2517 gravitas
1832 2467 1979 2517 peccati
1997 2467 2267 2516 subsequentis
2295 2467 2486 2517 adaequat
2503 2479 2584 2516 gra-

1515 2522 1673 2560 vitatem
1698 2527 1714 2550 Υ
1752 2521 1931 2558 omnium
1963 2520 2278 2570 praecedentium
2315 2528 2581 2570 peccatorum:
2708 2527 2726 2554 't

1517 2576 1584 2612 sed
1604 2576 1680 2612 hoc
1707 2587 1787 2611 non
1816 2586 1969 2623 semper
1997 2582 2052 2610 est
2077 2586 2246 2620 necesse,
2267 2573 2347 2611 sive
2375 2574 2585 2623 loquamur

1516 2629 1565 2666 de
1584 2628 1764 2677 gravitate
1785 2627 1868 2664 eius
1887 2639 2007 2676 quam
2035 2627 2151 2664 habet
2170 2639 2215 2663 ex
2235 2639 2306 2664 sua
2333 2626 2471 2676 specie,
2492 2638 2581 2664 cum

1517 2682 1754 2731 quandoque
1782 2688 1985 2730 peccatum
2013 2692 2179 2729 sequens
2207 2679 2253 2717 sit
2280 2679 2442 2729 simplex
2467 2679 2584 2717 forni-

1517 2734 1631 2781 catio,
1660 2741 1816 2784 peccata
1843 2745 1936 2770 vero
1965 2733 2167 2782 praeterita
2193 2733 2348 2770 suerunt
2375 2731 2584 2770 homicidia

1516 2789 1577 2825 vel
1606 2787 1791 2825 adulteria
1814 2799 1883 2823 seu
1902 2786 2113 2834 sacrilegia;
2143 2785 2223 2823 sive
2243 2786 2358 2823 etiam
2377 2786 2585 2834 loquamur

1517 2841 1566 2878 de
1585 2841 1766 2889 gravitate
1795 2851 1915 2889 quam
1934 2840 2050 2876 habet
2069 2851 2116 2876 ex
2134 2838 2401 2887 ingratitudine
2421 2849 2581 2875 annexa.

1518 2895 1612 2931 Non
1639 2893 1745 2931 enim
1774 2900 1924 2942 oportet
1952 2892 2061 2942 quod
2088 2891 2279 2941 quantitas
2306 2890 2584 2939 ingratitudinis

1519 2947 1565 2984 sit
1593 2947 1766 2984 absolute
1795 2945 1965 2995 aequalis
1985 2944 2184 2995 quantitati
2208 2943 2386 2982 beneficii
2406 2943 2582 2993 suscepti,

1519 3000 1629 3038 cuius
1657 2999 1847 3049 quantitas
1875 2998 2080 3036 attenditur
2099 2997 2314 3035 secundum
2333 2996 2583 3045 quantitatem

1517 3061 1767 3103 peccatorum
1804 3051 1911 3101 prius
1947 3050 2207 3088 dimissorum.
2251 3049 2446 3098 Contingit
2480 3049 2583 3087 enim

1519 3106 1628 3156 quod
1655 3113 1789 3143 contra
1815 3105 1921 3142 idem
1939 3103 2175 3142 beneficium
2202 3114 2305 3140 unus
2333 3110 2388 3140 est
2415 3103 2584 3140 multum

1519 3159 1699 3208 ingratus,
1728 3159 1790 3195 vel
1818 3157 2033 3194 secundum
2061 3155 2317 3192 intensionem
2341 3162 2584 3205 contemptus

1519 3210 1708 3258 beneficii,
1728 3211 1791 3247 vel
1810 3209 2026 3247 secundum
2044 3208 2267 3257 gravitatem
2288 3209 2423 3258 culpae
2452 3216 2584 3246 contra

1519 3264 1804 3302 benefactorem
1839 3261 2086 3307 commissae;
2130 3261 2225 3298 alius
2263 3269 2394 3298 autem
2421 3273 2583 3311 parum,

1573 3397 1601 3430 γ)
1618 3396 1754 3428 adaequat
1765 3395 1937 3429 gravitatem.
1949 3408 1968 3413 -
1979 3394 2149 3427 adaequatur
2162 3394 2339 3428 (adaequetur
2352 3393 2382 3429 Ρ)
2395 3395 2528 3428 gravitati
2541 3395 2585 3421 Pe.

1522 3431 1560 3457 Cf.
1579 3431 1684 3456 inferius
1704 3436 1728 3456 et
1747 3439 1792 3463 qu.
1811 3438 1846 3455 vu
1865 3435 1912 3456 art.
1933 3436 1961 3454 ιι
1983 3428 2009 3455 λ.
2570 3441 2572 3443 -

2545 728 2571 734 -
2598 711 2608 721 ·
2624 709 2747 736 Ct.qu.1.x
2764 715 2804 730 xv

2681 1840 2696 1857 ο
2703 1840 2718 1856 ι
2723 1833 2823 1860 S.Vict.,

2668 1866 2759 1883 mam.
2778 1860 2819 1882 lib.

1511 1884 1619 1934 quod
1639 1897 1686 1921 ex
1699 1891 1856 1933 peccato
1872 1883 2059 1933 sequenti,
2079 1891 2237 1933 propter
2254 1883 2577 1932 ingratitudinem,
2605 1888 2820 1937 ghffiggvffirg}

1511 1936 1706 1985 consurgit
1719 1944 1846 1974 tantus
1861 1944 1987 1974 reatus
1998 1944 2165 1986 quantus
2179 1936 2248 1973 fuit
2262 1944 2388 1974 reatus
2399 1936 2579 1974 omnium
2606 1941 2636 1963 ὰ
2649 1940 2753 1967 Mu
2768 1946 2820 1968 0¹⁹·
