2878 4088
477 213 561 238 XXIV

534 279 623 316 Ibid.‚
640 280 674 310 in
698 288 803 319 corp.:
832 290 846 306 ‹
866 278 980 309 dicitur
997 279 1082 309 enim
1105 283 1345 309 monumentum
1363 278 1452 318 quasi
1476 286 1542 307 mo-

480 335 559 356 nens
582 329 727 360 mentem,
744 329 780 354 ut
803 322 879 354 dicit
901 324 1099 364 Augustinus
1122 324 1156 353 in
1178 322 1233 352 lib.
1250 322 1288 352 de
1314 322 1406 352 Civit.
1423 321 1494 356 Dei,
1513 325 1544 350 et

480 371 513 400 in
536 370 590 400 lib.
608 368 647 399 de
672 368 762 398 Cura
778 377 844 408 pro
876 368 1012 398 mortuis
1036 367 1164 409 agenda
1184 380 1210 396 ».
1242 366 1328 396 Nihil
1358 364 1543 396 huiusmodi

480 415 513 444 in
536 414 590 444 lib.
607 413 646 444 de
664 412 757 443 Civit.
774 412 846 448 Dei,
864 413 922 442 etsi
944 413 1096 442 habeatur
1111 412 1144 441 in
1168 420 1236 450 cap.
1253 421 1283 440 xv
1299 410 1368 440 libri
1389 409 1428 439 de
1453 409 1542 438 Cura

479 457 624 500 gerenda
641 467 708 498 pro
732 457 878 487 mortuis.

537 502 598 540 Qu.
621 511 715 537 Lxxn,
736 507 792 531 art.
822 508 847 531 1.
880 501 915 531 In
939 501 1041 540 capite
1064 498 1199 532 articuli,
1226 497 1278 527 11⁰
1301 497 1390 532 IIa‘,
1414 505 1465 536 qu.
1490 500 1539 530 IV,

482 551 544 578 art.
560 555 588 582 2,
606 546 779 586 corrigatur
803 545 835 575 in
859 544 913 575 II¹²
936 544 1016 579 Hae,
1041 552 1092 583 qu.
1110 547 1234 576 Lxxxm,
1252 545 1314 570 art.
1330 545 1368 576 4,
1386 540 1429 570 ad
1450 547 1478 569 2.
1520 582 1525 588 Π

536 591 597 628 Qu.
614 599 718 626 Lxxm,
736 595 790 620 art.
813 597 838 625 1,
856 598 918 628 arg.
936 587 998 618 Sed
1013 591 1097 617 cont.
1116 595 1152 615 2:
1182 598 1195 611 «
1215 585 1432 624 Hieronymus
1448 586 1541 622 pomt

482 634 665 675 quindecim
682 635 770 673 signa
786 632 1006 673 praecedentia
1029 630 1182 660 iudicium
1203 641 1216 655 »
1240 634 1298 657 etc.
1325 627 1355 657 S.
1372 628 1541 657 Bonaven-

480 684 560 715 tura,
578 679 620 709 IV
637 678 733 714 Sent.,
751 677 820 707 dist.
838 686 941 712 XLV111,
959 675 1034 705 dub.
1054 674 1082 710 3,
1100 672 1210 703 eadem
1232 681 1313 711 quae
1337 671 1368 701 S.
1385 671 1540 706 Thomas,

480 723 590 754 refert:
607 722 786 752 Dicendum
809 721 922 760 inquit,
939 719 1025 759 quod
1048 718 1092 747 ita
1116 715 1280 747 consuevit
1304 715 1433 756 referri,
1453 714 1541 755 quod

475 768 586 808 primo
611 766 661 796 die
684 771 742 796 etc.
1294 803 1300 809 ι
1339 803 1344 809 .
1384 803 1390 809 .

535 811 566 841 S.
583 811 693 841 Petrus
716 809 900 842 Damianus,
918 807 1037 846 Opusc.
1055 805 1135 840 LIX,
1151 804 1190 834 de
1212 803 1405 833 Novzsszmzs
1421 808 1452 833 et
1474 804 1540 833 An-

481 855 633 890 tichristo,
652 863 719 893 cap.
737 863 776 888 ιν,
801 853 878 882 haec
903 850 1086 890 quindecim
1109 849 1197 888 signa
1220 848 1322 887 ponit,
1340 847 1481 887 dicitque
1505 857 1539 878 se

481 899 625 930 didicisse
649 907 685 928 ea
706 897 744 926 B.
761 896 1001 935 Hieronymum
1021 893 1200 934 referre
1224 891 1297 927 Res,
1315 901 1405 933 ergo,
1423 892 1538 932 inquit,

479 944 562 974 sicut
584 942 627 972 ad
650 951 708 971 nos
724 940 881 980 pervenit,
898 938 993 968 huius
1022 937 1109 977 stylo
1133 946 1167 966 se
1189 936 1377 976 simpliciter
1400 937 1539 973 inserat,

480 992 515 1017 ut
537 986 675 1026 antiquis
699 985 793 1015 etiam
816 983 1041 1013 Hebraeorum
1058 980 1200 1020 populis,
1226 981 1282 1021 qui
1304 980 1406 1011 divini
1429 981 1541 1011 iudicii

479 1036 586 1061 terror
605 1029 783 1063 increverit,
802 1037 842 1057 ex
858 1036 968 1056 eorum
979 1025 1114 1066 paginis
1133 1025 1320 1055 innotescat.
1345 1025 1456 1055 Petrus
1473 1025 1539 1056 Co-

477 1080 605 1109 mestor‚
621 1073 707 1103 Hist.
725 1072 880 1102 Scholast.
898 1070 929 1100 in
953 1070 1092 1110 Evang.,
1115 1078 1183 1109 cap.
1201 1079 1286 1099 cxm:
1311 1068 1539 1110 Hieronymus

477 1123 592 1153 autem,
609 1117 660 1152 ait,
678 1117 710 1146 in
734 1115 912 1146 Annalibus
934 1114 1162 1144 Hebraeorum
1184 1114 1305 1144 invenit
1326 1113 1423 1154 signa
1446 1115 1539 1154 quin-

476 1162 575 1192 decim
599 1161 723 1191 dierum
739 1164 813 1191 ante
836 1158 919 1189 diem
936 1158 1055 1188 iudicii.
1081 1158 1143 1188 Sed
1159 1158 1248 1198 signa
1269 1167 1286 1188 a
1304 1157 1399 1188 Petro
1418 1157 1539 1188 Come-

476 1212 559 1237 store
570 1206 660 1235 allata
670 1214 736 1234 non
750 1203 945 1233 conveniunt
955 1202 1063 1242 quoad
1075 1203 1182 1232 omnia
1195 1212 1270 1232 curn
1280 1202 1318 1232 iis
1330 1211 1347 1231 a
1358 1202 1397 1232 D.
1409 1202 1536 1233 Thoma

475 1256 548 1291 post
572 1250 602 1280 S.
626 1250 754 1279 Petrum
779 1248 970 1277 Damianum
995 1247 1083 1277 datis.
1108 1247 1253 1287 Lyranus
1277 1246 1382 1277 Gloss.
1400 1247 1433 1276 in
1457 1247 1536 1278 Luc.

476 1304 543 1334 cap.
561 1304 621 1330 xm,
639 1303 718 1323 vers.
730 1292 839 1322 Erunt
860 1292 956 1333 signa
981 1296 1051 1327 etc„
1071 1291 1201 1321 Petrum
1221 1291 1447 1322 Comestorem
1464 1292 1538 1322 citat

476 1345 506 1369 et
529 1339 688 1378 sequitur,
716 1336 900 1376 quindecim
928 1336 966 1366 ab
990 1337 1061 1376 ipso
1094 1335 1231 1366 indicata
1258 1336 1347 1376 signa
1376 1335 1536 1373 referens,

475 1384 776 1423 Hieronymumque
800 1386 963 1410 auctorem
987 1381 1168 1410 nominans.

530 1427 590 1464 Qu.
608 1436 708 1461 Lxx1v‚
727 1430 781 1455 art.
798 1435 829 1464 4,
847 1424 885 1455 ad
906 1433 916 1454 1
932 1435 939 1454 τ
968 1438 982 1451 «
1001 1426 1083 1455 sicut
1098 1424 1297 1464 Augustinus
1321 1424 1407 1460 dicit,
1423 1425 1483 1454 XX
1499 1424 1538 1455 de

477 1472 569 1501 Civit.
586 1471 656 1506 Dei,
674 1470 768 1500 verba
791 1470 844 1499 illa
867 1469 983 1499 Psalmi
1008 1468 1071 1511 (Ps.
1090 1479 1129 1505 CI,
1146 1479 1225 1499 verS.
1246 1469 1297 1505 26,
1317 1469 1372 1509 27)
1393 1475 1466 1499 sunt
1490 1470 1538 1499 in-

473 1514 642 1555 telligenda
665 1514 704 1544 de
727 1514 825 1544 caelis
848 1514 946 1544 aeriis
964 1527 992 1543 ».

529 1560 563 1590 In
579 1560 660 1589 libro
673 1559 779 1594 citato,
793 1568 861 1598 cap.
874 1568 960 1593 xvm,
974 1558 1172 1597 Augustinus
1188 1557 1351 1588 Psalmum
1367 1567 1435 1588 non
1452 1558 1536 1594 citat,

474 1603 528 1634 sed
553 1613 715 1644 exponens
738 1603 832 1633 verba
856 1602 887 1633 S.
904 1602 997 1638 Petri,
1010 1602 1111 1642 Epist.
1136 1602 1172 1638 II,
1198 1612 1267 1642 cap.
1283 1613 1327 1638 111,
1348 1612 1428 1633 vers.
1455 1603 1484 1639 5,
1506 1603 1536 1639 6,

474 1648 563 1679 dicit:
589 1649 673 1678 Nam
697 1652 727 1678 et
750 1648 806 1677 illo
831 1652 972 1687 tempore
995 1647 1133 1687 periisse
1156 1647 1252 1682 dixit,
1277 1647 1333 1687 qui
1356 1652 1432 1677 tunc
1455 1653 1535 1684 erat,

474 1693 646 1723 mundum:
669 1702 726 1722 nec
748 1693 853 1722 solum
878 1691 984 1722 orbem
1009 1696 1132 1727 terrae,
1157 1701 1268 1722 verum
1292 1692 1388 1722 etiam
1412 1693 1536 1729 caelos,

473 1747 553 1778 quos
569 1738 677 1777 utique
692 1737 770 1767 istos
792 1737 900 1767 aerios
924 1736 1134 1777 intelligimus
1140 1742 1154 1773 ,⁶
1177 1741 1208 1766 et
1229 1735 1310 1766 infra
1333 1737 1385 1772 ait,
1403 1736 1537 1767 Sanctos

472 1783 505 1812 in
522 1781 769 1821 conflagratione
792 1780 905 1811 mundi
919 1781 1058 1822 futuros
1082 1790 1148 1811 esse
1170 1781 1202 1811 in
1225 1781 1447 1820 superioribus
1456 1791 1537 1822 par-

474 1827 564 1862 tibus,
581 1836 643 1866 quo
669 1836 732 1856 non
758 1826 802 1862 ita
826 1825 974 1856 ascendet
987 1826 1127 1865 flamma
1152 1825 1240 1855 illius
1263 1825 1412 1862 incendii,
1430 1836 1537 1867 quem-

473 1871 644 1901 admodum
661 1880 718 1901 nec
735 1870 821 1900 unda
837 1870 959 1900 diluvii.
985 1869 1046 1900 Sed
1061 1880 1129 1910 cap.
1146 1879 1219 1900 xxrv
1236 1869 1379 1900 eiusdem
1396 1871 1449 1901 lib.
1466 1871 1535 1908 XX,

473 1915 566 1945 simili
582 1914 681 1945 modo
699 1915 729 1945 S.
746 1915 829 1945 Petri
846 1915 939 1945 verba
956 1915 1097 1954 exponit,
1115 1915 1210 1945 citato
1229 1914 1346 1945 Psalmi
1362 1915 1446 1946 illius
1461 1915 1537 1946 loco

473 1959 512 1990 de
537 1969 602 1999 quo
627 1960 738 1999 agitur,
763 1960 820 1990 etsi
844 1960 1045 1999 expressione
1076 1959 1174 1990 caelis
1197 1959 1302 1990 aereis
1329 1969 1397 1990 non
1419 1965 1536 1991 utatur.

527 2003 616 2040 Ibid.‚
633 2009 689 2034 art.
713 2014 744 2043 7,
761 2013 824 2043 arg.
849 2003 912 2034 Sed
934 2009 1018 2034 cont.
1039 2013 1073 2034 2:
1102 2017 1116 2031 ‹
1137 2003 1222 2034 Cum
1246 2009 1354 2034 tamen
1378 2005 1410 2034 in
1435 2005 1537 2035 littera

473 2047 594 2078 dicatur
617 2057 654 2078 ex
677 2048 779 2078 verbis
802 2049 991 2088 Augustini,
1018 2047 1108 2088 quod
1124 2058 1188 2089 per
1211 2049 1302 2080 illum
1327 2049 1436 2090 ignem
1454 2059 1536 2090 pur—

470 2093 603 2133 gabitur
624 2093 653 2123 si
675 2092 752 2133 quid
775 2093 807 2123 in
832 2093 991 2133 aliquibus
1006 2093 1048 2123 sit
1064 2093 1277 2134 purgandum
1298 2106 1324 2123 ι».
1350 2093 1536 2133 Magistrum

472 2138 581 2167 citasse
597 2137 814 2176 Augustinum
834 2137 942 2177 quoad
958 2147 1087 2168 sensum
1104 2143 1227 2168 tantum
1245 2143 1378 2168 constat.
1403 2139 1486 2169 Nam
1503 2140 1536 2169 in

470 2181 524 2211 lib.
541 2181 614 2211 XVI
638 2181 677 2212 de
702 2182 795 2212 Civit.
812 2182 883 2218 Dei,
902 2191 970 2222 cap.
994 2192 1076 2218 xxiv,
1101 2181 1139 2212 ad
1164 2192 1261 2222 quem
1286 2182 1397 2213 locum
1420 2183 1536 2214 referre

470 2225 594 2255 videtur
618 2226 775 2266 Magister,
793 2226 869 2257 dicit
891 2227 1099 2267 AugustinuS,
1122 2227 1228 2266 quod:
1252 2227 1460 2268 significatur
1475 2229 1536 2258 isto

472 2270 547 2311 igne
562 2268 633 2311 (qui
648 2280 765 2311 nempe
781 2271 926 2301 Abrahae
942 2272 1098 2312 apparuit,
1118 2271 1196 2302 Gen.
1213 2282 1264 2308 xv,
1285 2271 1338 2312 17)
1363 2272 1430 2302 dies
1453 2272 1536 2303 iudi-

471 2315 513 2345 cii
535 2314 688 2346 dirimens
711 2316 860 2346 carnales
870 2325 933 2356 per
955 2316 1063 2358 ignem
1078 2316 1262 2352 salvandos,
1280 2322 1312 2347 et
1329 2317 1362 2346 in
1380 2317 1457 2358 igne
1479 2317 1536 2348 da-

471 2359 637 2389 mnandos.

528 2403 616 2439 Ibid.‚
634 2409 689 2434 art.
707 2413 737 2443 9,
755 2412 818 2443 arg.
839 2411 849 2433 1
866 2414 873 2434 z
897 2416 910 2429 «
931 2403 1015 2441 Quia
1032 2404 1167 2435 Malach.
1179 2414 1223 2440 m,
1237 2414 1334 2445 super
1348 2405 1437 2442 illud,
1454 2406 1537 2436 Pur-

469 2448 560 2488 gabit
571 2448 666 2488 filios
689 2448 775 2483 Levi,
793 2447 868 2478 dicit
893 2447 1023 2478 Glossa:
1052 2449 1146 2479 Duos
1170 2449 1262 2490 ignes
1285 2450 1424 2491 legimus
1437 2451 1536 2492 sutu-

472 2499 546 2522 ros:
570 2502 667 2522 unum
692 2502 754 2532 quo
771 2493 931 2533 purgabit
953 2493 1085 2530 electos,
1112 2498 1143 2524 et
1163 2494 1338 2534 praecedet
1360 2494 1537 2533 iudicium;

471 2536 608 2566 alterum
632 2536 687 2576 qui
719 2537 872 2576 reprobos
904 2538 1060 2568 cruciabit
1078 2551 1105 2568 ».
1140 2537 1254 2568 Glossa
1277 2539 1329 2569 hic
1362 2540 1466 2579 posita
1490 2545 1537 2570 est

472 2580 637 2610 Ordinaria
654 2580 765 2616 Strabi,
781 2581 815 2610 in
831 2581 843 2611 I
859 2581 902 2611 ad
920 2581 1006 2618 Cor„
1020 2592 1099 2612 vers.
1118 2582 1166 2618 13,
1180 2583 1236 2613 ubi
1253 2588 1283 2613 et
1299 2593 1316 2613 a
1338 2583 1535 2620 Lombardo,

471 2625 581 2664 paucis
603 2626 733 2655 mutatis
747 2649 754 2661 ,
778 2625 920 2656 refertur.
956 2625 986 2656 S.
1003 2626 1228 2658 Bonaventura
1251 2637 1346 2664 vero,
1372 2628 1415 2658 IV
1431 2628 1535 2665 Sent.,

472 2668 541 2699 dist.
559 2679 651 2704 XLvn,
665 2674 719 2699 art.
735 2679 764 2705 2,
782 2679 836 2709 qu.
853 2678 884 2709 4,
897 2669 984 2700 illam
1000 2680 1095 2711 super
1111 2671 1286 2702 Malachiae
1301 2682 1346 2709 111,
1364 2682 1432 2703 esse
1449 2672 1534 2704 dicit.

525 2713 586 2751 Qu.
603 2723 704 2749 Lxxw,
722 2719 777 2743 art.
797 2723 825 2750 2,
842 2714 875 2744 in
895 2724 1000 2755 corp.:
1029 2728 1042 2742 «
1062 2716 1242 2746 innituntur
1258 2718 1438 2748 auctoritati
1456 2717 1535 2748 Gre—

470 2758 550 2796 gorii
574 2756 721 2794 dicentis,
747 2758 835 2798 quod
866 2759 972 2789 tubam
1004 2769 1123 2790 sonare
1147 2761 1228 2791 nihil
1250 2762 1342 2792 aliud
1369 2766 1416 2792 est
1437 2772 1534 2803 quam

469 2801 544 2831 huic
566 2801 695 2837 mundo,
714 2807 750 2832 ut
772 2802 917 2839 iudicem,
934 2804 1054 2834 Filium
1077 2805 1301 2836 demonstrare
1320 2819 1347 2836 ».
1373 2806 1408 2836 In
1433 2806 1535 2838 Com-

470 2850 568 2875 ment.
586 2855 681 2885 super
704 2846 729 2876 II
754 2846 796 2876 ad
822 2847 909 2884 Cor„
926 2858 994 2888 cap.
1011 2859 1062 2885 xv,
1078 2859 1158 2880 vers.
1184 2850 1235 2886 53,
1253 2850 1285 2881 S.
1302 2850 1447 2881 Thomas
1471 2852 1532 2882 ait:

470 2889 649 2920 Secundum
666 2891 752 2931 quod
770 2891 847 2921 dicit
864 2892 1054 2934 Gregorius,
1072 2894 1146 2924 tuba
1163 2894 1244 2924 nihil
1262 2895 1354 2925 aliud
1369 2905 1437 2926 esse
1452 2896 1535 2926 desi-

468 2939 551 2975 gnat
581 2944 676 2975 quam
703 2936 922 2975 praesentiam
962 2937 1082 2968 Christi
1121 2939 1241 2969 mundo
1282 2940 1532 2981 manifestatam.

470 2979 506 3008 B.
523 2979 680 3015 Albertus‚
698 2979 740 3010 IV
757 2980 853 3016 Sent.,
867 2981 936 3011 dist.
953 2992 1037 3018 me,
1050 2987 1105 3012 art.
1122 2993 1154 3023 4,
1172 2983 1312 3020 Videtur,
1325 2985 1440 3024 inquit,
1457 2994 1534 3015 con-

469 3023 667 3053 sentiendum
701 3023 863 3065 Gregorio
893 3025 1028 3062 dicenti,
1054 3027 1141 3067 quod
1169 3028 1276 3058 tubam
1305 3038 1425 3059 sonare
1453 3030 1535 3060 nihil

470 3067 560 3097 aliud
583 3072 638 3103 est,
655 3077 750 3108 quam
773 3069 903 3105 mundo,
928 3075 963 3100 ut
986 3071 1130 3107 iudicem,
1155 3072 1274 3102 Filium
1298 3073 1531 3104 demonstrare.

471 3110 520 3141 Cf.
537 3111 573 3141 B.
591 3111 720 3142 Petrum
731 3112 905 3150 Tarantas„
917 3114 960 3144 IV
971 3114 1068 3151 Sent.,
1082 3115 1152 3146 dist.
1165 3126 1249 3152 nm,
1262 3122 1317 3147 art.
1330 3127 1362 3157 4,
1375 3118 1431 3158 qui
1446 3117 1532 3149 idem

471 3154 616 3194 Gregorii
639 3165 706 3186 esse
730 3156 814 3187 dicit.

524 3199 585 3236 Qu.
609 3209 726 3236 Lxxvn,
751 3206 806 3231 art.
835 3209 868 3237 1,
892 3202 926 3232 in
950 3212 1055 3243 corp.:
1083 3216 1097 3230 ‹
1118 3203 1190 3234 Sive
1213 3211 1372 3244 ponerent
1393 3205 1532 3237 reditum

471 3243 593 3273 animae
617 3244 655 3274 ad
678 3244 764 3274 idem
789 3254 905 3285 corpus
928 3247 961 3276 in
984 3246 1048 3277 fine
1072 3248 1184 3289 magni
1203 3249 1291 3285 anni,
1308 3255 1345 3280 ut
1367 3250 1531 3290 Empedo—

471 3286 533 3316 cles
553 3299 580 3316 ».
603 3287 685 3318 Vide
712 3288 918 3328 Empedoclis
944 3290 1098 3321 Carmina
1124 3302 1141 3322 e
1163 3293 1274 3323 Primo
1297 3294 1530 3334 Physicorum,

469 3339 548 3360 verS.
577 3331 743 3371 154-158,
768 3332 854 3372 apud
884 3333 1110 3371 Mullachium,
1141 3336 1275 3378 Fragm.
1306 3338 1530 3379 Philosophor.

473 3374 585 3404 Graec.
608 3375 681 3405 Vol.
706 3375 717 3405 I
743 3376 874 3415 (Didot.
899 3377 980 3408 1883
992 3378 1016 3417 ).
1044 3379 1152 3409 Locus
1180 3380 1238 3411 iste
1263 3382 1376 3412 citatur
1399 3383 1437 3412 ab
1460 3383 1532 3413 Ari-

470 3418 583 3447 stotele
605 3418 677 3448 VIII
692 3419 831 3459 physic„
856 3430 925 3460 cap.
942 3430 963 3457 1,
985 3431 1017 3452 n.
1043 3431 1078 3452 2:
1103 3433 1127 3453 s.
1144 3423 1206 3454 Th.
1230 3425 1302 3455 lect.
1318 3435 1339 3456 1.
1363 3426 1412 3456 De
1435 3428 1531 3457 Anno

470 3463 596 3502 Magno
621 3461 690 3492 fuse
712 3467 822 3493 tractat
837 3464 874 3494 B.
891 3465 1049 3501 Albertus‚
1066 3466 1108 3496 IV
1125 3466 1221 3503 Sent.,
1239 3468 1308 3499 dist.
1325 3479 1409 3506 nm,
1426 3475 1482 3501 art.
1499 3481 1530 3510 7.

525 3505 586 3543 Qu.
614 3514 739 3542 Lxxvm,
764 3513 819 3537 art.
846 3517 875 3544 2,
900 3517 963 3548 arg.
989 3509 1051 3539 Sed
1074 3515 1160 3540 cont.
1187 3519 1220 3541 1:
1249 3524 1262 3539 ι
1282 3512 1358 3543 dicit
1380 3513 1529 3554 Haymo:

472 3549 591 3580 Omnes
621 3550 655 3580 in
686 3551 843 3592 originali
861 3558 993 3592 peccato
1018 3558 1111 3584 natos
1135 3559 1219 3585 tenet
1249 3556 1328 3586 haec
1356 3558 1530 3594 sententia,

1602 276 1704 305 Terra
1721 284 1762 309 es,
1777 279 1807 303 et
1820 273 1852 303 in
1866 278 1987 303 terram
2000 273 2059 304 ibis
2073 286 2101 304 ².
2118 274 2155 304 B.
2168 274 2318 306 Albertus
2330 275 2374 306 IV
2385 275 2483 313 Sent.,
2497 276 2567 307 dist.
2579 287 2664 313 nm,

1598 325 1652 349 art.
1672 328 1723 354 22,
1740 317 1826 348 idem
1842 317 2008 358 Haymoni
2024 317 2181 348 adscribit.
2202 318 2332 359 Haymo
2349 324 2468 356 autem,
2484 320 2664 351 Comment.

1596 372 1695 402 super
1708 361 1768 401 Ep.
1786 361 1829 391 ad
1843 361 1947 397 Rom„
1965 370 2034 401 cap.
2051 371 2081 397 v,
2097 371 2178 392 νει-3.
2196 369 2246 398 10,
2263 364 2308 393 sic
2324 362 2415 393 dicit:
2435 365 2554 396 meruit
2567 365 2664 395 homo

1596 406 1720 441 audire,
1745 418 1758 431 «
1777 406 1878 435 Terra
1895 415 1937 441 es,
1949 410 1980 435 et
1995 405 2027 435 in
2046 410 2167 436 terram
2184 406 2243 436 ibis
2257 419 2285 442 ›,
2301 407 2363 437 hoc
2378 412 2433 443 est,
2449 409 2550 439 Totus
2565 413 2665 440 terre-

1596 459 1657 480 nus
1680 450 1811 490 effectus
1834 459 1875 484 es,
1893 454 1924 479 et
1947 449 2068 480 idcirco
2094 450 2264 480 morieris:
2287 456 2318 481 et
2340 450 2432 487 infra,
2450 452 2490 483 ad
2512 462 2594 483 vers.
2614 453 2665 490 15,

1596 494 1739 533 loquitur
1756 493 1794 523 de
1812 493 1869 523 illo
1887 498 2022 533 peccato
2041 494 2199 535 originali
2215 500 2355 535 propter
2369 495 2456 536 quod
2478 496 2512 526 in
2528 502 2666 528 mortem

1596 538 1724 568 animae
1748 542 1779 567 et
1801 538 1949 578 corporis
1973 538 2107 568 ruimus.

1651 581 1712 619 Qu.
1729 591 1842 617 Lxxxn,
1861 587 1916 612 art.
1936 591 1965 618 2,
1982 591 2046 622 arg.
2069 590 2079 612 1
2095 592 2102 612 :
2131 594 2145 608 «
2165 582 2177 612 1
2193 582 2237 613 ad
2262 583 2339 614 Cor.
2363 593 2414 620 xv,
2438 583 2515 615 dicit
2538 584 2665 622 Glossa,

1595 625 1685 665 quod
1708 626 1882 666 aequaliter
1905 635 2018 656 omnes
2042 627 2160 656 habent
2183 627 2273 667 quod
2297 628 2363 668 pati
2385 637 2453 659 non
2480 635 2619 669 possunt
2635 642 2664 659 ›-

1595 670 1683 700 Idem
1699 670 1735 700 B.
1753 670 1912 707 Albertus‚
1931 671 1973 701 IV
1989 671 2087 707 Sent.,
2101 670 2171 701 dist.
2185 682 2266 708 xmv,
2284 677 2339 702 art.
2357 673 2406 703 15.
2431 672 2547 703 Glossa
2562 674 2663 704 Lom-

1595 715 1692 750 bardi,
1711 714 1750 744 ad
1770 724 1850 745 vers.
1867 724 1927 754 42,
1954 728 1967 741 «
1984 715 2171 746 Seminatur
2186 716 2447 757 incorruptione
2465 730 2479 745 »
2507 723 2584 748 etc.:
2604 718 2666 749 hoc

1596 769 1706 790 omnes
1721 760 1935 790 communiter
1949 760 2116 796 habebunt,
2133 761 2220 801 quod
2236 761 2418 802 incorrupti
2434 767 2561 793 erunt...
2589 775 2604 790 ‹
2621 762 2667 793 Et

1595 809 1745 845 resurget
1760 804 1792 834 in
1807 804 2051 844 incorruptione
2065 818 2093 841 ›,
2107 805 2140 835 id
2155 810 2210 841 est,
2224 806 2408 836 immortale
2419 811 2450 837 et
2461 807 2664 847 impassibile.

1595 848 1683 878 Idem
1708 848 1928 884 Interlinearis,
1946 850 2056 889 paucis
2078 851 2218 880 mutatis.

1650 892 1710 930 Qu.
1728 902 1853 929 Lxxxm,
1871 899 1926 923 art.
1948 901 1974 929 1,
1990 894 2023 923 in
2048 903 2154 934 corp.:
2183 907 2196 921 «
2217 894 2341 925 Dicitur
2356 895 2389 925 in
2414 895 2440 925 II
2464 895 2503 926 de
2520 895 2664 926 Genera-

1595 937 1690 973 tione,
1709 937 1798 977 quod
1814 938 1929 968 subtile
1946 943 1992 968 est
2015 938 2102 978 quod
2117 943 2165 968 est
2179 939 2367 979 repletivum
2377 941 2528 980 partibus
2544 944 2575 970 et
2582 948 2665 980 par-

1595 981 1673 1011 tium
1685 982 1835 1021 partibus
1851 995 1877 1012 ».
1898 982 2094 1018 Aristoteles,
2112 983 2187 1013 loco
2205 984 2311 1020 citato,
2325 984 2436 1014 habet:
2455 981 2664 1028 λεπτομερὲς

1593 1022 1670 1070 γάρ,
1687 1025 1746 1056 καὶ
1763 1023 1805 1057 τὸ
1826 1024 2020 1069 μικρομερὲς
2043 1022 2313 1063 ἀναπληστικόν.
2339 1028 2452 1059 Versio
2473 1029 2587 1059 Latina
2607 1039 2663 1059 an-

1593 1071 1698 1110 tiqua:
1724 1070 1893 1100 Subtilium
1918 1072 2002 1100 enim
2020 1072 2166 1111 partium
2191 1078 2222 1102 et
2242 1082 2425 1113 parvarum
2442 1074 2590 1114 partium
2614 1083 2665 1104 re-

1587 1115 1755 1154 pletivum.
1780 1115 1940 1154 Loquitur
1964 1121 2071 1145 autem
2095 1116 2134 1146 de
2159 1116 2282 1147 Subtili.

1650 1158 1711 1196 Qu.
1728 1168 1850 1194 Lxxxrv,
1868 1164 1924 1188 art.
1944 1159 1972 1195 3,
1990 1169 2053 1199 arg.
2070 1169 2108 1199 4:
2136 1173 2150 1187 ‹
2169 1161 2370 1201 Augustinus
2398 1161 2475 1192 dicit
2496 1162 2530 1192 in
2556 1162 2665 1199 Quae-

1593 1202 1750 1233 stionibus
1766 1203 1804 1233 de
1818 1203 2013 1239 Resurrect„
2027 1204 2117 1244 quod
2136 1213 2254 1245 corpus
2269 1205 2447 1245 gloriosum
2465 1211 2601 1246 utraque
2615 1207 2665 1237 in-

1593 1247 1722 1276 tervalla
1745 1247 1813 1287 pari
1838 1247 1997 1278 celeritate
2027 1249 2196 1288 pertingit,
2221 1254 2258 1279 ut
2286 1249 2392 1279 radius
2415 1250 2491 1280 solis
2511 1263 2539 1280 ιι.
2574 1250 2664 1281 Idem

1593 1291 1751 1327 Halensis,
1769 1291 1920 1323 Summae
1943 1301 1974 1331 p.
1993 1292 2044 1328 111,
2062 1302 2116 1332 qu.
2134 1303 2219 1329 xxm,
2235 1303 2278 1323 m.
2298 1293 2327 1324 3.
2355 1293 2461 1324 Verba
2490 1294 2664 1335 Augustini

1593 1341 1683 1365 sunt:
1713 1336 1756 1365 Ut
1778 1336 1862 1366 enim
1886 1336 1999 1366 radius
2023 1337 2110 1367 oculi
2133 1338 2239 1367 nostri
2261 1347 2327 1368 non
2343 1338 2438 1369 citius
2454 1339 2666 1379 pervenitad

1586 1380 1837 1420 propinquiora,
1855 1381 1982 1411 tardius
2004 1381 2048 1411 ad
2070 1382 2236 1423 longiora,
2255 1382 2312 1413 sed
2335 1387 2472 1424 utraque
2490 1383 2664 1415 intervalla

1586 1425 1692 1465 parili
1707 1425 1871 1455 celeritate
1886 1426 2068 1467 contingit,·
2092 1426 2146 1462 ita,
2164 1436 2236 1457 cum
2263 1440 2277 1454 ‹
2298 1427 2330 1457 in
2347 1427 2411 1458 ictu
2432 1428 2519 1458 oculi
2537 1441 2565 1464 ι»,
2581 1429 2667 1459 sicut

1593 1470 1767 1509 Apostolus
1790 1470 1876 1506 dicit,
1883 1471 1930 1511 fit
1953 1471 2148 1501 resurrectio
2172 1477 2391 1508 mortuorum,
2414 1473 2666 1513 omnipotentiae

1592 1514 1656 1544 Dei
1678 1519 1710 1544 et
1732 1514 1889 1555 ineffabili
1919 1515 2013 1545 nutui
2036 1521 2101 1545 tam
2123 1516 2232 1557 facile
2261 1521 2309 1546 est
2329 1525 2474 1557 quaeque
2504 1517 2663 1553 recentia,

1591 1568 1688 1599 quam
1712 1558 1867 1589 diuturno
1892 1563 2035 1599 tempore
2057 1559 2183 1600 dilapsa
2207 1561 2368 1591 cadavera
2391 1562 2558 1592 suscitare.
2606 1558 2608 1561 ’

1648 1603 1710 1641 Qu.
1726 1613 1776 1639 xc,
1793 1609 1849 1634 art.
1871 1612 1897 1639 1,
1909 1613 1973 1644 arg.
1991 1604 2054 1634 Sed
2069 1610 2153 1635 cont.
2173 1614 2209 1635 2:
2237 1619 2251 1632 «
2271 1605 2329 1636 Iob
2345 1615 2455 1636 xxxvt:
2479 1606 2590 1637 Causa
2605 1611 2663 1638 tua

1592 1648 1685 1688 quasi
1708 1648 1798 1688 impii
1820 1648 1963 1678 iudicata
1986 1654 2041 1679 est.
2067 1648 2198 1680 Glossa:
2223 1659 2244 1680 a
2266 1650 2373 1680 Pilato
2393 1663 2421 1680 ».
2445 1649 2535 1681 Idem
2551 1650 2582 1682 S.
2599 1651 2664 1683 Bo-

1591 1697 1777 1728 naventura,
1795 1692 1838 1723 IV
1854 1693 1952 1729 Sent.,
1970 1693 2040 1724 dist.
2058 1702 2163 1730 vam,
2180 1699 2236 1725 art.
2257 1701 2284 1730 1,
2309 1704 2364 1735 qu.
2391 1702 2419 1731 1,
2443 1700 2475 1726 et
2497 1695 2534 1726 B.
2551 1695 2664 1727 Petrus

1592 1737 1768 1773 Tarantas„
1785 1736 1860 1768 ibid.
1885 1738 1960 1768 Non
1984 1738 2166 1769 invenimus
2191 1739 2283 1770 cuius
2305 1740 2360 1770 sit:
2385 1740 2468 1770 sicut
2491 1749 2553 1771 nec
2575 1739 2676 1781 unde,

1591 1782 1741 1822 provenit
1763 1782 1868 1821 glossa
1891 1783 2036 1822 proxime
2059 1792 2208 1823 sequens.

1649 1839 1663 1853 «
1675 1824 1834 1856 Iudicium
1848 1836 2042 1868 causamque
2054 1828 2196 1868 recipies.
2214 1827 2344 1859 Glossa:
2360 1833 2395 1859 ut
2406 1828 2487 1860 iuste
2499 1828 2621 1860 iudices
2632 1841 2662 1860 ι.

1647 1870 1708 1908 Qu.
1725 1880 1787 1907 xer,
1805 1876 1860 1901 art.
1883 1879 1909 1907 1,
1927 1881 1989 1912 arg.
2015 1871 2079 1902 Sed
2098 1877 2183 1903 cont.
2203 1871 2237 1902 3:
2267 1885 2280 1899 α
2299 1872 2395 1903 Unde
2411 1878 2442 1904 et
2458 1873 2588 1914 (homo)
2603 1873 2664 1904 mi—

1592 1924 1656 1945 nor
1678 1915 1818 1946 mundus
1840 1915 1955 1946 dicitur
1973 1929 2000 1946 ι.
2025 1915 2152 1947 Praeter
2175 1917 2285 1947 locum
2310 1927 2348 1948 ex
2371 1917 2443 1948 VIII
2466 1917 2595 1958 Physic.
2618 1918 2664 1949 ci-

1591 1965 1703 1996 tatum,
1721 1960 1835 1991 adduci
1860 1966 1967 2000 potest
1989 1961 2179 1992 Damasceni
2203 1961 2256 1991 lib.
2280 1961 2320 1992 de
2341 1962 2448 1992 Duab.
2473 1962 2505 1992 in
2532 1962 2663 1993 Christo

1597 2005 1770 2040 Voluntat.,
1787 2015 1819 2035 n.
1841 2006 1890 2041 15,
1906 2005 1962 2035 ubi
1987 2005 2071 2036 idem
2094 2006 2260 2046 reperitur.

1648 2048 1709 2087 Qu.
1731 2059 1803 2085 xcn,
1828 2055 1884 2079 art.
1913 2057 1940 2085 1,
1966 2049 2005 2080 ad
2031 2050 2066 2080 3:
2094 2063 2109 2077 «
2128 2049 2218 2081 Sicut
2240 2049 2317 2081 dicit
2339 2050 2549 2091 Augustinus,
2573 2050 2664 2091 Deus

1592 2103 1724 2124 omnem
1741 2093 1878 2124 formam
1895 2094 2075 2125 intellectus
2090 2095 2190 2125 nostri
2207 2094 2397 2135 subterfugit
2414 2107 2443 2125 ›.
2463 2094 2552 2126 Idem
2567 2095 2664 2126 habet

1593 2138 1623 2169 S.
1638 2138 1792 2174 Thomas,
1817 2139 1856 2169 In
1880 2138 1972 2169 Boet.
1997 2139 2037 2170 de
2048 2139 2149 2176 Trin„
2170 2148 2224 2179 qu.
2243 2149 2264 2175 1,
2285 2144 2342 2170 art.
2357 2149 2386 2176 2,
2406 2149 2470 2180 arg.
2489 2148 2519 2176 2,
2543 2145 2575 2170 et
2596 2139 2662 2181 Qq.

1592 2183 1631 2213 de
1653 2183 1801 2213 Potentia
1825 2183 1903 2219 Dei,
1929 2192 1983 2223 qu.
2007 2194 2069 2217 vn,
2094 2189 2150 2214 art.
2177 2185 2210 2218 5,
2235 2193 2299 2224 arg.
2326 2184 2377 2215 13.
2409 2184 2444 2215 In
2468 2183 2663 2215 editionibus

1592 2227 1815 2268 Supplementi
1847 2227 2109 2259 antecedentibus
2138 2237 2306 2269 perperam
2335 2228 2523 2259 adscribitur
2549 2229 2664 2270 Augu—

1591 2273 1675 2303 stino
1701 2273 1772 2303 loco
1797 2272 1905 2308 citato,
1923 2282 1966 2303 sc.
1983 2273 2016 2303 in
2039 2273 2093 2303 lib.
2111 2273 2150 2304 de
2170 2272 2311 2304 Videndo
2334 2272 2450 2309 Deum,
2475 2273 2514 2303 ad
2536 2273 2662 2304 Paulin.

1591 2317 1749 2353 Halensis,
1766 2317 1854 2347 Sum.
1875 2317 1985 2348 Theol.
2002 2327 2034 2357 p.
2051 2317 2074 2354 1,
2092 2326 2146 2357 qu.
2163 2327 2269 2354 xnvm,
2285 2327 2328 2348 m.
2349 2325 2378 2354 1,
2399 2326 2463 2358 arg.
2482 2327 2517 2348 2:
2545 2329 2560 2345 ‹
2579 2318 2662 2349 sicut

1592 2361 1668 2392 dicit
1690 2362 1901 2402 Augustinus,
1919 2361 2008 2400 quod
2032 2361 2130 2398 Deus,
2149 2362 2204 2402 qui
2229 2371 2361 2392 omnem
2377 2361 2515 2392 formam
2538 2362 2664 2394 subter-

1591 2406 1682 2446 fugit,
1699 2406 1875 2436 intellectui
1891 2407 2019 2446 pervius
2035 2415 2103 2436 esse
2118 2415 2186 2436 non
2207 2411 2314 2446 potest
2332 2419 2360 2437 ».
2386 2406 2474 2437 Idem
2490 2406 2522 2437 S.
2538 2406 2662 2438 Bonav.

1591 2451 1603 2481 Ι
1617 2451 1714 2487 Sent.,
1728 2450 1799 2481 dist.
1815 2461 1889 2486 xxn,
1902 2456 1958 2481 art.
1972 2451 2069 2486 unic„
2083 2460 2137 2490 qu.
2151 2461 2171 2481 1.
2184 2468 2227 2473 -—
2241 2449 2292 2481 Cf.
2312 2451 2396 2491 Aug.
2414 2450 2514 2482 Serm-
2532 2450 2660 2488 CXVII,

1591 2495 1630 2526 al.
1649 2495 1688 2525 de
1703 2495 1799 2525 Verb.
1816 2494 1914 2525 Dom.
1930 2494 2103 2531 XXXVIII,
2121 2505 2190 2535 cap.
2207 2505 2240 2531 n,
2255 2505 2288 2526 n.
2306 2495 2335 2525 3.

1647 2539 1737 2575 Ibid.‚
1754 2545 1809 2570 an.
1829 2548 1858 2576 2,
1875 2549 1939 2579 arg.
1957 2539 2021 2570 Sed
2040 2545 2124 2570 cont.
2145 2539 2180 2570 3:
2209 2552 2222 2566 «
2242 2539 2331 2570 Idem
2350 2539 2571 2580 Hieronymus
2586 2539 2662 2571 alibi

1591 2583 1683 2614 dicit:
1708 2584 1772 2614 Res
1795 2584 2004 2624 incorporalis
2029 2584 2248 2625 corporalibus
2276 2584 2378 2614 oculis
2401 2593 2470 2614 non
2487 2583 2615 2615 videtur
2631 2597 2662 2615 »-

1591 2628 1643 2659 Sic
1666 2627 1761 2659 refert
1783 2628 1994 2669 Augustinus,
2012 2629 2103 2668 epist.
2121 2629 2215 2659 citata
2230 2629 2263 2659 in
2278 2629 2433 2668 margine,
2449 2628 2506 2660 sed
2527 2629 2561 2659 in
2581 2628 2662 2660 Hie-

1590 2682 1729 2714 ronymo
1752 2673 1816 2703 hoc
1840 2683 1907 2703 non
1932 2673 2118 2713 reperimus.

1646 2717 1735 2754 Ibid.‚
1753 2722 1809 2747 art.
1828 2717 1857 2753 3,
1875 2718 1907 2748 in
1928 2727 2034 2758 corp.:
2062 2730 2076 2744 «
2096 2717 2195 2752 Deus,
2211 2716 2352 2747 videndo
2367 2726 2460 2748 suam
2476 2717 2658 2754 essentiam,

1590 2762 1757 2802 cognoscit
1781 2762 1890 2792 omnia
1914 2771 1996 2802 quae
2020 2766 2104 2798 sunt,
2122 2767 2153 2791 et
2177 2766 2279 2798 erunt,
2297 2767 2328 2792 et
2350 2761 2496 2798 fuerunt;
2526 2766 2558 2792 et
2579 2762 2660 2792 haec

1590 2806 1705 2837 dicitur
1728 2816 1924 2846 cognoscere
1956 2806 2072 2837 notitia
2095 2806 2230 2837 visionis
2250 2828 2303 2836 .....
2329 2807 2496 2846 cognoscit
2517 2806 2659 2846 insuper,

1589 2851 1730 2882 videndo
1754 2860 1844 2881 suam
1869 2852 2048 2886 essentiam,
2066 2851 2175 2881 omnia
2192 2859 2274 2890 quae
2290 2855 2398 2891 potest
2413 2850 2527 2887 facere,
2545 2858 2660 2890 quam-

1588 2896 1636 2925 vis
1658 2905 1827 2935 nunquam
1851 2894 1970 2931 fecerit,
1996 2904 2058 2926 nec
2088 2894 2229 2925 facturus
2253 2900 2300 2925 est
2387 2899 2419 2925 et
2440 2895 2520 2925 haec
2543 2894 2660 2925 dicitur

1589 2949 1786 2980 cognoscere
1809 2940 1953 2976 scientia,
1970 2940 2021 2970 vel
2045 2940 2171 2975 notitia,
2194 2939 2349 2980 simplicis
2376 2939 2611 2980 intelligentiae
2628 2951 2658 2970 ι.

1590 2984 1782 3015 Guillelmus
1805 2984 1992 3020 Autissiod.,
2009 2983 2160 3014 Summae
2181 2983 2236 3013 lib.
2261 2983 2284 3019 I,
2309 2992 2378 3023 cap.
2402 2983 2453 3013 De
2474 2983 2536 3014 hoc
2558 2983 2656 3014 verbo

1588 3038 1673 3059 sema
1698 3028 1782 3058 dicto
1799 3028 1839 3058 de
1853 3028 1934 3064 Deo,
1952 3029 1995 3058 ait
2004 3034 2012 3058 :'
2038 3041 2053 3054 ‹
2073 3027 2194 3068 (Scire)
2215 3027 2408 3068 quandoque
2422 3027 2582 3068 accipitur
2588 3037 2656 3068 pro

1586 3073 1724 3113 simplici
1747 3072 1872 3108 notitia,
1890 3078 1921 3103 et
1942 3072 1989 3103 sic
2003 3072 2194 3112 dupliciter;
2217 3081 2282 3102 uno
2301 3071 2397 3102 modo
2420 3071 2587 3113 significat
2607 3071 2658 3103 di-

1587 3117 1696 3148 vinam
1720 3117 1889 3147 essentiam
1913 3121 1949 3147 ut
1971 3116 2135 3152 visionem,
2159 3121 2191 3147 et
2206 3126 2270 3157 per
2290 3116 2376 3146 hanc
2403 3117 2574 3147 essentiam
2595 3117 2659 3147 scit

1586 3162 1677 3192 Deus
1707 3166 1830 3192 tantum
1861 3170 1899 3191 ea
1923 3170 2006 3202 quae
2019 3161 2165 3202 fuerunt
2180 3161 2305 3202 sutura
2387 3161 2528 3191 secundo
2559 3161 2656 3192 modo

1586 3206 1751 3248 significat
1766 3205 1908 3236 divinam
1921 3205 2090 3236 essentiam
2106 3210 2143 3235 ut
2157 3205 2415 3247 intelligentiam,
2426 3205 2494 3236 sive
2509 3210 2545 3236 ut
2554 3205 2659 3236 scien-

1587 3251 1665 3281 tiam
1689 3250 1874 3292 largissime
1900 3254 2077 3290 sumptam,
2103 3254 2135 3279 et
2165 3250 2341 3280 secundum
2373 3249 2458 3280 hanc
2486 3250 2548 3280 scit
2567 3250 2659 3281 Deus

1588 3305 1682 3326 omne
1705 3295 1929 3336 excogitabile,
1945 3295 2012 3325 sive
2034 3294 2085 3330 sit,
2101 3293 2169 3324 sive
2192 3303 2256 3324 non
2280 3294 2337 3330 sit,
2363 3294 2430 3324 sive
2453 3303 2512 3324 nec
2533 3294 2577 3325 sit
2599 3303 2660 3325 nec

1580 3340 1687 3380 possit
1710 3349 1778 3370 esse
1795 3352 1823 3369 ›.
2659 3360 2661 3364 ·

1641 3384 1678 3414 B.
1695 3384 1856 3419 Albertus‚
1873 3382 1915 3413 111
1931 3382 2029 3418 Sent.,
2047 3381 2118 3413 dist.
2134 3391 2196 3419 xxv,
2210 3387 2266 3413 art.
2283 3390 2311 3419 1,
2329 3381 2406 3413 dicit
2421 3381 2579 3423 quosdam
2594 3390 2656 3423 po-

1585 3436 1662 3458 nere
1684 3429 1718 3458 in
1742 3428 1814 3458 Deo
1837 3427 2004 3458 scientiam
2027 3426 2280 3467 approbationis,
2302 3435 2385 3468 quae
2408 3431 2534 3458 tantum
2555 3427 2656 3457 bono·

1587 3481 1658 3502 rum
1682 3477 1730 3502 est
1736 3478 1749 3509 ,·
1770 3472 1937 3503 scientiam
1961 3471 2104 3508 visionis,
2127 3480 2210 3512 quae
2233 3476 2280 3502 est
2301 3480 2415 3502 eorum
2438 3479 2577 3512 quorum
2601 3480 2658 3502 ra-

1586 3516 1690 3546 tiones
1711 3522 1788 3546 sunt
1809 3516 1897 3556 apud
1919 3516 2042 3556 ipsum;
2065 3521 2097 3546 et
2117 3515 2271 3556 simplicis
2294 3515 2538 3557 intelligentiae,
2557 3523 2655 3556 quam

1586 3559 1697 3589 dicunt
1719 3569 1786 3590 esse
1810 3560 1952 3591 omnium
1975 3569 2058 3601 quae
2073 3559 2184 3601 aliquo
2207 3559 2303 3591 modo
2319 3560 2471 3596 existunt,
2488 3565 2524 3590 ut
2540 3558 2654 3600 priva-
