2878 4088
197 1010 207 1019 ·
222 1009 271 1030 Art.
288 1015 307 1035 2,
323 1009 351 1030 ad
365 1015 384 1037 3.

196 1359 206 1368 ³
218 1357 252 1379 Cf.
264 1363 302 1385 qu,
311 1363 358 1383 xxi,
367 1357 405 1378 ln-

198 1384 257 1406 trud.

198 2026 208 2036 ·
220 2023 279 2050 Mag.
288 2023 319 2044 IV
325 2023 388 2046 Sent.
396 2040 404 2050 ‚

196 2051 248 2072 dist.
270 2057 324 2072 xvm
332 2067 338 2076 ,
353 2056 405 2078 cap.

195 2077 284 2105 Ligant
296 2083 395 2105 quoque.

199 3134 209 3144 ·
221 3132 279 3154 Vide
292 3139 342 3160 cap.
355 3134 410 3155 Cum

199 3159 230 3180 ab
253 3159 410 3181 Ecclesiarum

198 3186 323 3212 praelatis,
331 3186 359 3207 de
370 3187 410 3213 Os·

193 3211 234 3238 fic.
244 3212 315 3233 ludia.
322 3213 409 3234 ordin.-

198 3238 235 3260 Cf.
257 3239 335 3260 Giou.
354 3239 410 3261 Ord.

200 3264 256 3286 ibid.

201 3291 246 3320 '’S.
256 3291 336 3319 Raym.
348 3292 411 3314 Sum.

201 3317 241 3339 lib.
257 3318 295 3345 111,
310 3317 340 3339 de
353 3318 410 3340 Sen-

200 3344 280 3366 tentiis
296 3348 339 3366 etc.

437 296 469 325 Si
494 300 601 326 autem
624 304 690 325 non
715 295 858 325 annullet
881 297 1080 331 sententiam,
1105 296 1200 326 habet
1223 295 1373 326 effectum
1397 304 1501 325 suum.

437 340 477 369 Et
501 339 594 370 debet
617 340 914 370 excommunicatus
936 340 1098 371 humiliter
1121 340 1260 376 obedire,
1287 346 1317 370 et
1342 340 1398 370 erit
1419 340 1448 369 ei
1464 338 1503 368 ad

437 385 605 420 meritum;
637 384 687 414 vel
711 384 947 415 absolutionem
970 390 1078 425 petere
1102 384 1196 415 debet
1220 385 1257 414 ab
1282 384 1502 414 excommuni-

437 434 548 465 cante;
579 429 630 459 vel
661 427 700 459 ad
731 429 929 468 superiorem
959 428 1099 460 iudicem
1130 438 1299 459 recurrere.
1331 428 1364 458 Si
1395 433 1502 457 autem

437 478 667 509 contemneret,
692 482 731 503 eo
755 474 826 513 ipso
850 474 1024 504 mortaliter
1047 478 1202 513 peccaret.

493 517 660 558 Contingit
684 523 791 548 autem
815 517 1012 558 quandoque
1035 518 1125 558 quod
1149 523 1195 547 est
1218 516 1323 547 debita
1347 525 1441 546 causa
1466 525 1502 545 ex

436 567 525 602 parte
548 562 855 592 excommunicantis
883 572 965 602 quae
988 572 1055 592 non
1079 568 1126 592 est
1149 561 1254 592 debita
1278 571 1315 591 ex
1339 565 1426 600 parte
1452 570 1503 590 ex-

437 607 683 637 communicati:
714 607 796 636 sicut
819 616 894 637 cum
918 607 989 647 quis
1012 616 1071 646 pro
1096 606 1175 636 falso
1203 606 1335 636 crimine
1363 605 1395 635 in
1421 604 1503 635 iudi-

437 652 488 681 cio
512 652 648 691 probato
672 651 978 681 excommunicatur.
1003 651 1043 681 Et
1066 657 1153 686 tunc,
1178 650 1204 680 si
1227 649 1389 680 humiliter
1412 649 1504 679 susti-

436 701 502 732 net,
526 696 711 726 humilitatis
734 696 884 726 meritum
912 700 1135 735 recompensat
1163 693 1504 725 excommunicationis

438 739 602 770 damnum.

492 785 542 814 AD
567 795 683 814 PRIMUM
710 794 792 815 aneo
820 794 980 814 DlCENDUM
1007 783 1111 824 quod,
1140 783 1284 823 quamvis
1311 783 1412 813 homo
1435 791 1504 822 gra-

437 829 514 859 tiam
537 829 597 859 Dei
620 830 736 859 iniuste
760 830 903 859 amittere
919 838 985 859 non
1001 829 1111 869 possit,
1128 833 1235 868 potest
1257 833 1365 857 tamen
1388 827 1522 868 iniustev

438 874 580 903 amittere
607 873 659 903 illa
687 883 768 913 quae
794 883 831 903 ex
854 878 942 913 parte
969 878 1076 903 nostra
1103 878 1177 902 sunt
1203 882 1286 912 quae
1310 871 1348 902 ad
1372 871 1504 911 gratiam

438 918 497 948 Dei
517 917 710 958 disponunt:
735 918 817 947 sicut
840 922 926 957 patet
949 918 975 946 si
998 917 1198 947 subtrahatur
1221 916 1316 946 alicui
1340 915 1503 946 doctrinae

436 962 569 992 verbum
594 961 683 1001 quod
707 962 735 991 ei
759 961 901 991 debetur.
934 961 975 990 Et
998 962 1061 991 hoc
1084 960 1183 990 modo
1212 960 1503 990 excommunicatio

436 1006 567 1045 gratiam
591 1006 650 1035 Dei
673 1006 856 1035 subtrahere
880 1005 1004 1040 dicitur,
1023 1011 1059 1034 ut
1082 1005 1115 1034 in
1138 1004 1306 1044 praedictis
1322 1005 1339 1020 ⁴*
1362 1009 1458 1044 patet.

490 1050 540 1079 AD
576 1059 737 1079 SECUNDUM
776 1059 936 1078 DicaNDUM
975 1048 1065 1088 quod
1102 1048 1322 1088 Hieronymus
1360 1048 1504 1087 loquitur

437 1099 592 1133 quantum
620 1093 659 1123 ad
687 1093 812 1132 culpas,
841 1098 872 1122 et
897 1102 965 1122 non
997 1097 1154 1132 quantum
1182 1091 1222 1121 ad
1248 1101 1388 1131 poenas:
1421 1100 1503 1131 quae

436 1143 570 1177 possunt
593 1138 688 1167 etiam
713 1137 828 1167 iniuste
852 1136 953 1176 infligi
976 1146 993 1165 a
1017 1136 1192 1166 rectoribus
1216 1135 1432 1165 ecclesiarum.

577 1202 831 1247 QUAESTIO
855 1201 1327 1235 VIGESIMASECUNDA

436 1263 479 1287 DE
499 1262 552 1286 His
572 1261 630 1291 Qui
650 1260 806 1286 Possum*
830 1259 1129 1284 EXCOMMUNICARE
1153 1258 1198 1283 ET
1217 1257 1503 1283 EXCOMMUNICARI

497 1326 589 1346 ammi
614 1313 880 1345 considerandum
910 1319 956 1343 est
980 1312 1018 1343 de
1042 1313 1091 1343 his
1116 1313 1171 1353 qui
1197 1317 1349 1353 posssunt
1375 1321 1504 1342 excom-

439 1328 659 1390 Dmunicare
683 1364 714 1389 et
737 1358 1008 1388 excommunicari
1024 1358 1050 1387 *ἦ

435 1405 528 1435 Circa
551 1403 639 1444 quod
664 1408 860 1443 quaeruntur
884 1412 947 1432 sex.

488 1449 616 1479 Primo:
641 1454 749 1478 utrum
774 1447 907 1487 quilibet
930 1446 1077 1477 sacerdos
1094 1447 1195 1486 possit
1211 1446 1501 1476 excommunicare.

489 1492 657 1524 Secundo:
682 1497 791 1522 utrum
821 1490 1051 1521 non-sacerdos
1080 1491 1360 1521 excommunicare
1391 1490 1501 1530 possit.

488 1538 617 1568 Tertio:
650 1542 758 1566 utrum
789 1536 1086 1566 excommunicatus
1117 1535 1167 1565 vel
1198 1544 1371 1575 suspensus
1402 1534 1503 1574 possit

523 1582 810 1612 excommunicare.

488 1627 630 1665 Quarto:
656 1631 764 1656 utrum
788 1625 902 1664 aliquis
927 1625 1082 1664 seipsum,
1106 1624 1158 1654 vel
1181 1624 1349 1664 aequalem
1374 1624 1426 1654 vel
1449 1633 1501 1655 su—

521 1671 679 1711 periorem
703 1670 804 1710 possit
828 1669 1118 1699 excommunicare.

489 1715 629 1753 Quinto:
650 1720 758 1744 utrum
775 1714 881 1754 aliqua
897 1714 1084 1744 universitas
1101 1713 1374 1743 excommunicari
1390 1714 1501 1753 possit.

489 1760 603 1791 Sexto:
631 1765 739 1789 utrum
770 1759 869 1789 semel
901 1758 1198 1789 excommunicatus
1230 1758 1503 1788 excommunicari

522 1805 622 1845 possit
645 1804 787 1834 ulterius.

456 1870 553 1900 ART.
579 1870 600 1900 I.
626 1879 730 1900 UTRUM
754 1879 898 1899 numum·
922 1878 1078 1899 sacnnnos
1099 1878 1202 1899 possrr
1218 1878 1480 1899 axCOMMUNJCARa

498 1947 517 1966 D
541 1945 657 1966 pnrMUM
690 1945 734 1965 s1C
768 1944 974 1965 moeson-Ua.
1006 1933 1141 1964 Videtur
1171 1933 1261 1974 quod
1292 1934 1427 1974 quilibet
1454 1944 1502 1964 sa-

435 1951 608 2011 Acerdos
631 1980 733 2020 possit
757 1979 1047 2009 excommunicare.
1082 1979 1384 2009 Excommunicatio
1415 1980 1500 2011 enim

433 2031 479 2055 est
505 2031 593 2055 actus
621 2024 758 2054 clavium
778 2025 804 2054 ’ἦ
836 2023 899 2054 Sed
927 2023 1061 2063 quilibet
1091 2022 1238 2054 sacerdos
1265 2024 1360 2053 habet
1387 2023 1500 2054 claves.

433 2070 517 2109 Ergo
542 2069 675 2109 quilibet
698 2074 804 2109 potest
828 2069 1118 2098 excommunicare.
1152 2080 1162 2085 ⁴

488 2124 517 2144 2.
542 2114 738 2149 Pmnraam,
762 2113 865 2143 maius
890 2118 936 2143 est
960 2113 1083 2143 solvere
1108 2119 1139 2144 et
1162 2113 1258 2153 ligare
1281 2113 1314 2142 in
1334 2111 1405 2142 foro
1422 2122 1501 2152 poe-

431 2159 581 2189 nitentiae
598 2168 696 2198 quam
711 2158 745 2188 in
762 2157 834 2187 foro
850 2157 969 2188 iudicii.
995 2157 1057 2188 Sed
1075 2158 1208 2197 quilibet
1232 2156 1379 2188 sacerdos
1395 2162 1502 2197 potest

432 2204 490 2233 sibi
514 2203 656 2233 subditos
673 2203 705 2232 in
722 2202 794 2232 foro
810 2202 1032 2242 poenitentiali
1056 2202 1220 2233 absolvere
1237 2207 1268 2232 et
1283 2202 1389 2242 ligare.
1414 2202 1500 2242 Ergo

433 2249 526 2278 etiarn
543 2253 648 2288 potest
664 2247 722 2277 sibi
739 2246 883 2277 subditos
901 2247 1035 2287 quilibet
1050 2247 1198 2277 sacerdos
1210 2247 1499 2277 excommunicare.

488 2292 549 2323 SED
582 2302 723 2328 CONTRA,
752 2301 788 2322 ea
815 2292 848 2321 in
876 2292 993 2331 quibus
1023 2292 1170 2322 imminet
1200 2291 1399 2332 periculum,
1427 2296 1501 2322 sunt

432 2338 605 2367 maioribus
631 2336 828 2367 reservanda.
859 2336 922 2367 Sed
949 2345 1055 2376 poena
1085 2336 1428 2367 excommunicationis
1455 2341 1501 2366 est

432 2381 522 2411 valde
554 2381 742 2422 periculosa,
774 2381 835 2410 nisi
866 2390 941 2411 cum
972 2380 1193 2411 moderamine
1220 2380 1284 2411 fiat.
1316 2381 1402 2420 Ergo
1433 2390 1500 2411 non

433 2426 526 2456 debet
550 2427 678 2456 cuilibet
702 2425 856 2455 sacerdoti
885 2426 1053 2456 committi.

487 2471 675 2501 Respoxnsso
706 2480 866 2500 D1CENDUM
897 2469 986 2510 quod
1010 2471 1043 2500 in
1068 2470 1139 2501 foro
1165 2470 1378 2501 conscientiae
1407 2480 1502 2500 causa

434 2516 534 2554 agitur
557 2516 638 2545 inter
660 2515 827 2545 hominem
852 2520 882 2544 et
906 2514 1031 2545 Deum:
1056 2515 1090 2545 in
1111 2515 1182 2545 foro
1207 2521 1314 2546 autem
1339 2515 1501 2545 exterioris

434 2559 542 2589 iudicii
566 2569 659 2590 causa
683 2560 785 2600 agitur
812 2559 951 2589 hominis
975 2559 1015 2589 ad
1037 2560 1215 2590 hominem.
1248 2560 1289 2590 Et
1311 2559 1385 2590 ideo
1409 2560 1502 2589 abso-

434 2604 513 2634 lutio
530 2604 579 2634 vel
595 2604 703 2644 ligatio
720 2613 803 2644 quae
819 2613 921 2634 unum
942 2604 1109 2634 hominem
1130 2605 1250 2645 obligat
1270 2603 1378 2644 quoad
1394 2604 1501 2634 Deum

435 2654 567 2683 tantum,
586 2650 720 2688 pertinet
740 2648 779 2678 ad
803 2647 911 2679 forum
934 2649 1170 2688 poenitentiae:
1195 2649 1251 2679 sed
1275 2649 1327 2679 illa
1343 2658 1426 2689 quae
1442 2649 1501 2679 ho-

435 2693 554 2723 minem
571 2693 689 2733 obligat
705 2693 737 2722 in
755 2693 995 2733 comparatione
1011 2693 1051 2723 ad
1067 2694 1146 2724 alios
1162 2694 1320 2729 homines,
1339 2693 1377 2724 ad
1394 2693 1500 2724 forum

435 2737 600 2777 publicum
632 2738 793 2767 exterioris
823 2737 932 2768 iudicii
964 2739 1110 2777 pertinet.
1143 2738 1183 2768 Et
1211 2739 1286 2778 quia
1316 2738 1417 2768 homo
1444 2747 1502 2778 per

436 2782 801 2812 excommunicationem
833 2792 850 2812 a
882 2783 1115 2813 communione
1146 2782 1290 2813 fidelium
1322 2789 1499 2823 separatur,

435 2825 507 2856 ideo
533 2827 823 2856 excommunicatio
847 2826 886 2856 ad
907 2826 1015 2857 forum
1039 2828 1175 2858 exterius
1199 2827 1346 2867 pertinet.
1371 2827 1411 2857 Et
1426 2826 1500 2857 ideo

435 2870 479 2900 illi
503 2870 561 2900 soli
586 2876 721 2910 possunt
743 2872 1022 2902 excommunicare
1039 2873 1094 2911 qui
1111 2872 1229 2902 habent
1248 2871 1501 2902 iurisdictionem

1081 217 1345 264 QUAEsT1o
1376 217 1491 264 XXII,
1513 216 1805 253 ARTmULUS
1834 217 1859 262 1,
1881 216 1921 262 11,
1943 216 1988 252 111

1559 294 1739 325 secundum
1762 295 1825 325 hoc
1850 305 1867 324 a
1891 293 2083 334 quibusdam
2114 294 2317 335 distinguitur
2341 295 2430 336 quod
2455 301 2501 327 est
2530 296 2630 327 clavis

1559 339 1693 373 ordinis,
1720 348 1817 378 quam
1843 348 1955 368 omnes
1979 338 2159 369 sacerdotes
2186 339 2323 376 habent;
2355 346 2386 370 et
2410 341 2510 371 clariis
2533 340 2629 371 iuris-

1558 383 1708 413 dictionis
1739 384 1771 413 in
1798 383 1883 424 foro
1920 382 2083 419 iudiciali,
2122 392 2220 423 quam
2254 383 2372 414 habent
2413 385 2472 415 soli
2509 384 2630 415 iudices

1559 425 1721 457 exterioris
1751 427 1812 457 fori
1828 428 1855 457 ἢ
1895 427 2071 467 Utramque
2101 433 2209 457 tamen
2239 427 2327 458 Deus
2351 428 2445 459 Petro
2475 429 2628 464 contulit,

1525 483 1533 502 s
1560 472 1674 502 Matth.
1692 473 1791 501 xv1*:
1818 477 1849 502 et
1872 472 1910 501 ab
1934 472 2006 512 ipso
2030 472 2063 502 in
2087 471 2165 502 alios
2189 471 2352 502 descendit
2375 474 2432 513 qui
2459 479 2628 513 utramque

1558 516 1686 546 habent.

1614 561 1664 590 AD
1689 570 1852 590 SECUNDUM
1875 570 2035 590 DICENDUM
2060 560 2149 600 quod
2166 560 2345 591 sacerdotes
2361 562 2558 601 parochiales
2573 562 2629 592 ha-

1558 606 1635 635 bent
1658 604 1789 645 quidem
1813 604 2065 635 iurisdictionem
2088 606 2122 635 in
2146 604 2290 635 subditos
2313 614 2389 635 suos
2413 611 2572 645 quantum
2590 605 2630 636 ad

1558 649 1666 680 forum
1690 650 1914 685 conscientiae,
1932 649 1988 680 sed
2002 659 2070 680 non
2087 655 2245 689 quantum
2269 649 2308 680 ad
2331 649 2439 680 forum
2462 649 2627 680 iudiciale:

1520 704 1544 718 ιο
1559 695 1635 734 quia
1657 703 1725 724 non
1748 699 1884 734 possunt
1915 694 2079 724 conveniri
2109 703 2218 725 coram
2242 694 2286 724 eis
2310 694 2343 724 in
2367 695 2469 724 causis
2497 700 2630 724 conten—

1558 739 1656 769 tiosis.
1682 739 1723 768 Et
1738 738 1811 768 ideo
1829 739 2108 769 excommunicare
2124 748 2191 769 non
2208 743 2361 779 possunt:
2387 738 2443 769 sed
2466 738 2636 768 absolvere·

1558 788 1694 823 possunt
1720 784 1753 813 in
1781 782 1852 813 foro
1880 783 2110 823 poenitentiali.
2143 783 2184 813 Et
2207 783 2353 823 quamvis
2380 782 2488 813 forum
2515 783 2629 823 poeni—

1558 827 1686 858 tentiale
1719 828 1758 858 sit
1791 827 1932 868 dignius,
1964 833 2071 858 tamen
2101 828 2135 858 in
2165 827 2237 858 foro
2269 827 2411 858 iudiciali
2444 828 2547 858 maior
2578 836 2629 857 so-

1558 872 1704 902 lemnitas
1727 873 1915 912 requiritur:
1947 873 2023 912 quia
2046 873 2079 902 in
2103 882 2143 903 eo
2168 877 2295 913 oportet
2319 871 2409 912 quod
2431 882 2500 902 non
2523 871 2630 902 solum

1519 926 1540 946 ¹5
1558 916 1641 952 Deo,
1666 916 1721 947 sed
1745 917 1841 947 etiam
1863 917 1989 947 homini
2013 916 2151 947 satisfiat.

1579 987 1679 1017 ART.
1705 987 1742 1017 11.
1770 998 1875 1017 UTRUM
1898 997 2174 1019 NON-SACERDOTES
2197 997 2459 1018 neonium-nemis
2483 997 2607 1018 Possm-r

1945 1042 2027 1070 Supra,
2043 1049 2082 1070 qu.
2096 1049 2145 1070 xix,
2159 1047 2201 1065 art.
2215 1049 2236 1071 3.

1562 1102 1644 1164 AD
1668 1102 1831 1122 SECUNDUM
1861 1103 1906 1123 src
1935 1103 2140 1124 Pnocnnrrmz.
2167 1093 2302 1124 Videtur
2330 1093 2421 1134 quod
2443 1102 2629 1124 non-sacer-

1519 1144 1544 1158 20

1624 1135 1715 1166 dotes
1739 1137 2018 1167 excommunicare
2042 1147 2109 1167 non
2132 1138 2265 1177 possint.
2294 1138 2379 1176 Quia
2407 1138 2629 1168 excommuni-

1560 1180 1642 1209 catio
1667 1185 1714 1210 est
1737 1186 1825 1210 actus
1849 1180 2005 1217 clavium,
2029 1186 2066 1211 ut
2089 1182 2122 1211 in
2146 1182 2190 1211 IV
2208 1181 2448 1212 Sententiarum
2463 1183 2480 1199 ⁴*
2503 1182 2628 1213 dicitur.

1559 1222 1622 1254 Sed
1644 1224 1910 1254 non-sacerdotes
1933 1234 2001 1256 non
2025 1225 2143 1255 habent
2167 1225 2280 1256 claves.
2305 1226 2391 1266 Ergo
2408 1227 2629 1257 excommuni-

1559 1277 1630 1298 care
1653 1277 1722 1298 non
1744 1274 1891 1308 possunt.

1616 1321 1645 1341 2.
1670 1312 1880 1348 PRAETEREA,
1898 1312 1970 1353 plus
1997 1313 2169 1353 requiritur
2196 1313 2235 1343 ad
2259 1315 2630 1344 excommunicationem

1518 1365 1540 1384 25
1559 1365 1657 1396 quarn
1681 1356 1720 1387 ad
1744 1357 1982 1387 absolutionem
2006 1358 2039 1387 in
2064 1357 2134 1388 foro
2158 1358 2386 1398 poenitentiae.
2412 1358 2475 1389 Sed
2497 1367 2629 1388 non-sa-

1558 1400 1671 1431 cerdos
1698 1401 1730 1431 in
1758 1400 1829 1431 foro
1860 1402 2077 1442 poenitentiae
2109 1402 2274 1433 absolvere
2299 1412 2368 1433 non
2394 1407 2511 1443 potest.
2542 1403 2629 1443 Ergo

1556 1455 1617 1475 nec
1642 1446 2011 1477 excommunicationem
2034 1446 2160 1477 inferre.

1613 1489 1675 1520 SED
1700 1500 1823 1521 CONTRA
1847 1501 1902 1521 ns'r
1926 1491 2016 1531 quod
2039 1491 2263 1528 archidiaconi,
2286 1492 2382 1532 legati
2406 1497 2437 1522 et
2460 1491 2553 1523 electi
2577 1501 2629 1523 ex-

1557 1535 1809 1571 communicant,
1828 1535 1884 1575 qui
1908 1535 2105 1576 quandoque
2132 1546 2199 1566 non
2224 1541 2299 1566 sunt
2321 1536 2510 1567 sacerdotes.
2542 1536 2629 1578 Ergo

1518 1586 1543 1606 ³⁰
1555 1588 1625 1609 non
1649 1579 1755 1610 solum
1778 1579 1959 1611 sacerdotes
1983 1581 2263 1611 excommunicare
2286 1586 2432 1621 possunt.

1611 1624 1802 1654 Rusponmzo
1827 1634 1987 1655 D1caNDUM
2003 1624 2093 1665 quod
2116 1631 2321 1662 sacramenta,
2338 1626 2372 1656 in
2391 1625 2509 1666 quibus
2531 1626 2629 1666 gratia

1558 1667 1731 1705 confertur,
1749 1668 1930 1709 dispensare
1955 1669 1994 1700 ad
2013 1669 2100 1700 solos
2116 1669 2296 1700 sacerdotes
2319 1670 2466 1710 pertinet.
2490 1670 2532 1700 Et
2553 1669 2628 1701 ideo

1557 1713 1619 1752 ipsi
1642 1713 1703 1743 soli
1726 1719 1862 1753 possunt
1885 1714 2049 1744 absolvere
2074 1719 2105 1744 et
2127 1714 2224 1754 ligare
2248 1715 2281 1744 in
2304 1713 2377 1745 foro
2396 1714 2628 1755 poenitentiali.

1557 1757 1621 1788 Sed
1645 1759 1937 1789 excommunicatio
1962 1768 2029 1789 non
2053 1758 2170 1789 directe
2194 1759 2322 1799 respicit
2344 1759 2487 1799 gratiam,
2511 1758 2567 1790 sed
2590 1768 2629 1790 ex

1518 1808 1540 1829 3⁵
1558 1803 1780 1842 consequenti,
1796 1803 1989 1843 inquantum
2005 1803 2106 1834 homo
2122 1802 2277 1843 suffragiis
2292 1803 2454 1834 Ecclesiae
2477 1804 2627 1843 privatur,

1558 1856 1641 1886 quae
1665 1846 1705 1877 ad
1727 1848 1859 1887 gratiam
1884 1847 2060 1888 disponunt
2086 1847 2137 1878 vel
2169 1848 2203 1878 in
2226 1849 2324 1888 gratia
2352 1853 2552 1878 conservant.
2586 1847 2629 1879 Et

1556 1891 1631 1921 ideo
1656 1892 1752 1922 etiam
1782 1891 2065 1929 non—sacerdotes,
2092 1892 2272 1922 dummodo
2295 1892 2549 1923 iurisdictionem
2571 1892 2628 1923 ha-

1557 1936 1653 1966 beant
1675 1937 1708 1966 in
1732 1935 1804 1966 foro
1829 1937 2044 1973 contentioso,
2061 1942 2198 1977 possunt
2220 1937 2511 1967 excommunicare.

1611 1981 1662 2010 AD
1686 1990 1803 2010 PR1MUM
1827 1991 1910 2011 ERGO
1934 1991 2094 2011 DICENDUM
2118 1980 2217 2021 quod,
2235 1981 2381 2021 quamvis
2400 1990 2468 2011 non
2491 1981 2629 2012 habeant

1516 2035 1542 2055 4⁰
1557 2024 1679 2055 clavem
1703 2024 1833 2061 ordinis,
1849 2026 1968 2056 habent
1989 2030 2099 2056 tamen
2123 2026 2245 2056 clavem
2268 2025 2504 2056 iurisdictionis.

1612 2069 1663 2099 An
1688 2079 1850 2100 SECUNDUM
1873 2080 2034 2100 DicaNDUM
2058 2069 2148 2110 quod
2171 2070 2230 2100 ista
2253 2069 2319 2100 duo
2344 2079 2377 2100 se
2404 2070 2524 2100 habent
2545 2070 2629 2101 sicut

1557 2113 1742 2144 excedentia
1765 2119 1796 2144 et
1820 2123 1956 2145 excessa.
1989 2115 2030 2145 Et
2052 2114 2126 2145 ideo
2151 2114 2246 2145 alicui
2270 2115 2426 2155 competit
2447 2123 2551 2145 unum
2575 2115 2628 2146 cui

1556 2167 1624 2188 non
1649 2159 1805 2199 competit
1828 2158 1924 2189 aliud.

1655 2230 1756 2261 ART.
1774 2230 1824 2261 111.
1849 2240 1955 2260 UTRUM
1978 2240 2258 2261 EXCOMMUNICATUS
2281 2240 2339 2261 vm.
2363 2240 2526 2261 suspensus

1898 2285 2161 2305 axcomrumcmuz
2184 2284 2288 2305 Possrr

1929 2329 1963 2351 ΙΙΑ
1974 2329 2028 2356 11“,
2040 2335 2079 2358 qu.
2090 2336 2174 2356 xxxix,
2184 2333 2227 2352 nrt.
2237 2336 2260 2359 3.

1621 2391 1641 2411 D
1665 2391 1799 2411 TaRnUM
1831 2391 1875 2412 s1c
1906 2391 2110 2412 moeson-Uti.
2134 2381 2269 2412 Videtur
2291 2381 2382 2422 quod
2405 2381 2627 2413 excommuni-

1558 2394 1709 2456 Acatus
1732 2426 1783 2456 vel
1807 2435 1980 2466 suspensus
2011 2427 2290 2457 excommunicare
2313 2427 2424 2467 possit.
2456 2426 2511 2456 Ille
2539 2426 2627 2457 enim

1517 2481 1542 2502 5⁰
1557 2471 1613 2511 qui
1637 2475 1684 2501 est
1699 2471 1997 2501 excommunicatus
2016 2470 2067 2501 vel
2083 2480 2267 2511 suspensus,
2283 2479 2391 2511 neque
2407 2470 2554 2501 ordinem
2569 2479 2626 2502 ne-

1557 2524 1620 2556 que
1644 2515 1897 2545 iurisdictionem
1922 2515 2052 2545 amittit:
2083 2516 2158 2555 quia
2186 2525 2293 2556 neque
2323 2514 2523 2546 reordinatur
2550 2524 2626 2546 cum

1556 2559 1740 2596 absolvitur,
1757 2569 1864 2600 neque
1881 2569 1956 2590 cura
1979 2560 2096 2590 iterum
2119 2560 2148 2590 ei
2165 2560 2384 2590 committitur.
2410 2559 2473 2591 Sed
2497 2568 2626 2598 excom-

1555 2604 1732 2635 municatio
1764 2613 1833 2634 non
1865 2604 1996 2644 requirit
2023 2604 2084 2634 nisi
2107 2604 2254 2635 ordinem
2282 2604 2333 2635 vel
2362 2600 2625 2635 iurisdictionem.

1556 2649 1641 2689 Ergo
1667 2649 1762 2679 etiam
1786 2649 2084 2679 excommunicatus
2116 2648 2167 2679 vel
2198 2658 2372 2690 suspensus
2404 2648 2626 2680 excommuni-

1517 2704 1539 2724 ες
1556 2703 1627 2724 care
1650 2698 1795 2734 possunt.

1614 2748 1643 2768 2.
1667 2738 1864 2774 mamam,
1881 2738 1984 2768 maius
2008 2743 2054 2768 est
2071 2737 2230 2768 conficere
2254 2747 2372 2779 corpus
2391 2737 2510 2768 Christi
2529 2746 2627 2778 quam

1557 2783 1847 2813 excommunicare.
1883 2782 1945 2813 Sed
1969 2782 2239 2813 excommunicati
2264 2781 2423 2813 conficere
2446 2787 2584 2823 possunt
2597 2783 2625 2813 θ.

1556 2828 1642 2868 Ergo
1668 2833 1699 2857 et
1721 2827 2001 2857 excommunicare
2024 2832 2170 2867 possunt.

1612 2871 1675 2902 San
1700 2881 1833 2908 CONTRA,
1860 2871 1974 2912 ligatus
1999 2871 2207 2912 corporaliter
2238 2881 2306 2902 non
2329 2876 2436 2912 potest
2466 2870 2566 2902 aliurn
2587 2870 2643 2902 li-v

435 2915 468 2943 in
499 2914 570 2945 foro
601 2914 750 2945 iudiciali.
782 2916 822 2945 Et
852 2922 984 2956 propter
1013 2917 1077 2947 hoc
1107 2917 1167 2947 soli
1199 2917 1343 2957 episcopi
1373 2916 1502 2956 propria
1515 2924 1543 2944 60
1556 2926 1639 2956 gare.
1664 2916 1728 2947 Sed
1750 2916 1918 2946 vinculum
1941 2916 2103 2956 spirituale
2127 2921 2174 2946 est
2196 2915 2310 2947 fortius
2326 2925 2424 2956 quam
2448 2914 2624 2955 corporale.

437 2959 620 2989 auctoritate
645 2965 675 2989 et
698 2961 833 2990 maiores
862 2961 1007 3000 praelati,
1034 2961 1215 2991 secundum
1243 2961 1502 2992 communiorem

437 3004 644 3042 opinionem,
668 3010 804 3043 possunt
831 3006 1129 3036 excommunicare:
1162 3005 1217 3036 sed
1248 3006 1423 3046 presbyteri
1446 3015 1502 3045 pa-

436 3048 590 3077 rochiales
613 3057 679 3077 non
703 3049 763 3078 nisi
787 3058 823 3078 ex
849 3050 1076 3080 commissione
1100 3051 1145 3080 eis
1168 3050 1259 3086 facta,
1279 3050 1330 3080 vel
1353 3051 1386 3080 in
1410 3050 1502 3080 certis

438 3092 569 3127 casibus,
594 3092 674 3121 sicut
697 3093 730 3122 in
754 3092 838 3123 furto
863 3099 894 3123 et
917 3094 1026 3134 rapina
1050 3099 1081 3124 et
1104 3094 1300 3130 huiusmodi,
1324 3095 1358 3124 in
1385 3095 1502 3134 quibus

1556 2961 1642 3001 Ergo
1667 2961 1964 2991 excommunicatus
1987 2970 2055 2991 non
2078 2965 2184 3001 potest
2207 2960 2306 2991 alium
2329 2959 2623 2991 excommunicare:

1557 3015 1632 3036 cum
1656 3005 1948 3036 excommunicatio
1973 3005 2013 3037 sit
2035 3005 2201 3035 vinculum
2225 3004 2396 3045 spirituale.

1611 3051 1801 3081 Rnspounno
1818 3059 1979 3080 D1CnxDUM
1991 3049 2081 3090 quod
2096 3059 2173 3080 usus
2189 3049 2414 3080 iurisdictionis
2427 3053 2474 3079 est
2488 3048 2522 3078 in
2534 3057 2624 3079 com—

1556 3095 1721 3136 paratione
1738 3093 1778 3125 ad
1793 3094 1892 3124 alium
1915 3094 2092 3124 hominem.
2117 3094 2158 3124 Et
2176 3093 2261 3129 ideo,
2278 3102 2353 3124 curn
2370 3093 2475 3123 omnis
2495 3101 2624 3123 excom-

438 3141 483 3165 est
507 3137 550 3165 eis
574 3146 591 3165 a
614 3136 682 3166 iure
707 3146 896 3167 concessum
920 3138 1009 3178 quod
1033 3139 1312 3169 excommunicare
1336 3139 1459 3179 possint
1474 3139 1500 3169 *.
1516 3145 1540 3171 ες
1556 3139 1738 3170 municatus
1762 3149 1779 3169 a
1803 3139 2036 3169 communione
2058 3137 2203 3168 fidelium
2226 3142 2397 3178 separetur,
2415 3136 2549 3178 quilibet
2572 3146 2624 3168 ex-

491 3180 554 3210 Alii
570 3181 586 3196 ⁴*
610 3186 716 3210 autern
733 3180 878 3211 dixerunt
895 3182 984 3222 quod
1000 3183 1095 3213 etiam
1111 3183 1289 3214 sacerdotes
1305 3183 1502 3223 parochiales

438 3229 571 3297 pogspnt
598 3226 886 3256 excommunicare.
918 3226 980 3257 Sed
1007 3227 1167 3266 praedicta
1198 3229 1310 3268 opinio
1338 3233 1385 3258 est
1407 3228 1501 3258 ratio-

439 3277 479 3297 na
502 3278 581 3298 110r.

493 3312 543 3341 AD
567 3322 682 3342 PRIMUM
706 3323 788 3342 nano
816 3323 974 3344 meatvDUM
1002 3315 1091 3354 quod
1118 3317 1410 3347 excommunicatio
1434 3326 1501 3346 non

1557 3184 1815 3214 communicatus
1837 3193 1899 3213 usu
1922 3182 2148 3213 iurisdictionis
2165 3182 2315 3222 privatur.
2340 3181 2380 3212 Et
2396 3182 2472 3222 quia
2495 3190 2624 3212 excom-

1556 3228 1732 3259 municatio
1759 3233 1806 3258 est
1827 3227 2063 3263 iurisdictionis,
2076 3226 2150 3257 ideo
2173 3227 2471 3257 excommunicatus
2494 3235 2624 3257 excom-

1556 3273 1721 3303 municare
1744 3281 1812 3302 non
1834 3276 1950 3312 potest.

1612 3317 1653 3347 Et
1668 3316 1781 3347 eadem
1796 3317 1876 3346 ratio
1901 3321 1948 3346 est
1963 3314 2003 3345 de
2027 3324 2183 3355 suspenso
2200 3324 2217 3345 a
2235 3314 2464 3346 iurisdictione.
2489 3314 2519 3346 Si
2538 3315 2625 3346 enim

440 3361 486 3384 est
509 3362 595 3386 actus
619 3357 714 3387 clavis
738 3356 864 3393 directe,
889 3358 943 3388 sed
967 3360 1065 3399 magis
1092 3366 1238 3400 respectu
1269 3361 1430 3391 exterioris
1453 3361 1502 3391 iu-
1516 3371 1543 3392 70
1557 3362 1596 3391 sit
1619 3370 1792 3401 suspensus
1815 3361 1854 3390 ab
1878 3359 1990 3390 ordine
2013 3365 2148 3396 tantum,
2164 3365 2241 3390 tunc
2265 3369 2332 3390 non
2351 3365 2458 3399 potest
2482 3369 2519 3390 ea
2542 3368 2624 3400 quae

441 3398 522 3429 dicii.
547 3399 610 3430 Sed
632 3401 786 3431 sententia
810 3403 1165 3440 excommunicationis,
1191 3405 1336 3444 quamvis
1359 3405 1392 3435 in
1417 3410 1502 3435 exte-

440 3443 515 3472 riori
538 3443 656 3474 iudicio
680 3445 918 3484 promulgetur,
943 3447 1017 3486 quia
1040 3452 1147 3478 tamen
1174 3449 1283 3488 aliquo
1307 3449 1407 3479 modo
1430 3459 1502 3489 per-

440 3487 519 3516 tinet
542 3487 581 3517 ad
604 3488 725 3518 aditum
748 3489 860 3528 Regni,
885 3490 1062 3520 secundum
1086 3491 1175 3531 quod
1198 3493 1340 3523 Ecclesia
1363 3493 1502 3523 militans

441 3536 488 3560 est
510 3531 560 3561 via
584 3531 623 3562 ad
645 3533 911 3572 triumphantem;
937 3533 1009 3564 ideo
1037 3536 1131 3565 etiarn
1155 3536 1223 3566 talis
1247 3536 1421 3567 iurisdictio
1445 3547 1502 3577 per

1557 3411 1631 3436 sunt
1655 3404 1785 3440 ordinis,
1802 3403 1858 3435 sed
1880 3409 1987 3444 potest
2010 3413 2047 3434 ea
2071 3413 2154 3444 quae
2178 3409 2252 3434 sunt
2273 3403 2510 3434 iurisdictionis.
2542 3403 2584 3434 Et
2607 3413 2624 3434 e

1557 3459 1714 3480 converso
1737 3449 1763 3479 si
1785 3449 1824 3479 sit
1840 3457 2012 3488 suspensus
2033 3458 2051 3478 a
2066 3447 2284 3479 iurisdictione
2301 3454 2332 3479 et
2354 3458 2422 3478 non
2439 3448 2477 3478 ab
2501 3447 2623 3479 ordine.

1557 3494 1590 3524 Si
1613 3499 1721 3524 autem
1744 3493 1783 3523 ab
1807 3498 1956 3532 utroque,
1973 3498 2050 3523 tunc
2074 3498 2225 3523 neutrum
2248 3498 2364 3534 potest.

1612 3538 1662 3568 AD
1686 3547 1803 3567 PmMUM
1826 3547 1908 3567 aneo
1933 3547 2092 3567 DICENDUM
2116 3537 2215 3577 quod,
2243 3538 2388 3578 quamvis
2411 3546 2479 3567 non
2503 3537 2624 3567 amittat

442 3583 539 3614 quam
562 3575 662 3605 homo
687 3577 964 3607 excommunicare
988 3584 1103 3617 potest,
1121 3580 1215 3610 clavis
1239 3586 1344 3620 potest
1365 3580 1436 3611 dici.
1461 3581 1502 3611 Et
1516 3595 1540 3615 75
1557 3581 1818 3617 iurisdictionem,
1836 3582 1949 3612 amittit
1973 3587 2080 3612 tamen
2103 3581 2330 3613 iurisdictionis
2354 3590 2459 3612 usum.

2658 433 2705 456 ''Cf.
2710 440 2749 462 qu.
2755 437 2869 463 ιαμ-1.).

2658 475 2668 485 ·
2682 473 2749 496 Vers.
2766 480 2800 502 ¹9-

2657 1189 2667 1199 ·
2678 1187 2808 1214 Dinnxvut,
2817 1191 2868 1215 cap.

2656 1214 2744 1243 Ln'gaut
2756 1219 2855 1242 quoque.

2653 2787 2665 2797 ·
2678 2784 2712 2808 IV
2724 2785 2799 2813 Sene„
2810 2784 2865 2808 din.

2652 2817 2704 2853 ”¹³¹
2713 2815 2865 2861 ‘'Pb'’..ffffi’

2652 2845 2836 2895 {taxum
2843 2854 2865 2894 ,τ
