2918 4088
22 1421 144 1444 ‘ea-r„
151 1389 269 1439 'dinmlv

10 2752 188 2793 Zur-3¹¹

987 218 1248 266 QUAEST10
1277 217 1401 263 LXX,
1430 215 1722 253 ARTICULUS
1751 218 1800 253 IV

2410 225 2479 261 119

1086 342 1404 387 ARTICULUS
1434 343 1706 391 QUARTUS

728 439 885 470 UTRUM
909 436 1189 470 cmcummsio
1214 435 1476 467 CONFERRET
1501 434 1700 466 GRATIAM
1724 436 2061 468 IUSTIFICANTEM

379 516 469 549 Supra,
488 524 532 549 qu.
550 524 610 547 an,
629 522 676 542 art.
694 515 719 546 6,
738 517 770 541 ad
791 515 821 547 33
841 516 875 541 lV
894 516 976 545 Sent„
997 516 1055 540 dist.
1073 522 1091 545 1,
1110 522 1156 547 qu.
1175 521 1203 544 11,
1223 519 1271 539 art.
1288 520 1314 543 4,
1332 513 1381 545 qua
1402 511 1430 542 33
1452 512 1493 536 De
1513 512 1600 542 Ver-it„
1620 521 1665 545 qu.
1684 522 1768 544 xxvnr,
1788 520 1834 540 art.
1855 522 1878 544 2,
1893 515 1925 539 ad
1946 521 1993 544 12;
2012 515 2055 539 Ad
2074 515 2160 543 Rom,
2179 522 2234 546 cap.
2253 521 2285 543 ιν,
2305 515 2362 540 lect.
2382 522 2408 540 11.

351 626 407 669 '5³
431 620 498 706 <53
522 648 760 685 circumcisio
789 659 870 684 non
897 646 1116 684 conferebat
1134 644 1293 693 gratiam
1313 643 1368 680 iu-

328 706 351 749 l,
366 718 443 787 ἐν
460 688 760 742 'rsstificantem.
790 699 889 737 Dicit
909 698 1014 737 enim
1041 698 1262 748 ApostoluS,
1295 697 1368 733 Ga-

418 723 490 787 3³>

68 814 174 836 ··G¹⁰⁵=
183 813 266 836 Βοιὼ·
307 807 426 857 gratis
444 811 610 843 mortuus
628 782 690 852 esi,
710 805 806 842 idest
824 804 904 842 sine
924 816 1039 841 causa
1057 803 1087 840 ³⁸.
1109 803 1187 840 Sed
1207 802 1369 839 circum·

309 858 401 896 cisio
429 865 508 896 erat
527 834 721 907 quaedain
740 856 918 905 obligatio
938 856 1028 905 legis
1047 833 1282 916 implendae.
1313 866 1370 891 se-

309 911 484 949 cundum
511 910 604 948 illud
627 911 746 948 Galat.
762 922 787 947 v
804 909 1067 957 *:Test1ficor
1098 910 1204 946 omni
1228 908 1372 945 homini

308 963 586 1002 circumcidenti
610 975 649 1000 se
676 964 852 1012 quoniam
880 963 1023 999 debitor
1041 967 1091 998 est
1109 962 1304 1002 universae
1321 961 1370 997 le-

307 1017 380 1076 gis
383 1016 599 1065 faciendae.
635 1016 749 1064 Ergo,
779 1014 810 1052 si
838 1027 884 1052 ex
912 1013 1202 1052 circumcisione
1232 1021 1287 1050 est
1314 1013 1371 1050 iu-

309 1068 416 1115 stitia,
454 1069 618 1107 Christus
643 1069 772 1119 gratis,
805 1067 902 1105 idest
935 1067 1015 1104 sine
1050 1079 1176 1114 causa,
1206 1072 1372 1104 mortuus

309 1127 370 1160 est.
401 1121 478 1159 Sed
505 1122 582 1159 hoc
609 1129 665 1158 est
692 1120 980 1158 inconveniens.
1010 1121 1103 1157 Non
1123 1132 1213 1168 ergo
1237 1132 1283 1156 ex
1303 1118 1372 1156 cir-

309 1174 544 1212 cumcisione
572 1181 652 1212 erat
677 1173 796 1223 gratia
822 1173 1031 1211 iustificans
1059 1186 1082 1210 a
1095 1180 1276 1232 peccato.

363 1239 398 1264 2.
419 1228 650 1275 PRAETEREA,
671 1234 758 1264 ante
775 1226 1053 1264 institutionem
1072 1224 1371 1263 circumcisionis

309 1281 391 1318 sola
430 1280 527 1318 fides
568 1280 618 1317 ad
658 1279 968 1318 iustificationem
1009 1278 1240 1316 sufficiebat:
1284 1278 1373 1316 dicit

310 1333 416 1371 enim
435 1332 654 1382 Gregorius,
669 1333 709 1370 in
727 1333 870 1371 Moral.
885 1332 923 1369 ²⁸:
953 1332 1063 1375 Quod
1079 1332 1180 1382 apud
1197 1344 1264 1369 nos
1277 1331 1372 1370 valet

309 1396 408 1437 aqua
427 1388 663 1436 baptismatis,
678 1388 750 1423 hoc
761 1388 837 1436 egit
855 1386 956 1435 apud
973 1391 1110 1424 veteres
1118 1397 1193 1434 pro
1202 1385 1373 1434 parvulis

308 1439 389 1478 sola
395 1439 507 1489 fides
538 1439 615 1477 Sed
642 1438 762 1476 virtus
781 1438 872 1476 fidei
891 1451 971 1476 non
991 1446 1046 1475 est
1064 1437 1269 1475 imminuta
1286 1450 1372 1487 pro-

309 1499 394 1542 pter
420 1492 648 1530 mandatum
683 1491 993 1529 circumcisionis.
1036 1492 1138 1540 Ergo
1167 1492 1248 1528 sola
1274 1490 1388 1528 fides

308 1545 493 1595 parvulos
520 1544 762 1591 iustificabat,
796 1552 832 1581 et
859 1556 940 1582 non
972 1543 1224 1582 circumcisio.

365 1597 399 1635 3.
420 1598 652 1659 PRAETEREA,
667 1599 779 1635 Iosue
791 1610 815 1635 v
828 1597 848 1619 ’¹‘
867 1596 1001 1646 legitur
1015 1597 1122 1646 quod
1130 1597 1292 1647 populus
1311 1597 1376 1646 qui

310 1655 418 1688 natus
445 1655 495 1687 est
522 1652 559 1687 in
588 1651 729 1687 deserto
751 1662 824 1700 per
843 1650 1092 1700 quadraginta
1111 1662 1242 1696 annos,
1263 1651 1372 1687 incir-

309 1704 491 1740 cumcisus
508 1704 598 1751 fuit.
629 1702 670 1740 Si
698 1715 787 1751 ergo
815 1715 886 1751 per
908 1701 1241 1739 circumcisionem
1270 1702 1372 1739 aufe-

309 1755 465 1794 rebatur
491 1763 694 1805 peccatum
722 1755 914 1815 originale,
934 1755 1086 1792 videtur
1109 1755 1216 1804 quod
1236 1767 1373 1792 omnes

310 1807 378 1859 qui
405 1808 445 1846 in
472 1809 622 1846 deserto
651 1808 795 1846 mortui
822 1816 928 1854 sunt,
963 1816 1042 1845 tam
1069 1807 1221 1858 parvuli
1253 1820 1372 1858 quam

310 1859 440 1909 adulti,
467 1861 606 1898 fuerint
625 1861 806 1899 damnati.
835 1862 884 1899 Et
902 1861 1039 1898 eadem
1058 1860 1222 1898 obiectio
1250 1869 1306 1898 est
1323 1861 1372 1898 de

310 1914 440 1974 pueris
460 1914 535 1974 ‘qui
563 1914 830 1952 moriebantur
855 1922 942 1952 ante
970 1922 1153 1951 octavum
1181 1913 1285 1951 diem
1305 1914 1372 1950 cir-

311 1966 574 2013 cumcisionis,
604 1967 671 2016 qui
702 1966 919 2016 praeveniri
952 1979 1033 2004 non
1065 1966 1247 2014 debebat,
1277 1966 1374 2003 sicut

69 765 160 787 'Vei-s.
175 771 208 788 2¹.

67 918 195 947 ‘Vm-3.

68 1335 263 1386 'ub-Naum

133 1342 285 1412 *32:⁴23

65 1603 232 1634 ‘Vmffia

22 2048 24 2055 2
68 2017 260 2047 ‘⁶⁸¹·³¹¹‘¹³·
313 2019 458 2057 dictum
487 2019 590 2057 est*.

365 2085 402 2121 4.
432 2074 672 2119 PRAETEREA,
707 2072 803 2109 nihil
838 2071 998 2121 impedit
1034 2071 1231 2109 introitum
1268 2072 1374 2120 regni

313 2125 482 2163 caelestis
510 2125 582 2162 nisi
609 2133 823 2175 peccatum.
854 2125 931 2162 Sed
950 2124 1164 2162 circumcisi
1183 2132 1269 2161 ante
1288 2137 1374 2174 pas-

312 2178 463 2215 sionem
491 2178 800 2228 impediebantur
827 2178 875 2214 ab
895 2177 1050 2215 introitu
1069 2177 1174 2225 regni
1192 2177 1372 2214 caelestis.

312 2232 406 2268 Non
434 2243 524 2279 ergo
552 2243 621 2280 per
639 2230 971 2268 circumcisionem
999 2230 1177 2267 homines
1196 2229 1373 2267 iustifica-

312 2283 454 2321 bantur
480 2296 503 2321 a
530 2292 698 2333 peccato.

370 2337 403 2374 5.
433 2337 671 2383 PRAETEREA,
700 2344 903 2386 peccatum
931 2335 1111 2397 originale
1141 2348 1220 2373 non
1248 2336 1373 2373 dimit-

313 2389 403 2427 titur
429 2389 510 2428 51110
539 2365 695 2426 actuali:
730 2389 822 2438 quia
850 2390 1003 2438 impium
1032 2395 1082 2425 est
1109 2402 1132 2426 a
1160 2390 1243 2426 Deo
1271 2390 1373 2426 dimi-

313 2442 415 2480 diam
441 2454 595 2492 sperare
621 2445 780 2488 veniam,
810 2449 852 2478 ut
875 2441 1110 2490 Augustinus
1129 2441 1218 2478 dicit
1236 2441 1266 2478 ²¹⁶.
1298 2443 1374 2479 Sed

69 2468 290 2545 §Q‘Z'g’axsugxi
314 2507 518 2545 nunquam
538 2501 555 2517 ‘²
582 2495 717 2544 legitur
744 2495 851 2544 quod
870 2507 939 2544 per
957 2494 1289 2532 circumcisionem
1318 2507 1373 2531 re-

68 2442 122 2465 ¹'De
124 2441 185 2465 Vera
190 2444 216 2465 et
219 2442 286 2465 Falae.

7 2567 9 2574 ι
67 2547 286 2603 Μώξῆιῗθ·
314 2548 524 2586 mitteretur
550 2549 695 2586 actuale
723 2555 936 2598 peccatum.
971 2548 1072 2596 Ergo
1101 2559 1227 2596 neque
1260 2547 1374 2584 etiam

171 2611 189 2628 α
315 2601 495 2650 originale
523 2613 592 2650 per
620 2613 707 2638 eam
734 2601 1004 2638 dimittebatur.

369 2655 443 2692 SED
481 2666 625 2692 CONTRA
657 2666 722 2691 EST
759 2654 866 2703 quod
901 2653 1136 2701 Augustinus
1177 2652 1284 2700 dicit,
1305 2654 1379 2691 ad

210 2724 242 2758 ὡ·
257 2710 291 2762 fif
322 2708 510 2746 Valerium
538 2713 668 2745 contra
695 2708 885 2744 Iulianum
904 2707 942 2743 *2
972 2708 1036 2743 Ex
1056 2718 1127 2756 quo
1147 2707 1306 2745 instituta
1324 2711 1376 2744 est

314 2762 545 2798 circumcisio
560 2762 596 2797 in
607 2761 749 2810 populo
764 2761 846 2806 Dei,
863 2760 962 2809 quod
979 2765 1058 2796 erat
1072 2757 1086 2788 β
1104 2773 1122 2792 «
1139 2759 1374 2808 signaculum

315 2815 470 2851 iustitiae
475 2814 574 2862 fidet
593 2829 628 2861 »,
652 2814 703 2851 ad
718 2814 1043 2861 sanctificationem
1057 2813 1295 2861 purgationis
1312 2824 1375 2850 va-

171 2868 189 2895 Υ
314 2867 411 2904 lebat
429 2867 599 2917 parvulis
626 2867 823 2916 originalis
841 2867 1042 2914 veterisque
1063 2865 1210 2914 peccati
1225 2869 1258 2900 γ;
1285 2866 1378 2902 sicut

315 2921 425 2957 etiam
453 2921 653 2970 baptismus
680 2932 730 2957 ex
750 2920 811 2957 illo
841 2920 957 2968 coepit
983 2918 1109 2955 valere
1135 2923 1300 2966 tempore
1327 2918 1378 2955 ad

315 2972 590 3011 innovationem
618 2974 787 3019 hominis,
818 2984 867 3008 ex
894 2984 965 3020 quo
994 2972 1171 3007 institutus
1198 2975 1258 3006 est.

367 3026 593 3064 Responmzo
621 3037 803 3063 DmENDUM
839 3024 946 3083 quod
984 3023 1031 3060 ab
1061 3022 1242 3060 omnibus
1270 3034 1375 3059 corn—

314 3078 484 3116 muniter
509 3078 666 3128 ponitur
693 3077 828 3127 quod
819 3090 859 3114 111
878 3075 1166 3114 circumcisione
1195 3074 1376 3123 originale

314 3139 519 3181 peccatum
547 3131 818 3168 remittebatur.
849 3130 1796 3212 Quidam—m
1043 3136 1172 3165 tamen
1201 3127 1378 3164 dicebant

416 3250 560 3275 nunquam.
578 3257 598 3261 —
616 3250 745 3275 nusquam
766 3243 795 3268 P.

370 3251 386 3267 α

370 3241 397 3312 βξ
414 3278 487 3310 quod
509 3281 578 3305 erat.
596 3292 616 3297 -
633 3279 704 3311 quod
728 3282 788 3303 erat
805 3277 832 3302 in
852 3278 881 3308 E,
900 3285 968 3310 quae
994 3281 1056 3302 tunc
1081 3281 1140 3302 erat
1159 3277 1210 3306 sG.
1229 3284 1297 3309 quae
1318 3280 1378 3301 erat

317 3313 341 3338 sl
358 3318 384 3338 et
402 3313 566 3339 editiones.-
585 3314 702 3339 iustitiae
714 3314 781 3346 fidei
799 3313 884 3337 BDsG
904 3318 929 3337 et
947 3320 978 3342 a;
999 3313 1116 3338 iustitiae
1127 3313 1196 3345 fidei
1216 3313 1267 3337 Dei
1280 3312 1377 3340 ACEF.

308 3348 378 3382 fidei
395 3348 512 3374 iustitiae
531 3349 583 3374 Dei
601 3349 682 3374 tertia.
708 3349 757 3373 Pro
778 3348 1022 3381 sanctificationem,
1043 3348 1255 3380 iustificationem
1276 3347 1308 3372 G.
1329 3348 1378 3372 Pro

312 3384 444 3416 parvulis,
464 3384 569 3417 magnis
587 3387 614 3409 et
628 3384 751 3416 parvulis
770 3384 816 3409 sG.
835 3384 923 3415 Margo
943 3384 976 3408 P:
995 3384 1072 3412 alias,
1092 3390 1159 3415 quae
1178 3386 1237 3407 erat
1254 3383 1378 3415 signacu-

316 3420 371 3444 lum
391 3418 509 3444 iustitiae
519 3419 587 3452 fidei
604 3420 642 3444 ad
655 3419 846 3452 purgationem
866 3419 971 3443 valebat
989 3418 1094 3451 magnis
1112 3422 1137 3443 et
1152 3418 1275 3450 parvulis
1292 3421 1341 3443 etc.

370 3452 397 3522 13

370 3496 384 3513 0

369 3523 392 3557 ε)
412 3524 505 3549 millia.
523 3539 542 3543 -
566 3525 636 3550 mille
661 3525 771 3550 millium
792 3525 825 3554 Ε,
845 3525 916 3549 mala
935 3525 964 3555 F,
982 3525 1054 3549 mille
1077 3524 1130 3554 lbc3
1156 3524 1225 3548 enim
1250 3523 1378 3549 caritas...

316 3559 401 3585 millia
418 3567 471 3584 om.
491 3559 524 3585 H.

8 2675 17 2718 Γ·-
68 2707 192 2732 ,μη

11 2734 188 2764 2m

416 3454 563 3486 veterisque
583 3455 695 3486 peccati.
708 3469 727 3474 -
744 3455 844 3484 Tertia3
865 3454 971 3486 peccati
988 3454 1142 3485 veterisque.

415 3489 486 3521 quod
505 3496 556 3514 non
575 3493 623 3515 est.
641 3504 660 3508 —
678 3490 726 3515 hoc
745 3497 796 3514 non
816 3496 872 3514 esse
890 3488 941 3522 (est
959 3488 1012 3522 pfl)
1032 3489 1112 3514 tertia.

521 608 544 632 D
564 608 735 638 QUARTUM
754 607 805 632 510
826 606 1060 632 PROCEDITUR.
1083 593 1243 630 Videtur
1262 590 1369 650 quod
1423 591 1529 640 quod
1558 604 1638 629 non
1666 594 1930 630 conferebatur
1956 594 2082 642 gratia,
2113 594 2180 630 sed
2199 596 2325 631 solum
2354 595 2479 632 remit-

1423 644 1572 681 tebatur
1590 653 1801 693 peccatum.
1824 647 1943 693 Quod
1961 646 2140 694 Magister
2158 647 2266 696 ponit
2285 647 2324 684 in
2339 660 2348 684 1
2363 647 2445 684 dist.
2461 648 2481 670 '¹‘

1423 697 1474 733 IV
1488 698 1597 743 Sent„
1615 705 1649 734 et
1663 699 1772 734 Rom.
1790 711 1823 735 1v
1842 699 1889 720 *
1881 711 1919 735 111
1940 699 2076 736 Glossa
2094 699 2144 736 Μ.
2161 700 2283 737 -Sed
2302 701 2378 737 hoc
2399 713 2480 738 non

481 748 582 791 &lat
604 766 625 790 11
643 753 679 790 *ε
710 754 750 790 Si
776 753 926 802 exlege
953 757 1003 788 est
1030 752 1176 796 iustitia,
1206 750 1370 787 Christus
1423 757 1547 798 potest
1574 762 1675 786 055οε
1712 751 1802 800 quia
1837 740 1949 801 culpa
1981 764 2061 789 non
2089 751 2288 789 remittitur
2314 753 2385 789 nisi
2412 765 2481 802 per

1423 802 1600 850 gratiam,
1643 804 1858 840 secundum
1898 804 1991 841 illud
2027 806 2138 842 Rom.
2159 818 2191 842 111
2214 805 2249 841 ²¹²:
2292 807 2517 854 Iustificati·

1423 856 1541 904 gratis
1563 868 1635 904 per
1661 858 1824 904 gratiam
1853 859 1974 906 ipsius,
1995 866 2064 894 etc.

1478 908 1526 944 Et
1553 907 1640 944 ideo
1662 907 1723 944 alii
1741 908 1761 930 ’⁸
1789 909 1965 947 dixerunt
1993 911 2100 960 quod
2127 923 2197 960 per
2225 911 2480 948 circumcisio-

1425 972 1516 997 nem
1553 960 1817 998 conferebatur
1856 963 1973 1010 gratia
2013 971 2202 1013 quantum
2239 964 2287 1001 ad
2325 964 2481 1001 effectus

1425 1012 1658 1049 remissionis
1685 1015 1831 1062 culpae,
1851 1015 1918 1052 sed
1937 1028 2016 1053 non
2042 1024 2231 1065 quantum
2251 1017 2299 1053 ad
2325 1017 2481 1054 effectus

1424 1065 1629 1124 positiyos:
1650 1078 1699 1103 ne
1720 1067 1843 1103 dicere
1863 1077 2088 1116 cogerentur
2102 1070 2209 1118 quod
2222 1069 2340 1117 gratia
2353 1069 2393 1106 in
2412 1070 2481 1107 cir-

1425 1118 1660 1155 cumcisione
1676 1120 1809 1156 collata
1829 1120 2040 1159 sufficiebat
2053 1122 2102 1159 ad
2117 1122 2358 1171 implendum
2373 1135 2481 1160 man-

1425 1172 1513 1208 data
1531 1171 1632 1219 legis,
1649 1179 1685 1208 et
1699 1171 1749 1208 ita
1768 1173 1986 1232 superfluus
2000 1175 2068 1211 fuit
2082 1175 2269 1212 adventus
2285 1175 2481 1212 Christi.

1427 1225 1504 1262 Sed
1531 1224 1646 1262 etiam
1665 1225 1761 1261 haec
1778 1225 1916 1274 positio
1936 1234 2032 1263 stare
2051 1240 2130 1264 non
2149 1236 2272 1277 potest
2290 1228 2320 1264 ³⁸.
2351 1228 2481 1266 Primo
2509 1240 2520 1250 ·

1426 1277 1597 1327 quidem,
1627 1277 1718 1327 quia
1738 1290 1808 1326 per
1826 1278 2155 1317 circumcisionem
2175 1281 2336 1318 dabatur
2354 1281 2482 1331 pueris

1424 1331 1580 1368 facultas
1615 1343 1686 1368 suo
1725 1338 1898 1380 tempore
1934 1333 2183 1392 perveniendi
2224 1334 2273 1370 ad
2309 1334 2481 1382 gloriam,

1426 1396 1525 1433 quae
1554 1391 1610 1420 est
1636 1383 1793 1420 ultimus
1822 1384 1978 1421 effectus
2010 1386 2195 1434 positivus
2222 1387 2372 1434 gratiae.
2417 1388 2482 1424 Se-

1425 1437 1566 1483 cundo,
1596 1436 1687 1486 quia
1714 1436 1859 1486 priores
1895 1445 1982 1474 sunt
2009 1439 2238 1486 naturaliter,
2267 1440 2483 1477 secundum

1426 1489 1601 1527 ordinem
1630 1502 1766 1527 causae
1793 1490 1974 1536 formalis,
2003 1491 2159 1528 effectus
2186 1492 2337 1541 positivi
2364 1505 2484 1541 quam

1426 1542 1613 1592 privativi,
1641 1542 1727 1579 licet
1754 1543 1969 1580 secundum
1997 1544 2173 1581 ordinem
2201 1557 2337 1582 causae
2365 1554 2484 1583 mate-

1426 1595 1525 1633 rialis
1561 1595 1606 1632 sit
1633 1607 1654 1632 e
1683 1607 1891 1633 converso·
1919 1596 2044 1634 forma
2072 1597 2173 1634 enim
2204 1610 2284 1634 non
2321 1599 2484 1636 excludit

1425 1648 1682 1698 privationem
1710 1648 1782 1687 nisi
1809 1649 2052 1686 informando
2081 1650 2306 1687 subiectum.

1479 1702 1528 1738 Et
1561 1701 1649 1738 ideo
1685 1701 1746 1738 alii
1780 1701 1956 1739 dixerunt
1989 1703 2096 1751 quod
2129 1703 2167 1740 in
2196 1703 2483 1741 circumcisione

1426 1755 1692 1792 conferebatur
1722 1754 1839 1802 gratia
1876 1755 1990 1792 etiam
2023 1763 2212 1804 quantum
2240 1756 2289 1793 ad
2317 1756 2485 1805 aliquem

1427 1808 1607 1844 effectum
1634 1807 1863 1856 positivum,
1893 1808 1960 1857 qui
1988 1816 2043 1845 est
2069 1809 2192 1846 facere
2221 1809 2380 1857 dignum
2408 1809 2485 1847 vita

1426 1868 1599 1898 aeterna:
1640 1861 1707 1897 sed
1734 1872 1815 1897 non
1843 1868 2033 1910 quantum
2066 1862 2115 1899 ad
2147 1874 2283 1899 omnes
2316 1862 2483 1910 effectus,

1427 1913 1517 1962 quia
1551 1925 1631 1950 non
1659 1913 1872 1950 sufficiebat
1899 1914 2106 1963 reprimere
2135 1915 2486 1964 concupiscentiam

1426 1965 1578 2013 fomitis,
1607 1978 1679 2003 nec
1707 1966 1821 2003 etiam
1849 1967 1898 2003 ad
1917 1966 2159 2042 implendum
2178 1969 2358 2006 mandata
2382 1968 2482 2016 legis.

1429 2020 1548 2066 Quod
1576 2018 1691 2056 etiam
1719 2019 1926 2068 aliquando
1955 2020 2090 2057 mihi*
2109 2020 2238 2057 visum
2258 2029 2324 2058 est.
2354 2044 2378 2048 —
2408 2022 2523 2059 Sed·

1427 2072 1623 2120 diligenter
1659 2071 1915 2109 consideranti
1949 2081 2106 2132 apparet
2143 2074 2250 2122 quod
2285 2086 2365 2117 non
2397 2083 2453 2111 est
2471 2073 2484 2096 δ

1426 2136 1576 2161 verum.
1607 2124 1711 2183 Quia
1737 2124 1899 2162 minima
1925 2125 2042 2173 gratia
2068 2133 2193 2175 potest
2216 2126 2386 2163 resistere
2406 2127 2484 2164 cui-

1426 2177 1516 2214 libet
1543 2177 1872 2225 concupiscentiae
1891 2177 1921 2224 *,
1951 2186 1987 2214 et
2009 2178 2127 2215 vitare
2147 2191 2263 2215 omne
2282 2188 2483 2228 peccatum

1427 2231 1598 2276 mortale,
1614 2230 1721 2279 quod
1741 2230 1990 2267 committitur
2007 2230 2047 2267 in
2066 2231 2360 2279 transgressione
2375 2245 2483 2269 man-

1427 2283 1606 2319 datorum
1634 2282 1741 2330 legis:
1772 2282 1933 2320 minima
1961 2283 2064 2320 enim
2092 2284 2226 2321 caritas
2253 2286 2340 2334 plus
2368 2285 2484 2334 diligit

1426 2336 1556 2372 Deum
1583 2347 1703 2384 quam
1731 2335 1916 2384 cupiditas
1944 2337 2091 2373 millia⁵
2118 2339 2205 2374 auri
2230 2344 2263 2374 et
2285 2339 2481 2387 argenti.

1480 2389 1527 2425 Et
1555 2388 1642 2425 ideo
1671 2388 1879 2425 dicendum
1903 2389 2037 2438 quod
2028 2402 2067 2426 111
2086 2389 2374 2427 circumcisione
2393 2403 2484 2428 con—

1426 2441 1617 2478 ferebatur
1642 2441 1797 2488 gratia*
1825 2449 2014 2490 quantum
2041 2443 2090 2479 ad
2119 2454 2255 2479 omnes
2274 2443 2413 2490 gratiae
2433 2445 2522 2481 ef-'

1426 2494 1545 2530 fectus
1563 2493 1598 2537 ²¹²,
1628 2493 1732 2530 aliter
1764 2502 1894 2531 tamen
1922 2507 2040 2544 quam
2069 2495 2108 2532 in
2136 2495 2337 2544 baptismo.
2380 2497 2522 2534 Nam

1427 2546 1467 2583 in
1501 2546 1692 2596 baptismo
1725 2547 1947 2584 confertur<
1979 2547 2095 2596 gratia
2129 2560 2175 2584 ex
2202 2548 2338 2586 virtute
2366 2549 2484 2598 ipsius

1426 2599 1618 2649 baptismi,
1629 2612 1762 2659 quam
1790 2600 1905 2637 habet
1932 2600 2163 2650 inquantum
2183 2609 2237 2638 est
2256 2601 2484 2639 instrumen-

1427 2659 1511 2690 tum
1538 2652 1727 2702 passionis
1754 2653 1920 2690 Christi
1911 2666 1989 2690 13111
2007 2654 2204 2702 perfectae.
2235 2654 2484 2693 Circumcisio

1427 2713 1558 2743 autem
1576 2705 1794 2743 conferebat
1811 2706 1967 2754 gratiam
1989 2706 2218 2766 inquantum
2237 2716 2316 2745 erat
2333 2708 2485 2756 signum

1427 2757 1520 2800 fidei
1537 2757 1725 2808 passionis
1741 2758 1880 2795 Christi
1897 2760 2046 2796 futurae
2062 2765 2079 2786 η
2090 2759 2126 2796 *ε
2153 2759 2203 2796 ita
2222 2760 2360 2797 scilicet
2378 2762 2485 2810 quod

1428 2811 1551 2848 homo
1570 2811 1637 2871 qui
1656 2810 1863 2860 accipiebat
1877 2811 2219 2858 circumcisionem,
2235 2813 2486 2861 profitebatur

1429 2875 1469 2900 se
1501 2864 1692 2913 suscipere
1724 2865 1839 2901 talem
1875 2864 2016 2910 fidem,
2053 2866 2114 2901 vel
2146 2866 2297 2902 adultus
2328 2878 2399 2915 pro
2432 2879 2483 2914 se,

1428 2918 1490 2953 vel
1518 2917 1613 2954 alius
1640 2929 1711 2966 pro
1737 2916 1917 2966 parvulis.
1947 2894 2058 2954 Unde
2087 2925 2123 2954 et
2150 2919 2356 2967 Apostolus
2384 2919 2482 2966 dicit,

1428 2971 1538 3006 Rom.
1560 2982 1594 3006 1v
1612 2969 1642 3016 ²³⁸,
1665 2969 1772 3018 quod
1790 2970 1983 3006 Abraham
2002 2972 2141 3019 accepit
2158 2973 2307 3030 signum
2327 2973 2484 3009 circum-

1429 3024 1596 3068 cisionis,
1629 3023 1864 3071 signaculum
1898 3024 2052 3059 iustitiae
2072 3023 2190 3071 fidei:
2226 3023 2316 3072 quia
2349 3024 2486 3061 scilicet

1430 3074 1568 3111 iustitia
1595 3087 1642 3111 ex
1665 3074 1742 3111 fide
1771 3082 1850 3111 erat
1868 3072 1880 3095 θ
1909 3074 2126 3123 significata,
2155 3088 2235 3112 non
2259 3089 2304 3113 ex
2324 3076 2485 3114 circum-

1429 3127 1571 3164 cisione
1600 3126 1845 3175 significante.
1875 3128 1923 3164 Et
1950 3127 2040 3176 quia
2068 3128 2279 3177 baptismus
2308 3138 2487 3178 operatur

1482 3241 1507 3274 ζ)
1523 3241 1702 3310 ›confertur--
1720 3241 1780 3272 Ρ10;
1797 3241 1990 3274 conferebatur.
2009 3241 2044 3275 (H
2058 3250 2110 3266 om.
2125 3245 2253 3274 quantum
2270 3243 2333 3268 ad..
2352 3244 2489 3277 confertur

1430 3277 1521 3309 gratia

1483 3312 1510 3345 η)
1532 3312 1703 3336 Circumcisio
1720 3315 1827 3337 autem..
1830 3313 1969 3345 ‚futur-ae.
1987 3326 2006 3331 —
2027 3313 2055 3337 In
2073 3313 2272 3338 circumcisione
2292 3317 2381 3339 autem
2400 3315 2488 3347 conse-

1431 3348 1539 3372 rebatur
1557 3347 1657 3380 gratia,
1671 3355 1722 3371 non
1736 3354 1773 3372 ex
1785 3347 1884 3372 virtute
1901 3348 2117 3376 circumcisionis,
2131 3349 2177 3373 sed
2191 3356 2227 3374 ex
2240 3349 2340 3374 virtute
2354 3350 2489 3381 passionis

1434 3382 1544 3412 Gur-isti,
1564 3382 1639 3407 cuius
1663 3382 1768 3415 signum
1793 3386 1852 3407 erat
1875 3383 2039 3408 circumcisio
2059 3384 2118 3413 Plc,
2139 3385 2184 3409 sed
2203 3392 2217 3409 c
2236 3392 2282 3416 per
2303 3384 2348 3409 VeI
2365 3385 2403 3409 sic
2421 3386 2490 3409 addit

1432 3423 1547 3442 nostram
1566 3418 1710 3447 lectionem,
1730 3425 1808 3450 quam
1827 3418 1902 3442 etiarn
1922 3426 2011 3451 margo
2031 3419 2049 3443 Ρ
2068 3419 2173 3451 praebet
2191 3427 2237 3451 per
2254 3420 2336 3445 Alias.
2364 3420 2488 3444 Codicum

1431 3452 1569 3478 B'rixiensis
1589 3458 1614 3477 et
1632 3437 1796 3477 Ambiosiani
1815 3459 1901 3478 notam
1920 3453 1978 3478 vide
1997 3454 2021 3478 in
2040 3455 2098 3478 V.ol
2111 3455 2153 3479 XI.
2172 3455 2254 3479 Praei.
2273 3463 2298 3479 n.
2313 3453 2354 3479 16.
2373 3460 2398 3480 et
2418 3462 2458 3488 27.
2470 3470 2489 3474 —

1433 3489 1459 3513 ln
1472 3493 1542 3513 textu
1555 3493 1645 3512 nostro
1657 3496 1705 3520 pro
1718 3489 1823 3521 signum
1837 3489 1911 3521 fidei,
1925 3489 2091 3515 circumcisio
2102 3490 2172 3522 fidei
2183 3490 2212 3521 F,
2225 3490 2330 3523 signum
2338 3490 2408 3522 fidei
2419 3494 2444 3515 et
2457 3491 2488 3515 D.

1485 3522 1510 3558 θ)
1529 3531 1566 3548 ex
1578 3524 1634 3557 fide
1652 3527 1721 3548 erat.
1738 3538 1756 3542 -
1774 3527 1833 3549 erat
1852 3531 1889 3549 ex
1899 3525 1958 3557 fide
1977 3525 2030 3550 Ple.

2508 652 2517 661 '
2541 650 2597 678 Cap.

2508 678 2591 698 autem.

2507 706 2598 744 :Vera
2614 714 2645 729 11.

2519 734 2585 755 Cf.
2610 733 2678 755 etiam

2509 759 2587 782 Closs.
2603 760 2659 781 Ord.

2623 651 2679 672 Ideo

2533 816 2599 838 vers.
2613 822 2649 843 24.

2507 920 2706 971 1511111111

2508 973 2550 1021 gift.
2557 973 2692 1021 qircumcis.
2697 989 2705 999 ‚

2537 2026 2569 2048 1v
2582 2026 2655 2053 Sene„
2669 2026 2723 2049 dist.

2512 2059 2528 2079 1,
2512 2059 2581 2107 ἀυὲιι.
2599 2059 2629 2079 n,
2644 2057 2685 2074 art.
2699 2060 2722 2079 4,

2608 2106 2622 2131 δ

2511 2184 2564 2206 ’0.
2579 2183 2632 2211 684.

2611 2347 2623 2364 ε

2511 2372 2567 2393 Ῥε.
2576 2378 2654 2399 cxviii,
2663 2379 2722 2394 vers.

2511 2405 2545 2423 73.

2537 2447 2564 2469 D.
2579 2448 2634 2474 804.

2535 2499 2563 2522 1).
2577 2506 2628 2527 344.
