2670 4172
812 334 1887 445 PRAEFATIO

446 1086 534 1123 M
547 1080 730 1109 LTERAM
768 1069 1010 1122 portionem
1045 1068 1357 1121 Quaestionum
1396 1069 1566 1110 Tertiae
1598 1069 1734 1110 Partis
1780 1069 2081 1111 introducturis
2125 1071 2266 1126 aliqua
2299 1085 2434 1126 pauca

462 1126 488 1134 ⁴*
547 1129 674 1170 nobis
708 1136 886 1171 tractare
918 1131 1032 1178 libet,
1058 1130 1242 1171 maxime
1275 1131 1316 1171 in
1341 1131 1709 1172 confirmationem
1743 1144 1894 1172 eorum
1916 1145 2026 1186 quae
2060 1133 2168 1173 circa
2201 1135 2433 1174 necessitu-

478 1186 692 1240 fdinem
726 1191 922 1232 codicum
957 1192 1064 1232 inter
1096 1205 1143 1232 se
1176 1192 1218 1232 in
1252 1192 1460 1247 superiori
1494 1193 1726 1233 Volumine
1759 1193 1933 1247 praefati
1967 1207 2127 1235 sumus.
2162 1195 2225 1235 Ibi
2249 1194 2433 1236 diximus

438 1274 450 1287 κ
502 1284 508 1306 3,
547 1259 710 1294 textum
743 1254 982 1294 traditionis
1016 1253 1056 1293 in
1091 1254 1241 1294 maiori
1276 1260 1317 1294 et
1348 1254 1575 1307 antiquiori
1620 1260 1738 1308 parte
1773 1254 1970 1295 codicum
2014 1256 2156 1296 multis
2189 1257 2294 1297 locis
2327 1270 2432 1297 una-

319 1348 339 1351 -.
453 1319 468 1349 γ’
514 1311 519 1318 “
548 1316 715 1356 nimiter
758 1316 1093 1356 contaminatum
1132 1328 1228 1355 esse
1262 1315 1516 1356 lectionibus
1552 1316 1762 1364 erroneis,
1797 1330 1925 1370 quas,
1962 1318 2019 1357 ob
2054 1317 2225 1358 testium
2259 1331 2431 1358 concor-

261 1376 552 1430 dignissiatim
575 1377 844 1432 autographo
878 1377 1062 1417 tribuere
1095 1383 1321 1431 propterea
1346 1377 1430 1417 iam
1453 1391 1540 1418 non
1564 1377 1724 1424 deceat,
1749 1378 1868 1431 quod
1903 1384 2018 1418 certo
2053 1385 2094 1419 et
2127 1379 2348 1419 evidenter
2379 1380 2433 1420 ad

261 1443 480 1498 multiplex
512 1452 652 1499 genus
686 1444 847 1479 erratae
880 1438 1215 1492 transcriptionis
1238 1438 1447 1492 pertinere
1481 1445 1809 1494 cognoscantur,
1836 1440 2021 1493 ideoque
2047 1441 2299 1494 exemplaris
2324 1442 2432 1481 male

259 1505 354 1545 lecti
381 1506 450 1545 vel
484 1500 682 1544 intellecti
717 1500 983 1540 existentiam
1006 1506 1366 1553 praesupponant.
1402 1500 1597 1540 Concors
1636 1513 1740 1554 ergo
1775 1501 2066 1541 testimonium
2100 1502 2241 1541 referri
2276 1502 2432 1542 debere

259 1566 313 1606 ad
336 1566 521 1618 aliquam
544 1561 724 1618 primam
747 1560 1127 1614 transcriptionem,
1152 1560 1194 1599 in
1218 1574 1303 1613 qua
1325 1566 1466 1601 textus
1488 1561 1743 1615 autographi
1766 1562 1980 1614 aliquibus
2003 1563 2109 1602 locis
2133 1563 2431 1604 detrimentum

258 1640 411 1682 passus
444 1626 510 1674 sit,
536 1631 577 1666 et
610 1635 721 1675 quae
750 1621 951 1675 deinceps
985 1621 1206 1661 meliorem
1229 1621 1468 1662 traditionis
1491 1628 1653 1676 partem
1676 1622 1900 1663 vitiaverit.
1935 1623 2027 1663 Nec
2050 1624 2116 1663 hic
2140 1624 2289 1664 sistere
2324 1625 2433 1665 dixi-

258 1701 354 1729 mus
377 1687 585 1740 influxum
608 1683 716 1723 illius
739 1683 862 1737 primi
885 1682 1134 1738 apographi.
1168 1682 1343 1723 Nullum
1369 1683 1481 1723 enim
1516 1683 1708 1723 codicem
1734 1684 1911 1724 inveniri
1935 1697 1958 1724 e
1983 1685 2101 1725 cuius
2125 1691 2243 1725 textu
2268 1699 2432 1726 errores

259 1750 349 1790 eius
383 1749 560 1789 omnino
594 1744 886 1799 disparuerint,
913 1751 954 1785 et
975 1750 1109 1784 totam
1132 1744 1217 1784 fere
1240 1744 1471 1784 lectionum
1494 1745 1755 1793 varietatem,
1781 1759 1912 1799 quam
1934 1746 2104 1786 traditio
2128 1747 2431 1796 subministret,

258 1825 283 1852 a
315 1811 547 1852 deliberata
569 1820 761 1850 errorum
785 1807 1049 1847 correctione
1075 1812 1217 1846 natam
1247 1819 1342 1846 esse
1371 1812 1412 1846 et
1443 1806 1640 1847 crevisse.
1677 1807 1744 1846 Ex
1766 1807 1848 1847 hoc
1872 1813 2014 1847 autem
2047 1808 2235 1863 legitime
2259 1810 2430 1850 conclu-

258 1872 446 1923 dendum
470 1884 565 1912 esse
588 1868 707 1924 quod
725 1875 816 1909 tota
832 1867 1002 1908 traditio
1020 1867 1274 1922 autographi
1297 1868 1351 1907 ab
1375 1881 1460 1908 una
1483 1868 1573 1908 eius
1591 1868 1914 1922 transcriptione
1938 1869 2180 1923 incoeperit.
2208 1871 2293 1910 Ista
2315 1884 2431 1926 ergo,

205 1940 213 1947 ‘
258 1940 299 1975 et
330 1933 544 1988 quaedam
576 1932 657 1972 alia
690 1930 876 1971 anterius
901 1929 1105 1976 discussa,
1128 1929 1195 1969 hic
1217 1929 1408 1983 pluribus
1432 1929 1538 1970 locis
1562 1929 1755 1970 adductis
1778 1930 1948 1970 Lectori
1972 1932 2228 1984 persuadere
2251 1932 2432 1972 intendi-

257 2009 364 2036 mus.
401 1993 634 2036 Commodi
667 1993 804 2048 gratia
837 2005 890 2032 ex
923 1991 1193 2045 praecedenti
1219 1990 1487 2031 Praefatione
1522 2004 1725 2031 numeros
1760 1992 1997 2039 citabimus,
2027 1992 2082 2032 ad
2105 2006 2217 2046 quos
2252 1994 2432 2034 dicenda

257 2057 462 2112 reportari
496 2056 666 2096 debent.
711 2055 896 2094 Textum
931 2053 1054 2107 primi
1097 2052 1355 2107 apographi,
1391 2065 1521 2106 quem
1565 2053 1723 2093 scilicet
1756 2066 1908 2094 omnes
1941 2054 2027 2094 fere
2061 2054 2231 2095 codices
2265 2061 2432 2096 veteres

256 2124 518 2166 attestantur,
543 2116 716 2158 nomine
755 2132 773 2152 ι
801 2121 942 2155 textus
975 2114 1137 2168 antiqui
1165 2131 1184 2151 ›
1223 2114 1525 2169 distinguimus
1558 2128 1583 2154 a
1617 2120 1733 2155 textu
1767 2115 2035 2170 autographi.

309 2239 361 2270 Ad
383 2243 434 2270 n⁰⁵
458 2239 488 2270 3.
506 2244 537 2270 et
556 2239 587 2269 8.
603 2257 645 2261 —
661 2238 816 2275 Quaestio
832 2247 880 2273 Lx,
897 2237 992 2267 huius
1007 2236 1189 2266 Voluminis
1204 2236 1316 2276 prima,
1343 2238 1347 2291 Ι
1373 2236 1450 2266 tiam
1466 2241 1496 2266 et
1502 2236 1688 2277 fallaciam.
1710 2236 1832 2266 Erroris
1848 2236 2078 2277 dittographiae
2094 2242 2125 2267 et
2140 2238 2280 2277 oppositi
2296 2239 2363 2268 vitii
2378 2239 2432 2268 ha—

256 2284 295 2315 de
318 2293 428 2314 earum
450 2292 587 2314 numero
612 2288 668 2318 est,
686 2291 822 2322 quarum
841 2287 944 2311 textus
968 2290 1043 2311 cum
1067 2281 1217 2311 omnibus
1241 2280 1318 2309 anti·
1372 2280 1578 2320 plographiae
1596 2281 1628 2310 in
1649 2285 1736 2310 textu
1753 2281 1885 2320 antiquo
1909 2281 1990 2311 infra
2012 2281 2118 2320 plures
2142 2291 2232 2312 casus
2255 2282 2431 2313 citabimus.

255 2329 327 2368 quis
351 2327 515 2358 codicibus
540 2327 672 2357 collatus
697 2331 752 2356 est.
777 2326 846 2356 Hac
871 2335 946 2365 ergo
971 2325 1168 2362 Quaestione
1197 2324 1318 2354 utimur

254 2378 291 2403 ut
313 2372 487 2412 specimine
504 2372 661 2406 omnium,
679 2375 710 2400 et
724 2370 895 2410 incipimus
919 2379 937 2399 a
959 2379 1013 2399 sex
1036 2369 1125 2403 locis,
1143 2378 1180 2398 ex
1200 2368 1316 2407 quibus

255 2416 337 2447 clare
361 2421 392 2446 et
413 2414 544 2446 indubie
567 2420 691 2455 pateat,
715 2415 820 2454 primo
833 2437 840 2449 ‚
864 2414 1037 2443 lectionem
1061 2413 1183 2452 antiqui
1212 2417 1315 2442 textus

255 2462 422 2490 erroneam
437 2469 521 2495 esse3
546 2459 698 2494 secunde,
715 2458 794 2498 quid
809 2458 919 2498 legerit
935 2458 1186 2497 autographum;
1210 2457 1314 2492 tertio,

254 2505 408 2534 variantes
431 2504 626 2543 principium
656 2503 827 2542 sumpsisse
858 2502 896 2532 ab
927 2511 1031 2532 errore
1054 2506 1158 2531 textus
1182 2501 1315 2540 antiqui.

309 2591 376 2622 Art.
398 2598 424 2622 1.
448 2600 536 2630 corp.
559 2601 597 2634 γ;
621 2591 881 2621 Aumomnum:
909 2602 923 2615 «
943 2589 1061 2619 Omnia
1085 2598 1167 2629 quae
1198 2588 1315 2618 habent

255 2634 402 2665 ordinem
425 2634 464 2664 ad
487 2634 607 2674 aliquid
630 2643 742 2669 unum,
766 2634 840 2664 licet
864 2633 1089 2669 diversimode,
1114 2633 1152 2663 ab
1176 2633 1231 2662 illo
1255 2641 1315 2662 no-

254 2679 367 2709 minari
384 2683 523 2718 possunt
540 2691 567 2708 ›.

310 2723 436 2752 Tnxrus
465 2732 633 2752 ANTiQsz:
653 2723 796 2763 possint;
819 2722 969 2752 Varians:
994 2721 1107 2761 possit.

310 2766 441 2797 Clarum
466 2771 512 2796 est
533 2766 566 2796 ni
589 2765 681 2797 fallor
709 2767 896 2806 scriptorem
919 2766 1014 2805 primi
1043 2765 1217 2805 apographi
1239 2764 1313 2794 ideo

255 2820 314 2851 pro
331 2815 471 2850 possunt
491 2809 606 2840 vidisse
622 2816 652 2840 et
675 2810 835 2850 scripsisse
845 2810 990 2850 possint,
1015 2810 1089 2849 quia
1111 2813 1219 2839 mente
1234 2808 1314 2838 illud

255 2854 295 2885 ad
319 2854 392 2884 licet
413 2854 569 2890 trahebat;
594 2854 638 2884 sic
654 2863 783 2885 sensum
807 2858 838 2883 et
859 2859 1048 2884 structuram
1071 2853 1223 2883 orationis
1243 2862 1312 2882 cor-

254 2899 349 2938 rupit,
366 2897 454 2938 quod
474 2903 659 2928 contextum
676 2897 852 2928 conferenti
868 2897 997 2937 patebit.
1020 2897 1132 2927 Lectio
1148 2896 1225 2926 falsa
1235 2906 1312 2936 pos-

253 2942 296 2973 sit
309 2942 343 2972 in
360 2947 497 2982 quatuor
513 2942 677 2972 codicibus
693 2942 832 2977 obtinet;
853 2951 924 2971 vera
939 2941 1034 2971 lectio
1044 2945 1183 2980 possunt
1196 2941 1231 2970 in
1246 2940 1312 2971 edi-

254 2986 394 3017 tionibus
411 2991 442 3016 et
456 2986 490 3016 in
505 2986 615 3026 paucis
634 2987 744 3026 eisque
760 2985 939 3015 recentibus
957 2984 1121 3015 codicibus
1137 2989 1310 3023 reapparet‚

253 3031 296 3061 ita
318 3036 354 3060 ut
376 3035 442 3060 tota
466 3029 565 3060 ferme
581 3029 707 3060 traditio
722 3030 937 3069 manuscripta
952 3029 1058 3059 vitiata
1073 3029 1112 3058 sit
1127 3027 1177 3058 vel
1193 3037 1249 3068 per
1265 3037 1312 3058 er-

252 3083 358 3105 rorem
381 3074 568 3113 originalem
578 3074 707 3114 possint
727 3074 778 3104 vel
802 3074 840 3103 ab
865 3078 963 3103 errata
990 3073 1188 3103 correctione
1198 3072 1312 3112 possit.

307 3162 374 3191 Art.
393 3161 421 3191 3.
439 3170 502 3201 arg.
531 3169 556 3191 1.
577 3171 614 3198 α;
639 3162 896 3192 AurooaAPmm:
925 3173 939 3187 ‹
957 3160 1007 3191 Ne
1024 3161 1095 3200 quis
1110 3170 1168 3190 vos
1184 3160 1313 3191 seducat

245 3215 309 3246 per
326 3205 563 3246 philosophiam
587 3211 618 3236 et
639 3206 768 3236 inanem
791 3205 945 3235 fallaciam
965 3218 992 3234 ».

307 3249 433 3280 Tnxrus
456 3259 625 3280 ANTIQUUs:
646 3260 708 3290 per
734 3249 948 3290 prophetiam.

306 3293 382 3324 Non
399 3298 445 3324 est
459 3293 594 3324 dubium
610 3295 689 3334 quin
704 3299 807 3324 textus
823 3294 973 3332 antiquus
984 3293 1130 3322 erraverit
1145 3301 1202 3332 per
1218 3292 1313 3323 ditto-

251 3338 431 3377 graphiam:
447 3347 473 3377 p
482 3338 615 3378 pphiam
631 3339 748 3378 scripto
765 3347 823 3378 pro
834 3348 860 3378 p
870 3338 981 3377 phiam
997 3337 1194 3376 autographi.
1218 3337 1314 3367 Error

251 3381 395 3413 in·nulla
423 3380 562 3412 editione
578 3387 609 3412 et
630 3383 664 3412 in
680 3383 790 3422 paucis
807 3381 970 3412 codicibus
987 3386 1071 3411 extra
1094 3379 1203 3411 fideles
1219 3381 1312 3420 primi

251 3425 426 3465 apographi
449 3430 543 3456 testes
566 3431 725 3466 superest;
751 3426 881 3456 obvenit
895 3430 1001 3456 tamen
1017 3426 1050 3455 in
1066 3425 1119 3455 EF
1146 3430 1177 3455 et
1200 3424 1240 3461 G,
1257 3426 1314 3465 qui

251 3474 374 3499 textum
389 3470 558 3510 antiquum
573 3470 736 3501 multoties
753 3470 908 3510 corrigere
925 3474 1087 3505 attentant,
1105 3474 1136 3499 et
1151 3469 1183 3499 in
1201 3469 1312 3500 codice

250 3512 403 3543 Patavino
419 3514 553 3544 tralucet
571 3514 629 3544 sub
652 3514 729 3544 falsa
748 3514 946 3545 correctione
958 3523 1022 3554 per
1036 3513 1163 3543 inanem
1177 3513 1313 3553 prophe-

391 3573 502 3598 Sumuss
521 3574 624 3599 Tuam..
643 3575 675 3600 D.
689 3574 803 3599 Tamus
822 3574 910 3598 T.1x.

1427 2368 1494 2398 Art.
1512 2377 1542 2406 4.
1561 2377 1623 2407 arg.
1643 2377 1671 2398 2.
1689 2367 1728 2406 β;
1759 2369 2018 2398 AUTOGRAPHUM:
2054 2381 2068 2395 ‹
2088 2368 2221 2409 Spiritus
2251 2375 2297 2400 est
2327 2371 2431 2407 Deus,

1373 2418 1403 2442 et
1438 2422 1492 2442 eos
1526 2413 1582 2452 qui
1609 2412 1751 2442 adorant
1777 2422 1848 2442 eum
1877 2413 1911 2442 in
1945 2413 2056 2452 spiritu
2087 2418 2118 2443 et
2147 2414 2276 2444 veritate
2303 2414 2433 2445 adorare

1372 2461 1500 2496 oportet
1519 2469 1546 2486 ».

1426 2500 1551 2530 Tnst
1567 2509 1739 2530 ANTmuus:
1757 2510 1828 2530 eum
1843 2501 1899 2540 qui
1914 2500 2056 2530 adorant
2073 2510 2144 2531 eum
2162 2501 2326 2540 (adorant,
2344 2503 2430 2543 eum)

1458 2545 1639 2574 Variantes:
1759 2554 1831 2574 eum
1854 2544 1909 2584 qui
1932 2545 2051 2575 adorat
2073 2554 2145 2575 eum

1763 2598 1872 2619 omnes
1894 2589 1949 2628 qui
1972 2589 2113 2619 adorant
2135 2599 2206 2619 eum

1756 2642 1828 2663 eum
1851 2632 1907 2672 qui
1921 2633 2064 2663 adorant
2137 2643 2207 2663 eum
2227 2633 2370 2665 adorare

1789 2681 1922 2716 oportet.

1424 2720 1612 2751 Lectionem
1636 2721 1823 2760 autographi
1855 2720 1901 2760 (in
1932 2730 1998 2760 quo
2032 2731 2087 2751 eos
2117 2721 2247 2751 fortasse
2277 2723 2429 2762 scriptum

1369 2770 1434 2794 erat
1459 2774 1513 2800 ·e·,
1537 2765 1619 2795 sicut
1641 2765 1735 2794 verba
1762 2774 1867 2795 sacrae
1899 2764 2078 2804 Scripturae
2107 2775 2164 2805 per
2187 2766 2269 2795 solas
2295 2767 2428 2797 initiales

1367 2808 1484 2838 litteras
1507 2809 1600 2839 scribi
1623 2808 1781 2847 solebant)
1804 2809 1985 2839 invenimus
2008 2810 2041 2839 in
2065 2810 2164 2839 tribus
2194 2815 2315 2840 tantum
2341 2810 2428 2841 codi-

1368 2853 1473 2882 cibus:
1498 2852 1534 2889 F,
1551 2853 1703 2883 Patavino
1727 2858 1758 2882 et
1772 2853 1873 2883 Vatic.
1894 2853 1969 2894 746,
1987 2859 2018 2883 et
2033 2854 2066 2883 in
2089 2853 2228 2884 editione
2244 2863 2281 2890 a;
2306 2860 2427 2885 ceterae

1368 2896 1523 2926 editiones
1547 2907 1627 2927 saec.
1644 2897 1712 2927 XV.
1729 2896 1848 2927 adorat
1870 2906 1944 2927 cum
1968 2897 1999 2927 H
2024 2903 2054 2927 et
2083 2897 2268 2928 Oxoniensi.

1421 2985 1488 3014 Art.
1503 2984 1533 3014 6.
1547 2994 1635 3024 corp.
1653 2983 1690 3020 {³5
1707 2985 1964 3015 AurooRAPmm:
1989 2996 2004 3011 α
2019 2984 2157 3014 Possunt
2172 2985 2362 3016 considerari
2378 2995 2425 3016 sa—

1368 3033 1528 3058 eramenta
1551 3038 1589 3058 ex
1612 3034 1700 3068 parte
1724 3029 1896 3058 hominis...
1921 3028 1977 3067 qui
1993 3029 2199 3068 componitur
2222 3039 2259 3059 ex
2275 3030 2381 3059 anima
2395 3035 2427 3060 et

1368 3081 1521 3112 corpore:
1547 3073 1599 3102 cui
1622 3073 1883 3112 proportionatur
1905 3072 2136 3102 sacramentalis
2156 3072 2324 3109 medicina,
2345 3083 2427 3114 quae

1362 3126 1425 3156 per
1448 3125 1514 3146 rem
1538 3116 1690 3146 visibilem
1714 3125 1831 3157 corpus
1847 3116 1961 3157 tangit,
1980 3121 2011 3146 et
2033 3126 2090 3156 per
2111 3117 2244 3147 verbum
2268 3118 2306 3147 ab
2322 3118 2427 3148 anima

1368 3159 1505 3190 creditur
1524 3173 1551 3190 ι».

1423 3204 1550 3234 Tnxrus
1569 3214 1740 3235 Annouus:
1764 3212 1847 3244 quae
1864 3208 1991 3243 partem
2016 3204 2167 3235 visibilem
2184 3214 2301 3244 corpus
2324 3206 2429 3247 tangit

1772 3257 1855 3288 quae
1880 3257 1944 3287 per
1968 3253 2096 3288 partem
2127 3249 2278 3279 visibilem
2312 3259 2428 3290 corpus

1812 3292 1918 3333 tangit

1763 3345 1845 3376 quae
1854 3341 1982 3376 partem
1999 3337 2161 3373 visibilem,
2177 3337 2299 3367 scilicet
2312 3347 2428 3377 corpus

1810 3380 1916 3421 tangit

1765 3433 1847 3464 quae
1853 3429 1982 3464 partem
1995 3425 2148 3455 visibilem
2160 3425 2306 3464 corporis
2322 3425 2428 3466 tangit

1765 3478 1848 3509 quae
1865 3478 1928 3508 per
1950 3478 2017 3498 rem
2037 3469 2199 3504 visibilem,
2215 3468 2336 3499 scilicet
2355 3478 2427 3499 cor-

1804 3522 1877 3553 pus,
1897 3513 2010 3553 tangit.

1456 3248 1619 3279 Variantes
1630 3259 1637 3278 :

2269 3581 2285 3597 a
