2878 4088
165 282 174 290 ·
189 279 224 300 De
237 278 296 300 Fide
307 278 374 300 Orth.

165 306 203 327 lib.
215 306 243 332 11,
253 312 303 333 cap.
312 311 374 326 xxiv.

166 501 173 509 ·
182 499 227 525 Qu.
240 505 290 524 ην,
302 502 343 519 art.
356 506 373 520 ι.

161 1732 233 1760 Ὀαρ-
249 1739 264 1755 ι.

163 1868 172 1876 ·
188 1865 246 1888 Gen.
269 1867 313 1887 loc.
335 1865 374 1886 cit.

162 1893 185 1914 in
199 1898 224 1914 ar
241 1898 323 1919 .‚vers.
338 1893 373 1915 28.

164 1922 172 1930 ·
188 1919 222 1940 lbi
241 1935 247 1940 .

165 2173 174 2182 '
190 2170 225 2192 Cf.
241 2177 280 2197 qu.
295 2177 333 2192 Lu.

164 2197 251 2219 ''Dist.
263 2203 375 2225 xxx‚cap.

165 2230 179 2245 1.

166 2310 176 2319 '
191 2309 241 2330 Art.
256 2308 360 2336 praeced.

259 2716 274 2735 1,
286 2716 308 2731 n.
321 2709 354 2732 ¹8.
366 2720 378 2726 -

262 2737 313 2758 lect.
329 2742 362 2758 ιιι.

167 2710 247 2759 §.ciza

172 3283 181 3291 '
193 3280 239 3307 Qu.
251 3286 291 3305 ιιι,
305 3284 345 3301 art.
358 3287 380 3305 ις

172 3313 211 3335 qu.
226 3313 286 3332 ινιιι,
297 3310 339 3328 art.
356 3314 363 3328 ι
376 3314 381 3332 ;

171 3339 209 3361 qu.
224 3339 271 3362 ux,
281 3337 323 3355 art.
339 3339 355 3355 ι.

405 196 453 243 98

402 283 588 303 mascenum
604 275 630 309 ⁴¹⁵,
648 279 694 303 est
717 274 808 304 cuius
818 274 1016 315 principium
1033 280 1080 305 est
1095 275 1126 304 in
1144 275 1252 314 aliquo
1269 274 1387 304 sciente
1402 272 1467 301 sin—

401 318 535 358 gularia
560 318 591 347 in
616 318 729 358 quibus
752 323 799 348 est
820 324 930 354 actus,
955 318 1045 359 quod
1069 319 1183 349 erranti
1211 327 1278 348 non
1302 315 1466 355 competit.

402 362 487 401 Ergo
513 371 598 392 error
620 363 861 393 matrimonium
885 363 1027 403 impedit.

456 407 645 436 Rasponnsso
677 417 837 437 [neminum
867 407 956 447 quod
987 406 1144 446 quidquid
1174 404 1307 444 impedit
1338 411 1466 432 causam

403 449 441 480 de
465 451 513 480 sui
532 456 654 487 natura,
671 451 804 491 impedit
821 457 851 481 et
868 451 1016 481 effectum
1033 450 1183 480 similiter.
1209 448 1394 478 Consensus
1410 455 1466 475 au-

402 500 467 524 tem
491 500 537 524 est
561 504 655 525 causa
678 496 883 531 matrimonii,
900 501 936 525 ut
959 495 1080 525 dictum
1104 499 1150 524 est
1165 494 1191 522 ’ἦ
1216 492 1257 521 Et
1279 491 1352 520 ideo
1377 488 1467 529 quod

402 545 534 569 evacuat
557 548 761 575 consensum,
779 545 911 570 evacuat
933 538 1183 569 matrimonium.
1209 535 1394 565 Consensus
1410 543 1465 563 au-

401 588 467 613 tem
490 583 662 613 voluntatis
685 589 732 614 est
754 589 856 619 actus,
882 584 937 623 qui
961 581 1190 622 praesupponit
1213 585 1320 609 actum
1343 577 1466 607 intelle-

402 633 481 657 ctus,
506 627 683 658 Deficiente
707 633 814 658 autem
837 628 952 667 primo,
978 634 1107 655 necesse
1132 629 1178 654 est
1202 622 1363 653 defectum
1387 631 1466 651 con-

402 672 522 711 tingere
545 673 577 701 in
602 671 754 702 secundo.
790 672 830 701 Et
853 670 943 705 ideo,
968 668 1098 709 quando
1129 677 1215 697 error
1246 667 1466 706 cognitionem

402 715 544 755 impedit,
562 716 704 755 sequitur
721 716 814 745 etiam
838 716 870 744 in
895 715 964 754 ipso
989 722 1148 743 consensu
1168 710 1321 741 defectus.
1346 710 1387 740 Et
1409 719 1467 750 per

403 769 604 799 consequens
627 761 659 789 in
683 759 898 789 matrimonio.
930 758 970 787 Et
993 758 1038 787 sic
1061 766 1148 786 error
1171 755 1211 786 de
1234 756 1303 785 iure
1331 754 1466 784 naturali

402 805 495 834 habet
520 804 609 844 quod
633 809 764 833 evacuet
787 802 1037 832 matrimonium.

456 849 505 877 An
530 858 645 877 ramum
661 857 743 877 eaeo
767 856 925 876 mcENDnM
946 845 1035 885 quod
1058 844 1237 884 ignorantia
1260 842 1373 878 differt,
1390 843 1465 873 sim-

401 892 524 931 pliciter
539 891 714 931 loquendo,
732 892 770 920 ab
787 899 908 920 errore:
934 890 1008 929 quia
1024 889 1202 929 ignorantia
1223 887 1263 918 de
1278 888 1327 917 sui
1343 888 1466 918 ratione

401 945 468 966 non
491 937 641 975 importat
662 935 801 974 aliquem
818 934 1010 973 cognitionis
1034 938 1158 968 actum;
1184 931 1239 962 sed
1264 941 1351 962 error
1373 932 1466 971 ponit

400 980 553 1009 iudicium
577 980 706 1008 rationis
736 988 919 1018 perversum
944 977 983 1007 de
1008 978 1126 1017 aliquo.
1159 977 1284 1006 Tamen
1309 981 1466 1016 quantum

401 1023 439 1053 ad
463 1025 524 1053 hoc
549 1023 638 1062 quod
655 1029 700 1052 est
723 1022 878 1062 impedire
894 1022 1122 1057 voluntarium,
1139 1031 1207 1051 non
1231 1020 1334 1050 differt
1357 1025 1465 1050 utrum

400 1067 521 1097 dicatur
544 1067 719 1106 ignorantia
743 1066 793 1096 vel
817 1076 912 1096 error.
938 1066 1023 1103 Quia
1046 1066 1135 1096 nulla
1158 1065 1338 1105 ignorantia
1360 1069 1467 1104 potest

399 1111 553 1150 impedire
569 1111 784 1141 voluntarium
808 1111 868 1140 nisi
885 1120 968 1150 quae
991 1111 1086 1140 habet
1105 1118 1246 1140 errorem
1262 1108 1465 1139 adiunctum:

399 1165 438 1185 eo
463 1155 552 1194 quod
576 1160 663 1185 actus
687 1155 858 1185 voluntatis
874 1155 1107 1195 praesupponit
1130 1154 1386 1184 aestimationem
1402 1154 1467 1183 sive

398 1198 553 1229 iudicium
578 1199 616 1229 de
640 1199 748 1239 aliquo
773 1199 806 1229 in
829 1198 919 1239 quod
942 1198 1058 1235 fertur3
1083 1198 1180 1239 unde,
1198 1199 1223 1228 si
1247 1203 1294 1228 est
1312 1198 1356 1227 ibi
1375 1198 1467 1237 igno-

398 1244 505 1279 rantia,
532 1249 660 1283 oportet
683 1244 725 1273 ibi
749 1253 817 1274 esse
849 1253 999 1274 errorem.
1038 1244 1079 1273 Et
1102 1243 1176 1273 ideo
1211 1242 1307 1273 etiam
1337 1242 1469 1282 ponitur

400 1297 502 1323 error,
528 1289 617 1327 quasi
641 1297 735 1318 causa
758 1288 912 1328 proxima.

453 1332 503 1361 AD
528 1342 689 1362 SECUNDUM
705 1342 864 1362 mmmmm
881 1331 980 1372 quod,
998 1332 1144 1372 quamvis
1166 1341 1234 1362 non
1259 1331 1469 1361 contrarietur

399 1375 576 1406 secundum
599 1386 632 1406 se
656 1377 872 1412 matrimonio,
896 1377 1104 1407 contrariatur
1127 1377 1156 1406 ei
1179 1381 1287 1406 tamen
1311 1381 1469 1416 quantum

400 1420 439 1450 ad
462 1430 590 1450 causam
613 1431 714 1451 suam.

452 1465 503 1494 An
527 1475 661 1495 TERTIUM
684 1475 844 1495 DICENDUM
867 1465 957 1506 quod
988 1466 1148 1496 character
1176 1465 1370 1504 baptismalis
1400 1473 1468 1494 non

399 1515 545 1539 causatur
569 1519 606 1539 ex
622 1510 800 1540 intentione
820 1510 1007 1549 baptizantis
1024 1510 1151 1545 directe,
1169 1509 1224 1539 sed
1249 1518 1286 1539 ex
1307 1509 1468 1539 elemento

399 1554 552 1584 materiali
572 1555 708 1584 exterius
724 1554 883 1584 adhibito:
908 1555 1043 1585 intentio
1068 1559 1176 1584 autem
1193 1559 1343 1593 operatur
1362 1553 1469 1583 solum

399 1604 435 1628 ut
467 1598 603 1638 dirigens
634 1599 829 1629 elementum
860 1599 1021 1629 materiale
1045 1598 1085 1629 ad
1108 1598 1258 1628 effectum
1289 1598 1467 1638 proprium.

400 1642 463 1673 Sed
485 1643 651 1673 vinculum
675 1643 843 1682 coniugale
867 1653 905 1673 ex
927 1644 999 1684 ipso
1028 1652 1187 1673 consensu
1218 1647 1364 1672 causatur
1387 1641 1468 1672 dire-

400 1692 460 1717 cte.
484 1687 526 1716 Et
548 1686 622 1717 ideo
646 1697 714 1717 non
738 1692 785 1717 est
808 1687 922 1718 simile.

455 1731 506 1761 An
531 1741 679 1761 auam-tm
702 1742 863 1761 mea-noun
886 1731 986 1772 quod,
1004 1732 1086 1762 sicut
1110 1731 1270 1771 Magister,
1287 1740 1347 1760 xxx
1365 1730 1435 1760 dist.
1452 1731 1469 1747 ⁴*

401 1775 444 1805 IV
457 1775 553 1811 Sent„
571 1775 656 1811 dicit,
674 1777 915 1806 matrimonium
932 1776 1022 1816 quod
1038 1775 1098 1806 fuit
1116 1776 1198 1806 inter
1213 1775 1305 1805 Liam
1322 1780 1353 1805 et
1373 1775 1468 1804 Iacob

400 1829 468 1849 non
484 1819 544 1849 fuit
563 1819 742 1859 perfectum
770 1830 807 1850 ex
826 1821 897 1860 ipso
922 1821 1107 1856 concubitu,
1125 1821 1181 1860 qui
1201 1829 1238 1849 ex
1265 1829 1370 1849 errore
1390 1828 1469 1849 con-

401 1864 485 1903 tigit;
512 1863 567 1894 sed
592 1874 630 1894 ex
657 1874 816 1895 consensu
841 1865 896 1904 qui
917 1864 1127 1905 postmodum
1143 1864 1274 1894 accessit
1289 1864 1315 1893 *ἦ
1344 1863 1469 1893 Tamen

401 1914 536 1948 uterque
562 1918 580 1938 a
606 1914 739 1948 peccato
768 1915 951 1939 excusatur:
977 1915 1013 1939 ut
1034 1909 1068 1939 in
1096 1907 1208 1939 eadem
1236 1907 1469 1938 distinctione*

402 1958 497 1992 patet.

467 2019 566 2049 ART.
584 2019 620 2049 11.
645 2028 750 2048 urium
773 2028 866 2049 omns
890 2028 992 2049 ERROR
1016 2028 1234 2048 itm-amomum
1258 2027 1404 2047 masmar

465 2095 484 2114 D
509 2094 671 2114 SECUNDUM
694 2094 740 2114 sm
755 2094 959 2114 paocamrtm.
986 2084 1119 2114 Videtur
1141 2083 1231 2124 quod
1252 2083 1358 2113 omnis
1383 2092 1470 2113 error

403 2097 705 2159 Amatrimonium
728 2129 897 2168 impediat,
922 2134 953 2159 et
975 2138 1042 2158 non
1066 2128 1173 2159 solum
1196 2137 1283 2158 error
1311 2127 1469 2158 conditio-

401 2173 450 2203 nis
466 2174 482 2190 *
498 2178 552 2203 aut
566 2182 738 2213 personae,
756 2178 791 2203 ut
806 2173 840 2203 in
855 2173 957 2203 littera
973 2173 1007 2189 Μ’
1032 2172 1155 2203 dicitur.
1185 2172 1270 2210 Quia
1285 2171 1376 2212 quod
1392 2181 1470 2202 con-

401 2218 487 2247 venit
510 2218 605 2247 alicui
636 2217 815 2247 secundum
839 2227 891 2253 se,
917 2218 1068 2247 convenit
1098 2218 1127 2247 ei
1151 2216 1331 2247 secundum
1363 2221 1470 2246 totum

401 2272 495 2292 suum
519 2262 684 2292 ambitum.
710 2261 772 2292 Sed
797 2271 884 2291 error
907 2261 947 2292 de
971 2262 1019 2291 sui
1042 2267 1155 2292 natura
1178 2261 1274 2291 habet
1290 2259 1379 2301 quod
1402 2270 1469 2290 ma-

401 2307 590 2336 trimonium
612 2306 783 2346 impediat,
808 2311 844 2336 ut
868 2306 989 2336 dictum
1014 2311 1060 2336 est
1083 2307 1109 2336 ’ἃ
1142 2306 1228 2346 Ergo
1253 2306 1358 2336 omnis
1383 2314 1471 2335 error

401 2351 642 2380 matrimonium
665 2350 808 2390 impedit.

458 2405 487 2425 2.
512 2395 708 2430 PRAETEREA,
725 2395 750 2424 si
774 2404 861 2425 error
883 2395 1076 2434 inquantum
1095 2393 1282 2424 huiusmodi
1305 2393 1470 2424 matrimo-

401 2439 493 2469 nium
508 2439 652 2479 impedit,
664 2440 767 2469 maior
779 2449 865 2469 error
880 2439 981 2479 magis
997 2439 1092 2469 debet
1107 2438 1272 2479 impedire.
1289 2437 1352 2469 Sed
1368 2438 1471 2468 maior

403 2489 449 2513 est
473 2493 559 2514 error
582 2483 670 2519 fidei,
696 2484 752 2523 qui
776 2489 823 2513 est
845 2484 878 2513 in
901 2483 1067 2513 haereticis
1090 2493 1158 2513 non
1182 2482 1383 2513 credentibus
1406 2482 1471 2512 hoc

403 2533 646 2563 sacramentum,
664 2537 762 2567 quam
778 2537 865 2558 error
880 2537 1046 2567 personae.
1071 2527 1157 2567 Ergo
1177 2528 1278 2567 magis
1301 2526 1396 2557 debet
1411 2527 1471 2557 im-

403 2571 511 2612 pedire
535 2581 633 2612 quam
657 2581 743 2602 error
766 2581 931 2612 personae.

475 2616 504 2646 3.
528 2616 723 2652 Pnanmam,
741 2626 828 2646 error
850 2626 918 2646 non
934 2621 1066 2646 evacuat
1089 2616 1331 2646 matrimonium
1347 2616 1408 2646 nisi
1422 2616 1472 2646 in-

404 2666 561 2700 quantum
584 2660 667 2690 tollit
689 2660 916 2691 voluntarium.
941 2660 1004 2691 Sed
1019 2661 1198 2700 ignorantia
1219 2660 1389 2690 cuiuslibet
1412 2661 1471 2690 cir-

405 2705 612 2735 cumstantiae
627 2704 845 2735 voluntarium
860 2705 953 2741 tollit,
970 2710 1005 2735 ut
1020 2710 1107 2745 patet
1122 2705 1156 2735 in
1172 2704 1212 2734 111
1228 2704 1332 2735 Ethic.
1349 2705 1366 2721 ⁴*
1385 2705 1471 2745 Ergo

404 2758 472 2779 non
488 2749 594 2779 solum
610 2758 697 2779 error
713 2749 907 2779 conditionis
924 2754 954 2779 et
977 2758 1133 2789 personae
1155 2749 1397 2779 matrimonium
1412 2750 1472 2779 im-

405 2793 549 2833 pediunt.

460 2847 491 2876 4.
515 2838 710 2873 PRAETEREA‚
728 2838 809 2867 sicut
825 2838 968 2868 conditio
993 2838 1150 2868 servitutis
1174 2837 1294 2877 aliquid
1310 2843 1357 2868 est
1375 2847 1472 2868 anne-

405 2891 482 2912 xum
505 2881 651 2912 accidens
674 2891 846 2921 personae,
873 2883 916 2912 ita
947 2882 1081 2922 qualitas
1105 2883 1248 2922 corporis
1279 2888 1333 2912 aut
1362 2883 1471 2913 animi.

406 2926 468 2956 Sed
492 2936 578 2956 error
601 2926 794 2956 conditionis
818 2926 952 2966 impedit
970 2927 1221 2957 matrimonium.
1247 2926 1342 2966 Ergo,
1360 2927 1472 2958 eadem

406 2971 538 3006 ratione,
556 2980 642 3000 error
666 2971 824 3010 qualitatis
848 2977 902 3001 aut
926 2970 1082 3001 fortunae.

464 3015 491 3045 5.
516 3015 712 3050 PRAETEREA,
738 3016 820 3045 sicut
843 3015 882 3046 ad
905 3015 1126 3046 conditionem
1156 3024 1312 3055 personae
1335 3016 1473 3056 pertinet

406 3060 538 3089 servitus
562 3064 593 3089 et
615 3059 751 3095 libertas,
768 3060 811 3089 ita
833 3060 982 3090 nobilitas
1005 3060 1055 3090 vel
1078 3059 1270 3100 ignobilitas,
1297 3065 1351 3090 aut
1374 3065 1472 3091 status

407 3103 565 3143 dignitatis
589 3109 620 3133 et
643 3104 777 3143 privatio
802 3105 880 3134 eius.
909 3104 972 3135 Sed
996 3113 1082 3134 error
1105 3103 1299 3134 conditionis
1322 3104 1473 3135 libertatis

407 3148 458 3178 vel
473 3148 629 3178 servitutis
652 3147 786 3188 impedit
801 3149 1052 3179 matrimonium.
1077 3149 1163 3188 Ergo
1187 3154 1218 3179 et
1234 3158 1321 3179 error
1336 3149 1474 3180 aliorum

409 3191 577 3222 dictorum.

464 3236 494 3266 6.
518 3236 713 3272 Paternum,
730 3237 811 3266 sicut
827 3236 970 3267 conditio
986 3238 1144 3268 servitutis
1159 3236 1303 3277 impedit,
1319 3238 1362 3268 ita
1378 3238 1474 3268 etiam

410 3280 570 3320 disparitas
594 3280 698 3310 cultus
722 3286 752 3310 et
774 3281 963 3320 impotentia
979 3281 1129 3318 coeundi,
1147 3287 1182 3312 ut
1204 3281 1285 3311 infra
1300 3282 1316 3298 ⁹
1340 3282 1472 3312 dicetur.

409 3325 504 3364 Ergo,
522 3325 603 3354 sicut
626 3334 713 3354 error
736 3324 930 3355 conditionis
960 3326 1091 3365 ponitur
1114 3326 1308 3356 matrimonii
1338 3326 1474 3366 impedi-

410 3374 573 3404 mentum,
599 3369 641 3398 ita
665 3378 751 3398 error
775 3369 857 3399 circa
881 3369 940 3399 alia
970 3370 1156 3400 huiusmodi
1187 3370 1316 3400 deberet
1339 3370 1473 3410 impedi-

410 3417 555 3442 mentum
578 3413 772 3442 matrimonii
796 3414 884 3452 poni.

466 3456 527 3486 San
552 3466 684 3492 CONTRA,
701 3456 825 3486 videtur
841 3457 930 3496 quod
952 3466 1012 3487 nec
1029 3467 1115 3488 error
1138 3467 1294 3498 personae
1310 3459 1474 3488 matrimo-

410 3502 501 3530 nium
525 3500 685 3540 impediat.
710 3500 795 3538 Quia
814 3501 895 3530 sicut
918 3502 1040 3541 emptio
1064 3507 1111 3531 est
1134 3502 1265 3542 quidam
1282 3507 1474 3538 contractus,

1482 671 1506 686 10

1481 893 1504 913 ¹5

1482 1115 1508 1129 20

1484 1336 1506 1356 ²5

1484 1558 1509 1578 30

1485 1780 1506 1800 35

1484 2001 1511 2021 4⁰

1484 2222 1508 2242 45

1485 2444 1511 2464 50

1487 2665 1509 2686 55

1486 2887 1512 2908 6ο

1486 3109 1511 3135 ⁶5

1488 3335 1514 3356 70

1102 195 1365 242 QUAESTIO
1394 195 1454 240 LI,
1485 192 1777 229 ARTICULUS
1807 193 1836 227 ΙΙ

1521 270 1546 299 si
1571 269 1662 299 detur
1686 278 1800 298 aurum
1823 268 2027 308 aequivalens
2050 278 2109 308 pro
2134 269 2196 299 alio
2220 278 2309 305 auro,
2327 279 2393 299 non
2417 268 2590 309 impeditur

1521 313 1674 342 venditio.
1709 313 1795 352 Ergo
1826 322 1885 342 nec
1915 313 2159 343 matrimonium
2189 313 2363 353 impeditur
2393 314 2419 343 si
2442 323 2501 354 pro
2525 323 2590 344 una

1521 357 1654 386 muliere
1678 356 1738 386 alia
1762 357 1944 396 accipiatur.

1578 410 1607 430 2.
1631 400 1828 436 PRAETEREA,
1844 406 1951 440 potest
1966 401 2151 440 contingere
2168 400 2258 441 quod
2276 411 2333 441 per
2352 402 2472 432 multos
2488 411 2590 432 annos

1521 445 1582 474 isto
1607 454 1713 474 errore
1737 444 1954 480 detineantur,
1980 450 2011 474 et
2034 443 2118 474 filios
2142 450 2173 475 et
2196 444 2276 475 filias
2303 451 2456 485 generent
2484 446 2589 477 simul.

1521 487 1584 518 Sed
1607 498 1701 528 grave
1726 493 1807 518 esset
1831 488 1936 519 dicere
1959 488 2049 528 quod
2072 494 2150 519 tunc
2174 494 2279 519 essent
2302 489 2473 520 dividendi.
2504 490 2590 530 Ergo

1521 541 1608 562 error
1630 534 1752 572 primus
1776 542 1843 563 non
1867 532 2026 563 frustravit
2049 533 2301 564 matrimonium.

1578 577 1606 607 3.
1631 577 1828 613 PRAETRREA,
1841 582 1948 617 potest
1959 577 2146 617 contingere
2163 578 2252 617 quod
2269 577 2363 608 frater
2373 579 2431 608 viri
2446 578 2481 608 in
2493 587 2592 618 quem

1521 622 1701 651 consentire
1726 621 1825 651 credit
1847 622 1972 658 mulier,
1997 621 2147 652 offeratur
2171 622 2213 658 ei,
2239 627 2270 652 et
2292 632 2367 653 cum
2391 632 2431 652 eo
2455 623 2591 653 commi-

1520 671 1645 695 sceatur
1661 666 1835 696 carnaliter.
1861 666 1901 696 Et
1917 671 1994 696 tunc
2017 665 2143 696 videtur
2166 666 2255 706 quod
2274 676 2342 696 non
2366 667 2468 707 possit
2490 666 2591 698 redire

1520 709 1560 739 ad
1582 710 1675 740 illum
1698 711 1731 740 in
1756 719 1855 750 quem
1879 711 2060 740 consentire
2079 720 2112 740 se
2137 710 2278 746 credidit,
2296 710 2351 741 sed
2375 711 2488 741 debeat
2511 717 2592 742 stare

1521 763 1596 784 cum
1621 754 1715 785 fratre
1738 755 1816 785 eius.
1841 755 1882 785 Et
1905 755 1950 785 sic
1975 764 2061 785 error
2084 764 2242 794 personae
2271 765 2339 785 non
2367 755 2502 795 impedit
2524 765 2592 786 ma-

1520 798 1719 829 trimonium.

1575 843 1765 874 Rnspommo
1789 853 1950 873 monimum
1969 842 2069 883 quod,
2086 843 2169 874 sicut
2192 853 2280 874 error
2295 853 2334 874 ex
2357 844 2420 874 hoc
2439 843 2529 884 quod
2544 845 2593 874 in-

1520 887 1738 918 voluntarium
1770 893 1897 924 causat,
1921 888 2017 918 habet
2041 897 2191 918 excusare
2215 893 2403 928 peccatum,
2427 889 2471 918 ita
2497 889 2594 919 habet

1520 929 1611 971 quod
1634 932 1876 962 matrimonium
1898 932 2052 972 impediat
2075 942 2113 962 ex
2138 931 2263 962 eodem.
2289 933 2386 963 Error
2401 938 2509 963 autem
2525 942 2593 963 non

1521 982 1650 1006 excusat
1673 986 1691 1006 a
1706 982 1841 1016 peccato
1864 977 1926 1006 nisi
1949 977 1988 1006 sit
2004 976 2088 1007 illius
2113 977 2367 1007 circumstantiae
2384 978 2475 1007 cuius
2491 986 2593 1018 appo-

1521 1020 1594 1050 sitio
1618 1020 1668 1050 vel
1684 1021 1822 1051 remotio
1846 1020 1922 1050 facit
1945 1020 2155 1051 differentiam
2173 1021 2251 1053 liciti
2275 1026 2306 1052 et
2328 1021 2429 1052 illiciti
2451 1022 2485 1052 in
2508 1027 2592 1053 actu.

1522 1063 1555 1094 Si
1579 1065 1666 1094 enim
1689 1065 1803 1105 aliquis
1819 1065 1977 1104 percutiat
1999 1070 2123 1105 patrem
2139 1066 2255 1096 baculo
2279 1065 2393 1102 ferreo,
2411 1075 2510 1106 quem
2526 1076 2593 1097 cre—

1522 1107 1568 1138 dit
1591 1108 1735 1148 ligneum
1759 1118 1838 1145 esse,
1861 1118 1930 1139 non
1954 1115 2123 1140 excusatur
2146 1120 2163 1139 a
2186 1115 2273 1146 toto,
2300 1111 2446 1150 quamvis
2469 1110 2552 1141 forte
2575 1121 2593 1141 a

1521 1157 1628 1182 tanto:
1654 1152 1710 1183 sed
1732 1154 1758 1182 si
1782 1153 1889 1183 credat
1912 1154 1983 1193 quis
2011 1159 2179 1193 percutere
2201 1153 2306 1184 filium
2329 1164 2425 1184 causa
2454 1154 2593 1195 discipli-

1521 1206 1592 1232 nae,
1610 1201 1641 1226 et
1664 1197 1821 1236 percutiat
1843 1202 1977 1237 patrem,
1995 1203 2164 1228 excusatur
2186 1207 2204 1228 a
2227 1203 2309 1234 toto,
2326 1198 2466 1228 adhibita
2489 1198 2595 1230 debita

1522 1240 1694 1281 diligentia.
1719 1241 1813 1272 Unde
1829 1246 1959 1281 oportet
1974 1241 2064 1281 quod
2088 1251 2175 1272 error
2191 1243 2247 1282 qui
2270 1243 2514 1273 matrimonium
2533 1244 2594 1274 im-

1522 1285 1621 1325 pedit,
1638 1286 1678 1315 sit
1693 1286 1828 1316 alicuius
1844 1295 1967 1321 ,eorum
1990 1295 2074 1326 quae
2089 1292 2164 1316 sunt
2179 1286 2220 1316 de
2235 1287 2371 1316 essentia
2386 1288 2593 1318 matrimonii.

1523 1330 1599 1360 Duo
1623 1336 1731 1360 autem
1748 1329 1883 1360 includit
1905 1331 2013 1370 ipsum
2028 1331 2281 1366 matrimonium,
2299 1331 2419 1362 scilicet
2441 1341 2595 1371 personas

1524 1373 1602 1404 duas
1619 1383 1701 1414 quae
1718 1375 1969 1414 coniunguntur,
1983 1380 2014 1404 et
2029 1380 2176 1405 mutuam
2188 1380 2380 1415 potestatem
2395 1376 2430 1405 in
2444 1376 2594 1414 invicem,

1523 1419 1555 1448 in
1580 1428 1644 1459 qua
1667 1419 1908 1449 matrimonium
1925 1419 2079 1449 consistit.
2103 1419 2248 1449 Primum
2268 1425 2376 1450 autem
2399 1420 2523 1451 tollitur
2537 1430 2596 1461 per

1523 1472 1664 1493 errorem
1680 1473 1853 1503 personae;
1874 1463 2053 1494 secundum
2069 1473 2127 1504 per
2145 1473 2285 1494 errorem
2302 1464 2507 1501 conditionis,
2520 1465 2596 1505 quia

1523 1517 1632 1538 servus
1655 1517 1723 1538 non
1745 1513 1852 1548 potest
1874 1513 2067 1548 potestatem
2083 1509 2132 1538 sui
2149 1509 2293 1548 corporis
2316 1508 2414 1539 libere
2430 1508 2519 1539 alteri
2533 1514 2595 1540 tra—

1523 1551 1597 1582 dere
1628 1553 1696 1582 sine
1726 1562 1887 1583 consensu
1919 1552 2043 1582 domini
2066 1553 2125 1582 sui.
2162 1553 2202 1583 Et
2225 1558 2357 1593 propter
2379 1553 2443 1583 hoc
2471 1553 2505 1583 hi
2528 1553 2595 1585 duo

1523 1606 1645 1627 errores
1668 1597 1910 1627 matrimonium
1933 1597 2124 1637 impediunt,
2141 1602 2173 1627 et
2195 1607 2263 1628 non
2287 1597 2349 1628 alii.

1578 1641 1629 1671 An
1653 1651 1770 1671 1>me
1800 1650 1883 1671 aneo
1914 1651 2075 1671 DICENDUM
2105 1641 2195 1681 quod
2218 1651 2306 1672 error
2334 1651 2403 1672 non
2433 1642 2529 1673 habet
2557 1651 2597 1673 ex

1523 1690 1636 1715 natura
1651 1686 1775 1725 generis
1799 1685 1889 1725 quod
1905 1685 2059 1725 impediat
2078 1686 2330 1722 matn'monium,
2347 1685 2404 1716 sed
2423 1695 2461 1717 ex
2484 1692 2597 1717 natura

1523 1729 1719 1760 differentiae
1742 1729 1927 1760 adiunctae:
1952 1736 2050 1770 prout
2073 1730 2194 1760 scilicet
2217 1735 2264 1760 est
2286 1739 2374 1760 error
2389 1731 2524 1761 alicuius
2539 1740 2596 1762 eo-

1522 1783 1595 1804 rum
1619 1783 1702 1814 quae
1726 1779 1800 1804 sunt
1823 1774 1862 1804 de
1887 1775 2022 1804 essentia
2044 1775 2250 1805 matrimonii.

1578 1819 1629 1848 Ao
1653 1828 1816 1848 sac-UNDUM
1839 1828 2000 1848 nicenum«
2023 1818 2114 1858 quod
2144 1828 2231 1849 error
2258 1818 2395 1849 infidelis
2418 1817 2458 1849 de
2489 1819 2596 1850 matri-

1523 1863 1636 1893 monio
1661 1868 1708 1893 est
1731 1863 1814 1893 circa
1837 1872 1874 1893 ea
1893 1872 1976 1903 quae
1999 1868 2074 1893 sunt
2089 1863 2331 1893 matrimonium
2355 1864 2596 1903 consequentia,

1524 1908 1607 1937 sicut
1622 1916 1663 1937 an
1685 1907 1725 1937 sit
1741 1912 1986 1943 sacramentum,
2002 1907 2053 1937 vel
2077 1917 2117 1937 an
2133 1908 2173 1937 sit
2195 1907 2329 1938 licitum.
2354 1907 2396 1937 Et
2410 1905 2484 1938 ideo
2509 1917 2598 1938 error

1523 1951 1593 1981 talis
1616 1951 1859 1981 matrimonium
1879 1961 1947 1981 non
1970 1951 2120 1991 impedit:
2145 1952 2228 1982 sicut
2250 1961 2311 1982 nec
2327 1961 2414 1982 error
2436 1952 2519 1982 circa
2541 1953 2597 1982 ba-

1524 1996 1680 2035 ptismum
1702 1995 1838 2035 impedit
1861 1996 2084 2035 acceptionem
2115 1996 2319 2032 characteris,
2344 1995 2525 2026 dummodo
2547 1996 2598 2027 in-

1524 2039 1634 2070 tendat
1653 2039 1757 2069 facere
1775 2039 1826 2069 vel
1842 2040 1984 2079 recipere
2008 2039 2098 2080 quod
2120 2040 2264 2070 Ecclesia
2280 2039 2343 2076 dat,
2360 2040 2507 2080 quamvis
2530 2049 2598 2071 cre-

1525 2083 1578 2114 dat
1600 2083 1679 2113 nihil
1704 2093 1772 2113 esse
1788 2084 1815 2113 *.

1579 2128 1630 2158 An
1646 2137 1782 2157 Taurum
1797 2137 1958 2158 nicanum«
1974 2127 2064 2168 quod
2079 2137 2147 2158 non
2164 2128 2326 2168 quaelibet
2341 2128 2598 2160 circumstantiae

1523 2172 1704 2212 ignorantia
1728 2177 1836 2202 causat
1858 2172 2113 2202 involuntarium
2144 2172 2234 2212 quod
2258 2178 2387 2203 excusat
2409 2178 2596 2213 peccatum,

1524 2222 1560 2247 ut
1583 2216 1706 2247 dictum
1729 2222 1776 2246 est
1791 2217 1818 2246 ’ἦ
1843 2216 1885 2246 Et
1907 2222 2039 2257 propter
2061 2217 2125 2247 hoc
2149 2217 2229 2247 ratio
2252 2226 2320 2247 non
2344 2217 2498 2258 sequitur.

1579 2261 1630 2291 An
1656 2270 1804 2291 enan-rim
1820 2270 1980 2290 mensuum
1997 2260 2087 2301 quod
2109 2260 2271 2291 diversitas
2293 2261 2442 2292 fortunae
2460 2271 2529 2292 non
2543 2271 2598 2293 va·

1524 2306 1583 2335 riat
1606 2304 1728 2345 aliquid
1752 2314 1866 2335 eorum
1890 2314 1972 2345 quae
1996 2311 2071 2336 sunt
2094 2305 2134 2336 de
2156 2306 2291 2336 essentia
2313 2306 2520 2343 matrimonii,
2536 2315 2598 2338 nec

1524 2349 1686 2380 diversitas
1711 2349 1880 2390 qualitatis,
1897 2350 1980 2380 sicut
2003 2349 2078 2380 facit
2097 2349 2242 2380 conditio
2266 2351 2434 2381 servitutis
2459 2350 2501 2381 Et
2522 2350 2598 2382 ideo

1524 2395 1604 2424 ratio
1628 2404 1696 2424 non
1719 2394 1873 2434 sequitur.

1579 2439 1630 2468 An
1655 2448 1795 2468 emm-uu
1811 2448 1971 2468 DICENDUM
1988 2437 2078 2478 quod
2098 2447 2185 2469 error
2202 2438 2387 2475 nobilitatis,
2403 2439 2598 2479 inquantum

1524 2483 1721 2519 huiusmodi,
1734 2492 1800 2513 non
1818 2488 1951 2513 evacuat
1966 2483 2253 2514 matrirnonium*:
2274 2482 2387 2514 eadem
2398 2484 2522 2514 ratione
2533 2493 2599 2524 qua

1524 2537 1586 2558 nec
1609 2537 1697 2558 error
1720 2527 1879 2567 qualitatis
1895 2528 1922 2558 ’ἱ
1947 2527 2010 2559 Sed
2027 2528 2052 2558 si
2069 2537 2156 2558 error
2170 2527 2345 2558 nobilitatis
2367 2527 2419 2558 vel
2437 2527 2598 2568 dignitatis

1525 2571 1682 2602 redundat
1696 2572 1731 2602 in
1755 2581 1895 2602 errorem
1910 2581 2078 2612 personae,
2094 2577 2172 2602 tunc
2191 2571 2326 2612 impedit
2343 2572 2597 2604 matrimonium.

1525 2616 1620 2647 Unde
1644 2617 1669 2647 si
1693 2626 1869 2646 consensus
1884 2616 2026 2646 mulieris
2051 2616 2168 2646 feratur
2190 2617 2225 2647 in
2246 2617 2340 2647 istam
2355 2626 2528 2657 personam
2550 2616 2598 2648 di-

1526 2666 1621 2697 recte,
1647 2670 1733 2691 error
1762 2661 1938 2691 nobilitatis
1960 2661 2062 2701 ipsius
2084 2670 2153 2691 non
2185 2660 2321 2701 impedit
2342 2662 2597 2701 matrimonium.

1527 2705 1559 2736 Si
1583 2711 1691 2736 autem
1715 2705 1833 2736 directe
1857 2705 1993 2735 intendit
2016 2706 2197 2736 consentire
2220 2706 2253 2736 in
2276 2704 2380 2736 filium
2403 2706 2502 2746 regis,
2527 2706 2598 2746 qui-

1527 2759 1669 2790 cumque
1692 2750 1732 2779 sit
1754 2750 1817 2786 ille,
1835 2755 1923 2786 tunc,
1943 2750 1969 2779 si
1992 2749 2072 2780 alius
2096 2755 2315 2790 praesentetur
2339 2750 2369 2780 ei
2392 2759 2491 2790 quam
2513 2749 2598 2781 filius

1526 2795 1618 2835 regis,
1635 2799 1682 2824 est
1705 2803 1792 2824 error
1815 2803 1982 2834 personae,
2000 2799 2031 2824 et
2054 2793 2248 2834 impedietur
2270 2795 2523 2825 matrimonium.

1582 2839 1632 2869 An
1657 2848 1776 2869 sexrum
1799 2848 1959 2868 mem-mun
1983 2838 2074 2878 quod
2097 2848 2185 2869 error
2208 2839 2304 2869 etiam
2331 2838 2468 2869 aliorum
2494 2839 2599 2879 impe-

1527 2883 1745 2914 dimentorum
1762 2883 1968 2919 matrimonii,
1985 2888 2144 2923 quantum
2160 2882 2200 2913 ad
2224 2892 2262 2913 ea
2284 2892 2367 2923 quae
2386 2882 2508 2913 faciunt
2525 2891 2598 2923 per-

1526 2938 1621 2958 sonas
1640 2927 1829 2967 illegifimas,
1846 2927 1980 2967 impedit
1995 2927 2247 2958 matrimonium.
2266 2926 2330 2958 Sed
2345 2926 2420 2957 ideo
2435 2926 2476 2957 de
2491 2935 2599 2957 errore

1526 2972 1656 3003 illorum
1679 2981 1747 3002 non
1771 2971 1846 3002 facit
1869 2973 2080 3008 mentionem,
2107 2972 2183 3012 quia
2205 2971 2258 3002 illa
2286 2970 2468 3011 impediunt
2489 2971 2598 3001 matri—

1526 3017 1675 3047 monium
1699 3017 1764 3046 sive
1789 3026 1864 3046 curn
1888 3025 1994 3046 errore
2018 3016 2080 3046 sint
2102 3016 2169 3046 sive
2191 3016 2260 3046 sine
2281 3024 2404 3046 errore:
2428 3019 2475 3052 ut,
2491 3015 2517 3045 si
2541 3015 2598 3045 ali-

1527 3071 1591 3102 qua
1607 3061 1773 3091 contrahat
1796 3070 1872 3091 cum
1894 3060 2106 3096 subdiacono,
2122 3060 2188 3090 sive
2204 3059 2282 3090 sciat
2296 3060 2362 3089 sive
2382 3059 2513 3096 nesciat,
2529 3068 2598 3090 non

1527 3111 1574 3137 est
1596 3105 1849 3136 matrimonium.
1874 3104 1937 3135 Sed
1961 3103 2105 3134 conditio
2133 3104 2291 3134 servitutis
2321 3113 2390 3134 non
2413 3103 2549 3144 impedit
2571 3104 2598 3135 si

1527 3150 1661 3181 servitus
1684 3150 1801 3180 sciatur
1815 3150 1842 3180 *.
1866 3149 1908 3179 Et
1930 3147 2005 3179 ideo
2028 3157 2096 3178 non
2119 3153 2167 3178 est
2189 3147 2302 3178 simile.

1581 3194 1633 3224 An
1646 3203 1798 3224 snrmnm
1808 3194 1826 3210 ⁴*
1837 3202 1997 3223 mensuum
2009 3191 2099 3232 quod
2110 3191 2248 3232 pecunia
2262 3192 2297 3222 in
2314 3193 2530 3223 contractibus
2545 3202 2598 3223 ac-

1528 3239 1645 3279 cipitur
1660 3238 1751 3278 quasi
1766 3246 1916 3268 mensura
1931 3236 2064 3267 aliarum
2079 3245 2197 3272 rerum,
2213 3241 2250 3266 ut
2264 3241 2352 3276 patet
2366 3237 2400 3266 in
2411 3236 2441 3266 V
2451 3236 2557 3268 Ethic.
2569 3238 2597 3274 ¹,

1529 3287 1560 3313 et
1582 3291 1651 3312 non
1675 3282 1766 3322 quasi
1788 3286 1920 3322 propter
1943 3290 1977 3311 se
2000 3280 2152 3321 quaesita.
2187 3280 2229 3310 Et
2250 3280 2341 3316 ideo,
2365 3281 2391 3311 si
2414 3290 2481 3312 non
2506 3281 2599 3313 detur

1527 3326 1581 3357 illa
1596 3326 1734 3366 pecunia
1758 3334 1841 3365 quae
1857 3324 1995 3355 creditur
2018 3323 2073 3354 sed
2089 3324 2150 3354 alia
2172 3324 2387 3365 aequivalens,
2410 3326 2490 3356 nihil
2506 3326 2599 3357 obest

1529 3370 1717 3401 contractui.
1752 3369 1815 3400 Sed
1845 3370 1870 3399 si
1893 3369 1927 3399 in
1950 3378 1984 3399 re
2007 3369 2150 3409 quaesita
2172 3374 2304 3409 propter
2326 3379 2360 3400 se
2384 3375 2466 3400 esset
2493 3379 2597 3407 error,

1528 3413 1737 3454 impediretur
1760 3418 1959 3444 contractus:
1990 3413 2073 3443 sicut
2096 3413 2122 3442 si
2151 3413 2247 3443 alicui
2276 3413 2468 3445 venderetur
2490 3415 2598 3445 asinus

1529 3467 1588 3498 pro
1613 3467 1710 3498 equo.
1735 3457 1776 3487 Et
1799 3457 1941 3487 similiter
1965 3461 2012 3487 est
2033 3457 2067 3487 in
2090 3458 2269 3497 proposito.

1584 3501 1635 3532 An
1660 3511 1807 3532 ocnvtm
1822 3502 1839 3518 “
1863 3510 2022 3531 mensuum
2045 3500 2145 3541 quod,
2172 3507 2473 3543 quantumcumque
2502 3501 2598 3534 fuerit
2646 3505 2697 3534 Ar·

411 3545 453 3574 ita
477 3545 571 3574 etiam
596 3545 846 3575 matrimonium.
882 3544 945 3575 Sed
967 3546 1000 3575 in
1025 3546 1189 3585 emptione
1218 3551 1248 3576 et
1270 3545 1456 3576 venditione
1467 3569 1474 3582 ‚
1489 3554 1513 3574 75
1531 3554 1606 3575 cum
1619 3555 1665 3581 ea,
1681 3545 1743 3575 nisi
1755 3544 1794 3575 de
1806 3554 1894 3575 novo
1907 3546 2087 3576 consentire
2099 3545 2184 3582 velit,
2201 3556 2269 3577 non
2281 3552 2328 3577 est
2343 3547 2595 3578 matrimonium.

2624 2088 2791 2116 ‘erma-idn,
2814 2096 2838 2111 ιι.

2623 2118 2790 2145 ιινιι,ιι·ι.5,ι
2812 2122 2838 2142 2:

2623 2148 2752 2192 gfff-xm,
2761 2146 2806 2165 art.
2815 2149 2838 2171 7,

2624 2227 2636 2239 ·
2649 2226 2675 2249 In
2688 2232 2797 2255 corporo.

2624 2490 2813 2520 'Cf-ammon

2624 2519 2719 2546 auten,
2747 2524 2811 2541 οιιιι.

2625 2543 2764 2599 ἔέῗήἓὲῗ
2780 2551 2811 2595 ’.Ἀ

2626 3148 2837 3178 ·Ct.qu.u1,ert.i.

2624 3199 2707 3248 ἕνῃ.
2721 3198 2771 3222 Sd
2782 3205 2837 3222 oon-

2624 3258 2837 3328 3⁹··5·³¹'⁶-⁰¹'·33
