2918 4088
194 799 253 847 535:
270 805 332 826 ‘³¹¹

334 798 404 824 x,lu-

195 2337 204 2347 ·
220 2337 285 2358 Vers.
303 2343 337 2359 ¹0.

438 183 482 217 14

1136 171 1399 218 QUAESTIO
1428 171 1531 217 LXI,
1565 168 1856 206 ARTICULUS
1883 169 1898 204 1

894 397 1309 473 QUAESTIO
1348 364 2142 452 SEXAGESIMAPRIMA

960 516 1043 556 DE
1075 515 1493 556 NECESSITATE
1526 511 2078 554 SACRAMENTORUM

1219 630 1253 655 IN
1283 629 1454 660 QUATUOR
1481 629 1681 654 ARTICULOS
1708 628 1821 653 DIVISA

434 734 621 825 Damna
657 733 982 770 considerandum
1017 741 1072 769 est
1106 733 1154 769 de
1193 731 1412 768 necessitate
1440 743 1496 767 sa-

517 805 803 836 cramentorum
822 798 852 834 ²⁸.
882 846 885 849 Ι

434 863 482 899 Et
509 861 608 899 circa
634 863 711 898 hoc
738 868 976 910 quaeruntur
1003 868 1179 910 quatuor.

487 926 637 963 Primo:
676 934 808 962 utrum
843 933 1080 962 sacramenta
1107 925 1180 961 sint
1207 924 1418 962 necessaria
1446 925 1494 962 ad
1542 920 1545 922 ’

540 993 702 1028 salutem
730 992 955 1027 humanam.

1604 730 1801 767 Secundo:
1831 736 1962 766 utrum
1977 728 2114 766 fuerint
2132 728 2344 765 necessaria
2357 727 2397 764 in
2411 735 2509 765 statu
2522 735 2609 765 ante

1653 789 1866 831 peccatum.

1601 835 1751 871 Tertio:
1781 842 1912 871 utrum
1939 833 2079 870 fuerint
2101 834 2313 871 necessaria
2339 833 2379 870 in
2398 841 2496 870 statu
2523 840 2611 882 post

1654 894 1856 936 peccatum
1884 893 1972 923 ante
2000 886 2207 923 Christum.

1601 939 1770 986 Quarto:
1800 946 1931 976 utrum
1959 939 2097 975 fuerint
2124 938 2335 976 necessaria
2357 946 2445 987 post
2471 937 2610 975 Christi

1653 992 1875 1039 adventum.

1241 1116 1561 1160 ARTICULUS
1593 1117 1798 1158 PRIMUS

747 1208 903 1238 UTRUM
927 1207 1225 1238 SACRAMENTA
1247 1207 1438 1238 FUERINT
1460 1207 1727 1238 NECESSARIA
1750 1207 1810 1237 AD
1834 1208 2060 1238 HUMANAM
2084 1207 2290 1239 SALUTEM

886 1293 919 1318 1v
941 1293 1023 1323 Sent.,
1044 1293 1102 1319 dist.
1122 1301 1139 1324 1,
1159 1300 1204 1325 qu.
1222 1300 1240 1323 1,
1260 1298 1306 1318 nrt.
1327 1300 1350 1323 2,
1370 1293 1418 1325 qu·
1440 1299 1468 1323 1;
1488 1292 1518 1317 111
1539 1293 1615 1318 Cont.
1638 1294 1725 1324 Gent„
1745 1300 1800 1325 cap.
1819 1300 1892 1323 cxzx;
1910 1293 1952 1325 IV,
1972 1300 2028 1325 cap.
2047 1301 2155 1324 1.v,1.v1.

463 1405 525 1447 ‘n
549 1408 606 1447 »τῇ

448 1433 602 1505 siffis,
625 1489 630 1493 ,

449 1522 461 1535 l
507 1508 568 1537 V«
583 1496 611 1532 f
642 1490 858 1527 humanam
876 1490 1049 1525 salutem.
1079 1487 1179 1525 Dicit
1206 1487 1311 1524 enim
1330 1488 1493 1536 Aposto-

434 1537 462 1571 .”
487 1511 608 1579 ἰώ
598 1536 630 1578 Μ
642 1544 714 1587 lus,
734 1543 749 1578 Ι
768 1542 819 1578 ad
839 1543 933 1579 Tim.
954 1553 988 1578 1v
1007 1541 1046 1578 *ε
1080 1540 1296 1590 Corporalis
1315 1541 1493 1576 exercita-

432 1598 482 1633 tio
509 1596 561 1632 ad
585 1595 771 1631 modicum
800 1594 895 1631 utilis
922 1599 982 1630 est.
1013 1594 1089 1630 Sed
1114 1604 1209 1630 usus
1237 1599 1493 1629 sacramento-

433 1661 522 1686 rum
548 1647 711 1697 pertinet
738 1647 787 1684 ad
815 1648 1055 1695 corporalem
1083 1645 1408 1682 exercitationem:
1447 1656 1493 1681 eo

434 1701 541 1751 quod
580 1707 817 1742 sacramenta
852 1698 1104 1748 perficiuntur
1143 1698 1181 1734 in
1221 1693 1493 1746 significatione

399 1751 671 1792 sensibilium
690 1764 819 1789 rerum
847 1760 884 1788 et
908 1751 1129 1798 verborum,
1150 1758 1191 1788 ut
1217 1749 1359 1788 dictum
1389 1757 1444 1786 est
1461 1749 1492 1786 ³¹⁶.

434 1808 535 1855 Ergo
564 1812 800 1842 sacramenta
828 1817 907 1841 non
935 1811 1023 1841 sunt
1041 1803 1253 1841 necessaria
1280 1803 1330 1840 acl
1356 1804 1494 1840 huma-

433 1871 525 1897 nam
554 1860 727 1896 salutem.

488 1923 522 1948 2
553 1913 791 1958 PRAETEREA,
820 1911 850 1946 II
882 1911 968 1946 Cor
997 1909 1093 1957 xi1*,
1123 1910 1308 1958 Apostolo
1338 1908 1491 1945 dicitur:

434 1964 576 2012 Sufficit
603 1965 668 2001 tihi
691 1964 816 2013 gratia
844 1974 939 1999 mea.
969 1963 1061 1999 Non
1084 1939 1219 1999 ’autern
1247 1961 1437 1998 sufficeret
1464 1959 1495 1997 si

433 2024 670 2054 sacramenta
707 2022 831 2052 essent
867 2014 1078 2052 necessaria
1105 2014 1153 2052 ad
1186 2015 1358 2051 salutem.
1401 2014 1494 2050 Non

434 2077 522 2106 sunt
563 2081 652 2117 ergo
694 2075 929 2105 sacramenta
975 2067 1084 2105 saluti
1125 2068 1318 2104 humanae
1365 2078 1494 2103 neces-

433 2122 540 2160 saria.

488 2175 521 2211 3.
543 2175 774 2218 Pmmanm,
790 2173 914 2222 posita
927 2185 1043 2210 causa
1057 2171 1271 2219 sufficienti,
1283 2171 1377 2208 nihil
1391 2170 1494 2208 aliud

431 2227 583 2264 videtur
602 2239 682 2263 esse
703 2225 961 2263 necessarium
981 2226 1028 2262 ad
1049 2225 1240 2262 effectum.
1272 2224 1348 2262 Sed
1367 2224 1494 2273 passio

434 2279 572 2317 Christi
601 2287 655 2316 est
683 2278 875 2316 sufficiens
903 2290 1019 2315 causa
1047 2285 1197 2315 nostrae
1231 2276 1376 2314 salutis:
1407 2276 1495 2313 dicit

433 2333 536 2370 enim
565 2333 784 2381 Apostolus,
805 2332 855 2368 ad
870 2333 981 2368 Rom
1001 2343 1024 2367 v
1043 2330 1079 2367 *z
1111 2332 1160 2377 Si,
1181 2343 1266 2367 cum
1285 2331 1427 2366 inimici
1443 2342 1493 2366 es-

431 2398 564 2431 semus,
595 2385 822 2421 reconciliati
855 2396 981 2420 sumus
1007 2385 1089 2420 Deo
1116 2395 1189 2433 per
1224 2388 1380 2420 mortem
1408 2382 1496 2419 Filii

433 2441 520 2484 eius,
540 2438 654 2474 multo
673 2439 805 2487 magis,
826 2437 1063 2482 reconciliati,
1083 2436 1178 2474 salvi
1199 2437 1336 2472 erimus
1364 2437 1400 2472 in
1420 2437 1494 2472 vita

433 2493 554 2540 ipsius.
584 2491 676 2526 Non
705 2502 793 2538 ergo
823 2489 1069 2538 requiruntur
1096 2496 1332 2526 sacramenta
1360 2488 1408 2525 ad
1437 2500 1494 2525 sa—

433 2545 551 2580 lutem
579 2544 804 2579 humanam.

488 2597 560 2633 SED
577 2607 719 2632 CONTRA
734 2607 799 2632 Ε5τ
814 2595 921 2644 quod
935 2594 1171 2642 Augustinus
1191 2593 1291 2641 dicit,
1307 2594 1395 2630 XIX
1409 2606 1493 2631 con-

432 2655 490 2686 tra
518 2651 641 2685 Faust.
661 2647 697 2684 *ς
727 2649 774 2684 In
795 2648 936 2684 nullum
965 2659 1100 2684 nomen
1121 2647 1323 2696 religionis,
1342 2659 1405 2683 seu
1433 2659 1493 2684 ve-

433 2714 517 2738 rum
544 2713 607 2737 seu
631 2701 783 2747 falsum,
804 2701 1013 2737 coadunari
1037 2701 1203 2736 homines
1228 2704 1395 2749 possunt,
1425 2700 1496 2736 nisi

433 2755 556 2803 aliquo
573 2754 853 2803 signaculorum
872 2753 931 2790 vel
956 2758 1276 2790 sacramentorum
1297 2750 1494 2790 visibilium

433 2808 616 2844 consortio
635 2806 866 2855 colligentur.
898 2805 974 2842 Sed
994 2804 1249 2842 necessarium
1272 2812 1327 2842 est
1354 2804 1402 2841 ad
1421 2805 1493 2842 hu-

433 2871 590 2896 manam
618 2860 779 2895 salutem
807 2858 985 2895 homines
1014 2857 1174 2895 adunari
1208 2858 1247 2894 in
1275 2869 1400 2894 unum
1428 2870 1492 2894 ve-

433 2924 495 2949 rae
524 2911 713 2959 religionis
741 2923 896 2947 nomen.
927 2911 1028 2958 Ergo
1058 2918 1294 2948 sacramenta
1312 2918 1400 2947 sunt
1428 2922 1492 2947 ne-

433 2964 593 3001 cessaria
621 2964 669 3000 ad
697 2965 911 3000 humanam
939 2965 1111 3000 salutem.

485 3018 708 3054 3115ΡοΝοΕο
727 3029 907 3054 DICENDUM
934 3017 1041 3065 quod
1065 3024 1300 3053 sacramenta
1315 3024 1403 3053 sunt
1427 3028 1492 3053 ne-

433 3069 593 3105 cessaria
629 3069 677 3105 ad
713 3069 925 3106 humanam
967 3070 1128 3106 salutem
1162 3068 1296 3118 triplici
1333 3069 1489 3106 ratione.

435 3122 612 3168 Quarum
640 3120 764 3169 prima
792 3122 980 3158 sumenda
999 3123 1062 3157 'est
1091 3134 1136 3158 ex
1165 3121 1382 3158 conditione
1420 3122 1491 3158 hu-

434 3185 570 3210 manae
599 3180 768 3219 naturae,
797 3173 906 3210 cuius
933 3173 1135 3221 proprium
1163 3182 1217 3209 est
1245 3181 1286 3210 ut
1313 3186 1382 3222 per
1409 3186 1491 3210 cor-

434 3225 578 3274 poralia
606 3232 641 3260 et
669 3224 857 3261 sensibilia
884 3225 922 3261 in
951 3225 1156 3273 spiritualia
1184 3233 1220 3261 et
1252 3225 1912 3317 intelligibilia&—

489 3355 515 3389 α)
528 3356 641 3390 suerint.
659 3370 679 3375 —
695 3356 750 3380 sint
769 3356 806 3381 ΡΙ.

487 3390 513 3423 β)
533 3391 689 3416 hominibus.
706 3405 726 3409 -
743 3391 844 3415 homini
862 3391 892 3415 Ρ.

486 3426 514 3460 γ)
532 3429 712 3451 exerceretur.
734 3440 754 3445 ·-
772 3426 846 3457 Gffl3
872 3426 1021 3458 (proposita
1046 3429 1108 3450 sunt
1132 3426 1169 3450 eis
1194 3426 1247 3458 b...)
1272 3429 1431 3450 exercentur
1454 3426 1490 3454 bc,

434 3465 594 3487 exerceatur
612 3461 640 3492 Ρ,
659 3464 800 3486 exercetur
819 3461 903 3486 ceteri.

641 1397 663 1421 D
692 1395 827 1421 ramum
856 1395 908 1420 s1c
936 1394 1172 1420 PROCEnrruR.
1197 1381 1358 1419 Videtur
1385 1382 1493 1430 quod
1518 1380 1521 1419 l
1546 1381 1769 1418 deducatur.
1799 1381 1965 1419 Pertinet
1983 1389 2112 1419 autem
2141 1383 2189 1419 ad
2210 1382 2381 1420 divinam
2408 1385 2611 1434 providen-

618 1455 620 1457 >
642 1443 878 1474 sacramenta
905 1448 986 1473 non
1010 1435 1148 1473 fuerint
1168 1440 1185 1456 α
1213 1433 1425 1471 necessaria
1444 1434 1493 1472 ad
1546 1433 1639 1471 tiam
1667 1442 1709 1471 ut
1736 1434 1945 1484 unicuique
1974 1434 2027 1472 rei
2054 1434 2255 1484 provideat
2283 1437 2500 1475 secundum
2527 1450 2611 1476 mo-

1547 1487 1643 1523 dum
1670 1499 1763 1524 suae
1791 1487 2030 1525 conditionis.
2065 1488 2114 1525 Et
2141 1486 2228 1525 ideo
2257 1490 2530 1529 convenienter
2554 1491 2626 1528 di-·

1547 1539 1638 1576 vina
1665 1539 1850 1588 sapientia
1877 1540 2026 1577 homini
2055 1540 2193 1578 auxilia
2211 1540 2340 1578 salutis
2367 1543 2511 1580 confert
2538 1543 2611 1580 sub

1547 1591 1781 1641 quibusdam
1822 1593 2084 1642 corporalibus
2121 1601 2158 1630 et
2194 1593 2434 1632 sensibilibus
2475 1595 2609 1664 signis,

1547 1656 1647 1694 quae
1675 1653 1912 1682 sacramenta
1939 1645 2129 1683 dicuntur.

1601 1697 1780 1735 Secunda
1808 1697 1902 1735 ratio
1931 1699 2121 1736 sumenda
2148 1706 2204 1736 est
2231 1712 2278 1737 ex
2306 1707 2404 1737 statu
2428 1700 2609 1754 hominiS,

1547 1749 1615 1799 qui
1641 1750 1838 1799 peccando
1866 1763 1907 1787 se
1935 1750 2104 1788 subdidit
2130 1763 2200 1800 per
2222 1751 2404 1790 affectum
2431 1765 2610 1803 corpora-

1547 1802 1646 1840 libus
1674 1803 1799 1840 rebus.
1838 1803 1894 1840 Ibi
1921 1811 2050 1841 autem
2087 1804 2201 1841 debet
2237 1804 2462 1842 medicinale
2490 1818 2610 1843 reme-

1547 1855 1657 1892 dium
1685 1855 1835 1892 homini
1862 1856 2035 1893 adhiberi
2063 1856 2130 1893 ubi
2158 1856 2298 1906 patitur
2325 1858 2519 1896 morbum.
2562 1859 2611 1896 Et

1547 1907 1634 1945 ideo
1663 1908 1897 1945 conveniens
1925 1908 1994 1947 fuit
2020 1916 2062 1945 ut
2087 1909 2193 1946 Deus
2220 1921 2290 1959 per
2316 1911 2508 1960 quaedam
2527 1922 2610 1949 cor-

1546 1960 1692 2010 poralia
1715 1960 1821 2009 signa
1839 1961 2063 1998 hominibus
2083 1960 2098 1991 β
2124 1961 2356 2011 spiritualem
2375 1963 2610 2010 medicinam

1547 2013 1762 2051 adhiberet:
1793 2026 1897 2058 nam,
1922 2013 1953 2050 si
1980 2013 2188 2063 spiritualia
2221 2015 2328 2053 nuda
2354 2015 2390 2052 ei
2416 2028 2609 2066 propone-

1547 2074 1689 2114 rentur,
1709 2066 1792 2103 eius
1819 2066 1972 2104 animus
2000 2066 2181 2116 applicari
2209 2079 2289 2105 non
2314 2076 2454 2117 posset,
2474 2081 2610 2119 corpo—

1547 2118 1689 2156 ralibus
1717 2119 1879 2156 deditus.

1600 2171 1730 2208 Tertia
1766 2171 1860 2209 ratio
1899 2171 2088 2209 sumenda
2124 2180 2180 2209 est
2207 2185 2253 2209 ex
2288 2173 2414 2210 studio
2452 2174 2610 2212 actionis

1547 2225 1753 2283 humanae,
1773 2237 1872 2284 quae
1901 2224 2105 2274 praecipue
2125 2225 2224 2262 circa
2251 2226 2464 2276 corporalia
2482 2239 2609 2265 versa-

1547 2285 1619 2314 tur.
1649 2278 1709 2314 Ne
1739 2277 1850 2325 igitur
1877 2285 1974 2314 esset
2002 2277 2151 2314 homini
2179 2278 2322 2316 durum
2351 2278 2381 2316 si
2408 2279 2569 2317 totaliter
2587 2293 2609 2317 a

1547 2329 1810 2379 corporalibus
1829 2330 1974 2367 actibus
1994 2330 2285 2378 abstraheretur,
2305 2331 2502 2381 proposita
2521 2340 2610 2370 sunt

1547 2383 1582 2419 ei
1610 2382 1822 2431 corporalia
1850 2382 2025 2420 exercitia
2052 2383 2091 2420 in
2115 2384 2372 2431 sacramentis,
2393 2384 2536 2444 quibus
2553 2398 2609 2422 sa-

1547 2435 1701 2472 lubriter
1737 2443 1974 2472 exerceretur
1991 2441 2026 2481 Υ,
2057 2436 2105 2472 ad
2138 2435 2315 2474 evitanda
2349 2437 2609 2486 superstitiosa

1547 2487 1732 2529 exercitia
1753 2500 1852 2537 quae
1889 2488 2099 2525 consistunt
2133 2487 2171 2525 in
2207 2491 2311 2526 cultu
2347 2490 2607 2537 daemonum,

1547 2542 1608 2578 vel
1627 2541 1955 2590 qualitercumque
1975 2541 2101 2588 noxia,
2117 2553 2216 2590 quae
2236 2541 2447 2579 consistunt
2465 2542 2504 2579 in
2524 2543 2609 2580 acti-

1547 2594 1620 2631 bus
1647 2601 1906 2643 peccatorum.

1600 2646 1662 2683 Sic
1699 2646 1811 2695 igitur
1853 2658 1923 2705 per
1963 2654 2292 2684 sacramentorum
2333 2647 2608 2686 institutionem

1547 2700 1668 2736 homo
1703 2699 1976 2736 convenienter
2010 2712 2101 2736 suae
2139 2707 2297 2737 naturae
2332 2700 2504 2738 eruditur
2538 2713 2609 2750 per

1546 2751 1754 2797 sensibilia;
1786 2751 2020 2798 humiliatur,
2041 2765 2081 2789 se
2109 2752 2373 2802 corporalibus
2392 2753 2607 2791 subiectum

1546 2816 1866 2853 recognoscens,
1842 2802 1855 2826 δ
1887 2805 1983 2841 dum
2004 2804 2075 2842 sibi
2101 2817 2172 2855 per
2199 2805 2410 2864 corporalia
2429 2805 2606 2843 subveni-

1546 2865 1623 2903 tul-3
1652 2865 1918 2907 praeservatur
1952 2857 2066 2894 etiam
2095 2871 2117 2895 a
2144 2857 2268 2895 noxiis
2303 2858 2566 2907 corporalibus
2594 2864 2606 2880 ⁸

1545 2922 1615 2960 per
1641 2909 1806 2947 salubria
1834 2909 2008 2947 exercitia
2036 2918 2375 2948 sacramentorum.

1599 2964 1655 3000 AD
1676 2975 1809 3000 PRIMUM
1827 2975 1926 3000 ERGO
1946 2975 2126 3000 DICENDUM
2145 2963 2252 3011 quod
2275 2962 2482 3012 corporalis
2501 2976 2605 3000 exer-

1545 3015 1689 3063 citatio,
1720 3015 1949 3065 inquantum
1978 3022 2032 3052 est
2068 3015 2295 3064 corporalis,
2325 3027 2405 3052 non
2437 3017 2605 3053 multum

1545 3068 1643 3106 utilis
1676 3075 1740 3105 est.
1772 3068 1847 3105 Sed
1876 3066 2089 3104 exercitatio
2110 3078 2180 3116 per
2207 3079 2323 3104 usum
2351 3076 2605 3106 sacramento-

1545 3133 1632 3158 rum
1660 3133 1740 3157 non
1768 3127 1823 3156 est
1849 3132 1945 3170 pure
1973 3119 2191 3169 corporalis,
2217 3120 2283 3156 sed
2311 3121 2604 3169 quodammodo

1545 3181 1599 3210 est
1619 3172 1838 3221 spiritualis:
1869 3172 2007 3210 scilicet
2024 3183 2093 3221 per
2119 3171 2432 3220 significationem
2454 3181 2490 3210 et
2517 3186 2604 3211 cau-

1544 3225 1739 3262 salitatem.

1597 3355 1622 3387 δ)
1642 3363 1839 3389 recognoscens.
1857 3369 1876 3374 -
1893 3362 2053 3388 cognoscens
2071 3356 2143 3381 tertia
2161 3361 2262 3389 praeter
2280 3356 2298 3381 1.

1546 3390 1621 3450 ξωἐ)
1639 3391 1830 3424 corporalibus.
1854 3405 1872 3410 -
1895 3390 1955 3416 Om.
1986 3391 2018 3419 Η,
2041 3391 2188 3416 actionibus
2212 3391 2394 3424 corporalibus
2417 3392 2434 3421 1,
2457 3392 2606 3418 actionibus

1578 3435 1585 3450 1
1597 3434 1677 3452 lones.
