2878 4088
81 279 91 290 ·
113 277 170 305 Cap.
196 282 241 307 ψ,
264 276 293 297 nl.

82 310 169 329 xxvnn
200 308 224 325 in
248 305 292 324 vet.

83 337 132 359 cap.
149 335 202 351 xxx.

82 670 94 680 ¹
109 669 176 691 Vei-s.
190 668 219 695 36
234 674 285 697 sqq.

81 850 93 860 ·
120 849 156 872 cf.
188 847 294 870 Senteut.

82 875 216 902 fflloaeopu.
227 874 295 896 exA-

82 902 162 924 riom.
186 901 276 932 collect.
285 918 294 928 ,

82 927 225 983 aaa.
235 931 296 980 τῆς

82 981 196 1056 &32¹2
209 986 295 1029 ‘zv-Ti:

83 1071 94 1081 ·
107 1069 175 1092 Veto,
188 1074 215 1097 ¹9
229 1074 281 1098 sqq.

84 1819 96 1831 ·
109 1817 178 1841 Tm.
190 1824 254 1841 nm.

96 3502 109 3514 ⁶
121 3501 190 3529 lbid„
205 3508 228 3524 n.
243 3508 264 3524 2-

968 192 971 196 ¹
1011 182 1274 230 QUAESTIO
1303 181 1473 227 LXXVI,
1494 180 1822 218 ARTICULUSI
2431 195 2495 231 171

379 274 408 295 2.
432 264 630 300 Pium-muza,
655 263 829 303 Gregorius
853 263 938 299 dicit,
960 263 1032 293 XIV
1049 263 1171 293 Moral.
1188 263 1221 292 *t
1249 261 1313 298 Qui
1337 270 1387 291 re·
1442 260 1584 290 tionibus
1606 260 1801 290 naturalibus
1825 261 2026 297 animalium
2050 262 2101 292 vel
2124 263 2295 302 passivum,
2312 269 2347 294 ut
2370 270 2456 304 patet
2470 263 2503 293 in

321 308 534 340 surrectionis
546 308 650 349 fidem
681 317 722 338 ex
746 307 925 338 obedientia
949 317 1014 337 non
1043 312 1165 343 tenent,
1190 311 1275 337 certe
1304 306 1388 336 hanc
1441 305 1647 344 generatione
1670 304 1864 344 simplicium
1889 314 2072 344 corporum.
2096 306 2260 337 Passivum
2284 313 2391 338 autem
2419 309 2504 348 prin-

322 363 364 384 ex
383 353 511 383 ratione
530 358 639 383 tenere
662 352 848 383 debuerant.
875 351 962 388 Quid
985 352 1069 382 enim
1091 351 1235 392 quotidie
1249 350 1388 380 mundus
1443 349 1564 389 cipium
1587 348 1738 379 naturalis
1756 349 1970 388 generationis
1986 355 2033 379 est
2048 352 2191 390 potentia
2207 353 2329 391 passiva
2345 353 2504 388 naturalis,

322 398 355 428 in
379 397 542 428 elementis
564 397 632 427 suis
656 397 718 427 nisi
742 396 1011 427 resurrectionem
1043 401 1187 426 nostram
1216 393 1389 425 imitatur?
1443 403 1526 433 quae
1545 402 1672 433 semper
1687 393 1782 423 habet
1797 393 1937 432 aliquam
1956 395 2133 433 potentiam
2150 396 2283 426 activam
2300 397 2357 426 sibi
2374 407 2505 437 respon-

322 442 363 472 Et
386 442 479 482 ponit
502 442 687 481 exemplum
710 441 750 471 de
773 441 856 476 luce,
881 450 964 480 quae
988 441 1079 480 quasi
1101 439 1269 470 moriendo
1286 438 1388 468 oculis
1410 447 1419 467 ς
1443 438 1572 468 dentem
1595 438 1628 467 in
1643 443 1766 473 natura,
1782 442 1818 467 ut
1834 437 1948 467 dicitur
1963 438 1996 467 in
2014 438 2055 467 IX
2072 439 2253 480 Metaphys.
2269 442 2285 456 ἦ
2309 441 2376 471 Nec
2393 441 2504 475 differt,
2534 445 2743 476 ·viqes.·rh.1ee1.

322 486 531 522 subtrahitur,
556 491 587 516 et
610 495 717 516 rursus
741 486 831 525 quasi
854 484 1050 524 resurgendo
1077 489 1263 519 revocatur;
1288 488 1319 513 et
1349 481 1388 512 de
1443 487 1600 522 quantum
1616 481 1655 512 ad
1670 482 1744 517 hoc,
1761 482 1826 511 sive
1842 481 2033 522 respondeat
2048 483 2173 522 passivo
2189 485 2347 524 principio
2367 486 2505 515 activum
2533 471 2744 526 ¹0¹{pl,³¹.‘‚¹'n¹,¹¹{5',Y¹(¹;}-'

323 531 467 566 arbustis,
492 540 574 570 quae
598 529 788 560 viriditatem
812 529 971 564 amittunt,
997 534 1028 559 et
1049 538 1157 559 rursus
1180 528 1271 568 quasi
1286 536 1388 557 resur·
1442 527 1637 567 principium
1653 526 1686 556 in
1702 531 1814 556 natura
1829 531 1977 566 respectu
1999 526 2130 556 ultimae
2154 527 2367 566 perfectionis,
2388 530 2506 560 scilicet
2534 525 2573 572 2⁸²2·
2581 525 2744 572 ngsfffflwv

322 575 429 615 gentia
461 580 667 615 reparantur;
699 579 730 604 et
760 573 800 604 de
830 573 1024 609 seminibus,
1059 582 1142 613 quae
1174 571 1389 612 putrescentia
1443 570 1582 607 formae;
1607 571 1672 600 sive
1696 576 1843 610 respectu
1867 570 2084 610 dispositionis
2108 580 2191 610 quae
2215 578 2261 602 est
2284 574 2452 604 necessitas
2468 574 2506 604 ad
2534 566 2664 599 ¹<e'ct-'x'1v-¹
2706 567 2711 572 ’
2738 568 2744 576 ’

322 619 514 655 moriuntur,
532 624 563 649 et
578 628 685 649 rursus
704 617 914 658 germinando
935 616 1179 657 quodammodo
1202 620 1387 655 resurgunt;
1442 614 1579 645 formam
1604 615 1760 650 ultimam,
1785 615 1867 644 sicut
1891 619 1937 645 est
1959 615 1992 644 in
2015 616 2220 654 generatione
2239 617 2378 646 hominis
2395 627 2506 648 secun—

323 663 413 703 quod
437 664 532 693 etiam
555 663 740 703 exemplum
762 662 940 702 Apostolus
963 662 1066 702 ponit,
1091 661 1103 691 I
1126 661 1203 691 Cor.
1219 670 1260 690 xv
1275 660 1301 689 *.
1326 658 1389 690 Sed
1404 671 1430 686 ιο
1443 658 1521 689 dum
1537 660 1732 699 positionem
1749 658 1834 695 fidei,
1847 659 1897 689 vel
1914 659 2009 689 etiam
2025 658 2065 689 de
2082 660 2232 690 omnibus
2248 660 2314 690 aliis
2331 662 2506 692 secundum

322 707 401 738 nihil
424 713 532 747 potest
555 717 593 738 ex
616 707 812 737 naturalibus
836 706 988 746 operibus
1010 706 1134 735 ratione
1158 704 1310 744 cognosci
1327 703 1389 733 nisi
1443 704 1633 743 opinionem
1648 703 1790 733 Platonis
1802 704 1818 720 ὕ
1835 708 1866 733 et
1881 703 2065 734 Avicennae
2081 705 2124 733 u·
2149 704 2284 734 Nullum
2300 711 2407 735 autem
2422 707 2507 746 prin-
2537 715 2544 723 ·
2560 712 2679 743 Phaeapn.
2696 718 2746 740 cap.

322 752 474 782 naturale.
499 751 585 791 Ergo
609 751 797 782 resurrectio
821 751 879 780 erit
901 750 1062 780 naturalis.
1443 748 1565 787 cipium
1580 748 1719 778 activum
1735 748 1974 778 resurrectionis
1986 754 2033 778 est
2049 748 2082 778 in
2098 754 2223 778 natura:
2240 758 2346 789 neque
2362 756 2508 790 respectu
2535 745 2602 764 '¹²¹¹‘
2615 739 2672 760 T'm·
2690 739 2735 764 ¹P¹³

2536 769 2584 786 ton.
2650 772 2678 786 .v
2697 766 2710 786 Ι.

379 796 409 826 3.
433 796 638 831 Palmam,
670 795 724 825 illa
756 803 839 834 quae
869 800 944 824 sunt
972 799 1096 834 praeter
1127 799 1290 827 naturam,
1321 800 1389 821 non
1443 792 1682 822 coniunctionis
1706 792 1831 822 animae
1855 791 1895 822 ad
1918 801 2054 832 corpus;
2078 802 2185 833 neque
2208 799 2355 833 respectu
2375 794 2509 834 disposi-
2537 798 2564 818 Ρ8
2583 765 2646 816 ξῗδῐῗ
2656 771 2694 813 οἱ
2708 766 2748 813 lii:

322 840 426 871 multo
442 846 588 880 tempore
603 843 745 874 manent,
763 839 838 878 quia
853 844 928 868 sunt
944 838 1035 878 quasi
1050 837 1190 868 violenta
1200 838 1227 867 ’ἱ
1247 835 1311 867 Sed
1326 836 1390 865 vita
1443 836 1541 866 tionis
1565 845 1647 876 quae
1672 841 1718 866 est
1740 837 1911 866 necessitas
1935 836 1974 867 ad
1997 837 2093 867 talem
2118 838 2381 868 coniunctionem
2394 862 2401 874 ,
2435 840 2510 879 quia
2537 818 2683 872 51ἶίιίιειαριι.
2707 845 2747 866 lib.

323 894 406 925 quae
429 894 487 924 per
509 884 775 914 resurrectionem
797 887 960 922 reparatur
982 882 1016 912 in
1040 887 1205 912 aeternum
1236 880 1388 911 manebit.
1405 892 1427 912 15
1443 881 1514 911 talis
1537 880 1704 921 dispositio
1728 890 1795 911 non
1819 886 1925 921 potest
1948 891 1965 911 a
1991 887 2103 912 natura
2133 881 2243 912 induci
2271 883 2332 913 nisi
2362 883 2509 913 determi—
2536 871 2576 898 α’
2593 877 2643 899 ⁰¹⁹¹
2660 877 2680 892 '¹'

322 929 408 968 Ergo
432 928 620 959 resurrectio
645 927 703 958 erit
724 927 885 957 naturalis.
1445 930 1521 955 nato
1544 924 1646 955 modo
1669 934 1727 965 per
1749 925 1834 955 viam
1857 926 2069 965 generationis
2093 936 2131 956 ex
2154 928 2285 957 semine.
2317 927 2427 963 Unde,
2453 929 2509 958 etsi

377 981 409 1011 4.
436 972 639 1007 Prummu,
664 970 743 1001 illud
771 971 811 1001 ad
839 970 929 1011 quod
951 975 1019 1001 tota
1046 976 1178 1001 naturae
1211 969 1389 1010 expectatio
1445 975 1585 1010 ponatur
1609 979 1676 1000 esse
1700 970 1795 1000 etiam
1819 970 1925 1010 aliqua
1953 971 2098 1010 potentia
2121 972 2243 1011 passiva
2267 981 2304 1002 ex
2327 977 2415 1012 parte
2439 982 2509 1003 cor-

322 1015 467 1052 intendit,
491 1016 630 1046 maxime
652 1014 778 1046 videtur
801 1025 868 1046 esse
891 1015 1044 1046 naturale.
1069 1015 1131 1046 Sed
1154 1014 1343 1045 resurrectio
1359 1018 1391 1043 et
1445 1015 1543 1054 poris,
1560 1023 1617 1045 seu
1642 1014 1737 1044 etiam
1755 1014 1919 1044 inclinatio
1937 1024 2163 1055 quaecumque
2179 1015 2219 1046 ad
2234 1017 2359 1046 animae
2375 1018 2510 1047 coniun—

321 1060 512 1101 glorificatio
535 1065 721 1090 sanctorum
745 1065 792 1090 est
814 1059 1011 1096 huiusmodi,
1028 1065 1064 1090 ut
1087 1065 1174 1100 patet
1188 1059 1282 1089 Rom.
1295 1058 1388 1087 vm&
1446 1059 1598 1094 ctionem,
1622 1068 1690 1089 non
1714 1064 1761 1089 est
1783 1059 1853 1089 talis
1877 1059 1967 1098 quod
1990 1058 2124 1089 sufficiat
2148 1059 2187 1090 ad
2217 1061 2374 1091 rationem
2402 1067 2510 1092 motus

322 1105 409 1146 Ergo
432 1105 622 1136 resurrectio
646 1105 704 1135 erit
726 1104 888 1135 naturalis.
1405 1114 1431 1128 πο
1445 1103 1604 1134 naturalis.
1630 1103 1723 1134 Unde
1746 1104 1946 1140 resurrectio,
1962 1104 2147 1143 simpliciter
2161 1104 2338 1144 loquendo,
2355 1111 2402 1136 est
2416 1107 2510 1136 mira-

379 1150 409 1180 5.
433 1149 630 1184 Ριωιτωᾼ,
646 1149 834 1179 resurrectio
859 1154 906 1179 est
928 1154 1037 1179 motus
1061 1148 1192 1189 quidam
1215 1147 1255 1178 ad
1277 1156 1391 1187 perpe—
1446 1147 1574 1183 culosa‚
1598 1157 1667 1178 non
1690 1147 1857 1183 naturalis,
1876 1148 1938 1178 nisi
1961 1148 2140 1179 secundum
2164 1149 2258 1189 quid,
2283 1156 2319 1180 ut
2350 1159 2387 1180 ex
2419 1150 2510 1181 dictis

322 1199 412 1225 tuam
435 1194 701 1225 coniunctionem
724 1193 849 1223 animae
873 1198 905 1223 et
927 1194 1082 1233 corporis.
1114 1192 1177 1223 Sed
1206 1197 1314 1222 motus
1345 1195 1392 1221 est
1444 1197 1541 1232 patet.

323 1238 474 1269 naturalis
498 1239 555 1279 qui
577 1238 765 1269 terminatur
787 1237 827 1268 ad
850 1238 993 1277 quietem
1021 1237 1215 1273 naturalem,
1239 1242 1276 1267 ut
1305 1240 1392 1276 patet
1501 1236 1552 1266 An
1576 1246 1693 1266 ramim
1716 1246 1799 1267 anco
1827 1246 1987 1266 melianum
2015 1237 2104 1277 quod
2127 1238 2344 1269 Damascenus
2368 1239 2511 1281 loquitur

272 1300 296 1310 ,—
322 1282 496 1324 VHy‘sic.
512 1282 529 1299 ⁴*
552 1282 710 1322 Perpetua
729 1287 837 1319 autem
854 1282 1041 1313 coniunctio
1058 1282 1182 1312 animae
1199 1286 1231 1311 et
1246 1280 1390 1320 corporis
1446 1280 1486 1311 de
1508 1281 1569 1311 illis
1593 1290 1676 1320 quae
1699 1281 1906 1311 inveniuntur
1928 1281 1961 1310 in
1986 1282 2136 1312 omnibus
2159 1282 2331 1313 individuis
2354 1293 2392 1314 ex
2424 1286 2510 1325 prin·

324 1327 383 1358 erit
404 1327 573 1357 naturalis:
599 1327 685 1367 quia,
709 1335 784 1357 cum
808 1327 915 1357 anima
937 1327 977 1357 sit
1003 1326 1153 1367 proprius
1182 1331 1291 1356 motor
1321 1333 1391 1354 cor·
1406 1335 1429 1355 ες
1446 1325 1537 1365 cipiis
1568 1330 1699 1355 naturae
1734 1326 1855 1355 creatis.
1890 1325 1966 1356 Non
1996 1326 2101 1362 enim,
2129 1327 2155 1356 si
2186 1326 2292 1357 divina
2324 1330 2510 1368 operatione

324 1371 428 1412 poris,
452 1371 548 1402 habet
570 1371 629 1401 sibi
653 1380 771 1411 corpus
801 1371 1082 1411 proportionatum
1106 1376 1138 1401 et
1160 1370 1203 1400 ita
1221 1370 1255 1400 in
1277 1377 1391 1409 perpe·
1446 1379 1559 1400 omnes
1581 1370 1730 1399 homines
1754 1369 1992 1405 dealbarentur,
2017 1370 2067 1401 vel
2090 1371 2123 1400 in
2147 1380 2215 1401 uno
2239 1371 2313 1402 loco
2338 1382 2511 1414 congrega-

324 1421 418 1446 tuum
442 1421 489 1446 est
511 1415 696 1446 naturaliter
717 1414 908 1446 vivificabile
932 1415 972 1446 ab
994 1416 1073 1455 ipsa,
1090 1415 1172 1445 sicut
1187 1415 1256 1454 ipsa
1270 1414 1304 1444 in
1319 1422 1393 1453 per·
1445 1419 1571 1450 rentur,
1595 1414 1677 1444 sicut
1708 1419 1855 1454 tempore
1888 1414 1998 1444 diluvii
2030 1414 2151 1445 factum
2175 1421 2222 1446 est
2237 1416 2263 1452 *‚
2287 1422 2418 1457 propter
2448 1419 2511 1449 hoc
2537 1427 2547 1436 ·
2566 1425 2622 1447 Gen.
2639 1430 2688 1453 αρ.
2705 1431 2749 1449 vn,

323 1465 460 1501 potuum
482 1460 570 1490 vivit.
595 1460 681 1500 Ergo
704 1460 893 1490 resurrectio
918 1460 976 1490 en’t
998 1459 1159 1490 naturalis.
1446 1457 1560 1488 albedo
1585 1464 1667 1489 esset
1689 1459 1866 1499 proprietas
1888 1459 2038 1489 naturalis
2061 1459 2212 1495 hominis,
2235 1461 2286 1490 vel
2311 1470 2378 1492 esse
2401 1462 2434 1492 in
2457 1463 2511 1493 tali
2538 1458 2597 1473 ω’·
2612 1457 2646 1479 ²³·

379 1504 442 1535 San
466 1513 600 1540 con-riu,
624 1514 645 1535 a
654 1504 843 1544 privatione
858 1504 891 1534 in
906 1504 1048 1534 habitum
1065 1513 1130 1534 non
1147 1503 1210 1533 erit
1224 1511 1392 1543 regressus
1445 1502 1531 1533 loco.

323 1548 499 1580 secundum
522 1553 674 1579 naturam
693 1549 720 1579 *.
751 1547 815 1579 Sed
837 1558 924 1578 mors
948 1553 994 1579 est
1016 1548 1152 1589 privatio
1181 1548 1274 1577 vitae.
1305 1546 1392 1586 Ergo
1407 1556 1432 1576 3⁰
1501 1547 1553 1577 An
1577 1557 1740 1577 sncuxnuu
1758 1557 1918 1577 mmmmm
1935 1547 2024 1587 quod
2048 1557 2086 1578 ex
2109 1548 2203 1579 rebus
2226 1550 2421 1581 naturalibus
2443 1561 2511 1582 non

324 1593 524 1629 resurrectio,
548 1602 605 1633 per
628 1601 726 1633 quam
750 1598 798 1623 est
819 1592 938 1623 reditus
962 1592 1001 1623 de
1024 1597 1129 1623 morte
1145 1591 1184 1622 ad
1199 1592 1307 1627 vitam,
1323 1599 1392 1621 non
1447 1592 1653 1632 cognoscitur
1684 1591 1804 1631 aliquid
1835 1592 1958 1622 ratione
1991 1591 2229 1623 demonstrante
2261 1603 2329 1624 non
2358 1596 2510 1626 naturale.

325 1642 372 1668 est
393 1637 554 1668 naturalis.
1447 1635 1511 1667 Sed
1525 1637 1648 1666 ratione
1671 1635 1883 1676 persuadente
1906 1641 2012 1676 potest
2035 1638 2188 1676 cognosci
2211 1637 2332 1678 aliquid
2347 1648 2442 1679 supra
2457 1650 2511 1670 na-

381 1690 412 1712 2.
435 1681 632 1717 Puni-imm,
657 1689 694 1711 ea
709 1690 792 1720 quae
808 1686 883 1711 sunt
898 1680 994 1711 unius
1010 1680 1139 1720 speciei,
1155 1689 1259 1710 unum
1275 1679 1394 1710 habent
1446 1686 1570 1711 turam:
1595 1681 1671 1720 quia
1686 1689 1800 1710 eorum
1817 1689 1899 1720 quae
1915 1690 2010 1720 supra
2026 1686 2172 1712 naturam
2187 1687 2271 1718 sunt,
2289 1692 2326 1713 ea
2341 1692 2423 1723 quae
2439 1690 2513 1715 sunt

325 1725 572 1757 determinatum
589 1724 727 1755 modum
743 1725 890 1765 originis:
916 1724 1002 1755 unde
1026 1724 1174 1754 animalia
1190 1733 1273 1764 quae
1295 1733 1393 1764 gene·
1446 1725 1480 1755 in
1495 1730 1609 1755 natura
1623 1724 1764 1764 aliquam
1787 1724 2028 1755 similitudinem
2051 1731 2305 1766 repraesentant3
2329 1728 2412 1758 sicut
2434 1729 2512 1759 unio

323 1775 433 1800 rantur
455 1779 493 1800 ex
516 1768 751 1809 putrefactione
775 1775 807 1800 et
830 1779 868 1800 ex
891 1769 1014 1799 semine
1036 1778 1205 1808 nunquam
1220 1774 1295 1798 sunt
1310 1769 1393 1798 eius·
1408 1777 1431 1797 ις
1447 1770 1573 1800 animae
1597 1774 1628 1799 et
1647 1769 1791 1809 corporis
1810 1774 2023 1809 repraesentat
2039 1771 2163 1800 animae
2179 1771 2335 1802 unionem
2351 1771 2391 1802 ad
2407 1772 2513 1803 Deum

325 1813 399 1845 dem
422 1814 551 1854 speciei,
575 1819 612 1844 ut
634 1813 711 1844 dicit
733 1813 990 1850 Commentator,
1006 1814 1040 1843 in
1055 1812 1128 1843 VIII
1144 1813 1272 1853 Phssic.
1290 1813 1306 1829 ³*
1330 1812 1394 1843 Sed
1446 1823 1504 1854 per
1526 1814 1662 1854 gloriam
1685 1813 1854 1849 fruitionis,
1871 1819 1907 1844 ut
1923 1813 2072 1854 Magister
2095 1814 2170 1845 dicit
2185 1816 2211 1845 *.
2236 1815 2277 1845 Et
2300 1817 2394 1847 simili
2412 1817 2512 1848 modo
2541 1818 2752 1845 ·.1isen1.,ajst.1,

323 1858 474 1890 naturalis
497 1863 606 1888 motus
630 1867 697 1898 quo
721 1859 822 1889 homo
847 1858 948 1888 oritur
970 1863 1017 1888 est
1038 1858 1202 1898 generatio
1227 1867 1264 1887 ex
1297 1857 1393 1887 simili
1447 1858 1594 1899 exempla
1617 1867 1701 1898 quae
1720 1858 1897 1898 Apostolus
1925 1863 1956 1888 et
1980 1857 2153 1899 Gregorius
2175 1859 2343 1896 inducunt,
2367 1860 2442 1892 fidei
2465 1871 2514 1892 re-
2541 1845 2753 1900 ffi‘ssnii’fissbffssi.

324 1904 358 1934 in
380 1903 503 1944 specie:
529 1901 619 1942 quod
641 1911 709 1933 non
732 1903 791 1933 erit
805 1903 839 1933 in
854 1902 1095 1933 resurrectione.
1129 1901 1215 1941 Ergo
1245 1911 1314 1932 non
1347 1907 1394 1932 est
1447 1903 1652 1933 surrectionis
1674 1903 1856 1943 persuasive
1880 1902 2157 1933 adminiculantur.

323 1947 484 1978 naturalis.
1502 1947 1553 1978 An
1577 1957 1711 1977 narrum
1734 1956 1893 1977 DICENDUM
1917 1946 2006 1987 quod
2029 1947 2082 1977 illa
2105 1948 2184 1978 ratio
2207 1948 2353 1988 procedit
2376 1949 2415 1980 de
2435 1960 2514 1990 ope-

378 1991 570 2022 Rxsrounuo
593 2000 754 2021 DIOENDUM
777 1990 868 2030 quod
889 1995 999 2020 motus
1022 1990 1088 2020 sive
1115 1990 1199 2020 actio
1230 1990 1337 2030 aliqua
1359 1999 1394 2020 se
1406 1998 1433 2018 ⁴⁰
1446 1992 1570 2022 ratione
1581 1991 1634 2021 illa
1646 2000 1730 2031 quae
1745 1991 1932 2022 terminatur
1947 1990 1987 2021 ad
2001 1991 2081 2022 illud
2093 1992 2182 2032 quod
2194 2002 2261 2023 non
2273 1999 2320 2023 est
2335 1994 2513 2025 secundum

323 2036 420 2067 habet
438 2035 479 2066 ad
500 2040 648 2066 naturam
670 2035 844 2075 tripliciter.
868 2035 925 2065 Est
948 2035 1035 2065 enim
1058 2034 1173 2074 aliquis
1194 2039 1304 2075 mogus
1327 2035 1394 2064 sive
1447 2041 1603 2071 naturam,
1620 2035 1676 2066 sed
1698 2041 1830 2066 naturae
1853 2036 2058 2066 contrarium.
2090 2036 2164 2066 Hoc
2188 2042 2295 2067 autem
2318 2047 2386 2068 non
2411 2044 2457 2069 est
2479 2040 2513 2069 in

324 2081 409 2112 actio
433 2080 525 2110 cuius
542 2085 657 2110 natura
685 2088 746 2110 nec
778 2084 825 2109 est
854 2079 1050 2119 principium
1073 2088 1134 2108 nec
1157 2079 1322 2109 terminus.
1353 2079 1394 2109 Et
1447 2080 1689 2111 resurrectione.
1714 2080 1755 2110 Et
1777 2079 1851 2110 ideo
1874 2089 1943 2109 non
1967 2085 2014 2110 est
2036 2079 2076 2110 ad
2098 2082 2311 2121 propositum.

324 2125 395 2156 talis
417 2130 526 2155 motus
550 2123 748 2164 quandoque
771 2129 819 2154 est
842 2133 860 2153 a
882 2123 1042 2163 principio
1066 2132 1163 2163 supra
1184 2128 1342 2159 naturam,
1358 2128 1395 2153 ut
1502 2125 1553 2155 An
1579 2134 1727 2154 nummu
1750 2134 1909 2154 memnon
1935 2124 2025 2164 quod
2048 2130 2114 2155 tota
2138 2126 2282 2165 operatio
2306 2131 2437 2157 naturae
2468 2134 2514 2158 est

325 2174 412 2210 patet
435 2168 475 2199 de
498 2167 730 2208 glorificatione
751 2168 912 2207 corporis:
937 2167 1134 2208 quandoque
1150 2172 1258 2197 autem
1274 2177 1293 2197 a
1307 2167 1394 2208 prin-
1448 2169 1507 2200 sub
1531 2169 1720 2209 operatione
1751 2167 1858 2198 divina
1887 2169 1969 2199 sicut
1999 2170 2143 2209 operatio
2174 2169 2331 2200 inferioris
2359 2172 2432 2201 artis
2455 2173 2513 2202 sub

326 2213 412 2254 cipio
436 2213 499 2243 alio
519 2221 741 2252 quocumque,
757 2213 840 2242 sicut
855 2217 942 2251 patet
958 2211 998 2242 de
1012 2217 1106 2242 motu
1121 2211 1265 2242 violento
1281 2211 1394 2252 lapidis
1408 2219 1431 2239 ⁴⁵
1449 2214 1636 2254 operatione
1652 2213 1833 2253 superioris.
1857 2212 1962 2248 Unde,
1978 2213 2060 2243 sicut
2075 2215 2180 2244 omnis
2197 2215 2341 2254 operatio
2356 2215 2514 2246 inferioris

326 2266 463 2293 sursum,
481 2257 538 2296 qui
556 2257 744 2287 terminatur
759 2255 799 2286 ad
815 2256 958 2296 quietem
980 2255 1164 2286 violentam.
1181 2274 1204 2278 —
1226 2256 1283 2286 Est
1299 2257 1394 2286 etiam
1449 2259 1522 2288 artis
1546 2262 1691 2297 expectat
1714 2257 1855 2297 aliquem
1878 2256 1977 2288 finem
1993 2257 2032 2288 ad
2048 2267 2146 2298 quem
2165 2268 2232 2289 non
2257 2261 2440 2299 pervenitur
2454 2262 2514 2291 nisi

327 2302 406 2333 alius
429 2307 538 2331 motus
561 2301 654 2331 cuius
676 2301 872 2341 principium
902 2306 933 2331 et
955 2301 1110 2331 terminus
1135 2305 1181 2330 est
1207 2305 1334 2336 natura,
1359 2306 1395 2331 ut
1449 2302 1637 2342 operatione
1661 2303 1733 2332 artis
1757 2302 1929 2342 superioris
1951 2301 2132 2333 inducentis
2155 2301 2291 2333 formam
2314 2304 2364 2334 vel
2397 2306 2513 2335 utentis

326 2351 413 2387 patet
435 2346 469 2375 in
491 2350 585 2376 motu
608 2345 720 2385 lapidis
745 2345 906 2375 deorsum.
922 2363 946 2367 -
969 2345 1025 2375 Est
1049 2345 1144 2374 etiam
1175 2344 1254 2375 alius
1286 2350 1394 2375 motus
1449 2346 1583 2377 artificio
1607 2346 1702 2382 facto,
1726 2347 1769 2376 ita
1792 2345 1832 2376 ad
1855 2346 2005 2377 ultimum
2028 2346 2127 2377 finem
2151 2347 2190 2377 ad
2214 2357 2312 2387 quem
2335 2353 2402 2378 tota
2419 2359 2513 2389 expe-

327 2391 419 2422 cuius
441 2390 597 2420 terminus
621 2395 668 2420 est
690 2395 812 2426 natura,
829 2388 886 2419 sed
901 2398 969 2419 non
985 2389 1196 2429 principium:
1221 2388 1277 2419 sed
1293 2398 1395 2429 quan-
1449 2391 1545 2421 ctatio
1569 2395 1700 2421 naturae
1719 2390 1864 2427 intendit,
1881 2400 1949 2421 non
1964 2397 2070 2431 potest
2085 2393 2243 2431 perveniri
2259 2402 2357 2432 opere
2372 2399 2512 2424 naturae.

327 2434 437 2475 doque
459 2433 580 2474 aliquid
603 2443 699 2474 supra
722 2439 880 2470 naturam,
903 2434 986 2464 sicut
1008 2438 1096 2474 patet
1110 2434 1144 2463 in
1159 2433 1395 2464 illuminatione
1409 2441 1435 2462 5⁰
1449 2435 1490 2466 Et
1513 2440 1645 2475 propter
1667 2435 1731 2465 hoc
1754 2436 1942 2466 consecutio
1966 2436 2034 2466 eius
2056 2445 2125 2466 non
2148 2442 2194 2466 est
2216 2437 2376 2467 naturalis.

327 2479 430 2515 caeci,
455 2479 531 2518 quia
553 2479 639 2509 visus
662 2478 813 2509 naturalis
837 2483 901 2514 est,
925 2477 981 2508 sed
1003 2477 1247 2508 illuminationis
1277 2479 1395 2518 princi·
1504 2480 1555 2510 AD
1581 2489 1720 2509 nunu-tm
1742 2489 1902 2509 mmmmm
1932 2479 2040 2520 quod,
2065 2481 2210 2520 quamvis
2232 2491 2300 2511 non
2323 2482 2423 2521 possit
2446 2491 2514 2512 esse

326 2524 419 2564 pium
442 2528 490 2553 est
511 2532 608 2563 supra
629 2528 793 2559 naturam;
818 2522 1016 2563 quandoque
1036 2527 1144 2552 autem
1160 2522 1282 2562 aliquid
1297 2522 1393 2559 aliud,
1449 2529 1558 2554 motus
1570 2523 1720 2554 naturalis
1735 2525 1791 2564 qui
1803 2525 1990 2554 terminatur
2001 2523 2042 2554 ad
2053 2525 2195 2564 quietem
2207 2526 2391 2562 violentam,
2407 2531 2514 2556 tamen

327 2573 364 2599 ut
385 2572 473 2608 patet
495 2567 530 2597 in
552 2567 782 2598 acceleratione
805 2566 924 2597 florum
947 2567 998 2597 vel
1021 2566 1186 2597 fructuum
1212 2576 1270 2607 per
1300 2566 1395 2597 artifi-
1449 2573 1557 2609 potest
1580 2577 1648 2599 esse
1671 2573 1780 2598 motus
1795 2578 1863 2598 non
1878 2568 2030 2599 naturalis
2045 2570 2102 2609 qui
2116 2570 2303 2600 terminatur
2319 2570 2358 2600 ad
2373 2571 2514 2611 quietem

328 2612 416 2643 cium
438 2611 530 2642 facta.
546 2629 570 2634 -
592 2611 692 2649 Quod
715 2617 824 2642 autem
846 2612 1042 2652 principium
1065 2611 1105 2641 sit
1126 2616 1239 2641 natura
1270 2617 1301 2641 et
1327 2621 1396 2642 non
1450 2612 1638 2649 naturalem,
1662 2618 1699 2643 ut
1722 2622 1760 2643 ex
1784 2612 1904 2643 dictis*
1927 2618 2023 2653 patet.
2543 2615 2588 2636 '¹⁰
2604 2620 2707 2643 corpore.

327 2656 493 2691 terminus,
517 2665 586 2686 esse
608 2665 676 2686 non
699 2661 822 2696 potest:
847 2656 924 2696 quia
955 2655 1112 2696 principia
1140 2655 1295 2686 naturalia
1321 2661 1396 2686 sunt
1411 2670 1434 2691 ςς

329 2699 369 2731 ad
391 2699 618 2731 determinatos
641 2699 772 2730 effectus
795 2699 935 2736 definita,
959 2700 1041 2731 ultra
1064 2709 1147 2740 quos
1169 2709 1204 2730 se
1227 2700 1396 2731 extendere
1567 2699 1821 2743 QUAESTIO
1846 2699 2404 2734 SEPTUAGESIMASEXTA

328 2754 397 2775 non
419 2749 564 2784 possunt.
1737 2754 1782 2778 DE
1802 2754 1912 2778 CAUSA
1933 2753 2231 2779 RESURRECTIONIS

397 2788 550 2828 Operatio
575 2797 651 2828 ergo
674 2788 726 2819 vel
747 2794 857 2819 motus
879 2789 985 2828 primo
1015 2787 1117 2818 modo
1146 2798 1180 2818 se
1209 2789 1330 2819 habens
1357 2788 1397 2819 ad

329 2838 493 2868 naturam,
516 2832 608 2863 nullo
637 2832 738 2863 modo
768 2838 875 2873 potest
907 2832 969 2863 dici
998 2832 1164 2863 naturalis:
1189 2832 1246 2863 sed
1268 2833 1319 2863 vel
1350 2839 1397 2864 est
1513 2843 1607 2864 amne
1639 2833 1909 2864 considerandum
1941 2839 1988 2864 est
2019 2834 2059 2865 de
2096 2844 2191 2865 causa
2220 2841 2347 2866 nostrae
2379 2845 2516 2867 resurre-

329 2877 531 2912 miraculosa,
548 2877 574 2907 si
590 2877 630 2907 sit
653 2886 671 2907 a
693 2877 853 2917 principio
877 2886 973 2917 supra
990 2882 1154 2913 naturam;
1178 2877 1230 2907 vel
1245 2877 1395 2914 violenta,
1410 2886 1437 2906 60
1514 2878 1629 2908 ctionis
1644 2879 1671 2909 *.
2542 2879 2663 2927 ing-dqu-
2681 2885 2754 2905 uxv,

330 2922 356 2952 si
371 2922 411 2952 sit
427 2922 466 2952 ab
489 2921 552 2951 alio
577 2930 788 2961 quocumque
811 2921 981 2961 principio.
995 2936 1021 2943 ·—
1044 2920 1199 2961 Operatio
1222 2926 1331 2952 autem
1346 2922 1397 2953 vel
1452 2921 1546 2953 Circa
1569 2922 1659 2962 quod
1682 2923 1740 2953 tria
1764 2929 1970 2963 quaeruntur.
2043 2945 2046 2947 -
2623 2920 2630 2927 '

330 2971 438 2997 motus
461 2965 604 2996 secundo
627 2965 728 2996 modo
751 2975 785 2996 se
808 2966 929 2996 habens
953 2964 993 2995 ad
1014 2970 1177 3001 naturam,
1202 2971 1249 2996 est
1276 2966 1398 3006 simpli·
1506 2966 1633 2997 Primo:
1657 2972 1767 2998 utrum
1790 2968 1979 2998 resurrectio
2004 2967 2121 2998 Christi
2145 2969 2183 2998 sit
2207 2977 2300 2998 causa
2323 2974 2449 2999 nostrae
2468 2978 2515 2999 re—

331 3011 408 3041 citet
430 3009 591 3040 naturalis.
606 3027 630 3032 —
653 3009 716 3041 Sed
739 3010 884 3050 operatio
909 3019 992 3050 quae
1015 3010 1108 3040 tertio
1131 3009 1232 3040 modo
1249 3019 1282 3040 se
1302 3010 1398 3041 habet
1541 3012 1756 3042 surrectionis.

331 3054 372 3085 ad
392 3060 549 3090 naturam,
572 3063 640 3084 non
663 3059 770 3094 potest
793 3053 856 3084 dici
878 3053 1064 3094 simpliciter
1085 3054 1246 3090 naturalis,
1270 3054 1327 3085 sed
1349 3064 1398 3085 se-
1508 3055 1677 3086 Secundo:
1701 3061 1811 3087 utrum
1833 3066 1896 3086 vox
1919 3057 2026 3087 tubae.

333 3098 476 3130 cundum
508 3098 606 3139 quid,
629 3099 824 3139 inquantum
850 3099 971 3129 scilicet
999 3097 1146 3138 perducit
1175 3097 1215 3128 ad
1245 3098 1278 3128 id
1308 3098 1399 3139 quod
1411 3106 1436 3132 65
1507 3099 1637 3130 Tertio:
1661 3105 1770 3131 uuum
1794 3101 1908 3140 angeli.

333 3142 512 3174 secundum
526 3148 672 3174 naturam
689 3149 752 3174 est:
773 3143 828 3173 sed
843 3143 894 3173 vel
910 3142 1025 3173 dicitur
1039 3142 1241 3178 miraculosa,
1257 3143 1309 3173 vel
1325 3144 1397 3173 arti-

333 3186 443 3217 ficialis
467 3192 523 3217 aut
543 3187 694 3218 violenta.
723 3187 885 3218 Naturale
909 3187 995 3217 enim
1018 3187 1147 3228 proprie
1172 3186 1287 3217 dicitur
1312 3187 1399 3228 quod

333 3231 508 3262 secundum
537 3236 689 3262 naturam
718 3236 784 3262 est:
811 3231 991 3262 secundum
1021 3236 1129 3262 autem
1156 3236 1302 3261 naturam
1330 3241 1398 3262 esse

1658 3165 1758 3196 ART.
1783 3166 1805 3196 1.
1829 3176 1935 3197 tri-nun
1958 3177 2077 3197 cmusn
2101 3176 2308 3197 RESURRECTIO

1679 3220 1725 3240 srr
1749 3220 1846 3241 causa
1869 3220 2008 3242 nos'rm
2031 3221 2289 3241 Rasuamtcnoms

334 3274 450 3306 dicitur
471 3275 592 3306 habens
613 3281 760 3306 naturam
791 3281 822 3306 et
853 3285 936 3316 quae
966 3280 1210 3316 consequuntur
1240 3281 1397 3312 naturam,
1559 3260 1863 3315 ικῗ“ῗὸιέτ1.1’σ“εῗίι.ι,“ὲι“ἓ
1866 3261 1958 3314 timlxv
1973 3261 2218 3314 ἓρέέιεὲἷῗῗιὲὲῖζ
2228 3261 2408 3315 ῗζοὲὲιιῗῖιῖη

241 3338 248 3345 ·
277 3337 283 3344 ·
298 3334 305 3339 -
335 3324 371 3350 ut
385 3323 473 3359 patet
486 3319 521 3349 in
537 3319 564 3349 II
578 3319 707 3360 Phssic.
723 3321 740 3337 ¹*
763 3319 858 3351 Unde
879 3325 999 3356 motus,
1016 3320 1201 3360 simpliciter
1220 3319 1397 3360 loquendo,
1412 3331 1439 3352 70
1600 3314 1610 3336 ¹
1624 3313 1659 3335 ‘¹⁶
1672 3313 1736 3340 Cor„
1750 3314 1802 3336 ¹⁶⁰¹·
1818 3320 1855 3341 ‘V’
1870 3314 1922 3336 ¹⁸⁰¹·
1938 3321 1968 3340 ¹¹³
1983 3315 1992 3335 ¹
2007 3320 2022 3336 ‘²
2056 3315 2151 3338 TW&
2166 3320 2217 3342 ⁰⁸¹⁹-
2233 3321 2266 3341 ’γ’
2280 3315 2332 3336 ¹⁸⁰²-
2347 3320 2372 3349 '¹¹⁴

334 3373 402 3394 non
425 3368 532 3403 potest
554 3362 617 3393 dici
639 3364 789 3395 naturalis
811 3365 873 3395 nisi
896 3365 964 3395 eius
987 3365 1182 3405 pn‘ncipium
1209 3365 1248 3394 sit
1275 3370 1397 3395 natura.
1518 3374 1538 3394 υ
1566 3374 1684 3394 numm
1706 3374 1751 3395 sm
1777 3374 1982 3395 Pnocnmrun.
2007 3365 2140 3396 Videtur
2163 3365 2251 3405 quod
2275 3364 2392 3396 Christi
2414 3375 2516 3396 resur-

390 3407 641 3437 Resurrectionis
653 3413 760 3438 autem
776 3409 970 3449 principium
986 3414 1099 3440 natura
1115 3418 1182 3439 esse
1198 3418 1266 3439 non
1281 3414 1397 3449 potest,
1455 3377 1616 3439 Arectio
1637 3418 1704 3439 non
1720 3409 1760 3439 sit
1775 3418 1870 3439 causa
1889 3415 2016 3440 nostrae
2036 3410 2284 3440 resurrectionis.
2300 3410 2408 3440 Posita
2430 3411 2515 3440 enim

336 3451 482 3492 quamvis
505 3450 544 3481 ad
566 3452 664 3482 vitam
686 3457 816 3483 naturae
839 3454 1027 3484 resurrectio
1051 3454 1248 3484 terminetur.
1279 3453 1399 3483 Natura
1453 3462 1563 3488 causa,
1573 3453 1713 3493 ponitur
1731 3454 1863 3494 effectus
1877 3454 1904 3484 ⁸.
1929 3453 2002 3491 Sed,
2018 3455 2122 3494 posita
2144 3454 2373 3484 resurrectione
2389 3453 2515 3490 Christi,
2544 3459 2754 3492 ‘cnarisnpny-

337 3497 424 3526 enim
447 3501 495 3526 est
511 3495 709 3536 principium
732 3502 838 3527 motus
860 3497 893 3527 in
917 3507 955 3528 eo
980 3498 1012 3528 in
1035 3507 1099 3538 quo
1124 3503 1171 3528 est
1185 3499 1218 3528 *z
1242 3497 1293 3528 vel
1323 3498 1399 3528 acti·
1453 3507 1522 3528 non
1555 3503 1601 3527 est
1635 3502 1744 3528 secuta
1775 3498 1880 3528 statim
1912 3500 2099 3529 resurrectio
2133 3499 2269 3529 aliorum
2302 3504 2515 3528 mortuorum.
2544 3486 2730 3539 ff{·„¹,¹}’;‚¹.¹g,⁰-F
2750 3503 2756 3532 ζ

336 3549 425 3576 vum,
448 3545 485 3570 ut
507 3545 594 3580 patet
617 3540 650 3570 in
672 3546 766 3571 motu
787 3541 932 3581 gravium
958 3547 989 3572 et
1011 3542 1148 3578 levium,
1173 3548 1204 3573 et
1226 3543 1259 3572 in
1290 3541 1400 3573 altera·
1414 3555 1438 3576 75
1454 3542 1540 3582 Ergo
1564 3542 1752 3572 resurrectio
1769 3542 1837 3572 eius
1851 3552 1920 3573 non
1936 3549 1982 3573 est
2002 3552 2097 3573 causa
2119 3549 2245 3573 nostrae
2268 3543 2515 3573 resurrectionis.
2544 3541 2595 3562 '0⁰¹-
2610 3547 2641 3561 ‘'¹—
