2878 4088
115 687 186 736 ἓξὲξ.
194 693 248 714 xxv,
256 690 298 709 art.
307 693 328 715 2,

534 208 798 255 QUAESTIO
827 210 962 257 XXVI,
984 209 1276 247 ARTICULUS
1304 210 1361 256 111,
1382 209 1432 245 IV
1452 229 1477 235 —
1497 207 1762 254 QUAESTIO
1791 209 1941 256 XXVII,
1963 211 2253 250 ARTICULUS
2281 214 2307 260 Ι,
2328 214 2357 250 II

410 296 440 317 2.
463 287 659 323 PRAETEREA,
675 288 801 328 plenior
823 289 967 319 remissio
983 298 1108 328 poenae
1132 294 1179 319 est
1193 289 1226 318 in
1249 287 1416 328 indulgen-

352 332 404 362 tiis
427 340 525 371 quam
547 332 581 362 in
604 331 675 362 foro
699 333 928 372 poenitentiali.
960 332 1023 364 Sed
1052 333 1115 363 hoc
1138 342 1206 363 non
1228 337 1335 372 potest
1356 332 1417 362 nisi

353 375 510 406 sacerdos.
534 376 619 416 Ergo
642 386 703 407 nec
726 377 815 407 illud.

409 419 472 451 Sim
497 430 630 457 com-im,
647 420 751 451 eidem
767 421 930 452 confertur
945 421 1137 461 dispensatio
1154 421 1292 451 thesauri
1307 420 1418 450 Eccle-

355 465 419 494 siae
441 464 495 494 cui
518 466 728 495 committitur
747 466 890 506 regimen
912 466 1083 496 Ecclesiae.
1108 465 1171 496 Sed
1186 466 1249 495 hoc
1271 464 1419 495 commit-
1441 473 1451 494 5

355 509 431 539 titur
454 509 651 549 quandoque
680 510 930 540 non-sacerdoti.
965 510 1051 550 Ergo
1074 514 1181 549 potest
1207 508 1420 548 indulgentias

356 552 477 583 facere:
501 563 577 584 nam
594 563 632 584 ex
656 553 892 594 dispensatione
907 554 1047 584 thesauri
1065 553 1228 584 Ecclesiae
1247 552 1421 583 efficaciam

355 597 483 628 habent.

411 642 600 672 Rnsrommo
624 652 784 672 nxcsunuu
808 641 898 682 quod
919 646 1061 682 potestas
1090 639 1226 671 faciendi
1253 640 1422 680 indulgen-

355 686 414 716 tias
437 687 581 726 sequitur
595 685 858 722 iurisdictionem,
874 691 911 716 ut
925 695 1021 726 supra
1035 686 1052 702 ⁴*
1068 684 1190 715 dictum
1210 689 1266 714 est.
1290 684 1332 714 Et
1348 685 1423 723 quia

356 730 484 761 diaconi
507 736 539 761 et
561 730 613 761 alii
635 730 899 761 non-sacerdotes
921 733 1058 769 possunt
1086 729 1202 758 habere
1232 727 1423 758 iurisdictio-

355 784 442 810 nem,
458 775 509 805 vel
525 774 739 810 commissam,
756 774 838 804 sicut
851 774 956 813 legati,
972 773 1032 803 vel*
1043 771 1245 807 ordinariam,
1262 773 1344 801 sicut
1359 771 1423 802 ele-

357 819 415 855 cti;
440 818 514 849 ideo
533 823 669 858 possunt
682 817 895 857 indulgentias
911 816 1014 847 facere
1030 817 1125 846 etiam
1139 814 1421 851 non-sacerdotes;

357 863 502 903 quamvis
524 872 592 892 non
607 867 743 902 possunt
765 861 930 891 absolvere
944 861 979 890 in
994 859 1067 890 foro
1086 859 1316 900 poenitentiali,
1334 859 1423 898 quod

357 912 404 937 est
426 906 555 937 ordinis.

410 951 452 980 Et
474 959 532 990 per
546 950 610 979 hoc
632 953 720 989 patet
739 948 858 978 solutio
883 947 923 978 ad
945 948 1081 978 obiecta.
1105 946 1321 987 indulgentias
1337 947 1424 977 enim

355 994 459 1025 facere
482 993 619 1034 pertinet
642 992 682 1024 ad
705 992 827 1022 clavem
845 991 1082 1028 iurisdictionis,
1099 997 1131 1021 et
1152 1001 1220 1021 non
1237 990 1276 1021 ad
1300 991 1422 1021 clavem

356 1032 487 1069 ordinis.

399 1107 499 1139 ART.
516 1107 568 1138 111.
592 1116 697 1138 unum
712 1116 873 1138 muscopus
889 1116 992 1138 Possu-
1015 1117 1241 1138 mnunonnms
1261 1117 1380 1137 nemus

716 1160 800 1190 Quodl.
816 1160 846 1187 11,
861 1167 901 1189 qu.
914 1166 961 1187 vm,
976 1164 1018 1182 art.
1033 1166 1054 1183 2.

420 1225 441 1245 n
470 1224 605 1244 'marrim
633 1224 678 1245 sm
707 1223 912 1244 PROCEDITUR.
943 1213 1078 1245 Videtur
1111 1214 1202 1255 quod
1229 1215 1327 1245 etiam
1357 1215 1424 1255 epi-

357 1226 539 1299 Ascopus
561 1268 630 1289 non
652 1258 754 1299 possit
775 1257 987 1298 indulgentias
1010 1257 1123 1289 facere.
1153 1258 1239 1297 Quia
1258 1259 1425 1290 thesaurus

356 1303 519 1334 Ecclesiae
542 1307 589 1334 est
612 1302 795 1333 communis
818 1303 878 1333 toti
907 1302 1079 1333 Ecclesiae.
1115 1303 1179 1334 Sed
1200 1302 1234 1334 id
1264 1303 1354 1344 quod
1378 1309 1425 1334 est

357 1356 533 1379 commune
554 1347 614 1378 toti
637 1347 808 1384 Ecclesiae,
818 1356 889 1377 non
904 1352 1012 1387 potest
1034 1346 1208 1387 dispensari
1231 1348 1292 1378 nisi
1314 1357 1373 1388 per
1387 1348 1425 1378 il-

357 1393 426 1423 lum
449 1393 507 1433 qui
528 1392 589 1422 toti
615 1391 778 1422 Ecclesiae
806 1396 940 1431 praeest.
975 1391 1061 1431 Ergo
1093 1391 1180 1422 solus
1203 1392 1289 1432 Papa
1318 1397 1426 1432 potest

356 1436 570 1476 indulgentias
592 1434 706 1466 facere.

414 1490 443 1511 2.
467 1480 664 1515 Pium-mnu,
679 1479 788 1510 nullus
803 1484 910 1520 potest
924 1479 1085 1510 remittere
1100 1489 1223 1519 poenas
1245 1490 1264 1510 a
1285 1481 1355 1511 iure
1371 1480 1426 1511 de-

355 1525 538 1555 terminatas
553 1524 614 1554 nisi
629 1523 682 1554 ille
706 1524 763 1564 qui
777 1524 873 1554 habet
887 1528 1079 1564 potestatem
1098 1525 1148 1554 ius
1167 1524 1338 1556 condendi.
1363 1525 1427 1556 Sed

355 1578 483 1610 poenae
497 1567 722 1599 satisfactoriae
738 1573 813 1598 sunt
826 1577 887 1608 pro
899 1569 1038 1608 peccatis
1054 1568 1282 1600 determinatae
1297 1570 1331 1600 in
1346 1570 1424 1600 iure.

297 1628 300 1629 ⁷
356 1613 443 1654 Ergo
466 1613 626 1644 remittere
648 1612 835 1643 huiusmodi
857 1622 978 1652 poenas
1001 1618 1109 1653 potest
1131 1613 1220 1644 solus
1242 1614 1345 1654 Papa,
1370 1615 1427 1654 qui

120 2185 196 2240 2:35,
205 2185 333 2236 &affl-”2¹

121 2241 147 2263 et
158 2238 255 2262 nemin.

122 2773 134 2783 ·
141 2770 189 2799 Qu.
198 2776 255 2798 ιαμ,
263 2775 306 2794 ιη.
316 2778 335 2793 ι.

358 1663 406 1688 est
428 1657 577 1688 conditor
598 1657 686 1699 iuris.

412 1701 475 1733 San
499 1711 623 1732 comita
645 1711 700 1732 κει·
716 1701 919 1732 consuetudo
942 1701 1115 1738 Ecclesiae,
1131 1702 1312 1733 secundum
1328 1713 1426 1743 quam

357 1746 503 1787 episcopi
525 1745 602 1776 dant
623 1745 847 1786 indulgentias.

412 1791 603 1821 Rusponnno
633 1800 794 1820 nicanum«
827 1789 917 1830 quod
947 1790 1035 1830 Papa
1063 1790 1159 1822 habet
1191 1791 1424 1831 plenitudinem

356 1834 562 1876 pontificialis
585 1835 760 1875 potestatis,
786 1835 877 1874 quasi
900 1844 955 1864 rex
978 1835 1011 1865 in
1041 1844 1152 1875 regno.
1188 1835 1251 1866 Sed
1281 1837 1427 1876 episcopi

357 1884 563 1910 assumuntur
585 1879 619 1909 in
637 1883 767 1919 partem
788 1878 1026 1915 sollicitudinis,
1044 1880 1135 1919 quasi
1149 1879 1272 1910 iudices
1295 1881 1427 1920 singulis

352 1924 538 1955 *civitatibus
559 1923 751 1964 praepositi:
777 1928 909 1963 propter
932 1923 1022 1963 quod
1045 1933 1102 1954 eos
1120 1924 1208 1955 solos
1230 1925 1264 1955 in
1288 1925 1353 1955 suis
1376 1925 1427 1955 lit-

357 1969 432 1999 teris
445 1968 533 2008 Papa
542 1968 674 2010 fratres
687 1973 792 2003 vocat,
809 1967 952 2008 reliquos
967 1974 1076 1998 autern
1091 1978 1205 1999 omnes
1220 1974 1316 1999 vocat
1320 1969 1426 2010 filios.

358 2013 400 2044 Et
414 2012 489 2044 ideo
504 2017 652 2053 potestas·
661 2011 798 2043 faciendi
813 2011 1026 2052 indulgentias
1037 2013 1133 2053 plene
1148 2012 1264 2043 residet
1279 2014 1312 2043 in
1323 2014 1425 2054 Papa:
1442 2030 1469 2050 φ

359 2058 436 2098 quia
457 2062 565 2097 potest
586 2055 691 2087 facere
710 2061 809 2096 prout
830 2056 909 2092 vult,
926 2066 1022 2087 causa
1043 2062 1152 2087 tamen
1175 2057 1328 2087 existente
1350 2058 1427 2097 legi-

357 2102 446 2132 tima.
469 2101 534 2132 Sed
555 2102 590 2131 in
613 2101 773 2141 episcopis
796 2106 843 2130 est
865 2105 968 2130 taxata
990 2100 1169 2131 secundum
1192 2100 1428 2133 ordinationem

358 2145 476 2186 Papae.
498 2145 541 2175 Et
561 2144 636 2175 ideo
659 2149 797 2184 possunt
811 2143 915 2174 facere
939 2144 1118 2175 secundum
1138 2145 1228 2185 quod
1251 2145 1296 2175 eis
1320 2151 1367 2175 est
1381 2150 1427 2176 ta-

359 2195 480 2226 xatum,
497 2195 529 2220 et
549 2198 620 2219 non
642 2188 779 2228 amplius
795 2189 823 2218 ⁸.

416 2234 457 2264 Et
478 2242 536 2273 per
557 2233 622 2263 hoc
645 2237 732 2273 patet
755 2232 874 2263 solutio
898 2231 938 2263 ad
961 2232 1096 2263 obiecta.

431 2298 530 2330 ART.
547 2299 600 2330 IV.
624 2308 730 2329 rmum
752 2308 821 2328 11.1.x.
846 2309 900 2328 oux
923 2308 977 2328 EST
1000 2308 1032 2328 m
1055 2308 1193 2329 PEccATo
1217 2309 1355 2329 monum

649 2352 753 2373 possrr
776 2353 894 2372 menni:
916 2353 1143 2373 INDULGENHAS

363 2421 447 2483 AD
479 2422 628 2444 <anamim
651 2423 696 2443 sxc
718 2422 924 2443 raocumrtm.
952 2412 1087 2443 Videtur
1112 2412 1202 2453 quod
1224 2413 1278 2443 ille
1301 2414 1358 2453 qui
1382 2419 1429 2444 est

2486 214 2528 250 51

1639 319 1890 364 QUAESTIO
1914 322 2371 359 VIGESIMASEPTIMA

1677 387 1722 411 DE
1742 387 1797 411 ms
1817 387 1941 417 Qumus
1960 389 2076 413 VALET
2095 390 2328 416 1NDULGENT1A

1477 473 1631 538 Damna
1662 461 1931 494 considerandum
1963 468 2010 493 est
2038 463 2077 493 de
2104 464 2153 494 his
2177 467 2293 505 quibus
2319 468 2402 498 valet
2432 468 2535 499 indul-

1536 509 1642 548 gentia
1657 508 1684 538 ⁹.

1476 552 1570 583 Circa
1593 551 1683 592 quod
1706 556 1904 592 quaeruntur
1928 556 2076 591 quatuor.

1530 597 1655 627 Primo:
1680 601 1789 626 utrum
1811 594 2010 635 indulgentia
2037 595 2139 626 valeat
2171 597 2374 628 existentibus
2396 600 2430 629 in
2452 609 2537 630 mor-

1565 640 1619 670 tali
1641 645 1786 680 peccato.

1532 684 1700 715 Secundo:
1725 690 1834 714 utrum
1856 683 1960 713 valeat
1981 684 2145 723 religiosis.

1532 729 1662 758 Tertio:
1686 733 1795 758 utrum
1817 729 1920 758 valeat
1942 737 2011 757 non
2026 727 2154 758 facienti
2177 729 2255 759 illud
2271 738 2329 769 pro
2353 739 2419 770 quo
2436 731 2539 762 indul-

1566 773 1673 812 gentia
1696 771 1797 802 datur.

1533 816 1674 854 Quarto:
1699 821 1808 846 utrum
1830 816 1933 846 valeat
1956 816 1985 846 ei
2009 816 2065 855 qui
2087 815 2318 856 indulgentiam
2341 817 2425 849 facit.

1565 886 1705 917 ART.1.
1729 896 1835 917 urium
1857 896 2068 916 mDULGENTrA
2089 896 2210 917 VALEAT
2240 897 2453 919 ssxrs‘rnnrmus

1798 941 1834 960 IN
1866 940 2030 961 peccaro
2062 940 2222 961 mom-am

1839 985 1923 1013 Quodl.
1938 985 1967 1010 ΙΙ,
1983 991 2022 1013 qu.
2038 991 2088 1013 vm,
2103 989 2146 1008 art.
2161 992 2182 1008 2.

1479 1047 1563 1110 An
1590 1046 1708 1066 PRIMUM
1731 1045 1776 1066 src
1798 1046 2002 1066 rnocnnrrux.
2023 1036 2157 1067 Videtur
2172 1037 2262 1077 quod
2276 1038 2473 1079 indulgentia
2488 1050 2542 1070 va-

1543 1081 1606 1111 leat
1629 1080 1834 1111 existentibus
1854 1081 1887 1110 in
1910 1086 2043 1120 peccato
2063 1082 2199 1112 mortali.
2224 1082 2309 1120 Quia
2332 1083 2445 1123 aliquis
2469 1090 2542 1124 pot-

1438 1130 1465 1145 ²⁰
1479 1131 1526 1155 est
1549 1125 1638 1156 alteri
1659 1126 1783 1161 mereri,
1809 1125 1904 1155 etiam
1927 1126 1961 1155 in
1984 1131 2117 1165 peccato
2141 1127 2267 1157 mortali
2291 1128 2449 1164 existenti,
2473 1138 2542 1169 gra-

1478 1170 1556 1200 tiam
1580 1175 1611 1200 et
1634 1169 1735 1200 multa
1758 1170 1817 1200 alia
1840 1170 1935 1199 bona.
1961 1169 2023 1200 Sed
2052 1170 2268 1210 indulgentiae
2297 1171 2415 1202 habent
2438 1172 2542 1203 effica-

1480 1215 1562 1245 ciam
1587 1224 1625 1245 ex
1646 1214 1710 1244 hoc
1727 1214 1816 1254 quod
1831 1214 1943 1244 merita
1967 1219 2150 1244 sanctorum
2167 1215 2365 1255 applicantur
2380 1216 2420 1246 ad
2435 1217 2541 1247 istum.

1478 1259 1565 1299 Ergo
1589 1259 1708 1289 habent
1731 1257 1880 1288 effectum
1895 1258 1929 1288 in
1952 1258 2012 1288 illis
2032 1259 2088 1298 qui
2112 1265 2186 1289 sunt
2207 1260 2240 1290 in
2256 1266 2389 1300 peccato
2405 1262 2542 1292 mortali.

1536 1312 1565 1333 2.
1589 1303 1789 1338 Primnum,
1818 1303 1874 1333 ubi
1901 1307 1947 1332 est
1973 1303 2076 1333 maior
2105 1303 2293 1344 indigentia,
2317 1305 2418 1345 magis
2448 1306 2543 1336 habet

1439 1361 1463 1382 ις
1478 1347 1590 1378 locum
1616 1346 1841 1377 misericordia.
1873 1346 1936 1378 Sed
1962 1347 2014 1378 ille
2042 1347 2098 1387 qui
2126 1354 2172 1378 est
2197 1349 2231 1378 in
2258 1355 2391 1388 peccato
2418 1350 2545 1380 mortali

1478 1392 1618 1422 maxime
1639 1391 1770 1431 indiget.
1798 1392 1883 1431 Ergo
1908 1392 1937 1421 ei
1960 1392 2098 1422 maxime
2122 1392 2216 1423 debet
2237 1391 2306 1423 fieri
2329 1393 2545 1424 misericordia

1478 1446 1536 1477 per
1558 1436 1782 1476 indulgentias.

1536 1480 1598 1512 San
1623 1490 1756 1516 con-rim,
1780 1481 1963 1510 membrum
1986 1486 2151 1511 mortuum
2171 1491 2239 1511 non
2255 1482 2386 1522 suscipit
2409 1482 2546 1512 influen-

1479 1526 1557 1556 tiam
1580 1526 1619 1555 ab
1644 1525 1712 1555 aliis
1734 1525 1823 1555 vivis.
1848 1524 1911 1555 Sed
1933 1524 1986 1555 ille
2011 1526 2066 1565 qui
2090 1531 2137 1555 est
2151 1525 2184 1555 in
2201 1531 2334 1565 peccato
2357 1527 2483 1556 mortali
2500 1533 2547 1557 est

1441 1583 1467 1603 ,ο
1481 1570 1572 1610 quasi
1594 1570 1778 1600 membrum
1800 1575 1976 1599 mortuum.
2001 1570 2086 1609 Ergo
2110 1579 2168 1609 per
2182 1569 2395 1610 indulgentias
2409 1580 2478 1601 non
2494 1580 2546 1601 su-

1481 1615 1574 1654 scipit
1595 1613 1796 1644 influentiam
1820 1623 1858 1644 ex
1881 1614 2000 1644 meritis
2022 1614 2171 1644 vivorum
2194 1615 2424 1645 membrorum.

1535 1659 1725 1689 Raspoumzo
1750 1668 1910 1688 mcxnnum
1926 1657 2015 1698 quod
2032 1657 2163 1698 quidam
2175 1659 2192 1675 *
2207 1658 2318 1689 dicunt
2336 1659 2547 1699 indulgentias

1480 1703 1586 1733 valere
1609 1703 1705 1733 etiam
1729 1703 1934 1733 existentibus
1950 1703 1982 1732 in
1998 1702 2125 1732 mortali
2148 1708 2292 1742 peccato.
2316 1703 2392 1733 Non
2416 1704 2547 1744 quidem

1481 1747 1521 1778 ad
1544 1747 1765 1778 dimissionem
1791 1756 1932 1787 poenae,
1960 1747 2036 1786 quia
2062 1747 2143 1777 nulli
2168 1752 2275 1787 potest
2302 1746 2416 1778 dimitti
2442 1758 2548 1788 poena

1442 1804 1465 1825 ις
1480 1792 1542 1822 nisi
1566 1792 1619 1822 cui
1643 1791 1771 1822 dimissa
1794 1797 1841 1822 est
1864 1791 1974 1831 culpa3
2000 1791 2056 1830 qui
2080 1791 2166 1821 enim
2189 1801 2256 1821 non
2283 1797 2330 1822 est
2356 1798 2548 1823 consecutus

1482 1837 1705 1877 operationem
1728 1836 1789 1866 Dei
1810 1836 1845 1866 in
1867 1835 2088 1866 remissionem
2113 1835 2236 1875 culpae,
2252 1845 2321 1866 non
2343 1842 2450 1876 potest
2471 1847 2548 1867 con-

1481 1882 1574 1921 sequi
1595 1881 1818 1911 remissionem
1840 1889 1966 1920 poenae
1990 1889 2008 1909 a
2030 1880 2176 1910 ministro
2200 1880 2371 1917 Ecclesiae,
2388 1891 2494 1922 neque
2515 1883 2548 1912 in

1481 1925 1687 1966 indulgentiis
1710 1934 1818 1965 neque
1840 1925 1874 1954 in
1897 1924 1969 1954 foro
1992 1924 2232 1964 poenitentiali:
2256 1925 2363 1955 valent
2380 1931 2487 1956 tamen
2504 1927 2548 1956 eis

1482 1969 1522 2000 ad
1545 1968 1777 2010 acquirendum
1800 1969 1941 2008 gratiam.

1538 2013 1601 2045 Sed
1623 2014 1687 2044 hoc
1709 2022 1778 2043 non
1800 2012 1926 2043 videtur
1947 2022 2069 2043 verum.
2094 2012 2189 2050 Quia,
2206 2013 2351 2052 quamvis
2369 2014 2480 2044 merita
2496 2014 2548 2044 illa

1483 2067 1566 2098 quae
1588 2067 1646 2097 per
1667 2057 1899 2097 indulgentiam
1923 2057 2211 2092 communicantur,
2230 2063 2366 2097 possunt
2388 2058 2492 2088 valere
2509 2058 2548 2088 ad

1481 2101 1672 2132 merendum
1695 2102 1838 2141 gratiam,
1853 2110 1922 2131 non
1944 2106 2052 2131 tamen
2075 2106 2206 2141 propter
2228 2101 2292 2131 hoc
2316 2101 2546 2141 dispensantur,

1482 2146 1539 2176 sed
1561 2145 1769 2176 determinate
1792 2144 1832 2175 ad
1854 2145 2076 2175 remissionem
2099 2153 2234 2184 poenae.
2259 2145 2300 2175 Et
2314 2145 2387 2175 ideo
2411 2156 2478 2176 non
2493 2157 2547 2176 va-

1482 2191 1549 2221 lent
1575 2190 1781 2220 existentibus
1806 2190 1840 2219 in
1866 2189 2002 2219 mortali.
2034 2189 2076 2219 Et
2100 2188 2174 2219 ideo
2201 2190 2234 2219 in
2262 2190 2412 2220 omnibus
2441 2191 2547 2221 indul-

1442 2250 1466 2270 45
1482 2235 1596 2275 gentiis
1618 2233 1654 2264 fit
1677 2234 1799 2264 mentio
1823 2233 1862 2263 de
1886 2243 1960 2264 vere
1983 2233 2130 2263 contritis
2153 2238 2184 2263 et
2206 2234 2371 2275 confessis.

1538 2279 1571 2310 Si
1594 2284 1702 2309 autem
1720 2277 1810 2308 fieret
1832 2278 2084 2308 communicatio
2100 2287 2157 2317 per
2175 2278 2261 2308 hunc
2283 2278 2429 2314 modum,
2445 2279 2545 2309 Facio

1482 2328 1512 2354 te
1528 2323 1722 2364 participem
1745 2322 1935 2352 meritorum
1959 2322 2057 2352 totius
2078 2322 2253 2357 Ecclesiae,
2277 2322 2328 2352 vel
2352 2323 2447 2353 unius
2470 2333 2546 2353 con-

1481 2368 1696 2409 gregationis,
1713 2367 1763 2397 vel
1788 2367 1884 2397 unius
1906 2367 2054 2407 specialis
2070 2376 2243 2407 personae,
2260 2367 2304 2396 sic
2320 2374 2428 2407 posset
2443 2368 2546 2398 valere

1482 2412 1522 2442 ad
1545 2411 1735 2442 merendum
1761 2411 1882 2451 aliquid
1907 2411 1953 2441 illi
1977 2412 2033 2451 qui
2061 2416 2107 2441 est
2129 2411 2163 2440 in
2186 2416 2320 2451 peccato
2347 2412 2487 2448 mortali,
2511 2418 2547 2442 ut

426 2458 460 2488 in
475 2463 609 2498 peccato
629 2457 766 2493 mortali,
779 2467 846 2488 non
865 2458 967 2497 possit
981 2456 1086 2488 facere
1100 2457 1323 2497 indulgentias.
1343 2458 1429 2496 Quia
1443 2470 1469 2490 ςο
1481 2456 1643 2497 praedicta
1666 2456 1779 2496 opinio
1803 2455 1888 2486 dicit.

361 2503 447 2533 rivus
471 2503 523 2533 cui
538 2502 611 2532 fons
626 2511 695 2532 non
709 2501 823 2538 influit,
839 2501 920 2532 nihil
934 2501 1095 2542 profluere
1118 2507 1234 2542 potest.
1259 2501 1322 2533 Sed
1337 2511 1428 2542 prae-

361 2547 427 2577 lato
445 2547 480 2577 in
502 2551 637 2587 peccato
659 2546 788 2577 mortali
811 2546 957 2576 existenti
979 2555 1048 2576 non
1070 2545 1176 2577 influit
1198 2545 1271 2576 fons
1293 2547 1427 2586 gratiae,

1537 2501 1578 2531 Et
1600 2511 1658 2541 per
1679 2501 1744 2530 hoc
1766 2505 1853 2540 patet
1876 2499 1995 2530 solutio
2020 2499 2060 2529 ad
2081 2499 2232 2539 primurn.

1537 2545 1588 2575 An
1611 2554 1774 2575 sacmmtm
1797 2554 1956 2574 mmmmm
1984 2543 2088 2584 quod,
2113 2545 2259 2583 quamvis
2282 2544 2321 2574 sit
2343 2545 2443 2584 magis
2466 2544 2548 2575 indi-

362 2591 483 2621 seilicet
506 2591 641 2631 Spiritus
672 2590 816 2622 Sanctus.
851 2590 938 2631 Ergo
970 2600 1038 2621 non
1060 2596 1168 2631 potest
1190 2591 1224 2621 in
1248 2591 1326 2621 alios
1350 2600 1426 2631 pro-
1481 2599 1560 2630 gens
1583 2590 1640 2630 qui
1664 2595 1711 2620 est
1732 2589 1766 2619 in
1789 2594 1923 2628 peccato
1947 2589 2084 2624 mortali,
2108 2593 2216 2618 tamen
2241 2594 2287 2618 est
2309 2589 2415 2618 minus
2439 2598 2546 2629 capax.

362 2634 463 2666 fluere
486 2634 634 2666 faciendo
657 2634 879 2675 indulgentias.

1563 2655 1663 2686 ART.
1689 2655 1727 2685 11.
1751 2664 1856 2685 urium
1879 2664 2109 2685 INDULGENTIAE
2131 2664 2275 2684 VALEANT
2297 2665 2467 2685 RELIGiOSIS

421 2689 449 2710 2.
473 2680 670 2716 Pallanum,
685 2680 789 2710 maius
812 2684 859 2709 est
881 2678 985 2710 facere
1002 2678 1234 2719 indulgentiam
1259 2688 1357 2719 quam
1379 2689 1428 2709 re—
1443 2692 1466 2713 ςς

364 2724 480 2764 cipere.
504 2723 567 2754 Sed
589 2724 643 2754 ille
666 2724 722 2764 qui
738 2729 785 2754 est
806 2724 840 2754 in
863 2729 997 2763 peccato
1013 2724 1140 2754 mortali
1162 2733 1231 2754 non
1253 2724 1376 2764 recipit,
1392 2729 1428 2754 ut

1547 2732 1568 2752 ι)
1591 2731 1754 2752 SECUNDUM
1774 2731 1820 2751 sm
1841 2730 2046 2751 paocnnrrun.
2070 2719 2204 2750 Videtur
2227 2720 2316 2760 quod
2334 2720 2549 2761 indulgentiae

363 2767 486 2801 dicetur
501 2769 527 2798 ⁴.
551 2768 638 2808 Ergo
660 2777 723 2798 nec
745 2767 849 2798 facere
871 2773 987 2808 potest.
1484 2736 1544 2796 Α

1547 2776 1616 2797 non
1630 2766 1756 2796 valeant
1778 2766 1941 2805 religiosis.
1966 2765 2042 2795 Non
2066 2765 2152 2795 enim
2173 2766 2328 2805 competit
2348 2766 2393 2795 eis
2408 2766 2549 2806 suppleri

419 2812 482 2843 San
506 2822 639 2848 comm,
655 2812 872 2852 indulgentiae
893 2811 977 2842 fiunt
999 2821 1057 2852 per
1070 2817 1261 2852 potestatem
1283 2812 1429 2852 praelatis
1484 2820 1522 2841 ex
1545 2820 1686 2851 quorum
1709 2809 1903 2840 abundantia
1926 2810 1994 2839 aliis
2017 2809 2193 2849 suppletur.
2219 2809 2280 2839 Sed
2300 2819 2337 2839 ex
2353 2811 2549 2849 superabun-

363 2857 526 2887 Ecclesiae
550 2856 706 2887 traditam.
731 2856 794 2887 Sed
816 2862 986 2896 peccatum
1009 2857 1143 2887 mortale
1173 2866 1240 2887 non
1263 2856 1346 2886 tollit
1368 2865 1429 2897 po·
1483 2855 1590 2886 dantia
1613 2864 1750 2895 operum
1779 2853 2001 2884 satisfactionis
2029 2863 2111 2894 quae
2135 2859 2209 2883 sunt
2230 2854 2264 2883 in
2287 2854 2457 2894 religiosis,
2482 2855 2549 2884 aliis

362 2906 519 2937 testatem,
536 2901 592 2931 sed
614 2901 800 2931 bonitatem.
835 2900 921 2940 Ergo
951 2906 1058 2941 potest
1089 2901 1203 2941 aliquis
1231 2901 1265 2931 in
1294 2906 1428 2941 peccato
1442 2912 1471 2932 60
1484 2899 1651 2940 suppletur
1679 2909 1736 2939 per
1765 2898 1987 2939 indulgentias.
2019 2898 2105 2938 Ergo
2137 2898 2181 2928 eis
2211 2907 2278 2928 non
2309 2899 2463 2938 competit
2492 2908 2550 2938 per

363 2946 491 2976 mortali
515 2946 651 2976 existens
673 2945 886 2985 indulgentias
910 2944 1022 2975 facere.
1483 2943 1715 2984 indulgentiam
1739 2943 1890 2983 suppleri.

418 2990 608 3020 Rxsronnxo
637 2999 797 3020 mensuum
819 2988 909 3030 quod
931 2989 1035 3020 facere
1058 2989 1271 3029 indulgentias
1292 2989 1430 3030 pertinet
1542 2998 1571 3019 2.
1595 2987 1791 3023 annmnm,
1807 2987 2005 3026 intEcclesia
2026 2995 2095 3017 non
2119 2986 2213 3016 debet
2233 2986 2353 3026 aliquid
2375 2986 2444 3016 fieri
2460 2986 2549 3026 quod

364 3034 405 3065 ad
426 3033 689 3065 iurisdictionem.
723 3033 786 3064 Sed
809 3043 866 3074 per
888 3039 1057 3073 peccatum
1089 3034 1190 3064 horno
1220 3043 1288 3063 non
1316 3034 1431 3064 amittit
1484 3032 1615 3063 inducat
1644 3032 1806 3072 religionis
1837 3031 2092 3062 dissolutionem.
2125 3031 2188 3061 Sed
2214 3031 2239 3060 si
2262 3031 2415 3071 religiosis
2445 3031 2550 3061 indul-

363 3078 626 3110 iurisdictionem.
651 3079 692 3109 Et
714 3078 788 3109 ideo
812 3078 1029 3118 indulgentiae
1051 3087 1154 3118 aeque
1177 3078 1283 3108 valent
1305 3078 1331 3108 si
1353 3077 1431 3108 fiant
1484 3078 1610 3117 gentiae
1632 3076 1838 3117 prodessent,
1862 3082 1944 3106 esset
1967 3076 2094 3106 occasio
2118 3075 2335 3106 dissolutionis
2365 3075 2550 3115 disciplinae

365 3123 404 3154 ab
428 3132 468 3154 eo
491 3124 548 3164 qui
571 3128 618 3153 est
640 3123 674 3153 in
698 3128 832 3163 peccato
862 3122 1005 3159 mortali,
1033 3123 1115 3153 sicut
1138 3123 1164 3152 si
1191 3121 1304 3152 fierent
1327 3122 1366 3152 ab
1390 3131 1430 3152 eo
1444 3133 1469 3159 ες
1484 3121 1656 3162 regularis:
1689 3121 1764 3161 quia
1790 3121 1930 3161 religiosi
1958 3121 2053 3150 nimis
2075 3125 2264 3159 vagarentur
2286 3129 2343 3160 per
2365 3119 2550 3150 huiusmodi

365 3168 422 3207 qui
445 3172 492 3198 est
514 3167 747 3198 sanctissimus:
773 3176 848 3197 cum
862 3176 930 3197 non
954 3167 1092 3197 remittat
1106 3175 1247 3207 poenam
1263 3175 1301 3196 ex
1316 3167 1348 3196 vi
1362 3175 1431 3196 me·
1485 3165 1707 3206 indulgentias,
1725 3170 1756 3195 et
1775 3174 1896 3205 poenas
1919 3165 2085 3205 impositas
2107 3165 2141 3194 in
2165 3164 2306 3204 capitulo
2329 3164 2387 3210 sibi
2410 3164 2550 3204 neglige-

365 3212 500 3242 ritorum
529 3221 680 3248 suorum,
706 3210 763 3242 sed
786 3221 824 3242 ex
852 3212 885 3241 vi
914 3212 1103 3242 meritorum
1134 3210 1375 3241 reconditorum
1398 3211 1431 3241 in
1485 3215 1565 3240 rent.
1589 3210 1675 3250 Ergo
1699 3209 1854 3249 religiosis
1876 3219 1944 3239 non
1968 3214 2113 3250 prosunt.

365 3255 520 3286 thesauris
542 3256 714 3286 Ecclesiae.
1541 3253 1604 3285 San
1635 3263 1775 3289 coum,
1802 3253 1911 3284 nullus
1937 3263 1976 3284 ex
2002 3254 2091 3284 bono
2121 3258 2262 3294 reportat
2292 3252 2455 3282 damnum.
2488 3251 2550 3282 Sed

421 3299 472 3330 An
494 3308 612 3330 ramma
633 3309 717 3330 nxoo
740 3309 901 3330 nrcnnmm
924 3299 1014 3340 quod
1035 3301 1095 3330 iste
1117 3299 1276 3340 praelatus
1297 3299 1332 3329 in
1355 3308 1431 3339 pec·
1485 3299 1596 3338 religio
1620 3298 1745 3328 bonum
1769 3303 1824 3328 est.
1856 3297 1942 3338 Ergo
1969 3298 2109 3338 religiosi
2131 3306 2199 3327 non
2223 3302 2464 3337 consequuntur
2486 3297 2550 3326 hoc

367 3348 439 3374 cato
461 3344 589 3374 mortali
611 3344 823 3384 indulgentias
846 3343 966 3375 faciens
987 3354 1056 3375 non
1074 3343 1207 3385 profluit
1229 3343 1269 3374 de
1292 3353 1352 3374 suo
1376 3343 1432 3374 ali-
1445 3359 1472 3381 70
1485 3342 1651 3378 damnum,
1675 3347 1712 3372 ut
1734 3342 1778 3372 eis
1801 3341 2018 3382 indulgentiae
2040 3351 2108 3372 non
2131 3341 2265 3371 valeant.

367 3387 456 3427 quid.
490 3387 531 3418 Et
558 3387 634 3418 ideo
663 3397 732 3419 non
761 3389 931 3429 requiritur
963 3388 1053 3430 quod
1075 3388 1234 3419 influxum
1260 3389 1392 3428 recipiat
1414 3398 1432 3418 a
1539 3387 1730 3417 Rnsrommo
1755 3396 1914 3416 mcENDUM
1938 3385 2027 3426 quod
2049 3391 2115 3416 tam
2138 3385 2350 3416 saecularibus
2366 3394 2463 3424 quam
2479 3385 2550 3414 reli-

366 3431 459 3462 fonte
479 3431 520 3462 ad
542 3432 606 3462 hoc
629 3432 720 3472 quod
743 3433 812 3463 eius
833 3432 1052 3473 indulgentiae
1072 3433 1208 3463 valeant.
1486 3431 1584 3471 giosis
1606 3431 1713 3461 valent
1741 3430 1974 3470 indulgentiae,
2000 3429 2179 3460 dummodo
2207 3430 2268 3459 sint
2296 3429 2329 3459 in
2353 3429 2495 3464 caritate,
2520 3434 2551 3458 et

422 3476 473 3506 An
497 3484 659 3506 secuuntur
673 3485 833 3507 mmmmm
849 3477 939 3517 quod
953 3478 1057 3508 maius
1081 3483 1128 3508 est
1143 3477 1246 3507 facere
1262 3475 1431 3516 indulgen·
1486 3481 1612 3506 servent
1638 3485 1676 3505 ea
1702 3484 1785 3515 quae
1811 3484 1871 3515 pro
1897 3474 2103 3514 indulgentiis
2132 3474 2334 3504 indicuntur:
2366 3482 2433 3503 non
2465 3473 2551 3502 enim

350 3520 425 3550 ,tias
449 3529 547 3560 quam
562 3520 703 3560 recipere
725 3526 883 3560 quantum
901 3521 941 3552 ad
955 3527 1166 3562 potestatem:
1191 3520 1247 3552 sed
1264 3526 1310 3551 est
1325 3522 1432 3551 minus
1486 3520 1626 3560 religiosi
1659 3525 1733 3550 sunt
1766 3520 1873 3549 minus
1907 3518 2100 3549 adiuvabiles
2134 3519 2253 3549 meritis
2287 3518 2422 3548 aliorum
2453 3526 2550 3557 quam

368 3570 525 3604 quantum
548 3563 588 3594 ad
610 3565 773 3604 propriam
795 3565 973 3597 utilitatem.
1447 3564 1672 3605 „saeculares

2563 511 2573 520 ·
2580 509 2616 535 Cf,
2625 515 2663 537 qu.
2673 515 2727 536 xxv,
2735 510 2774 531 ln-

2564 537 2624 557 trod.

2575 1662 2585 1671 '
2603 1660 2627 1682 Β.
2642 1660 2731 1682 Albert.
2755 1661 2786 1682 IV

2575 1687 2654 1713 Sene,
2673 1687 2726 1709 dist.
2743 1694 2786 1714 xx,

2575 1717 2619 1735 art.
2635 1714 2669 1740 18,
2680 1715 2724 1741 qu⁸
2742 1722 2759 1736 i.
