2878 4088
339 185 416 232 264

337 270 396 291 ART
399 283 406 290 .

425 429 477 688 stfigssf

333 1685 402 1706 ΛΚΤ.

377 1729 393 1744 »

377 1808 392 1824 ›

378 1888 392 1903 D

377 1967 392 2022 U*

427 270 468 290 m.

427 349 465 369 ,ἓ

424 1119 453 1139 .=³

423 1199 465 1460 5535

424 1519 474 1539 Ξ

424 1685 444 1706 1.

424 1726 454 1746 11.

425 1805 466 1826 111.

425 1885 455 1906 IV

424 1965 462 2025 ‚ss

510 263 613 290 Utrum
640 262 746 290 fructus
775 263 914 304 debeatur
940 261 994 290 soli
1020 262 1116 290 virtuti
1141 262 1232 291 eonti-

1343 181 1508 219 INDEX

547 302 661 330 nentiae
663 322 1234 331 ....................
1258 310 1331 340 pag.
1345 301 1380 329 23
1387 301 1400 329 3

508 342 611 370 Utrum
634 341 838 370 convenienter
859 342 1041 379 assignentur
1054 348 1112 371 tres
1126 342 1232 370 fructus

546 381 637 409 tribus
663 381 856 410 continentiae
882 382 1010 419 partibus
1013 402 1231 411 ........

506 422 609 449 Utrum
631 421 742 450 ratione
763 421 933 459 virginitatis
955 423 1094 451 debeatur
1107 422 1232 450 aureola.

507 462 608 489 Utrum
632 461 804 497 martyribus
825 463 943 491 aureola
965 463 1111 491 debeatur.
1132 483 1138 490 .
1164 483 1169 490 .
1194 483 1200 490 .
1224 482 1230 489 .

469 522 476 529 .
509 502 611 529 Utrum
634 502 802 530 doctoribus
823 504 942 531 aureola
964 503 1102 531 debeatur
1104 522 1231 530 .....

480 563 486 569 .
508 542 611 569 Utrum
633 542 749 571 Christo
770 544 888 571 aureola
909 543 1047 571 debeatur
1049 562 1230 571 .......

506 582 609 610 Utrum
631 582 740 619 angelis
761 584 880 612 aureola
901 584 1039 611 debeatur
1042 601 1230 611 .......

507 622 609 649 Utrum
632 623 749 651 aureola
770 623 856 651 etiam
883 622 998 659 corpori
1024 623 1172 650 debeatur.
1196 643 1202 649 .
1225 642 1232 649 .

506 662 609 690 Utrum
632 662 838 691 convenienter
859 663 1044 700 designentur
1058 669 1115 690 tres
1129 670 1233 690 aureo·
1273 671 1277 676 ·

546 701 599 737 lae,
609 702 763 739 virginum,
776 709 933 739 martyrum
949 709 977 730 et
991 702 1231 739 praedicatorum.

468 761 476 769 .
507 741 611 770 Utrum
633 743 751 771 aureola
773 743 912 780 virginum
939 742 975 771 sit
996 743 1069 771 inter
1089 742 1160 771 alias
1181 750 1233 778 po-

546 788 657 811 tisstma
660 803 1232 812 ....................

481 843 488 849 .
509 821 612 850 Utrum
634 832 710 850 unus
731 823 878 851 aureolam
899 823 1068 860 virginitatis
1093 823 1138 851 vel
1158 831 1233 850 mar-

546 862 611 898 tyrii
625 863 669 890 vel
686 862 814 891 doctoris
836 863 1019 892 excellentius
1040 863 1097 892 alio
1119 864 1233 891 habeat.

553 925 746 959 QUAESTIO
769 927 1187 954 NONAGESIMASEPTIMA

639 975 689 1004 De
709 983 824 1012 poena
846 975 1097 1005 damnatorum.

507 1032 608 1060 Utrum
632 1032 760 1061 damnati
782 1032 811 1061 in
826 1033 938 1062 inferno
960 1034 1021 1062 sola
1041 1042 1138 1070 poena
1159 1033 1231 1071 ignis

544 1071 715 1109 affligantur.
745 1093 1229 1102 .................

506 1111 608 1140 Utrum
638 1112 744 1140 vermis
765 1122 824 1149 quo
846 1113 1012 1150 affliguntur
1033 1113 1172 1148 damnati,
1194 1113 1231 1141 sit

545 1151 650 1180 vermis
682 1153 850 1189 corporaliS.
885 1174 1229 1182 ............

508 1191 611 1219 Utrum
632 1192 716 1220 fletus
738 1193 788 1230 qui
809 1193 862 1221 erit
882 1193 912 1221 in
934 1193 1093 1229 damnatis,
1117 1193 1230 1222 futurus

545 1231 581 1259 sit
602 1232 760 1269 corporalis
763 1253 1227 1262 ................

505 1272 607 1299 Utrum
623 1273 752 1301 damnati
765 1273 851 1301 futuri
872 1273 929 1301 sint
942 1273 972 1301 in
986 1273 1111 1302 tenebris
1126 1283 1230 1310 corpo·

544 1312 651 1340 ralibus
655 1334 1238 1342 ....................

505 1352 607 1380 Utrum
630 1352 702 1389 ignis
730 1352 843 1388 inferni,
860 1362 919 1391 quo
941 1353 1146 1382 cruciabuntur
1167 1363 1230 1382 cor-

544 1401 617 1428 pora
631 1393 846 1428 damnatorum,
862 1393 898 1421 sit
911 1402 1069 1430 corporeus
1072 1415 1229 1422 ......

505 1432 608 1460 Utrum
636 1432 710 1470 ignis
737 1433 784 1462 ille
810 1433 846 1461 sit
873 1433 1002 1462 eiusdem
1031 1434 1136 1470 speciei
1165 1443 1231 1462 cum

544 1472 610 1509 igne
624 1473 680 1501 isto
702 1482 845 1510 corporeo
867 1483 955 1511 quem
973 1474 1114 1503 videmus.
1193 1496 1200 1503 .
1224 1496 1230 1503 .

507 1512 610 1541 Utrum
632 1513 705 1550 ignis
726 1513 773 1542 ille
794 1514 830 1542 sit
851 1514 904 1542 sub
931 1520 1009 1542 terra
1010 1536 1229 1543 ........

555 1570 749 1604 QUAESTIO
772 1571 1186 1601 NONAGESIMAOCTAVA

481 1619 530 1648 De
549 1621 730 1650 voluntate
752 1622 788 1650 et
807 1621 982 1651 intellectu
1004 1621 1258 1653 damnatorum.

505 1678 608 1706 Utrum
623 1678 720 1706 omnis
729 1679 862 1708 voluntas
877 1679 1085 1708 damnatorum
1096 1679 1132 1707 sit
1143 1680 1229 1708 mala.

506 1718 609 1746 Utrum
638 1719 767 1747 damnati
794 1719 962 1756 poeniteant
989 1720 1026 1748 de
1047 1719 1130 1748 malis
1155 1729 1231 1757 quae

543 1758 672 1787 fecerunt
675 1780 1230 1789 ...................

507 1798 610 1826 Utrum
626 1799 754 1827 damnati
774 1806 851 1828 recta
871 1799 984 1828 ratione
998 1806 1026 1828 et
1045 1799 1231 1828 deliberativa

545 1838 657 1874 possint
684 1839 756 1866 velle
778 1848 807 1867 se
828 1849 889 1867 non
918 1848 979 1867 esse
983 1861 1230 1867 .........

458 1899 464 1905 .
505 1879 608 1906 Utrum
624 1878 753 1907 damnati
774 1878 804 1907 in
825 1879 938 1908 inferno
953 1879 1057 1907 vellent
1077 1879 1148 1907 alios
1170 1888 1232 1907 esse

545 1919 699 1947 damnatos
721 1918 770 1955 qui
797 1928 859 1946 non
880 1926 947 1947 sunt
969 1919 1097 1947 damnati
1101 1940 1229 1947 .....

503 1957 606 1985 Utrum
635 1958 763 1986 damnati
785 1959 910 1986 habeant
937 1960 1032 1986 Deum
1059 1958 1138 1986 odio.
1162 1979 1168 1985 .
1191 1979 1197 1985 .
1222 1978 1228 1985 .

505 1997 608 2025 Utrum
630 1998 760 2026 damnati
775 1999 978 2026 demereantur
980 2018 1230 2025 .........

1285 393 1300 408 2

1282 1691 1297 1706 D

1363 380 1401 408 ib.

1345 421 1403 455 234

1344 461 1400 488 235

1344 501 1401 537 237

1345 541 1401 568 238

1363 581 1402 609 ib.

1364 621 1402 650 ib.

1345 701 1402 738 239

1364 781 1402 810 ib.

1364 861 1402 891 ib.

1343 1080 1400 1108 240

1361 1152 1399 1181 ib.

1342 1240 1395 1269 24¹

1361 1313 1400 1342 ib.

1361 1393 1400 1422 ib.

1342 1481 1400 1509 ²42

1343 1514 1398 1549 243

1361 1681 1389 1709 ib
1394 1703 1400 1709 .

1342 1769 1401 1797 244

1361 1840 1400 1868 ib.

1342 1920 1398 1953 245

1362 1997 1400 2025 ib.

1456 269 1524 289 ΛΚΤ.
1546 269 1596 290 vn.

1500 389 1585 409 »IL

1628 263 1731 290 Utrum
1752 262 1883 290 damnati
1900 261 2013 299 possint
2033 262 2075 290 uti
2096 262 2200 291 notitia
2221 271 2308 300 quam
2323 262 2353 291 iu

1666 302 1722 330 hoc
1750 303 1861 331 mundo
1890 303 2052 331 habuerunt
2055 323 2350 331 ..........
2378 311 2451 342 pag.
2464 304 2523 338 246

1499 352 1513 367 »
1545 349 1604 369 vm.
1627 342 1731 370 Utrum
1752 342 1881 371 damnati
1903 342 2056 379 cogitaturi
2077 342 2134 370 sint
2161 343 2197 370 de
2219 343 2292 370 Deo.
2316 364 2322 370 .
2346 364 2352 370 .
2484 343 2490 348 “

1627 382 1730 410 Utrum
1751 382 1879 411 damnati
1906 382 2028 420 gloriam
2049 383 2201 410 beatorum
2227 381 2351 410 videant.

1699 440 1892 474 QUAESTIO
1921 439 2282 468 NONAGESIMANONA

2405 353 2420 368 2

2404 392 2420 408 »

2483 344 2522 372 lb.

2481 382 2522 413 ib,

1456 490 1506 519 De
1527 489 1764 519 misericordia
1785 491 1820 520 et
1841 489 1975 520 iustitia
1999 489 2061 519 Dei
2080 490 2243 526 respectu
2270 488 2523 519 damnatorum.

1457 556 1524 576 ΛΒΤ.
1546 556 1565 575 1.

1454 1285 1523 1306 ΛΚΤ.

1454 1326 1523 1346 ART.

1545 1285 1566 1345 ΕΓ·

1454 1405 1523 1426 ART.

1455 1485 1514 1506 ART
1517 1499 1523 1505 .

1454 1526 1514 1546 ART
1517 1539 1523 1545 .

1544 1405 1586 1545 53³5

1455 1605 1524 1626 ΛΒΤ.
1545 1606 1584 1626 VI.

1455 1685 1524 1706 ΛΚΤ.
1545 1685 1594 1705 vn.

1628 547 1731 576 Utrum
1752 556 1785 575 ex
1807 547 1904 576 divina
1918 547 2025 575 iustitia
2044 547 2181 575 inferatur
2193 546 2351 584 peccatori-

1666 588 1720 615 bus
1741 596 1837 624 poena
1864 594 1980 616 aeterna
1983 608 2350 616 .............

1627 628 1729 655 Utrum
1761 636 1812 664 per
1841 627 1968 655 divinam
1997 626 2225 655 misericordiam
2255 626 2352 655 omnis

1666 676 1762 704 poena
1791 667 1960 695 terminetur
1988 674 2048 695 tam
2080 666 2234 695 hominum
2265 676 2354 704 quam

1667 707 1753 736 etiam
1772 707 1950 735 daemonum
1953 728 2352 735 ..............

1629 748 1731 775 Utrum
1762 746 1858 776 divina
1889 746 2087 775 misericordia
2109 747 2233 784 patiatur
2258 746 2353 775 homi-

1667 796 1718 816 nes
1739 787 1769 815 in
1795 793 1943 815 aeternum
1971 787 2065 824 puniri
2069 807 2352 815 ..........

1629 828 1731 856 Utrum
1753 828 1853 856 saltem
1875 827 2106 856 Christianorum
2120 836 2217 863 poena
2237 835 2289 863 per
2309 825 2351 854 di-

1665 867 1762 896 vinam
1791 867 2019 897 misericordiam
2051 867 2220 895 terminetur
2222 887 2351 895 .....

1626 907 1729 936 Utrum
1750 907 1790 935 illi
1811 907 1861 944 qui
1881 917 1971 944 opera
1992 906 2207 936 misericordiae
2228 906 2351 942 faciunt,

1666 947 1823 983 puniantur
1843 947 2036 976 aeternaliter:
2058 947 2103 975 vel
2124 947 2220 975 solum
2241 946 2281 974 illi
2303 945 2353 983 qui

1666 996 1756 1023 opera
1780 987 1993 1016 misericordiae
2014 987 2161 1024 negligunt
2163 1007 2353 1015 .......

1835 1141 2142 1182 APPENDIX

1750 1209 1919 1248 Quaestio
1941 1209 1982 1239 de
2003 1209 2222 1246 Purgatorio.

1626 1277 1729 1305 Utrum
1756 1276 1956 1314 purgatorium
1978 1276 2014 1304 sit
2034 1283 2100 1313 post
2127 1276 2203 1304 hanc
2223 1275 2321 1304 vitam.
2345 1297 2351 1304 .

1625 1317 1729 1345 Utrum
1749 1316 1786 1345 sit
1806 1316 1884 1345 idem
1905 1317 1987 1344 locus
2008 1325 2068 1353 quo
2089 1316 2205 1344 animae
2226 1324 2351 1354 purgan-

1664 1364 1719 1392 tur,
1734 1363 1763 1385 et
1783 1366 1843 1394 quo
1859 1356 1988 1384 damnati
2005 1356 2165 1393 puniuntur
2167 1377 2356 1385 .......

1628 1398 1731 1425 Utrum
1746 1405 1842 1433 poena
1851 1396 2011 1434 purgatorii
2021 1397 2139 1425 excedat
2153 1405 2272 1425 omnem
2282 1405 2352 1433 poe-

1666 1446 1734 1464 nam
1762 1437 1954 1473 temporalem
1975 1436 2060 1464 huius
2083 1436 2159 1465 vitae
2161 1456 2352 1465 .......

1624 1477 1726 1505 Utrum
1742 1477 1790 1504 illa
1804 1485 1900 1513 poena
1914 1476 1950 1505 sit
1967 1476 2137 1505 voluntaria.
2161 1498 2168 1504 .
2192 1479 2208 1505 .'
2222 1497 2350 1504 .....

1625 1518 1729 1546 Utrum
1750 1517 1865 1545 animae
1885 1516 1915 1544 in
1936 1516 2105 1554 purgatorio
2123 1526 2175 1554 per
2196 1516 2354 1545 'daemones

1665 1557 1830 1594 puniantur.
1859 1577 2352 1585 .................

1625 1598 1729 1626 Utrum
1750 1606 1802 1634 per
1822 1606 1948 1634 poenam
1963 1596 2123 1634 purgatorii
2143 1596 2272 1633 expietur
2287 1604 2355 1633 pec»

1664 1644 1761 1666 catum
1781 1637 1891 1665 veniale
1918 1637 2017 1674 quoad
2044 1637 2160 1674 culpam
2163 1656 2351 1665 .......

1626 1678 1730 1705 Utrum
1745 1676 1819 1714 ignis
1833 1677 2016 1714 purgatorius
2030 1677 2130 1705 liberet
2150 1686 2169 1705 a
2189 1682 2271 1705 reatu
2284 1684 2355 1713 poe-

1665 1726 1729 1745 nae.
2223 1729 2227 1733 ·

1759 1737 2352 1747 ····················

1455 1765 1524 1786 ART.
1546 1765 1606 1785 vm.
1628 1757 1731 1785 Utrum
1746 1758 1782 1785 ab
1797 1757 1846 1785 illa
1855 1766 1950 1794 poena
1961 1766 2036 1785 unus
2047 1757 2183 1786 liberetur
2191 1756 2250 1785 alio
2260 1755 2352 1785 citius.

1455 1889 1514 1908 ΛΒΤ
1518 1902 1524 1908 .
1546 1889 1565 1909 1.

1455 1965 1523 1985 ΛΒΤ.
1545 1965 1575 1984 11.

1319 2765 1548 2794 lMPRIMA'l'UR

1066 2811 1113 2838 Fr.
1125 2810 1263 2838 Albertus
1275 2809 1377 2844 Lepidi
1389 2809 1457 2837 ord.
1471 2809 1574 2837 Praed-
1587 2810 1615 2837 S.
1629 2809 1659 2837 P.
1672 2809 1706 2836 A.
1719 2809 1799 2845 Mag.

1318 2909 1547 2938 IMPRIMATUR.

1003 2955 1140 2990 Iosephus
1159 2954 1320 2990 ceppetelli
1342 2954 1479 2989 Archiep.
1498 2955 1612 2988 Myron.
1632 2954 1838 2989 Vloesgorens.

1623 1819 1792 1858 Quaestio
1814 1819 1855 1849 de
1875 1827 1990 1856 poena
2011 1820 2191 1855 originalis
2210 1819 2357 1856 peccati.

1627 1880 1730 1908 Utrum
1744 1886 1864 1916 peccato
1885 1879 2017 1925 originali
2028 1880 2190 1908 secundum
2205 1889 2236 1908 se
2250 1879 2355 1907 debea-

1663 1926 1710 1946 tur
1723 1928 1820 1954 poena
1834 1919 1976 1947 sensibilis
1978 1938 2350 1946 .............

1626 1957 1730 1984 Utrum
1751 1956 1833 1992 pueri
1854 1965 1915 1989 non
1936 1956 2073 1991 baptizati
2087 1955 2275 1983 afflictionem
2296 1954 2355 1991 spi-

1664 1996 1796 2024 ritualem
1818 1995 1848 2023 in
1862 1994 1960 2024 anima
1978 1994 2102 2023 sentiant
2104 2015 2352 2023 .........

2404 597 2419 613 ²

2464 594 2522 624 247

2464 706 2522 741 248

2483 784 2523 814 ib.

2465 872 2522 902 249

2465 985 2525 1014 250

2465 1275 2519 1304 251

2485 1355 2524 1384 ib.

2465 1435 2523 1464 252

2466 1555 2523 1584 253

2483 1635 2525 1664 ib.

2466 1715 2526 1751 254

2485 1754 2526 1784 ib.

2465 1917 2523 1944 255

2466 1993 2525 2022 256
