2918 4088
63 1512 65 1514 .
119 1456 273 1513 efflat?

41 1519 47 1526 '¹
112 1515 273 1539 mam-3
356 1530 361 1534 .

129 1542 274 1594 ,ἶῗωῗέᾱ
318 1533 352 1581 2?

55 1427 118 1485 :a

40 1566 122 1608 „m

56 2042 57 2046 Ἰ
156 2013 175 2031 C

58 2038 272 2092 ἪΞ
298 2059 487 2097 invisibilis
512 2059 687 2097 sacerdos
712 2059 871 2098 visibiles
887 2063 1078 2097 creaturas
1097 2058 1135 2095 in
1153 2068 1262 2094 suum
1281 2067 1363 2092 cor-

194 2091 275 2115 ano-

115 2118 158 2146 tv,
164 2117 196 2140 aa
201 2117 274 2146 cm.

65 2211 71 2257 g
117 2197 258 2247 «Ἐκ,

969 186 1232 232 QUAESTIO
1261 187 1466 234 LXXVIII,
1495 188 1785 227 ARTICULUS
1813 192 1827 228 1

2394 194 2467 230 205

676 411 1088 501 QUAESTIO
1126 419 2102 478 SEPTUAGESIMAOCTAVA

903 541 986 582 DE
1019 539 1232 581 FORMA
1265 537 1451 580 HUIUS
1484 537 1878 579 SACRAMENTI

1139 655 1174 681 IN
1202 655 1268 680 SEX
1295 653 1496 680 ARTICULOS
1523 653 1636 678 DIVISA

34 766 35 769 ’
302 763 489 846 Damni:
532 753 867 791 considerandum
907 758 962 788 est
1002 751 1051 788 de
1086 750 1210 787 forma
1246 747 1362 785 huius

60 813 73 826 '
86 812 122 835 Cf.
137 818 176 840 qu.
190 818 273 840 min,

60 838 149 862 htrod.

383 806 609 844 sacramenti
627 805 658 842 ¹⁸.

300 860 350 896 Et
375 859 476 896 circa
503 859 579 895 hoc
605 865 846 907 quaeruntur
872 869 949 893 sex.

353 911 502 948 Primo:
533 922 633 960 quae
661 910 707 946 sit
733 910 858 946 forma
885 908 1001 945 huius
1029 906 1266 946 sacramenti.

353 963 552 1001 Secundo:
582 970 715 1000 utrum
742 962 789 999 sit
815 960 1051 999 conveniens
1078 961 1203 998 forma
1230 971 1360 996 conse·

405 1015 584 1054 erationis
610 1015 733 1066 panis.

1469 747 1622 784 Tertio:
1651 754 1783 784 utrum
1802 748 1847 785 sit
1866 749 2099 787 conveniens
2126 751 2248 789 forma
2275 764 2474 791 consecra·

1521 799 1636 837 tionis
1664 800 1868 848 sanguinis.

1471 854 1640 900 Quarto:
1671 853 1719 889 de
1747 853 1884 890 virtute
1912 854 2111 904 utriusque
2138 856 2295 894 formae.

1471 905 1640 952 Quinto:
1669 905 1718 942 de
1745 905 1901 943 veritate
1929 907 2141 945 locutionis.

1470 959 1605 996 Sexto:
1643 958 1692 995 de
1720 959 2007 1008 comparatione
2039 961 2154 998 unius
2180 961 2325 1000 formae
2358 964 2406 1001 ad
2434 976 2473 1001 a-

1523 1011 1624 1048 liam.

1111 1121 1432 1165 ARTICULUS
1463 1121 1670 1164 PRIMUS

574 1220 731 1254 UTRUM
753 1218 874 1252 HAEC
898 1218 965 1252 SIT
988 1217 1143 1250 FORMA
1164 1215 1299 1249 HUIUS
1322 1214 1615 1251 SACRAMENT1‚
1638 1214 1740 1247 HOC
1760 1214 1849 1246 EST
1869 1216 2041 1249 CORPUS
2062 1218 2209 1255 MEUM‚

984 1262 1053 1298 ET,
1076 1261 1163 1293 HIC
1184 1261 1273 1292 EST
1294 1259 1434 1292 CALIX
1452 1258 1698 1295 SANGUINIS
1719 1259 1810 1290 MEI

414 1343 452 1368 N
469 1343 554 1374 Sent„
574 1334 633 1368 dist.
651 1350 705 1373 vm,
724 1351 770 1376 qu.
788 1350 817 1374 η,
835 1347 882 1367 art.
902 1348 926 1373 ι,
945 1341 995 1374 qu*
1015 1347 1039 1372 1,
1059 1348 1083 1370 2,
1104 1339 1134 1370 5;
1153 1344 1201 1365 art.
1221 1346 1245 1368 2.
1265 1338 1314 1371 qu·
1334 1344 1364 1370 ις
1383 1342 1432 1363 art.
1450 1345 1475 1369 4.
1494 1337 1545 1370 qu⁸
1565 1336 1595 1367 33
1615 1337 1645 1362 In
1665 1337 1773 1366 Mateta..
1793 1345 1848 1371 cap.
1868 1346 1939 1369 xxvu
1959 1339 1968 1364 I
1986 1340 2023 1365 ad
2043 1341 2112 1371 Cor„
2131 1349 2186 1374 cap.
2205 1349 2238 1373 xi,
2258 1343 2314 1367 lect.
2331 1351 2356 1367 v.

325 1452 393 1486 (ts-³2:
414 1444 468 1467 mx
509 1436 534 1461 1>
552 1435 688 1462 PRIMUM
706 1434 759 1461 sm
778 1433 1004 1460 enocenrrua
1021 1420 1052 1457 ²¹⁶.
1072 1419 1236 1459 Videtur
1253 1417 1363 1467 quod

330 1480 413 1528 54:32„
428 1463 484 1535 {222
511 1477 608 1515 haec
633 1487 715 1515 non
742 1475 790 1514 sit
815 1475 941 1514 forma
972 1473 1088 1512 huius
1121 1469 1361 1517 sacramenti,

375 1526 435 1571 *52
453 1535 477 1567 'c
492 1526 600 1567 Hoc
626 1534 678 1566 est
702 1540 838 1578 corpus
861 1539 998 1573 meum,
1024 1533 1072 1572 et,
1092 1527 1171 1564 Hic
1189 1530 1240 1561 est
1261 1523 1364 1560 calix

265 1605 272 1616 ·
307 1593 314 1603 ‘
356 1575 451 1618 ‘5¹23ss
467 1573 497 1615 N
509 1583 704 1632 sanguinis
726 1583 810 1618 mei.
839 1582 904 1618 Illa
923 1579 1027 1618 enim
1045 1579 1166 1616 verba
1182 1577 1363 1616 videntur

297 1633 489 1685 pertinere
516 1634 566 1673 ad
583 1635 751 1674 formam
769 1632 996 1673 sacramenti
1024 1631 1168 1682 quibus
1187 1629 1362 1668 Christus

297 1695 441 1736 corpus
458 1699 576 1727 suum
594 1694 632 1726 et
645 1687 873 1736 sanguinem
886 1685 1135 1726 consecravit.
1157 1683 1235 1724 Sed
1255 1681 1362 1722 Chri-

298 1747 380 1782 stus
406 1747 494 1780 ente
519 1739 713 1780 benedixit
739 1752 883 1790 panem
918 1746 1132 1789 acceptum,
1165 1744 1202 1776 et
1228 1743 1363 1786 postea

298 1792 412 1834 dixit:
439 1794 605 1844 Accipite
631 1800 665 1832 et
682 1793 881 1832 comedite.-
906 1794 978 1832 hoc
995 1798 1046 1830 est
1071 1802 1206 1839 corpus
1223 1801 1360 1834 meum,

298 1853 343 1886 ut
367 1846 533 1886 habetur
549 1847 685 1886 Matth.
705 1859 789 1885 xxvl
806 1846 848 1892 *ς
876 1853 914 1884 et
941 1844 1112 1884 similiter
1129 1843 1216 1882 fecit
1233 1843 1283 1880 de
1301 1853 1363 1879 ca-

298 1898 370 1941 lice
381 1898 413 1936 ²⁸⁸.
433 1900 536 1948 Ergo
555 1899 749 1950 praedicta
767 1899 887 1939 verba
905 1911 986 1938 non
999 1905 1089 1937 sunt
1102 1898 1228 1937 forma
1245 1894 1363 1934 huius

299 1952 537 1993 sacramenti.

353 2016 388 2042 2.
404 2006 636 2051 Pam-mm,
648 2005 841 2045 Eusebius
855 2006 1072 2044 Emesenus
1086 2009 1104 2025 ²
1117 2003 1138 2026 ⁸
1151 2002 1242 2043 dicit
1254 2001 1363 2052 quod

292 2123 366 2162 pus
387 2113 578 2158 convertit,
601 2112 742 2151 dicens.-
767 2113 934 2162 Accipite
951 2117 984 2149 et
1002 2110 1192 2156 comedite,
1220 2110 1291 2147 hoc
1313 2113 1366 2145 est

261 2208 273 2214 -
299 2176 436 2215 corpus
461 2177 598 2204 meum.
627 2165 731 2214 Ergo
757 2172 884 2205 totum
902 2165 978 2203 hoc
1004 2163 1157 2202 videtur
1174 2161 1364 2212 pertinere

257 2238 274 2252 -ι
299 2217 351 2256 ad
376 2217 544 2256 formam
570 2218 809 2257 saci-amena.
851 2218 900 2256 Et
927 2217 1065 2255 eadem
1101 2215 1197 2255 ratio
1224 2222 1280 2254 est
1315 2214 1364 2253 de

299 2270 427 2310 verbis
453 2270 731 2322 pertinentibus
758 2271 808 2309 ad
835 2270 1076 2319 sanguinem.

356 2323 391 2362 3.
420 2324 660 2371 Furiam,
695 2323 736 2363 in
766 2324 892 2362 forma
925 2322 1104 2373 baptismi
1140 2320 1366 2371 exprimitur

301 2387 467 2426 persona
493 2376 656 2419 ministri
683 2385 720 2415 et
747 2384 853 2415 aetus
874 2375 969 2423 eius,
998 2387 1090 2415 cum
1109 2374 1258 2420 dicitur,
1278 2375 1364 2424 Ego

301 2434 337 2468 te
353 2424 526 2479 baptizo?
536 2429 614 2469 Sed
632 2429 673 2468 in
690 2429 911 2479 praemissis
927 2428 1056 2468 verbis
1074 2429 1179 2467 nulla
1196 2427 1241 2465 fit
1258 2439 1365 2466 men-

301 2481 357 2520 tio
384 2481 432 2520 de
459 2493 627 2531 persona
652 2482 827 2530 ministri,
855 2494 928 2521 nec
955 2482 1003 2520 de
1031 2489 1119 2520 actu
1138 2481 1232 2520 eius.
1262 2481 1365 2528 Ergo

303 2546 385 2574 non
412 2541 468 2572 est
494 2534 730 2574 conveniens
755 2535 880 2574 forma
907 2534 1146 2574 sacramenti.

357 2599 395 2635 4.
415 2588 647 2634 Pium-ranas,
666 2587 792 2627 forma
809 2587 1036 2627 sacramenti
1054 2587 1194 2627 sufficit
1212 2587 1262 2627 ad
1280 2598 1365 2636 per-

302 2640 508 2677 fectionem
536 2640 782 2679 sacramenti:
812 2641 922 2679 unde·
935 2648 1221 2680 sacramentum
1244 2639 1366 2689 bapti-

304 2693 379 2730 smi
406 2693 644 2742 quandoque
661 2693 796 2742 perfici
814 2701 938 2743 potest
966 2693 1055 2731 solis
1073 2693 1201 2730 verbis
1219 2693 1366 2730 formae

303 2745 471 2795 prolati3‚
501 2753 537 2783 et
565 2745 747 2784 omnibus
774 2746 856 2784 aliis
882 2746 1168 2796 praetermissis.
1207 2745 1248 2784 Si
1276 2758 1365 2795 ergo

304 2798 499 2848 praedicta
530 2799 648 2836 verba
685 2807 774 2837 sunt
806 2799 931 2836 forma
967 2798 1083 2836 huius
1117 2798 1365 2846 sacramenti,

304 2851 457 2888 videtur
485 2852 592 2901 quod
619 2852 827 2902 aliquando
850 2851 970 2901 possit
988 2852 1064 2889 hoc
1082 2859 1366 2889 sacramentum

305 2904 439 2954 perfici
466 2905 526 2941 his
554 2904 642 2941 solis
669 2905 797 2942 verbis
824 2904 991 2954 prolatis,
1020 2912 1057 2941 et
1085 2904 1267 2941 omnibus
1286 2905 1366 2942 aliis

304 2957 581 3007 praetermissis
608 2970 708 3007 quae
735 2958 776 2996 in
803 2957 920 2995 missa
946 2957 1136 2995 dicuntur.
1166 2957 1286 3004 Quod
1313 2965 1367 2995 ta-

306 3022 399 3047 men
425 3010 578 3048 videtur
604 3023 686 3048 esse
714 3011 870 3048 falsum:
899 3010 1001 3059 quia,
1030 3010 1098 3047 ubi
1125 3010 1244 3047 verba
1266 3010 1368 3048 auat*

306 3063 711 3115 praetermitterentur,
740 3062 933 3113 praedicta
960 3063 1079 3100 verba
1106 3063 1368 3113 acciperentur

307 3128 356 3154 ex
376 3128 543 3166 persona
561 3116 766 3154 sacerdotis
784 3115 1020 3166 proferentis,
1041 3115 1080 3153 in
1099 3116 1208 3154 cuius
1227 3129 1368 3167 corpus

308 3176 346 3206 et
372 3169 599 3218 sanguinem
626 3169 736 3220 panis
760 3177 797 3206 et
815 3169 952 3208 vinum
979 3181 1060 3206 non
1079 3177 1366 3208 convertuntur.

308 3221 403 3260 Non
429 3233 520 3281 ergo
547 3222 740 3272 praedicta
766 3221 886 3260 verba
912 3230 1001 3260 sunt
1027 3222 1152 3260 forma
1175 3222 1292 3261 huius
1311 3235 1368 3261 sa-

309 3282 505 3312 cramenti.
539 3296 542 3299 -

271 3323 283 3379 j
363 3327 438 3365 San
456 3339 601 3365 coum
619 3339 686 3365 ns'r
703 3327 812 3377 quod
838 3327 1067 3365 Ambrosius
1086 3327 1184 3376 dicit,
1213 3328 1254 3366 in
1272 3328 1369 3367 libro

309 3379 355 3417 de
381 3381 630 3418 Sacramentis
647 3380 686 3418 *ε
721 3381 957 3418 Consecratio
974 3382 1026 3430 fit
1043 3382 1164 3419 verbis
1183 3387 1216 3418 et
1232 3393 1369 3420 sermo-

363 3495 393 3529 α)
413 3495 564 3522 Emesenus.
580 3510 600 3514 -
618 3495 680 3521 Om.
698 3495 763 3521 DEI.

1417 1418 1524 1454 nibus
1549 1418 1708 1454 Domini
1732 1419 1830 1455 Iesu.
1859 1419 1964 1456 Nam
1985 1433 2058 1469 per
2075 1422 2216 1471 reliqua
2236 1424 2362 1461 omnia
2381 1435 2476 1472 quae

1392 1496 1395 1499 -
1417 1469 1601 1516 dicuntur,
1629 1470 1711 1507 laus
1737 1471 1819 1507 Deo
1847 1471 2026 1519 defertur,
2055 1478 2222 1512 oratione
2243 1477 2379 1524 petitur
2400 1489 2474 1525 pro

1411 1522 1566 1572 populo,
1588 1534 1664 1572 pro
1693 1525 1863 1573 regibus,
1886 1536 1960 1572 pro
1989 1529 2126 1564 ceteris.
2173 1529 2246 1566 Ubi
2270 1534 2392 1566 autem
2418 1541 2474 1568 sa-

1416 1581 1649 1614 cramentum
1681 1578 1894 1625 conficitur,
1931 1579 2007 1616 iam
2043 1592 2116 1617 non
2148 1582 2222 1618 suis
2247 1583 2476 1619 sermonibus

1414 1629 1588 1667 sacerdos
1606 1630 1729 1676 utitur,
1743 1629 1809 1667 sed
1826 1632 1937 1667 utitur
1949 1634 2179 1670 sermonibus
2196 1634 2340 1672 Christi.
2368 1636 2474 1684 Ergo

1414 1694 1538 1720 sermo
1570 1683 1707 1719 Christi
1731 1683 1802 1720 hoc
1829 1685 1976 1732 conficit
2001 1692 2286 1724 sacramentum.

1469 1735 1695 1773 Rnsponm-:o
1726 1747 1909 1774 monimum
1941 1738 2048 1786 quod
2083 1738 2158 1776 hoc
2194 1747 2476 1779 sacramentum

1417 1787 1467 1825 ab
1504 1788 1586 1826 aliis
1619 1788 1867 1828 sacramentis
1903 1789 2029 1829 differt
2065 1790 2104 1829 in
2138 1791 2303 1830 duobus.
2346 1792 2476 1831 Primo

1417 1841 1578 1890 quidem
1612 1849 1804 1890 quantum
1831 1842 1880 1879 ad
1908 1843 1995 1890 hoc,
2031 1844 2137 1892 quod
2166 1845 2241 1884 hoc
2263 1857 2476 1884 sacramen-

1417 1902 1502 1933 tum
1538 1894 1734 1943 perficitur
1770 1893 1810 1933 in
1844 1896 2130 1936 consecratione
2166 1897 2367 1937 materiae:
2405 1898 2477 1937 alia

1417 1959 1512 1985 vero
1549 1955 1790 1987 sacramenta
1824 1948 2079 1997 perficiuntur
2113 1949 2153 1988 in
2186 1963 2260 1989 usu
2297 1950 2477 1990 materiae

1418 2007 1671 2040 consecratae.
1692 2021 1717 2028 -
1738 2001 1931 2049 Secundo,
1960 2002 2051 2051 quia
2069 2002 2108 2040 in
2127 2002 2207 2042 aliis
2235 2004 2477 2043 sacramentis

1418 2053 1654 2091 consecratio
1682 2054 1864 2093 materiae
1892 2055 2061 2093 consistit
2087 2057 2214 2095 solum
2241 2056 2281 2095 in
2308 2057 2477 2105 quadam

1418 2106 1705 2152 benedictione,
1734 2118 1782 2145 ex
1809 2119 1887 2156 qua
1914 2108 2072 2147 materia
2090 2116 2318 2149 *consecrata
2344 2109 2478 2158 accipit

1419 2159 1756 2197 instrumentaliter
1790 2161 1988 2210 quandam
2012 2161 2250 2210 spiritualem
2276 2161 2476 2209 virtutem,

1419 2225 1519 2262 quae
1547 2224 1618 2262 per
1644 2212 1877 2261 ministrum,
1904 2214 1973 2263 qui
2000 2222 2056 2253 est
2082 2214 2378 2254 instrumentum
2396 2215 2475 2254 ani-

1419 2273 1581 2313 matum,
1609 2273 1735 2315 potest
1761 2266 1811 2303 ad
1838 2266 2089 2306 instrumenta
2112 2267 2318 2305 inanimata·
2344 2279 2476 2316 proce·

1419 2319 1521 2356 dere.
1556 2319 1633 2359 Sed
1661 2318 1700 2357 in
1728 2319 1805 2357 hoc
1832 2327 2071 2359 sacramento
2099 2320 2332 2360 consecratio
2359 2328 2476 2360 mate-

1419 2371 1496 2409 riae
1524 2371 1694 2411 consistit
1721 2371 1762 2410 in
1789 2373 1960 2424 quadam
1979 2373 2207 2412 miraculosa
2226 2372 2476 2413 conversione

1419 2425 1672 2472 substantiae,
1714 2437 1815 2474 quae
1856 2438 1880 2464 a
1920 2427 2003 2465 solo
2044 2427 2128 2465 Deo
2169 2425 2301 2475 perfici
2340 2434 2475 2476 potest.

1418 2478 1532 2517 Unde
1567 2478 1740 2517 minister
1776 2478 1816 2517 in
1851 2479 1927 2518 hoc
1963 2487 2202 2519 sacramento
2242 2478 2476 2528 perficiendo

1419 2543 1501 2568 non
1530 2532 1652 2586 §habet
1686 2531 1806 2571 alium
1839 2539 1966 2572 actum
2002 2532 2074 2572 nisi
2107 2531 2362 2582 prolationem
2393 2543 2476 2570 ver-

1419 2585 1574 2623 borum.

1473 2639 1521 2679 Et
1549 2638 1641 2687 quia
1667 2638 1792 2678 forma
1812 2638 1925 2678 debet
1943 2650 2024 2678 esse
2043 2637 2276 2678 conveniens
2295 2636 2359 2683 rei,
2387 2637 2476 2676 ideo

1419 2692 1544 2729 forma
1571 2691 1689 2728 huius
1715 2691 1943 2728 sacramenti
1970 2691 2095 2727 differt
2123 2703 2145 2727 a
2163 2690 2294 2727 formis
2313 2690 2476 2726 aliorum

1420 2752 1750 2782 sacramentorum
1777 2744 1817 2781 in
1845 2744 2009 2781 duobus.
2039 2743 2168 2780 Primo
2197 2743 2365 2793 quidem,
2385 2742 2476 2791 quia

1420 2799 1567 2837 formae
1594 2797 1761 2835 aliorum
1779 2804 2108 2834 sacramentorum
2136 2795 2341 2844 important
2359 2806 2475 2831 usum

1420 2851 1614 2897 materiae,
1634 2858 1727 2900 puta
1745 2849 2041 2899 baptizationem
2055 2850 2115 2884 vel
2130 2847 2472 2895 consignationem:

1421 2905 1488 2942 sed
1515 2904 1640 2941 forma
1658 2903 1775 2940 huius
1794 2902 2020 2939 sacramenti
2047 2901 2225 2949 importat
2244 2901 2365 2936 solam
2383 2911 2474 2936 con-

1420 2951 1674 2995 secrationem
1692 2955 1884 3001 materiae,
1904 2966 2004 3003 quae
2022 2953 2061 2990 in
2080 2951 2475 2990 transubstantiatione

1421 3010 1606 3056 consistit;
1626 3017 1719 3059 puta
1737 3020 1828 3046 cum
1847 3007 1993 3053 dicitur,
2013 3008 2102 3043 Hoc
2120 3012 2170 3042 est
2187 3017 2320 3055 corpus
2338 3016 2473 3050 meum,

1421 3065 1493 3111 vel,
1522 3065 1601 3100 Hic
1627 3069 1678 3100 est
1699 3062 1801 3099 calix
1817 3061 2010 3110 sanguinis
2027 3061 2110 3095 mei.
2130 3081 2155 3085 —
2175 3056 2477 3106 Secundo,—quia

1421 3117 1567 3154 formae
1602 3116 1765 3153 aliorum
1800 3119 2125 3150 sacramentorum
2159 3111 2403 3160 proferuntur
2429 3121 2476 3146 ex

1421 3182 1588 3220 persona
1624 3167 1802 3206 ministri:
1848 3165 1927 3202 sive
1963 3177 2033 3214 per
2069 3164 2234 3201 modum
2270 3162 2476 3200 exercentis

1421 3230 1563 3267 actum,
1584 3222 1681 3259 sicut
1699 3232 1790 3258 cum
1810 3218 1956 3264 dicitur,
1975 3219 2060 3267 Ego
2079 3223 2114 3254 te
2131 3217 2284 3266 baptizo,
2299 3217 2372 3263 vel,
2391 3217 2477 3264 Ego

1422 3282 1457 3313 te
1483 3277 1686 3324 confirmo;
1722 3273 1801 3309 sive
1828 3283 1898 3321 per
1924 3271 2088 3307 modum
2116 3268 2353 3318 imperantis,
2381 3267 2478 3304 sicut

1423 3329 1463 3366 in
1500 3333 1738 3366 sacramento
1776 3324 1919 3362 ordinis
1959 3323 2115 3370 dicitur,
2152 3323 2290 3371 Accipe
2318 3326 2477 3371 potesta-

1422 3388 1507 3429 tem,
1523 3389 1609 3427 etc.;
1635 3379 1714 3416 sive
1733 3390 1802 3428 per
1820 3377 1985 3414 modum
2003 3374 2250 3426 deprecantis,
2273 3373 2369 3412 sicut
2386 3384 2479 3413 cum

1479 3496 1504 3530 β)
1523 3497 1588 3522 alia.
1605 3509 1625 3514 —
1643 3496 1694 3520 ista
1714 3496 1762 3524 Aa.
1782 3494 1828 3519 illa
1847 3494 1876 3518 B.
