2878 4088
387 131 462 165 250

439 208 489 237 An
513 218 629 237 ramum
654 218 735 238 ERGO
760 217 919 238 mcmmun
943 207 1032 247 quod
1056 208 1216 238 Dominus
1236 208 1277 237 ibi
1302 207 1445 246 loquitur

146 257 357 284 ‘AdGalat-.cap·
385 251 424 282 de
440 251 502 282 fide
522 251 666 288 formata,
684 262 766 292 quae
783 262 847 292 per
869 251 1072 282 dilectionem
1097 257 1252 292 operatur
1267 252 1299 281 *2
1325 251 1357 280 in
1382 260 1445 290 qua

145 292 166 311 ν’
182 291 240 306 νω·
258 284 282 306 ⁶²
385 296 583 335 quicumque
607 296 789 332 decesserit,
814 296 918 326 salvus
950 297 1017 326 erit.
1050 296 1112 327 Sed
1142 297 1218 326 huic
1241 305 1308 325 non
1338 295 1445 324 solum

384 341 560 379 opponitur
597 340 789 371 infidelitatis
828 350 915 371 error
931 364 939 377 ,
978 340 1034 371 sed
1072 340 1239 380 quodlibet
1276 344 1444 379 peccatum

384 384 528 414 mortale.

437 428 488 457 Αι)
513 438 674 458 SECUNDUM
697 439 856 459 DICENDUM
880 429 970 469 quod
993 429 1127 459 verbum
1158 429 1291 458 Domini
1322 433 1368 457 est
1397 427 1445 456 in-

383 472 602 512 telligendum,
618 482 687 503 non
703 473 743 503 de
758 473 819 503 illis
836 474 892 513 qui
907 479 1032 503 tantum
1049 472 1315 503 sacramentaliter
1335 471 1444 507 edunt,

384 517 455 556 qui,
479 516 609 556 indigne
633 517 831 557 quandoque
855 523 1026 553 sumentes,
1052 517 1205 547 iudicium
1229 516 1289 546 sibi
1311 515 1446 546 mandu-

384 565 459 590 cant
475 566 505 591 et
519 561 637 597 bibunt,
655 567 690 592 ut
707 561 822 592 dicitur
838 562 849 591 Ι
869 562 945 592 Cor.
963 572 994 591 XI
1010 562 1044 590 *z
1071 561 1126 591 sed
1141 561 1284 601 loquitur
1300 559 1339 590 de
1355 570 1445 590 man-

384 605 574 636 ducantibus
598 606 810 646 spiritualiter,
835 607 891 646 qui
914 616 971 646 per
995 606 1156 636 caritatem
1180 606 1208 635 ei
1238 605 1446 644 incorporan-

382 654 449 686 tur;
475 659 572 689 quarn
603 651 898 690 incorporationem
929 650 1003 680 facit
1032 649 1265 680 sacramentalis
1289 649 1446 679 comestio

383 694 409 723 si
433 694 505 734 quis
529 693 624 734 digne
649 694 787 725 accedat.
813 694 917 730 Unde,
942 699 1099 734 quantum
1124 700 1170 724 est
1194 704 1231 724 ex
1254 694 1369 724 virtute
1399 703 1447 723 sa-

384 739 556 774 cramenti,
581 738 621 769 ad
652 740 749 769 vitam
779 744 940 769 aeternam
967 738 1130 779 perducit:
1165 738 1310 778 quamvis
1334 738 1447 777 aliquis

383 792 416 812 se
440 783 541 822 possit
556 783 609 812 tali
626 782 731 813 fructu
755 783 877 822 privare
893 792 950 822 per
966 789 1146 823 peccatum,
1164 783 1259 813 etiam
1274 788 1448 822 postquam

385 826 478 866 digne
503 827 682 866 sumpserit.

439 871 488 900 An
506 880 639 900 rem-rum
655 880 814 900 mensuum
832 869 921 909 quod
928 870 1185 911 fundamentum
1197 871 1230 900 in
1243 871 1346 900 verbis
1359 871 1448 909 Apo-

384 914 456 943 stoli
479 914 664 954 intelligitur
688 913 766 943 fides
791 913 942 944 formata:
975 924 1070 954 supra
1103 924 1201 954 quam
1233 915 1288 954 qui
1318 919 1449 954 peccata

382 958 517 988 venialia
540 957 761 993 aedificaverit,
786 957 1012 988 detrimentum
1029 958 1185 998 patietur,
1211 959 1286 998 quia
1314 968 1373 997 pro
1405 958 1449 988 eis

382 1002 514 1041 punitur
538 1012 555 1032 a
578 1002 666 1038 De0;
692 1002 757 1042 ipse
781 1007 885 1031 tamen
910 1003 1020 1032 salvus
1043 1002 1106 1032 erit
1125 1001 1261 1032 finaliter
1276 1002 1370 1042 quasi
1386 1011 1450 1041 per

384 1047 501 1086 ignem,
518 1046 568 1076 vel
588 1046 772 1086 temporalis
788 1046 1011 1082 tribulationis,
1028 1046 1079 1076 vel
1095 1046 1296 1086 purgatoriae
1312 1055 1448 1086 poenae,

384 1100 466 1130 quae
489 1096 563 1131 post
586 1095 724 1120 mortem
749 1090 815 1120 erit.

144 562 154 572 ‘
170 560 235 581 Vers.
251 565 286 587 ²9-

414 1185 513 1216 ART.
530 1186 569 1216 V.
594 1195 698 1215 UTRUM
721 1196 782 1215 {Lm
807 1196 861 1215 aur
885 1195 986 1215 OPERA
1010 1195 1251 1216 msumconnmss
1274 1196 1417 1222 rixemur,

691 1240 867 1260 PUNIANTUR
890 1240 1140 1260 AETERNALITRR:

449 1284 508 1305 VEL
532 1284 633 1305 SOLUM
656 1285 718 1304 ILLI
742 1285 796 1304 QUI
820 1285 921 1304 OPERA
945 1284 1186 1305 MISERICORDIAE
1209 1284 1387 1305 NEGLIGUNT

451 1366 469 1385 n
502 1365 641 1386 oum-rum
671 1365 717 1385 sm
745 1365 949 1385 rnocnmrtm.
974 1354 1109 1385 Videtur
1139 1354 1229 1395 quod
1259 1355 1304 1385 illi
1337 1365 1451 1387 omnes

386 1369 506 1440 Aqui
536 1409 633 1440 opera
662 1399 898 1430 misericordiae
927 1398 1065 1435 faciunt,
1094 1409 1163 1429 non
1194 1400 1370 1440 punientur
1399 1410 1451 1431 ae—

384 1445 559 1475 ternaliter:
585 1443 640 1474 sed
663 1444 770 1474 solum
792 1444 837 1474 illi
868 1444 924 1483 qui
957 1453 1055 1483 opera
1085 1443 1321 1474 misericordiae
1352 1445 1448 1485 negli-

385 1495 473 1529 gunt.
490 1489 550 1519 Iac.
568 1499 590 1518 11
606 1490 623 1505 ³*
633 1499 639 1519 :
666 1488 826 1519 Iudicium
842 1488 911 1518 sine
931 1488 1155 1519 misericordia
1171 1489 1201 1519 ei
1216 1489 1271 1529 qui
1287 1498 1352 1519 non
1366 1490 1453 1531 fecit

386 1533 651 1564 misericordiam.
686 1533 727 1563 Et
751 1533 862 1563 Matth.
878 1543 900 1563 v
915 1533 947 1562 *ε
978 1532 1075 1563 Beati
1098 1533 1342 1564 misericordes:
1372 1544 1451 1574 quo—

387 1579 473 1609 niam
498 1578 557 1618 ipsi
580 1577 835 1608 misericordiam
859 1582 1104 1617 consequentur.

442 1633 470 1653 2.
496 1623 691 1658 PRAETEREA,
716 1622 827 1652 Matth.
846 1632 906 1651 xxv
921 1622 938 1638 ⁴*
961 1622 1093 1661 ponitur
1114 1621 1302 1662 disceptatio
1319 1622 1453 1653 Domini

386 1677 461 1697 cum
485 1667 592 1697 electis
616 1672 646 1697 et
669 1667 822 1706 reprobis.
848 1665 912 1696 Sed
934 1666 987 1696 illa
1011 1666 1199 1706 disceptatio
1229 1676 1297 1696 non
1321 1672 1368 1697 est
1391 1667 1452 1697 nisi

387 1711 426 1742 de
450 1712 600 1751 operibus
624 1710 869 1741 misericordiae.
895 1710 980 1750 Ergo
1005 1710 1112 1740 solum
1135 1721 1194 1751 pro
1219 1711 1370 1751 operibus
1391 1712 1452 1741 rni-

387 1755 575 1786 sericordiae
609 1756 734 1785 omissis
767 1755 866 1794 aliqui
898 1755 1095 1785 aeternaliter
1126 1756 1309 1795 punientur.
1343 1755 1384 1786 Et
1407 1756 1452 1786 sic

387 1799 473 1830 idern
497 1799 586 1840 quod
608 1800 706 1840 prius.

444 1844 473 1875 3.
498 1845 695 1879 PRAETEREA,
713 1844 824 1873 Matth.
841 1853 872 1874 vl
889 1844 905 1860 ⁴*
929 1843 1062 1873 dicitur:
1088 1843 1222 1874 Dimitte
1238 1844 1329 1874 nobis
1347 1844 1453 1875 debita

147 1498 155 1505 ·
171 1495 238 1516 Vers.
254 1500 285 1523 13.

147 1540 156 1548 ·
171 1538 238 1559 Vers.
254 1544 274 1563 7.

147 1627 157 1637 ‘
173 1625 240 1647 Vei-s.
250 1632 273 1654 3«
291 1631 342 1654 sqq.

150 1846 159 1855 ·
174 1844 240 1865 vers.
257 1849 288 1866 ιι.

388 1894 499 1919 nostra
531 1889 614 1918 sicut
637 1893 667 1918 et
690 1897 749 1918 nos
772 1887 960 1917 dimittimus
976 1887 1171 1918 debitoribus
1188 1889 1329 1918 nostris:
1353 1894 1383 1918 et
1404 1898 1452 1918 se-

387 1933 495 1972 quitur
510 1933 544 1962 *2
570 1932 606 1961 Si
621 1932 705 1961 enim
721 1932 905 1962 dimiseritis
925 1931 1106 1962 hominibus
1130 1937 1189 1962 etc.
1219 1932 1304 1972 Ergo
1328 1932 1453 1963 videtur

387 1976 476 2016 quod
499 1975 736 2012 misericordes,
762 1977 818 2015 qui
851 1975 918 2005 aliis
947 1981 1078 2015 peccata
1109 1975 1289 2012 dimittunt,
1314 1977 1375 2016 ipsi
1398 1986 1452 2007 ve-

386 2021 473 2050 niam
495 2026 703 2060 peccatorum
734 2025 983 2060 consequentur.
1017 2019 1058 2050 Et
1081 2021 1126 2050 sic
1155 2030 1223 2050 non
1255 2021 1453 2052 aeternaliter

387 2065 571 2105 punientur.

150 2114 159 2123 ·
173 2111 239 2133 Vers.
256 2111 277 2133 8·
441 2118 472 2148 4.
497 2109 693 2144 PRAssmm,
711 2108 724 2138 Ι
744 2109 824 2138 Tim.
841 2118 882 2144 iv,
907 2118 1002 2148 super
1018 2108 1098 2138 illud
1113 2109 1140 2144 ἢ
1160 2109 1268 2139 Pietas
1284 2109 1327 2139 ad
1343 2109 1452 2140 omnia

149 2159 159 2168 “
175 2156 244 2184 Apud
259 2156 342 2179 Lomb-
387 2154 480 2188 valet,
505 2153 580 2184 dicit
604 2153 719 2184 Glossa
742 2153 904 2183 Ambrosii
919 2154 952 2183 ἰ
982 2152 1094 2183 Omnis
1117 2162 1242 2184 summa
1266 2153 1454 2194 disciplinae

389 2198 593 2228 Christianae
617 2198 649 2228 in
674 2197 898 2228 misericordia
922 2202 952 2227 et
969 2197 1092 2237 pietate
1114 2202 1182 2228 est:
1209 2207 1305 2238 quam
1336 2198 1454 2239 aliquis

386 2251 529 2283 sequens,
554 2243 582 2273 si
606 2242 764 2273 lubricum
788 2242 898 2272 carnis
915 2241 1075 2282 patiatur,
1099 2242 1170 2272 sine
1193 2242 1288 2273 dubio
1320 2243 1454 2283 vapula-

387 2287 439 2322 bit,
456 2287 512 2317 sed
535 2297 600 2317 non
619 2286 747 2327 peribit.
773 2286 809 2316 Si
828 2287 899 2327 quis
924 2291 1031 2316 autem
1054 2286 1160 2317 solum
1176 2287 1366 2318 exercitium
1382 2297 1454 2318 cor-

381 2331 476 2372 poris
498 2331 654 2367 habuerit,
666 2340 827 2372 perennes
839 2340 967 2371 poenas
984 2331 1141 2371 patietur.
1166 2331 1252 2372 Ergo
1269 2332 1314 2362 illi
1334 2333 1390 2372 qui
1405 2333 1454 2362 in-

387 2377 501 2406 sistunt
525 2376 675 2416 operibus
699 2375 946 2412 misericordiae,
971 2375 1027 2415 qui
1051 2376 1189 2415 peccatis
1206 2376 1383 2407 carnalibus
1400 2376 1454 2407 de-

387 2421 537 2457 tinentur,
561 2430 629 2451 non
652 2421 686 2450 in
709 2425 875 2450 aeternum
898 2420 1084 2460 punientur.
1116 2420 1157 2451 Et
1180 2421 1224 2451 sic
1248 2420 1333 2451 idem
1365 2420 1454 2461 quod

388 2465 486 2504 prius.

444 2509 506 2540 San
531 2518 654 2539 CONTRA
678 2519 732 2539 sssr
756 2508 846 2549 quod
869 2507 985 2539 dicitur
1008 2508 1021 2539 1
1047 2508 1123 2539 Cor.
1143 2519 1175 2539 v1
1191 2509 1223 2539 ἐ
1249 2509 1360 2550 Neque
1374 2510 1454 2551 for-

150 1938 159 1947 ·
174 1935 240 1957 Vei-s.
259 1943 293 1962 ¹4.

150 2519 158 2525 ·
175 2515 241 2537 Vers.
257 2522 283 2544 9,
300 2521 333 2537 ιο.

1462 612 1487 627 10

1464 1052 1490 1066 20

1467 1496 1492 1515 30

1468 1724 1490 1744 ³5

1467 1944 1494 1964 4⁰

1468 2165 1492 2185 45

1470 2391 1494 2411 50

1069 129 1332 175 QUAESTIO
1363 127 1495 173 XCIX,
1525 127 1818 164 ARTICULUS
1847 128 1881 164 V

1500 205 1618 235 nicarii
1641 215 1742 246 neque
1764 205 1905 236 adulteri
1921 215 2058 246 regnum
2074 206 2137 236 Dei
2147 206 2366 246 possidebunt.
2391 206 2454 238 Sed
2472 206 2565 237 multi

1500 249 1556 289 qui
1579 258 1612 279 se
1637 255 1785 280 exercent
1799 250 1833 280 in
1849 250 2000 289 operibus
2016 249 2261 286 misericordiae,
2277 255 2353 281 sunt·
2366 251 2454 281 tales.
2478 251 2563 291 Ergo

1499 303 1566 323 non
1591 303 1704 323 omnes
1727 293 1948 324 misericordes
1971 293 2011 324 ad
2034 303 2170 334 regnum
2185 299 2351 325 aeternum
2366 295 2563 334 pervenient.

1500 338 1540 367 Et
1563 338 1605 367 ita
1629 338 1727 377 aliqui
1751 347 1864 368 eorum
1889 338 2086 368 aeternaliter
2108 339 2292 378 punientur.

1556 391 1584 411 2.
1610 382 1806 418 Prummu,
1831 382 1891 412 lac.
1913 392 1935 412 11
1951 383 1967 399 ³*
1992 382 2124 412 dicitur:
2158 382 2359 424 Quicumque
2391 387 2490 413 totam
2521 383 2565 414 le-

1499 435 1572 467 gem
1596 427 1782 461 servaverit,
1801 426 1946 467 offendat
1961 431 2067 457 autem
2084 427 2116 456 in
2135 436 2210 462 uno,
2227 427 2344 468 factus
2359 432 2406 458 est
2422 427 2565 457 omnium

1501 480 1585 500 reus.
1610 470 1695 510 Ergo
1719 471 1918 510 quicumque
1941 476 2043 501 servat
2065 470 2170 511 legem
2194 471 2304 511 quoad
2326 481 2425 512 opera
2444 472 2566 502 miseri-

1501 514 1628 545 cordiae
1645 520 1676 544 et
1691 515 1823 555 negligit
1835 515 1894 545 alia
1907 524 2015 555 opera,
2027 521 2152 546 reatum
2168 515 2207 546 de
2223 516 2471 556 transgressione
2487 515 2565 556 legis

1500 559 1650 589 incurret.
1675 559 1716 589 Et
1739 560 1782 589 ita
1805 560 2002 590 aeternaliter
2025 560 2186 599 punietur.

1555 603 1745 634 Rasponnsso
1776 614 1936 634 memnon
1960 603 2067 644 quod,
2093 604 2175 634 sicut
2204 604 2404 644 Augustinus
2427 603 2512 640 dicit,
2532 605 2566 634 in

1501 647 1582 678 libro
1607 648 1770 688 praedicto
1786 649 1813 684 ἦ
1838 647 1970 688 quidam
1993 654 2172 688 posuerunt
2195 658 2262 678 non
2286 658 2400 679 omnes
2423 649 2480 688 qui
2504 647 2566 679 Ca-

1501 692 1654 723 tholicam
1684 692 1782 723 fidem
1815 698 1926 723 tenent
1949 702 1967 723 a
1989 702 2097 733 poena
2119 698 2246 723 aeterna
2276 702 2343 723 esse
2375 691 2567 728 liberandos,

1502 735 1557 766 sed
1573 737 1679 767 solum
1695 737 1767 768 illos
1784 738 1838 777 qui
1857 737 2007 777 operibus
2027 737 2261 767 misericordiae
2277 738 2436 773 insistunt,
2454 746 2568 777 quam-

1502 782 1549 811 vis
1579 782 1675 812 etiam
1703 782 1770 812 aliis
1794 782 1979 812 criminibus
2004 782 2066 812 sint
2086 782 2229 812 subiecti.
2254 799 2276 804 -
2307 781 2370 812 Sed
2392 781 2477 812 istud
2499 790 2566 812 non

1464 835 1472 848 1
1502 831 1609 865 potest
1632 831 1723 856 stare.
1755 826 1840 863 Quia
1870 826 1937 856 sine
1969 826 2096 856 caritate
2124 836 2192 856 non
2222 831 2329 866 potest
2352 825 2473 866 aliquid
2495 825 2567 856 Deo

1504 879 1572 900 esse
1596 876 1782 910 acceptum3
1807 879 1867 900 nec
1891 871 1960 900 sine
1983 880 2021 901 ea
2043 870 2174 910 prodest
2197 869 2318 910 aliquid
2341 870 2381 901 ad
2403 870 2501 900 vitam
2516 879 2568 900 ae-

1503 919 1636 944 ternam.
1669 914 1837 954 Contingit
1866 920 1974 945 autem
2005 915 2130 955 aliquos
2154 915 2305 955 operibus
2332 913 2568 945 misericordiae

1503 958 1646 988 insistere
1670 958 1727 998 qui
1750 959 1912 990 caritatem
1936 968 2003 988 non
2019 960 2146 990 habent.
2171 959 2266 990 Unde
2280 959 2329 989 his
2344 959 2423 989 nihil
2439 958 2570 999 prodest

1504 1001 1544 1031 ad
1565 1002 1664 1031 vitam
1687 1007 1848 1032 aeternam
1869 1003 2125 1042 promerendam,
2142 1003 2194 1034 vel
2209 1003 2249 1034 ad
2264 1004 2500 1034 immunitatem
2517 1013 2569 1034 ae-

1503 1050 1611 1075 ternae
1635 1055 1778 1085 poenae:
1804 1051 1840 1076 ut
1863 1051 1950 1085 patet
1973 1047 1985 1076 I
2011 1047 2087 1077 Cor.
2105 1057 2159 1077 xm
2175 1049 2201 1077 *.
2233 1048 2274 1078 Et
2303 1048 2476 1088 praecipue
2506 1048 2570 1078 hoc

1505 1095 1636 1129 apparet
1659 1089 1832 1120 absurdum
1855 1091 1889 1120 in
1912 1091 2101 1130 raptoribus,
2127 1092 2183 1131 qui
2205 1092 2308 1122 multa
2329 1092 2458 1132 rapiunt
2478 1097 2509 1122 et
2523 1097 2570 1122 ta-

1504 1143 1580 1164 men
1604 1134 1711 1173 aliqua
1733 1134 1980 1165 misericorditer
2002 1135 2187 1175 largiuntur.

1561 1178 1602 1208 Et
1624 1177 1699 1208 ideo
1724 1178 1897 1209 dicendum
1921 1178 2011 1219 quod
2027 1180 2226 1220 quicumque
2242 1189 2318 1210 cum
2333 1184 2467 1219 peccato
2483 1189 2570 1211 mor-

1505 1222 1559 1252 tali
1584 1221 1753 1259 decedunt,
1778 1233 1838 1253 nec
1862 1222 1941 1254 fides
1964 1233 2025 1254 nec
2048 1233 2146 1264 opera
2169 1224 2405 1255 misericordiae
2420 1233 2477 1254 eos
2492 1224 2571 1255 libe-

1465 1274 1477 1287 ²
1505 1266 1585 1297 rabit
1609 1277 1626 1297 a
1649 1276 1756 1307 poena
1779 1273 1920 1304 aeterna,
1945 1268 2042 1298 etiam
2069 1273 2144 1308 post
2173 1274 2475 1308 quantumcumque
2499 1278 2570 1309 spa-

1505 1311 1587 1341 tium
1609 1312 1774 1352 temporis.

1561 1356 1612 1386 An
1635 1366 1753 1386 ramum
1776 1366 1859 1386 aneo
1884 1366 2044 1387 mmmmm
2060 1357 2151 1397 quod
2165 1357 2211 1388 illi
2226 1357 2477 1388 misericordiam
2493 1367 2571 1389 con-

1506 1406 1681 1440 sequentur
1697 1401 1754 1440 qui
1769 1400 2021 1431 misericordiam
2037 1401 2182 1432 ordinate
2197 1401 2399 1442 impendunt.
2423 1402 2500 1433 Non
2515 1412 2572 1434 au-

1506 1449 1572 1475 tem
1596 1445 1739 1475 ordinate
1762 1445 2014 1476 misericordiam
2036 1445 2229 1486 impendunt
2253 1447 2309 1486 qui
2325 1447 2447 1486 seipsos
2462 1447 2496 1477 in
2511 1447 2572 1477 mi-

1505 1489 1641 1520 serendo
1665 1489 1849 1530 negligunt:
1875 1489 1930 1520 sed
1946 1490 2046 1530 magis
2066 1500 2099 1521 se
2122 1491 2313 1530 impugnant
2328 1491 2411 1521 male
2435 1490 2571 1531 agendo.

1506 1534 1547 1564 Et
1561 1533 1636 1564 ideo
1660 1534 1738 1564 tales
1753 1534 2005 1565 misericordiam
2024 1536 2152 1574 penitus
2168 1535 2387 1566 absolventem
2402 1545 2470 1566 non
2493 1544 2572 1567 con·-

1506 1584 1699 1618 sequentur:
1725 1579 1782 1609 etsi
1806 1584 2045 1619 consequantur
2065 1579 2316 1610 misericordiam
2332 1579 2372 1610 de
2387 1579 2502 1620 poenis
2517 1579 2572 1611 de-

1506 1623 1579 1653 bitis
1602 1622 1723 1663 aliquid
1746 1623 1949 1654 relaxantem.
2239 1635 2243 1638 ⁴

1562 1667 1613 1697 An
1629 1677 1791 1697 szcunnum
1814 1678 1974 1698 DICENDUM
1997 1667 2087 1707 quod
2109 1677 2176 1698 non
2200 1673 2332 1708 propter
2354 1669 2418 1699 hoc
2440 1669 2574 1709 ponitur

1507 1710 1695 1751 disceptatio
1720 1711 1759 1742 de
1783 1712 1935 1752 operibus
1957 1712 2193 1743 misericordiae
2217 1713 2323 1743 solum
2347 1713 2423 1753 quia
2442 1722 2501 1753 pro
2517 1722 2573 1744 eo-

1506 1765 1579 1786 rum
1602 1756 1752 1796 neglectu
1775 1756 2002 1786 tantummodo
2026 1757 2126 1796 aliqui
2153 1757 2328 1797 puniantur
2356 1757 2572 1789 aeternaliter:

1507 1799 1562 1830 sed
1586 1800 1661 1840 quia
1684 1800 1729 1830 illi
1752 1805 1880 1830 aeterna
1902 1810 2009 1840 poena
2031 1801 2249 1832 liberabuntur
2272 1806 2346 1841 post
2368 1807 2501 1842 peccata
2516 1803 2573 1842 qui

1507 1853 1564 1884 per
1594 1854 1692 1884 opera
1722 1844 1957 1875 misericordiae
1988 1845 2047 1875 sibi
2077 1846 2204 1876 veniam
2228 1846 2496 1885 impetraverunt,
2512 1846 2572 1888 sa-

1507 1889 1624 1919 cientes
1648 1889 1770 1919 amicos
1792 1889 1853 1919 sibi
1875 1889 1914 1919 de
1938 1899 2121 1920 mammona
2146 1890 2324 1930 iniquitatis
2339 1890 2365 1919 *ἦ

1562 1933 1613 1962 Ao
1637 1943 1772 1962 Tannum
1795 1943 1955 1963 memnon
1971 1933 2061 1974 quod
2083 1933 2164 1964 illud
2186 1943 2204 1963 a
2227 1934 2371 1964 Domino
2394 1933 2510 1965 dicitur
2524 1934 2574 1965 his

1508 1977 1564 2016 qui
1588 1982 1702 2016 petunt
1726 1977 1785 2007 sibi
1809 1976 1953 2007 debitum
1977 1977 2125 2008 relaxari:
2149 1987 2217 2008 non
2241 1978 2302 2008 illis
2318 1978 2375 2018 qui
2389 1978 2423 2008 in
2438 1983 2573 2018 peccato

1507 2021 1689 2061 persistunt.
1715 2021 1755 2051 Et
1778 2020 1852 2051 ideo
1876 2021 1937 2051 soli
1960 2023 2164 2062 poenitentes
2186 2031 2244 2062 per
2267 2031 2366 2062 opera
2394 2023 2574 2054 misericor-

1508 2065 1578 2096 diae
1602 2071 1842 2106 consequentur
1864 2065 2116 2097 misericordiam
2139 2067 2203 2097 iam
2226 2066 2354 2107 penitus
2375 2066 2572 2098 liberantem.

1561 2109 1611 2140 An
1637 2120 1785 2140 nummu
1809 2120 1969 2140 nicanum«
1993 2110 2084 2151 quod
2107 2110 2222 2141 Glossa
2245 2111 2407 2142 Ambrosii
2430 2112 2575 2152 loquitur

1509 2153 1548 2184 de
1572 2154 1697 2184 lubrico
1721 2154 1852 2185 venialis
1875 2156 2015 2194 peccati,
2040 2165 2058 2185 a
2081 2164 2148 2196 quo
2173 2155 2286 2195 aliquis
2316 2161 2391 2196 post
2422 2161 2574 2197 purgato-

1509 2199 1569 2228 rias
1592 2208 1730 2238 poenaS,
1756 2208 1835 2239 quas
1859 2200 2099 2240 vapulationem
2123 2199 2216 2236 dicit,
2240 2209 2298 2240 per
2327 2209 2426 2240 opera
2452 2201 2574 2231 miseri-

1510 2242 1636 2274 cordiae
1660 2243 1851 2274 absolvetur.

1566 2287 1634 2324 Vel,
1659 2288 1684 2318 si
1707 2287 1859 2328 loquatur
1882 2287 1922 2319 de
1945 2288 2068 2319 lubrico
2092 2289 2242 2319 mortalis
2257 2289 2391 2329 peccati,
2412 2294 2459 2320 est
2481 2289 2575 2320 intel-

1508 2331 1673 2372 ligendum
1697 2338 1855 2372 quantum
1879 2332 1918 2363 ad
1941 2333 2004 2363 hoc
2028 2333 2128 2374 quod,
2152 2332 2257 2364 adhuc
2279 2333 2314 2364 in
2337 2334 2401 2364 vita
2422 2334 2481 2364 ista
2509 2333 2574 2364 exi-

1509 2381 1636 2412 stentes,
1660 2377 1705 2407 illi
1730 2378 1786 2417 qui
1810 2387 1849 2408 ex
1872 2376 2039 2418 fragilitate
2062 2378 2095 2408 in
2112 2377 2248 2409 carnalia
2263 2383 2395 2418 peccata
2417 2377 2574 2415 incidunt,

1507 2430 1565 2461 per
1603 2431 1701 2461 opera
1734 2421 1971 2452 misericordiae
2005 2422 2045 2453 ad
2078 2423 2311 2462 poenitentiam
2349 2422 2574 2463 disponuntur.

1508 2465 1602 2496 Unde
1626 2466 1695 2496 talis
1720 2475 1784 2496 non
1803 2466 1942 2507 peribit:
1963 2466 2059 2503 idest,
2084 2466 2272 2507 disponetur
2294 2476 2352 2507 per
2373 2466 2448 2497 talia
2476 2475 2575 2507 opera

1509 2509 1549 2540 ad
1571 2519 1640 2540 non
1662 2510 1875 2550 pereundum.

2593 389 2603 400 ·
2618 388 2685 412 νει-ι.
2702 395 2737 413 ιο.

2594 655 2606 665 ·
2623 653 2659 676 De
2681 653 2731 676 civ.
2754 654 2807 682 Dei,

2594 679 2730 729 :iz-..m

2596 1062 2607 1072 ·
2621 1060 2690 1084 Vera.
2706 1066 2752 1090 ¹·3·

2601 1893 2611 1903 ·
2627 1890 2682 1914 [me.
2699 1897 2750 1920 etp.
2764 1897 2813 1919 xvi,

2600 1924 2660 1940 ven.
2675 1923 2699 1946 9.
