2918 4088
162 1401 172 1409 ⁸
186 1399 236 1420 Art.
257 1398 278 1425 6,
298 1398 326 1419 ad
346 1404 372 1423 τις

161 1429 203 1446 art.
219 1431 240 1450 7.

163 1552 172 1560 ‘
181 1550 204 1572 S.
214 1550 374 1571 Tn.1ect.1n.-

163 1576 371 1628 {Dui'dhl'ibgyussast

261 1712 277 1728 α

165 2371 176 2380 ·
191 2369 226 2391 Cf.
247 2369 318 2395 Goar,

166 2396 223 2417 tual.
244 2395 335 2421 Graec„
350 2395 375 2416 In

168 2422 232 2449 Offic.
244 2422 276 2443 S.
294 2422 376 2449 Bapti-

165 2450 235 2469 smat.

166 2818 176 2827 ·
186 2817 231 2844 Qu.
240 2823 299 2844 μιν,
306 2821 346 2839 art.
354 2818 374 2840 8.

410 210 452 233 12

1090 200 1352 247 QUAESTIO
1381 201 1468 247 LX,
1498 200 1789 237 ARTICULUS
1818 200 1898 236 VIII

1125 318 1496 360 ARTICULUS
1537 317 1849 359 OCTAVUS

485 401 641 433 UTRUM
663 402 842 441 ALIQUID
867 403 1026 433 LlCEAT
1055 403 1231 433 ADDERE
1254 402 1405 433 VERBIS
1429 402 1472 432 IN
1496 402 1653 440 Quissus
1677 401 1904 432 CONSISTIT
1928 400 2080 432 FORMA
2103 401 2497 434 SACRAMENTORUM

1193 472 1226 496 IV
1245 472 1327 502 Sent.‚
1346 471 1404 496 dist.
1422 479 1458 500 ω,
1478 477 1525 496 art.
1545 479 1568 502 2,
1587 469 1644 504 quiS
1665 479 1687 502 2,
1709 472 1731 502 3,
1751 479 1775 503 4.

437 569 491 602 fb*
516 574 585 618 ff«
610 565 632 589 D
652 564 822 589 OCTAVUM
842 564 893 588 sm
914 564 1147 589 PROOEmTUR.
1175 551 1336 588 Videtur
1355 550 1461 599 quod

423 594 587 660 ἵζω(
611 604 704 640 nihil
724 604 832 641 liceat
850 605 990 641 addere
1005 604 1132 641 verbis
1151 604 1191 641 in
1210 604 1352 652 quibus
1371 615 1461 639 con—

413 637 472 715 ,fs
514 676 537 706 ἦ
556 654 703 697 (sistit
721 658 845 693 forma
869 664 1206 694 sacramentorum.
1237 657 1329 693 Non
1358 655 1462 692 enim

456 684 552 744 5⁷³5&
567 701 599 744 N
612 709 770 745 minoris
790 717 878 746 sunt
897 709 1125 746 necessitatis
1139 708 1363 746 huiusmodi
1378 720 1461 744 ver-

402 762 450 798 ba
478 761 763 798 sacramentalia
792 774 910 810 quam
938 762 1056 798 verba
1076 774 1203 798 sacrae
1234 761 1460 809 Scripturae.

403 814 477 851 Sed
505 813 631 850 verbis
659 826 786 850 sacrae
825 814 1040 863 Scripturae
1076 814 1170 850 nihil
1206 813 1290 850 licet
1321 813 1462 849 addere

400 868 461 902 vel
489 865 682 902 minuere:
713 866 850 903 dicitur
887 867 990 903 enim
1024 868 1186 903 Deut.1v
1205 867 1241 902 *ε
1280 867 1370 903 Non
1400 866 1461 902 ad-

401 919 488 955 detis
515 919 566 955 ad
590 920 742 956 uerbum
772 919 870 968 quod
895 921 996 956 vobis
1024 919 1166 968 loquor,
1195 931 1262 956 nec
1289 919 1462 965 auferetis

400 973 447 1008 ab
475 983 518 1008 eo
527 984 540 1015 ,·
574 978 610 1007 et
635 972 751 1019 Apoc.
779 973 844 1008 ult.
865 971 901 1008 *z
942 973 1133 1009 Contestor
1165 973 1268 1008 omni
1300 971 1465 1008 audienti

399 1025 512 1061 verba
535 1025 752 1072 prophetiae
770 1024 856 1060 libri
871 1025 999 1060 huius:
1027 1026 1067 1060 Si
1084 1025 1162 1073 quis
1186 1024 1396 1072 apposuerit
1414 1023 1465 1059 ad

400 1078 502 1122 haec,
522 1082 680 1125 apponet
706 1088 817 1125 super
843 1088 927 1112 eum
955 1078 1058 1113 Deus
1077 1077 1216 1126 plagas
1242 1077 1396 1124 scriptas
1423 1077 1460 1112 in

399 1129 494 1165 libro
523 1130 610 1172 isto,·
637 1134 670 1164 et
687 1130 720 1164 si
746 1130 825 1177 quis
843 1129 1066 1174 diminuerit,
1085 1129 1230 1175 auferet
1247 1129 1349 1164 Deus
1371 1140 1461 1176 par-

399 1187 470 1217 tem
490 1182 566 1216 eius
589 1179 634 1216 de
651 1181 745 1217 libro
772 1182 878 1218 vitae.
908 1181 1009 1228 Ergo
1030 1180 1181 1217 videtur
1199 1181 1306 1229 quod
1334 1192 1461 1228 neque

398 1233 437 1270 in
471 1232 604 1269 formis
641 1240 969 1270 sacramentorum
1004 1232 1112 1270 liceat
1139 1232 1282 1281 aliquid
1320 1232 1461 1269 addere

398 1287 460 1321 vel
487 1285 672 1322 minuere.

454 1349 487 1374 2.
518 1338 747 1383 PRAETEREA,
769 1338 887 1374 verba
915 1349 954 1374 se
979 1337 1121 1374 habent
1148 1337 1187 1373 in
1216 1336 1461 1373 sacramentis

398 1403 468 1440 per
485 1390 650 1427 modum
675 1390 833 1435 formae,
853 1398 896 1426 ut
914 1389 1061 1426 dictum
1090 1396 1145 1426 est
1162 1389 1193 1426 ²¹².
1224 1389 1300 1426 Sed
1328 1388 1368 1425 in
1386 1389 1461 1425 for-

399 1443 472 1479 mis
501 1443 690 1492 quaelibet
727 1442 869 1479 additio
898 1443 959 1479 vel
988 1441 1193 1479 subtractio
1229 1441 1351 1478 variat
1378 1453 1461 1490 spe-

399 1495 509 1542 ciem,
530 1495 625 1532 sicut
653 1503 689 1532 et
716 1495 755 1531 in
783 1495 971 1533 numeris:
997 1502 1039 1532 ut
1057 1494 1195 1532 dicitur
1221 1494 1261 1531 in
1280 1495 1361 1531 VIII
1379 1496 1461 1531 Me-

400 1550 542 1598 taphys.
563 1548 582 1570 ’³‘
610 1549 711 1596 Ergo
739 1548 891 1585 videtur
916 1547 1040 1596 quod,
1070 1547 1101 1584 si
1129 1547 1273 1596 aliquid
1301 1546 1463 1584 addatur

399 1603 461 1638 vel
475 1601 718 1638 subtrahatur
736 1613 758 1637 a
776 1600 900 1637 forma
918 1600 1156 1646 sacramenti,
1172 1611 1252 1637 non
1271 1599 1339 1636 erit
1358 1598 1459 1636 idem

401 1661 695 1690 sacramentum.

456 1706 490 1743 3.
520 1707 760 1751 PRAETEREA,
793 1705 889 1742 sicut
917 1706 966 1742 ad
993 1705 1158 1742 formam
1190 1705 1416 1742 sacramenti
1445 1710 1462 1726 α

401 1758 674 1796 determinatus
701 1770 887 1795 numerus
915 1758 1127 1795 dictionum
1155 1757 1378 1806 requiritur,
1412 1757 1463 1794 ita

402 1811 517 1848 etiam
545 1810 747 1859 requiritur
765 1811 1038 1848 determinatus
1066 1810 1163 1847 ordo
1184 1810 1405 1857 verborum,
1426 1818 1463 1846 et

402 1863 516 1901 etiam
544 1863 725 1900 orationis
761 1863 999 1900 continuitas.
1039 1863 1078 1900 Si
1113 1874 1202 1912 ergo
1231 1862 1373 1900 additio
1401 1864 1463 1899 vel

403 1915 606 1953 subtractio
634 1928 714 1953 non
742 1916 862 1953 aufert
889 1915 1115 1953 sacramenti
1142 1915 1340 1952 veritatem
1359 1914 1387 1963 β,
1406 1915 1462 1952 vi-

402 1969 514 2006 detur
540 1969 647 2018 quod
674 1968 756 2018 pari
785 1967 928 2006 ratione
957 1981 1028 2005 nec
1054 1967 1296 2017 transpositio
1324 1968 1462 2005 verbo-

402 2034 501 2066 rum,
522 2029 587 2058 aut
615 2021 729 2058 etiam
757 2021 994 2071 interpolatio
1023 2021 1353 2070 pronuntiationis,

456 2075 529 2111 SED
558 2086 701 2111 CONTRA
739 2086 804 2111 EST
831 2074 939 2123 quod
966 2074 1006 2111 in
1032 2074 1164 2110 formis
1206 2081 1461 2111 sacramento-

402 2139 490 2163 rum
509 2127 701 2176 quaedam
729 2134 978 2176 apponuntur
996 2139 1018 2163 a
1037 2126 1270 2175 quibusdam
1289 2138 1389 2176 quae
1413 2126 1460 2163 ab

402 2179 482 2215 aliis
510 2191 590 2216 non
617 2186 815 2228 ponuntur
833 2185 866 2216 Y:
897 2179 992 2216 sicut
1019 2178 1145 2216 Latini
1172 2178 1363 2228 baptizant
1389 2179 1461 2216 sub

403 2232 475 2268 hac
501 2232 645 2278 forma,
674 2233 759 2281 Ego
795 2238 829 2268 te
855 2234 995 2282 baptizo
1033 2233 1070 2268 in
1104 2233 1254 2268 nomine
1279 2232 1401 2269 Patris
1428 2238 1462 2269 et

402 2285 489 2322 Filii
506 2290 539 2321 et
557 2286 710 2332 Spiritus
729 2286 875 2329 Sancti,·
894 2284 1030 2322 Graeci
1050 2292 1180 2321 autem
1198 2285 1270 2321 sub
1290 2284 1370 2331 ista,
1385 2287 1460 2322 Ba-

337 2369 376 2390 Ri-
397 2339 557 2386 ptizatur
573 2335 587 2359 δ
600 2337 620 2359 *
638 2349 764 2374 servus
786 2339 920 2374 Christi
941 2339 992 2374 N.
1010 2339 1046 2373 in
1076 2339 1226 2374 nomine
1242 2339 1374 2383 Patris,
1390 2345 1459 2374 etc.

403 2390 452 2426 Et
486 2397 616 2426 tamen
643 2390 794 2438 utrique
821 2401 959 2427 verum
986 2390 1187 2426 conferunt
1205 2395 1217 2411 “
1246 2401 1460 2427 sacramen-

402 2450 497 2478 tum.
527 2443 628 2489 Ergo
648 2442 687 2479 in
705 2442 837 2479 formis
857 2450 1185 2480 sacramentorum
1209 2442 1292 2480 licet
1317 2442 1461 2492 aliquid

403 2495 543 2531 addere
570 2496 632 2532 vel
658 2494 844 2532 minuere.

455 2548 678 2584 RESPONm-:o
712 2560 893 2585 memnon
930 2548 1037 2597 quod
1065 2547 1164 2585 circa
1201 2560 1336 2585 omnes
1372 2548 1460 2586 istas

402 2599 633 2636 mutationes
660 2612 760 2648 quae
787 2608 948 2649 possunt
976 2601 1015 2637 in
1042 2601 1173 2637 formis
1206 2609 1460 2638 sacramento-

403 2664 491 2688 rum
510 2652 740 2700 contingere,
760 2653 840 2690 duo
867 2653 1047 2690 videntur
1065 2665 1146 2690 esse
1170 2653 1459 2691 consideranda.

403 2705 535 2742 Unum
563 2705 719 2754 quidem
748 2717 794 2742 ex
821 2713 926 2754 parte
954 2706 1036 2743 eius
1064 2705 1130 2755 qui
1162 2707 1304 2755 profert
1330 2706 1459 2754 verba,

403 2757 512 2793 cuius
540 2756 696 2794 intentio
725 2758 928 2807 requiritur
955 2759 1003 2795 ad
1031 2766 1325 2804 sacramentum,
1345 2767 1388 2796 ut
1405 2759 1460 2796 in-

402 2810 457 2846 fra
474 2810 494 2831 ’¹‘
520 2809 677 2847 dicetur.
708 2811 755 2847 Et
774 2810 872 2858 ideo,
894 2811 924 2847 si
953 2811 1122 2848 intendat
1140 2823 1209 2860 per
1236 2812 1461 2849 huiusmodi

402 2862 636 2899 additionem
655 2864 716 2899 vel
744 2863 1039 2901 diminutionem
1068 2863 1186 2901 alium
1206 2864 1321 2901 ritum
1349 2865 1460 2902 indu-

401 2926 486 2951 cere
514 2915 581 2964 qui
608 2927 688 2952 non
716 2915 762 2952 sit
789 2916 837 2952 ab
856 2916 1025 2954 Ecclesia
1053 2924 1238 2966 receptus,
1259 2929 1339 2954 non
1357 2917 1460 2956 vide-

401 2974 463 3003 rur
490 2967 622 3016 perfici
641 2976 940 3006 sacramentum:
971 2969 1061 3018 quia
1084 2981 1164 3006 non
1183 2970 1335 3007 videtur
1352 2972 1460 3020 quod

403 3019 572 3057 intendat
597 3021 719 3057 facere
747 3021 787 3058 id
814 3022 920 3070 quod
947 3022 1032 3059 facit
1060 3022 1239 3060 Ecclesia.

456 3072 571 3109 Aliud
606 3081 736 3110 autem
763 3082 817 3110 est
844 3074 1167 3112 considerandum
1201 3088 1247 3113 ex
1281 3084 1386 3125 parte
1415 3077 1459 3114 si-

459 3183 486 3216 α)
505 3186 674 3210 sacramenti.
691 3200 710 3205 —-
728 3186 789 3211 Om.
807 3187 874 3219 HpG
894 3193 919 3212 et
937 3188 975 3213 bc.

460 3218 485 3252 β)
505 3219 650 3245 veritatem.
669 3233 687 3240 ι-
704 3221 737 3251 Ρ;
756 3221 891 3246 virtutem.
911 3222 949 3247 Cf.
967 3222 991 3253 ζ,
1009 3221 1031 3248 θ.

457 3253 485 3287 γ)
501 3258 647 3286 ponuntur.
665 3270 683 3274 -
699 3259 873 3287 apponuntur
891 3257 920 3282 P.

458 3288 483 3322 δ)
502 3290 671 3322 Baptizatur.
687 3304 706 3309 -
723 3290 899 3324 Baptizentur
922 3292 972 3323 pH,
993 3292 1149 3324 Baptizetur
1171 3293 1252 3318 FsEH
1278 3298 1303 3318 et
1321 3294 1461 3324 editiones;

409 3324 531 3350 Graeci...
550 3327 598 3350 etc.
617 3332 671 3349 orn.
688 3325 742 3357 pE;
762 3325 793 3350 cf.
811 3333 856 3358 qu.
875 3334 931 3351 wa
950 3332 995 3351 art.
1016 3326 1039 3352 5.
1059 3336 1067 3351 ι
1086 3332 1111 3351 et
1129 3335 1195 3352 van
1213 3333 1261 3353 art.
1284 3327 1309 3353 6.
1327 3327 1350 3353 δ.

459 3358 481 3393 ε)
500 3359 606 3391 utrique
628 3367 719 3385 verum
743 3361 890 3394 conserunt.
914 3374 933 3380 —·
957 3360 1047 3390 PEF1;
1074 3363 1178 3394 utrique
1206 3370 1295 3388 verum
1323 3364 1461 3397 confertur

406 3393 474 3423 BGc,
488 3394 606 3427 utrisque
624 3401 714 3419 verum
732 3395 870 3429 confertur
881 3396 910 3426 C,
924 3397 1029 3428 utrique
1046 3398 1183 3430 confertur
1196 3398 1226 3427 D,
1241 3401 1350 3430 uterque
1369 3406 1460 3424 verum

406 3429 509 3462 confert
527 3430 576 3459 Ha,
596 3433 705 3462 uterque
723 3437 813 3455 verum
832 3432 969 3465 confertur
987 3432 1035 3456 Ab.

459 3463 485 3497 ζ)
503 3464 548 3490 sic.
566 3478 585 3483 -
602 3465 626 3489 si
643 3465 681 3490 sic
699 3465 745 3489 sG.
763 3479 780 3484 -
799 3466 849 3490 Pro
868 3466 974 3495 veritas,
994 3467 1079 3492 virtus
1103 3475 1196 3492 omnes
1220 3474 1321 3500 praeter
1340 3469 1366 3497 Ρ,
1386 3469 1431 3493 sed
1451 3469 1460 3492 1

407 3506 459 3524 om.
479 3499 567 3531 quia...
586 3500 734 3524 verborum.

1514 550 1766 598 gnificationis
1802 550 2023 587 verborum.
2064 551 2166 587 Cum
2195 550 2299 587 enim
2331 552 2450 589 verba
2487 565 2577 601 ope-

1516 610 1646 642 rentur
1665 602 1704 639 in
1732 603 1976 640 sacramentis
1996 611 2186 651 quantum
2214 603 2263 640 ad
2282 615 2440 644 sensum
2459 617 2577 653 quem

1514 655 1666 702 faciunt,
1687 662 1729 692 ut
1748 668 1863 704 supra
1877 655 1897 677 '¹‘
1916 656 2062 692 dictum
2081 663 2147 702 est,
2168 663 2318 704 oportet
2336 656 2577 694 considerare

1515 715 1646 744 utrum
1665 720 1735 756 per
1752 709 1866 745 talem
1886 707 2140 745 mutationem
2159 710 2311 745 tollatur
2329 708 2480 746 debitus
2494 722 2578 746 sen-

1516 773 1580 797 sus
1608 761 1836 797 verborum:
1877 761 1967 809 quia
1995 760 2079 797 sict
2107 761 2351 798 manifestum
2390 769 2444 798 est
2471 763 2578 810 quod

1515 812 1657 849 tollitur
1683 813 1822 849 veritas
1840 813 2078 850 sacramenti.
2107 813 2356 850 Manifestum
2375 821 2430 850 est
2449 821 2578 851 autern

1516 865 1634 914 quod,
1655 865 1685 901 si
1709 865 1947 903 diminuatur
1965 866 2110 915 aliquid
2138 878 2276 903 eorum
2294 879 2394 915 quae
2423 875 2512 904 sunt
2531 867 2578 903 de

1516 917 1725 954 substantia
1751 918 1897 955 somnae
1926 918 2222 966 sacramentalis,
2250 919 2392 956 tollitur
2428 919 2579 957 debitus

1515 982 1650 1007 sensus
1678 970 1908 1008 verborum:
1939 979 1975 1008 et
2002 970 2089 1008 ideo
2118 983 2198 1008 non
2225 971 2421 1020 perficitur
2457 984 2579 1010 sacra-

1515 1030 1703 1059 mentum.
1734 1023 1844 1060 Unde
1863 1023 2056 1073 Didymus
2083 1023 2182 1071 dicit,
2203 1023 2243 1060 in
2262 1024 2358 1061 libro
2378 1025 2424 1062 de
2442 1027 2578 1074 Spiritu

1515 1077 1650 1112 Sancto
1668 1075 1705 1111 ²¹²:
1736 1077 1778 1112 Si
1803 1077 1882 1125 quis
1900 1077 1950 1113 ita
1978 1078 2164 1126 baptizare
2189 1083 2343 1114 conetur
2361 1082 2380 1104 η
2400 1084 2438 1114 ut
2463 1090 2578 1114 unum

1515 1127 1560 1164 de
1581 1128 1781 1178 praedictis
1809 1130 2016 1166 nominibus
2038 1131 2317 1178 praetermittat,
2343 1129 2481 1167 scilicet
2508 1131 2578 1167 Pa-

1515 1179 1580 1216 tris
1608 1188 1644 1216 et
1663 1180 1746 1219 Filii
1775 1188 1810 1217 et
1830 1180 1991 1229 Spiritus
2012 1181 2151 1228 Sancti,
2169 1183 2250 1219 sine
2261 1183 2492 1231 perfectione
2515 1184 2579 1220 ha-

1510 1234 1670 1281 ptizahit.
1691 1254 1717 1259 —
1737 1232 1778 1269 Si
1797 1241 1927 1270 autem
1946 1233 2192 1271 subtrahatur
2210 1234 2355 1283 aliquid
2373 1235 2480 1283 quod
2498 1247 2579 1272 non

1516 1284 1562 1320 sit
1588 1285 1636 1321 de
1665 1284 1876 1321 substantia
1902 1286 2060 1332 formae,
2079 1286 2162 1323 talis
2180 1286 2384 1324 diminutio
2412 1299 2492 1324 non
2510 1289 2580 1324 tol-

1515 1335 1555 1372 lit
1574 1336 1748 1373 debitum
1771 1349 1930 1374 sensum
1949 1337 2171 1386 verborum,
2192 1346 2229 1374 et
2245 1350 2317 1387 per
2339 1351 2581 1389 consequens

1516 1398 1588 1425 nec
1606 1389 1834 1426 sacramenti
1852 1389 2137 1438 perfectionem.
2167 1389 2274 1428 Sicut
2301 1390 2340 1428 in
2359 1391 2484 1430 forma
2502 1392 2580 1429 Eu-

1516 1441 1726 1488 charistiae,
1747 1454 1847 1490 quae
1874 1449 1940 1488 est,
1959 1443 2049 1480 Hoc
2075 1448 2127 1480 est
2153 1444 2253 1480 enim
2281 1456 2416 1494 corpus
2443 1456 2580 1490 meum,

1515 1495 1554 1543 ly
1591 1495 1690 1531 enim
1727 1494 1922 1532 sublatum
1957 1507 2038 1532 non
2078 1495 2172 1532 tollit
2212 1495 2387 1534 debitum
2423 1509 2581 1534 sensum

1515 1547 1739 1594 verborum,
1760 1555 1796 1583 et
1814 1547 1901 1584 ideo
1930 1559 2011 1584 non
2038 1547 2199 1597 impedit
2224 1549 2499 1598 perfectionem
2524 1561 2581 1587 sa-

1517 1599 1719 1636 cramenti:
1755 1599 1934 1649 quamvis
1968 1600 2088 1649 possit
2123 1601 2343 1650 contingere
2377 1602 2485 1652 quod
2521 1602 2581 1639 ille

1517 1651 1584 1701 qui
1611 1652 1888 1701 praetermittit,
1912 1660 2044 1702 peccet
2071 1665 2118 1690 ex
2151 1654 2377 1702 negligentia
2403 1656 2466 1692 vel
2493 1667 2581 1692 eon-

1515 1712 1676 1753 temptu.

1571 1757 1681 1795 Circa
1709 1757 1946 1795 additionem
1973 1757 2088 1795 etiam
2123 1759 2306 1808 contingit
2342 1759 2487 1810 aliquid
2515 1772 2581 1810 ap-

1516 1810 1610 1858 poni
1637 1810 1747 1859 quod
1777 1818 1833 1847 est
1859 1810 2126 1860 corruptivum
2161 1811 2277 1849 debiti
2305 1824 2459 1850 sensus:
2487 1821 2582 1863 puta

1518 1862 1548 1899 si
1576 1862 1711 1912 aliquis
1739 1863 1850 1910 dieat,
1869 1865 1955 1925 Ego
1983 1870 2017 1900 te
2043 1865 2185 1913 baptizo
2213 1866 2249 1901 in
2284 1867 2434 1903 nomine
2460 1867 2582 1904 Patris

1517 1917 1671 1953 maioris
1699 1921 1733 1952 et
1758 1916 1847 1953 Filii
1862 1918 2029 1962 minoris,
2049 1916 2146 1954 sicut
2172 1916 2303 1955 Ariani
2325 1918 2580 1968 baptizabant.

1517 1968 1566 2005 Et
1584 1968 1671 2006 ideo
1699 1968 1782 2005 talis
1800 1968 1943 2006 additio
1962 1968 2055 2006 tollit
2082 1969 2280 2008 veritatem
2299 1970 2537 2008 sacramenti.
2557 1994 2582 1998 -

1518 2020 1558 2058 Si
1586 2033 1680 2058 vero
1708 2021 1754 2058 sit
1781 2021 1863 2058 talis
1891 2021 2034 2059 additio
2062 2034 2162 2071 quae
2197 2035 2278 2060 non
2306 2023 2450 2061 auferat
2477 2024 2581 2062 debi-

1515 2081 1600 2110 tum
1637 2085 1795 2111 sensum
1815 2072 1827 2095 ⁰
1839 2103 1848 2121 ‚
1878 2086 1959 2111 non
1993 2074 2136 2112 tollitur
2169 2075 2396 2113 sacramenti
2431 2077 2580 2114 veritas.

1516 2127 1599 2164 Nec
1628 2127 1738 2164 refert
1765 2133 1897 2164 utrum
1924 2126 2007 2164 talis
2034 2126 2178 2164 additio
2213 2127 2280 2166 fiat
2306 2128 2346 2166 in
2401 2129 2580 2180 rincipio,

1516 2179 1646 2216 medio
1674 2181 1737 2217 vel
1773 2179 1863 2216 fine.
1892 2180 1954 2225 Ut,
1975 2180 2006 2217 si
2033 2179 2170 2229 aliquis
2206 2180 2324 2229 dicat,
2343 2141 2429 2232 Ego
2456 2188 2491 2220 te
2517 2185 2581 2221 ba-

1510 2234 1608 2281 ptizo
1637 2234 1674 2269 in
1704 2234 1855 2270 nomine
1881 2233 1956 2270 Dei
1980 2233 2102 2270 Patris
2129 2235 2406 2284 omnipotentis,
2435 2241 2470 2273 et
2495 2236 2585 2274 Filii

1515 2287 1592 2322 eius
1623 2287 1824 2335 unigeniti,
1853 2291 1886 2322 et
1921 2287 2075 2334 Spiritus
2111 2288 2239 2324 Sancti
2271 2288 2476 2334 Paracleti,
2513 2289 2582 2326 erit

1515 2350 1653 2375 verum
1681 2338 1882 2388 baptisma.
1911 2339 1960 2375 Et
1987 2338 2167 2386 similiter,
2187 2339 2218 2376 si
2245 2339 2333 2389 quis
2359 2339 2469 2387 dicat,
2495 2343 2581 2391 Ego

1514 2397 1549 2427 te
1584 2392 1726 2440 baptizo
1764 2393 1800 2428 in
1840 2393 1990 2428 nomine
2016 2392 2139 2429 Patris
2166 2398 2199 2428 et
2234 2393 2323 2429 Filii
2357 2398 2391 2430 et
2426 2395 2582 2444 Spiritus

1515 2445 1651 2488 Sancti,
1677 2450 1710 2480 et
1736 2445 1843 2481 beata
1865 2445 1981 2494 Virgo
2008 2449 2043 2481 te
2069 2445 2227 2491 adiuvet,
2253 2445 2322 2482 erit
2348 2457 2487 2484 verum
2515 2446 2580 2484 ba—

1515 2496 1664 2545 ptisma.

1567 2550 1680 2586 Forte
1709 2557 1840 2586 autem
1868 2549 1899 2586 si
1927 2549 2078 2596 diceret,
2102 2552 2188 2600 Ego
2216 2557 2250 2587 te
2276 2553 2418 2601 baptizo
2447 2553 2484 2588 in
2514 2564 2579 2590 no-

1514 2604 1614 2639 mine
1640 2603 1763 2639 Patris
1798 2608 1831 2638 et
1858 2603 1946 2639 Filii
1971 2609 2004 2639 et
2040 2604 2195 2653 Spiritus
2229 2605 2356 2641 Sancti
2381 2610 2415 2641 et
2440 2607 2582 2642 Beatae

1522 2656 1686 2704 Virginis
1712 2656 1878 2702 Mariae,
1899 2666 1978 2692 non
2007 2663 2105 2692 esset
2140 2655 2370 2705 baptismus:
2407 2657 2498 2706 quia
2525 2657 2580 2695 di-

1514 2707 1612 2744 citur
1639 2708 1653 2744 I
1676 2709 1763 2746 Cor.
1785 2720 1794 2744 1
1813 2707 1852 2744 ³¹⁸:
1881 2709 2066 2758 Nunquid
2081 2709 2220 2746 Paulus
2236 2722 2307 2759 pro
2332 2711 2436 2748 vobis
2460 2713 2578 2748 cruci-

1503 2762 1613 2808 fixus
1640 2760 1719 2797 est?
1746 2766 1810 2797 aut
1837 2762 1874 2798 in
1904 2762 2055 2798 nomine
2080 2761 2191 2799 Pauli
2216 2763 2388 2812 baptizati
2418 2762 2527 2800 estis?
2553 2786 2578 2790 -

1514 2813 1592 2850 Sed
1621 2814 1696 2850 hoc
1723 2825 1862 2850 verum
1890 2821 1945 2850 est
1972 2813 2003 2850 si
2031 2814 2085 2851 sic
2111 2813 2338 2862 intelligatur
2355 2815 2394 2852 in
2419 2815 2578 2853 nornine

1515 2866 1653 2903 Beatae
1682 2865 1846 2914 Virginis
1874 2866 2055 2915 baptizari
2084 2866 2180 2904 sicut
2207 2867 2246 2904 in
2273 2867 2431 2904 nomine
2452 2867 2577 2905 Trini-

1514 2918 1609 2965 tatis,
1630 2930 1709 2968 quo
1737 2919 1951 2968 baptismus
1970 2927 2230 2956 consecratur:
2259 2919 2342 2956 talis
2361 2919 2465 2957 enim
2493 2932 2576 2957 sen-

1514 2984 1579 3009 sus
1598 2979 1695 3008 esset
1713 2971 1926 3009 contrarius
1943 2983 2058 3009 verae
2076 2971 2179 3019 fidei,
2195 2979 2232 3008 et
2249 2984 2319 3022 per
2335 2984 2576 3022 consequens

1513 3026 1659 3062 tolleret
1686 3024 1884 3062 veritatem
1912 3023 2149 3062 sacramenti.
2180 3023 2220 3062 Si
2247 3037 2341 3062 vero
2365 3024 2419 3063 sic
2444 3025 2575 3063 intelli-

1513 3085 1622 3125 gatur
1640 3077 1769 3126 quod‘
1788 3077 1950 3123 additur,
1971 3083 2004 3114 et
2021 3079 2060 3114 in
2080 3078 2230 3114 nomine
2241 3079 2382 3115 Beatae
2400 3079 2574 3128 Virginis,

1564 3190 1591 3222 η)
1610 3190 1748 3222 baptizare
1771 3194 1889 3216 conetur.
1907 3204 1926 3208 -
1943 3189 2000 3218 ΡΕ;
2026 3189 2164 3222 baptizare
2187 3194 2297 3215 curetur
2320 3191 2465 3224 ABCHpG,
2490 3191 2575 3224 bapti-

1511 3228 1587 3258 zetur
1606 3225 1634 3254 F,
1653 3225 1804 3258 baptizetur
1821 3228 1931 3250 cuntur
1948 3225 1979 3256 D,
1999 3224 2136 3257 baptizare
2155 3226 2292 3250 curaverit
2309 3226 2356 3257 sG,
2375 3226 2512 3260 baptizare
2530 3235 2575 3253 cu-

1511 3263 1593 3284 ratur
1610 3260 1628 3289 1,
1648 3260 1830 3292 baptizaretur
1849 3261 1890 3286 ed.
1907 3267 1933 3290 a,
1952 3260 2089 3292 baptizare
2105 3259 2227 3285 creditur
2244 3261 2283 3286 bc.

1565 3293 1589 3327 Θ)
1608 3302 1723 3320 sensum.
1740 3310 1759 3314 -
1777 3295 1820 3326 1²15
1838 3302 1946 3320 sensum
1963 3295 2133 3320 sacramenti.
2144 3309 2163 3314 --
2182 3295 2232 3320 Pro
2251 3296 2359 3326 veritas,
2378 3297 2464 3322 virtus
2481 3305 2573 3323 omnes

1531 3335 1614 3354 taeter
1632 3330 1659 3354 Ρ.

1512 3337 1528 3362 Ρ
1566 3365 1584 3397 ι)
1604 3365 1642 3390 sic
1669 3365 1838 3398 intelligatur
1863 3364 1944 3398 quod.
1962 3366 2168 3398 —intelligatur
2194 3365 2266 3398 quod
2292 3367 2360 3392 illud
2386 3367 2459 3400 quod
2484 3368 2572 3397 GHbc,

1514 3399 1680 3432 intelligatur
1704 3401 1775 3433 quod
1793 3401 1811 3426 1.
1828 3414 1848 3419 —
1865 3407 1917 3425 non
1943 3401 2020 3432 quasi
2042 3407 2136 3425 nomen
2162 3400 2263 3426 Bootae
2286 3402 2403 3434 Virginis
2425 3410 2478 3428 om.
2498 3403 2572 3433 GH1;

1513 3442 1560 3466 pro
1579 3439 1710 3466 operetur,
1730 3443 1782 3460 non
1802 3438 1927 3467 operetur
1945 3435 2007 3465 GH;
2027 3443 2075 3468 pro
2094 3435 2231 3467 baptismo,
2251 3436 2409 3468 baptISmum
2429 3438 2460 3463 G.

2607 666 2615 675 ·
2630 665 2681 686 Art.
2696 671 2717 692 7,
2732 665 2759 686 ad
2777 673 2795 687 ι.

2607 1084 2616 1091 ·
2632 1081 2682 1103 Lib.
2692 1081 2720 1102 ΙΙ.
2734 1092 2745 1098 -
2758 1080 2823 1103 Inter

2608 1108 2670 1135 Opp.
2685 1107 2782 1129 Hieron.

2705 1144 2721 1167 ⁷1

2607 2716 2617 2726 ·
2632 2713 2699 2737 Vers.
2715 2721 2746 2744 ¹³·
