2878 4088
194 447 204 457 ²
218 446 250 467 Ca
269 461 274 467 .
289 451 311 470 x,
327 451 349 466 n.
365 450 384 465 2.
395 455 404 460 -

193 472 218 494 S.
270 488 275 493 .
292 472 343 493 lect.
358 477 380 492 x.

194 799 204 808 ·
215 797 252 818 Ad
266 797 338 823 Rom„
355 803 404 824 cap.

194 830 240 849 χιι,
258 830 316 845 vers.
337 831 360 850 4.
380 830 404 851 53

193 850 252 871 lad
270 850 334 876 Cor„
354 856 403 877 cap.

194 883 235 900 ιιι,
245 883 302 898 vers.
314 883 336 898 ι’.»
345 883 404 904 sqq:

192 902 320 931 AdEphes.
330 908 379 930 cap.
390 909 405 929 ι,

194 936 254 951 vers.
263 935 296 955 22,
305 935 342 958 23;
355 935 405 956 cap.

194 962 224 980 iv,
240 962 298 977 vera.
311 962 341 984 ¹5⁷
357 955 389 978 ¹6.

196 984 206 993 ³
221 982 286 1003 Vers.
301 989 313 1009 7
326 988 375 1010 sqq.

193 1066 203 1076 ¹
214 1064 279 1085 Num.
293 1069 341 1090 cap.
352 1069 401 1089 νιιι,

194 1097 252 1112 vers.
269 1090 282 1111 6
297 1096 346 1117 sqq.

192 1502 202 1511 ·
221 1500 331 1527 111Reg.,
350 1505 398 1527 cap.

192 1533 214 1553 x,
230 1533 287 1548 vers.
302 1534 324 1552 4,
339 1532 358 1554 5.

191 1724 200 1733 '¹
216 1721 281 1744 Vers.
297 1722 330 1747 ¹6,
347 1728 379 1749 ¹7.

191 1904 201 1913 ·
226 1902 288 1924 Cael.
313 1902 398 1929 Hier„

191 1935 240 1955 cap.
256 1935 290 1956 ιιι,
306 1930 346 1955 52.

193 2474 203 2484 ·
219 2464 284 2494 Vers.
301 2479 332 2501 17.

198 3266 209 3275 ·
224 3265 282 3286 Part.
298 3270 314 3291 ι,
329 3266 338 3291 5
353 3265 375 3287 6.

436 189 484 225 68

430 269 553 308 generis
576 268 729 308 proximi:
754 268 835 298 sicut
858 268 958 298 homo
983 273 1014 298 et
1037 268 1142 298 asinus
1167 272 1240 297 sunt
1259 267 1350 306 plura
1372 264 1496 295 anima-

431 313 485 348 lia,
503 318 533 342 et
556 312 647 352 plura
662 321 802 352 corpora
818 313 972 342 animata.
997 313 1082 352 Ergo
1103 317 1133 342 et
1149 310 1361 341 sacerdotium
1384 313 1414 337 et
1431 306 1495 336 dia-

432 362 584 392 conatus,
610 357 692 387 sicut
715 362 789 387 sunt
812 356 918 396 plures
942 356 1085 392 ordines,
1112 356 1155 385 ita
1178 360 1251 384 sunt
1274 353 1365 392 plura
1394 359 1494 380 sacra-

430 406 552 430 menta:
578 410 653 431 cum
675 406 912 431 sacramentum
936 401 974 430 sit
998 400 1087 439 quasi
1110 408 1210 438 genus
1233 396 1272 426 ad
1296 395 1432 425 ordines.

487 444 515 475 3.
540 444 735 481 Prummu,
753 444 931 475 secundum
954 444 1175 482 Philosopum,
1192 440 1262 471 VIII
1282 439 1385 469 Ethic.
1402 438 1428 472 *‚
1445 446 1493 486 re-

430 489 537 528 gimen
560 489 593 519 in
617 498 683 529 quo
707 499 791 519 unus
814 494 937 519 tantum
961 487 1165 527 principatur,
1183 489 1228 514 est
1251 482 1390 513 nobilius
1413 489 1494 530 regi-

431 542 507 563 men
530 534 767 563 communitatis
784 542 881 572 quam
906 531 1106 564 aristocratia,
1125 538 1188 568 qua
1206 526 1320 556 diversi
1335 526 1368 555 in
1393 524 1493 555 diver-

431 578 472 607 sis
496 576 608 607 officiis
624 578 870 607 constituuntur.
895 574 957 606 Sed
973 574 1113 613 regimen
1137 570 1297 601 Ecclesiae
1316 568 1410 599 debet
1426 577 1493 599 esse

431 621 676 651 nobilissimum.
701 621 786 660 Ergo
802 629 869 650 non
886 619 1013 649 deberet
1029 626 1095 646 esse
1111 616 1144 645 in
1167 614 1310 644 Ecclesia
1333 612 1492 643 distinctio

432 664 582 695 ordinum
605 664 644 695 ad
661 664 800 695 diversos
824 669 921 698 actus,
939 661 994 691 sed
1009 665 1076 690 tota
1098 663 1239 698 potestas
1260 657 1389 687 deberet
1408 655 1494 697 apud

431 719 534 739 unum
557 709 701 739 residere.
725 709 766 738 Et
788 708 832 737 sic
856 706 983 736 deberet
1006 712 1073 733 esse
1096 707 1220 732 tantum
1248 711 1332 732 unus
1357 701 1448 731 ordo.

487 753 548 784 Sin)
573 762 705 788 CONTRA,
722 751 863 782 Ecclesia
886 754 931 779 est
955 756 1071 787 corpus
1100 746 1217 776 Christi
1246 746 1429 787 mysticum,
1453 746 1493 775 si-

431 797 507 827 mile
531 797 657 836 corpori
679 795 820 829 naturali,
838 791 1013 823 secundum
1032 790 1228 830 Apostolum
1243 791 1271 820 ὓ.
1296 789 1359 821 Sed
1373 791 1407 820 in
1424 799 1493 820 cor-

431 850 510 881 pore
533 840 666 870 naturali
690 844 763 869 sunt
786 838 906 868 diversa
928 835 1148 865 membrorum
1165 834 1280 865 officia.
1304 835 1389 874 Ergo
1414 839 1445 865 et
1459 834 1492 864 in

432 885 573 915 Ecclesia
596 884 712 914 debent
735 892 801 912 esse
825 880 938 911 diversi
962 879 1101 909 ordines.

487 938 516 958 2.
540 928 733 961 ΡΗΑΕΤΕΚΕΑ,
754 925 964 955 ministerium
986 924 1063 953 novi
1079 923 1277 953 Testamenti
1301 928 1348 953 est
1368 922 1493 963 dignius

431 981 528 1011 quam
551 972 680 1001 veteris:
706 975 741 999 ut
762 974 848 1009 patet
872 968 898 997 11
924 967 1000 997 Cor.
1017 977 1051 997 ιιι
1067 968 1093 997 *.
1120 967 1183 998 Sed
1204 968 1238 997 in
1260 968 1359 997 veteri
1382 967 1493 997 Testa—

430 1021 539 1045 mento
563 1024 630 1045 non
653 1014 758 1043 solum
788 1011 979 1047 sacerdotes,
1005 1010 1061 1042 sed
1084 1012 1180 1042 etiam
1202 1011 1338 1041 ministri
1367 1020 1491 1047 eorum,

428 1060 550 1094 levitae,
577 1057 852 1088 sanctificabantur
874 1057 900 1086 ἦ
936 1056 1022 1095 Ergo
1047 1060 1079 1086 et
1108 1056 1142 1085 in
1171 1065 1258 1085 novo
1283 1055 1492 1086 Testamento

429 1103 545 1133 debent
568 1102 744 1132 consecrari
766 1110 823 1141 per
839 1099 958 1130 ordinis
982 1105 1216 1130 sacramentum
1231 1109 1299 1129 non
1322 1099 1429 1129 solum
1445 1109 1492 1129 sa-

429 1146 582 1182 cerdotes,
599 1145 653 1176 sed
669 1145 803 1175 ministri
819 1154 942 1175 eorum.
967 1144 1008 1174 Et
1030 1144 1073 1174 ita
1092 1148 1221 1184 oportet
1237 1142 1327 1183 quod
1343 1143 1405 1173 sint
1420 1144 1492 1183 plu-

427 1200 475 1221 res
499 1190 634 1220 ordines.

482 1235 668 1264 REspommo
692 1243 850 1263 mcnnmm
867 1231 956 1272 quod
980 1231 1131 1262 ordinum
1146 1231 1320 1262 multitudo
1337 1237 1384 1262 est
1398 1231 1492 1262 indu-

428 1285 478 1310 cta
499 1279 533 1308 in
556 1278 698 1308 Ecclesia
720 1282 851 1318 propter
878 1277 946 1307 tria.
978 1277 1087 1307 Primo
1111 1276 1253 1317 quidem,
1277 1282 1409 1316 propter
1432 1276 1493 1306 Dei

427 1323 612 1364 sapientiam
635 1321 934 1358 commendandam,
957 1330 1039 1361 quae
1063 1321 1096 1351 in
1116 1321 1318 1351 distinctione
1349 1320 1493 1351 ordinata

427 1377 532 1398 rerum
555 1367 691 1397 maxime
714 1366 844 1402 relucet,
861 1371 927 1396 tam
949 1366 983 1396 in
1006 1365 1202 1396 naturalibus
1224 1375 1322 1405 quam
1345 1366 1379 1395 in
1402 1365 1492 1406 spiri-

427 1412 572 1442 tualibus.
597 1410 696 1448 Quod
719 1409 912 1450 significatur
935 1410 969 1440 in
991 1410 1055 1440 hoc
1080 1409 1170 1450 quod
1193 1410 1310 1451 regina
1333 1409 1428 1446 Saba,
1446 1410 1491 1440 vi-

427 1457 503 1487 dens
527 1455 672 1485 ordinem
696 1455 919 1485 ministrorum
942 1454 1137 1490 Salomonis,
1160 1463 1224 1484 non
1248 1454 1382 1484 habebat
1405 1454 1493 1484 ultra

426 1500 572 1541 spiritum
588 1501 614 1535 ἦ
632 1498 782 1530 deficiens
805 1500 839 1529 in
862 1498 1071 1529 admiratione
1095 1499 1267 1539 sapientiae
1290 1499 1384 1529 illius.

481 1543 640 1580 Secundo,
665 1543 705 1574 ad
731 1543 988 1574 subveniendum
1014 1543 1173 1573 humanae
1201 1542 1391 1573 infirmitati:
1417 1543 1492 1582 quia

426 1599 482 1629 per
497 1598 599 1619 unum
614 1598 682 1618 non
697 1593 844 1628 poterant
860 1588 970 1618 omnia
985 1596 1068 1627 quae
1080 1587 1120 1618 ad
1135 1587 1242 1618 divina
1256 1587 1405 1628 mysteria
1420 1596 1492 1627 per-

426 1633 567 1663 tinebant
583 1632 701 1673 expleri
717 1633 784 1663 sine
800 1642 919 1672 magno
935 1633 1127 1672 gravamine.
1144 1632 1186 1662 Et
1201 1631 1274 1662 ideo
1292 1631 1491 1672 distinguun-

426 1683 476 1708 tur
500 1677 625 1707 ordines
641 1677 755 1707 diversi
771 1676 811 1707 ad
835 1676 956 1707 diversa
972 1675 1086 1706 officia.
1111 1676 1152 1707 Et
1174 1676 1238 1707 hoc
1253 1681 1340 1716 patet
1355 1685 1413 1716 per
1427 1676 1491 1706 hoc

427 1721 516 1762 quod
538 1722 707 1757 Dominus,
730 1721 826 1751 Num.
843 1731 875 1751 xr
890 1722 917 1757 ἡ
934 1720 1020 1751 dedit
1044 1721 1150 1762 Moysi
1172 1720 1378 1762 septuaginta
1401 1729 1492 1751 senes

420 1766 535 1807 populi
557 1766 591 1796 in
614 1765 818 1796 adiutorium.

481 1811 600 1846 Tertio,
618 1815 654 1840 ut
668 1811 719 1840 via
734 1809 925 1850 proficiendi
940 1809 1127 1840 hominibus
1143 1809 1280 1850 amplior
1295 1808 1396 1845 detur,
1414 1808 1492 1839 dum

427 1855 532 1895 plures
556 1855 588 1884 in
612 1854 740 1885 diversis
764 1854 876 1885 officiis
901 1854 1141 1890 distribuuntur,
1158 1859 1195 1884 ut
1218 1863 1331 1884 omnes
1347 1854 1409 1883 sint
1431 1853 1493 1884 Dei

427 1904 667 1939 cooperatores:
693 1909 759 1939 quo
784 1899 865 1929 nihil
888 1904 935 1929 est
957 1898 1107 1934 divinius,
1125 1903 1160 1928 ut
1176 1898 1350 1939 Dionysius
1374 1897 1449 1928 dicit
1464 1898 1491 1928 *-

478 1944 528 1973 An
552 1953 669 1973 Panium
692 1953 775 1973 aaoo
799 1953 959 1973 pronubum
982 1942 1072 1983 quod
1090 1943 1144 1973 illa
1167 1947 1363 1973 sacramenta
1379 1942 1492 1972 dantur

427 1987 466 2018 ad
482 1987 611 2018 effectus
628 1988 752 2027 aliquos
769 1987 1010 2028 percipiendos:
1036 1986 1092 2017 sed
1106 1987 1170 2017 hoc
1186 1992 1420 2017 sacramentum
1437 1986 1491 2016 da-

425 2038 476 2063 tur
499 2032 712 2072 principaliter
729 2031 768 2062 ad
792 2037 880 2062 actus
897 2032 1022 2071 aliquos
1038 2031 1189 2071 agendos.
1221 2031 1262 2061 Et
1284 2030 1357 2061 ideo
1379 2040 1492 2061 secun-

427 2076 504 2107 dum
528 2076 740 2107 diversitatem
756 2082 887 2107 actuum
910 2081 1038 2116 oportet
1062 2075 1151 2116 quod
1174 2075 1294 2106 ordinis
1315 2085 1492 2106 sacramen-

426 2126 495 2151 tum
522 2120 748 2161 distinguatur:
776 2121 858 2151 sicut
883 2121 1047 2161 potentiae
1066 2120 1304 2160 distinguuntur
1319 2129 1376 2160 per
1392 2125 1491 2150 actus.

481 2166 531 2195 An
555 2175 717 2196 secunaum
740 2175 899 2195 mmmmm
923 2164 1013 2205 quod
1029 2163 1189 2195 distinctio
1213 2164 1333 2195 ordinis
1355 2174 1423 2194 non
1447 2170 1494 2194 est

427 2210 524 2239 totius
556 2210 715 2250 integralis
738 2210 771 2240 in
795 2215 918 2249 partes,
945 2218 1052 2249 neque
1075 2210 1174 2239 totius
1204 2209 1405 2245 universalis,
1438 2208 1494 2239 sed

427 2255 524 2284 totius
546 2255 737 2294 potestativi.
763 2253 865 2285 Cuius
887 2254 967 2284 haec
991 2259 1037 2284 est
1059 2259 1181 2288 natura,
1203 2252 1293 2294 quod
1315 2259 1419 2283 totum
1444 2262 1492 2283 se-

428 2298 569 2328 cundum
594 2298 787 2338 completam
810 2299 967 2328 rationem
998 2303 1044 2328 est
1066 2298 1100 2328 in
1123 2307 1207 2334 uno,
1238 2298 1271 2328 in
1295 2298 1362 2328 aliis
1385 2303 1493 2328 autem

429 2343 603 2382 estaliqua
625 2343 824 2383 participatio
856 2343 965 2383 ipsius.
998 2343 1039 2372 Et
1062 2343 1105 2372 ita
1128 2347 1175 2372 est
1203 2342 1266 2372 hic.
1291 2342 1376 2372 Tota
1407 2342 1493 2372 enim

428 2387 592 2427 plenitudo
616 2388 711 2417 huius
735 2388 921 2417 sacramenti
945 2392 991 2417 est
1014 2387 1046 2417 in
1070 2396 1137 2417 uno
1162 2386 1283 2423 ordine,
1303 2387 1423 2417 scilicet
1445 2396 1493 2416 sa-

430 2431 587 2461 cerdotio:
613 2431 667 2462 sed
683 2432 716 2461 in
739 2432 807 2462 aliis
831 2437 877 2462 est
901 2431 1059 2471 quaedam
1074 2431 1275 2471 participatio
1300 2430 1429 2461 ordinis.
1453 2431 1494 2461 Et

429 2476 492 2506 hoc
508 2475 719 2516 significatum
735 2481 781 2506 est
797 2476 830 2506 in
846 2476 909 2506 hoc
927 2475 1016 2516 quod
1032 2476 1192 2506 Dominus
1209 2475 1295 2511 dixit,
1308 2475 1405 2505 Num.
1422 2485 1453 2505 XI
1465 2476 1492 2511 *‚

430 2520 550 2560 Moysi:
582 2521 739 2562 Auferam
769 2520 808 2550 de
835 2520 950 2561 spiritu
975 2525 1030 2550 tuo
1064 2525 1095 2550 et
1125 2519 1251 2550 tradam
1275 2520 1336 2556 eis,
1362 2524 1398 2550 ut
1424 2529 1493 2550 sus—

431 2569 549 2594 tentent
578 2570 679 2595 tecum
704 2574 785 2595 onus
802 2565 928 2606 populi.
963 2564 1004 2594 Et
1026 2563 1100 2594 ideo
1125 2573 1238 2594 omnes
1270 2564 1397 2594 ordines
1420 2570 1494 2594 sunt

430 2618 533 2638 unum
556 2615 798 2639 sacramentum.

484 2653 534 2682 An
558 2663 690 2683 *ramum
713 2663 872 2684 nrcmvmm
888 2653 978 2694 quod
1000 2653 1034 2683 in
1050 2662 1159 2693 regno,
1178 2654 1323 2692 quamvis
1343 2658 1410 2683 tota
1433 2662 1492 2693 po-

430 2697 547 2727 testatis
570 2697 735 2737 plenitudo
760 2697 894 2728 resideat
916 2707 1014 2738 penes
1038 2707 1155 2737 regem,
1172 2707 1239 2727 non
1263 2703 1369 2727 tamen
1387 2697 1492 2727 exclu-

431 2740 548 2771 duntur
570 2742 786 2772 ministrorum
809 2747 1002 2782 potestates,
1029 2751 1111 2782 quae
1140 2747 1213 2772 sunt
1236 2742 1493 2782 participationes

432 2785 586 2824 quaedam
610 2787 712 2826 regiae
735 2787 909 2826 potestatis.
941 2787 982 2817 Et
1012 2786 1155 2816 similiter
1178 2791 1225 2816 est
1247 2787 1280 2816 in
1304 2785 1426 2816 ordine.
1458 2786 1492 2816 In

432 2830 621 2860 aristocratia
644 2836 750 2861 autem
774 2831 860 2871 apud
882 2831 1009 2861 nullum
1032 2830 1147 2861 residet
1162 2830 1330 2871 plenitudo
1354 2836 1493 2870 potesta-

431 2873 479 2909 tis,
496 2874 550 2904 sed
573 2874 658 2914 apud
682 2885 804 2905 omneS.

628 2954 726 2984 ART.
745 2954 780 2984 II.
805 2965 909 2985 UTRUM
933 2965 1000 2985 smr
1024 2965 1138 2986 sarran
1162 2965 1293 2986 oanmas

569 3007 602 3028 1v
618 3007 683 3030 Cont.
701 3008 775 3036 Geni„
791 3015 841 3037 cap.
856 3016 928 3036 cxxv:
945 3009 1012 3031 Cont.
1027 3011 1134 3038 Impugn.
1149 3010 1233 3038 Retig„
1249 3016 1300 3037 cap.
1315 3016 1351 3037 1v;

780 3035 790 3056 1
804 3036 837 3057 ad
852 3036 920 3064 Tim„
935 3042 985 3064 cap.
1002 3042 1036 3063 ιιι,
1051 3037 1102 3059 lect.
1119 3043 1142 3058 ιι.

436 3103 516 3166 Ab
541 3104 700 3124 secunaum
723 3105 768 3125 src
784 3106 986 3127 paoeamrua.
1011 3097 1145 3128 Videtur
1168 3097 1258 3137 quod
1273 3107 1341 3128 non
1360 3098 1422 3128 sint
1445 3107 1493 3128 se-

497 3143 584 3177 ptem
614 3138 749 3169 ordines.
784 3140 919 3171 Ordines
943 3142 1028 3171 enim
1057 3141 1218 3172 Ecclesiae
1245 3141 1432 3172 ordinantur
1455 3142 1494 3173 ad

434 3186 521 3211 actus
543 3182 762 3213 hierarchicos.
787 3183 850 3214 Sed
872 3190 934 3215 tres
949 3191 1023 3215 sunt
1045 3191 1170 3216 tantum
1186 3191 1274 3217 actus
1297 3186 1492 3223 hierarchici,

435 3225 551 3255 scilicet
568 3236 726 3267 purgare,
744 3227 929 3259 illuminare
952 3235 983 3259 et
1008 3230 1182 3270 perficere,
1209 3230 1387 3261 secundum
1411 3239 1493 3270 quos

435 3268 606 3309 Dionysius
629 3269 790 3310 distinguit
813 3277 874 3302 tres
896 3273 1032 3309 ordines,
1049 3275 1082 3304 in
1106 3285 1125 3304 v
1141 3284 1210 3315 cap.
1226 3274 1348 3305 Eccles.
1365 3274 1460 3305 Hier.
1477 3276 1493 3292 ⁴*

435 3312 519 3351 Ergo
543 3323 610 3343 non
633 3319 706 3344 sunt
728 3321 859 3354 septem.

491 3365 520 3386 2.
543 3357 737 3393 PRAnrmuzA,
764 3360 871 3389 omnia
894 3366 1088 3392 sacramenta
1120 3363 1238 3393 habent
1266 3362 1439 3393 efficaciam
1463 3367 1494 3393 et

436 3401 654 3430 auctoritatem
677 3411 715 3431 ex
737 3402 935 3434 institutione
959 3404 1085 3441 Christi,
1109 3406 1159 3436 vel
1182 3407 1293 3437 saltem
1320 3407 1494 3447 Apostolo—

436 3452 507 3472 rum
531 3444 607 3474 eius.
631 3444 693 3475 Sed
709 3445 743 3474 in
766 3445 908 3476 doctrina
929 3447 1044 3478 Christi
1068 3455 1098 3479 et
1121 3450 1354 3490 Apostolorum
1376 3461 1443 3482 non
1459 3450 1495 3482 fit

436 3487 557 3516 mentio
573 3488 632 3517 nisi
649 3487 687 3518 de
702 3489 890 3529 presbyteris
906 3496 937 3521 et
952 3491 1147 3523 diaconibus.
1165 3494 1249 3534 Ergo
1265 3495 1389 3526 videtur
1405 3495 1494 3535 quod

436 3539 504 3560 non
526 3531 587 3560 sint
609 3531 661 3561 alii
684 3531 819 3562 ordines.

1517 446 1526 466 5

1509 670 1534 685 10

1509 891 1531 912 ¹5

1507 1111 1534 1126 20

1507 1332 1530 1352 ²5

1508 1554 1533 1574 30

1508 1775 1530 1796 ³5

1506 1997 1533 2018 4⁰

1507 2218 1531 2239 45

1509 2443 1534 2464 50

1508 2665 1531 2686 55

1507 2885 1534 2905 6ο

1507 3106 1531 3132 ⁶5

1507 3332 1534 3353 70

1508 3552 1532 3573 75

1100 187 1363 235 QUAESTIO
1392 185 1578 231 XXXVII,
1606 183 1899 220 ARTICULUS
1927 183 1957 219 II

1608 262 1637 292 3.
1661 262 1856 297 Pium-anm,
1873 271 1931 301 per
1946 266 2180 291 sacramentum
2197 261 2316 292 ordinis
2340 262 2543 293 constituitur
2563 262 2618 293 ali-

1552 306 1623 345 quis
1647 305 1845 345 dispensator
1868 305 2005 335 aliorum
2032 311 2315 337 sacramentorum.
2349 306 2412 337 Sed
2435 307 2495 337 alia
2517 316 2618 338 sacra-

1550 354 1659 379 menta
1681 354 1755 379 sunt
1779 358 1842 379 sex.
1867 349 1953 389 Ergo
1978 348 2095 379 debent
2119 359 2186 380 esse
2209 355 2334 381 tantum
2357 360 2411 381 sex
2434 350 2572 382 ordines.

1606 392 1668 423 San
1693 402 1826 429 CONTRA,
1851 392 1977 423 videtur
2000 393 2090 433 quod
2123 393 2259 424 debeant
2282 404 2351 425 esse
2379 395 2496 435 plures.
2532 395 2618 433 Quia

1550 442 1671 476 quanto
1696 436 1803 476 aliqua
1825 437 1924 467 virtus
1948 442 1994 467 est
2017 437 2118 473 altior,
2142 443 2231 469 tanto
2265 444 2312 469 est
2333 439 2441 469 minus
2463 439 2618 480 multipli-

1550 480 1658 510 cabilis
1673 481 1699 510 θ’.
1725 480 1788 511 Sed
1802 486 1943 521 potestas
1958 482 2151 512 hierarchica
2173 488 2220 512 est
2238 483 2342 513 alfiori
2355 483 2456 514 modo
2472 483 2507 514 in
2522 493 2617 524 ange-

1549 524 1586 554 lis
1611 534 1709 564 quam
1728 526 1761 555 in
1784 526 1894 555 nobis:
1920 531 1956 556 ut
1972 526 2147 566 Dionysius
2164 526 2240 557 dicit
2255 528 2281 557 ’ἢ
2307 527 2393 558 Cum
2409 537 2485 568 ergo
2501 528 2535 558 in
2550 528 2617 558 hie-

1548 569 1669 599 rarchia
1685 569 1828 609 angelica
1850 570 1912 600 sint
1934 579 2054 600 novem
2071 570 2208 607 ordines,
2225 571 2360 602 totidem
2382 571 2534 602 deberent
2549 581 2617 602 esse

1548 613 1582 643 in
1605 613 1758 649 Ecclesia,
1774 614 1825 644 vel
1848 614 1964 654 plures.

1605 667 1634 687 2.
1658 658 1854 694 Pani-unni,
1872 659 2040 699 prophetia
2068 659 2267 699 psalmorum
2298 664 2344 690 est
2373 659 2514 690 nobilior
2535 661 2617 691 inter

1549 711 1662 732 omnes
1678 702 1753 732 alias
1771 703 1956 743 prophetias
1971 704 1998 733 *.
2023 702 2086 734 Sed
2102 703 2142 734 ad
2156 703 2431 743 pronuntiandum
2448 705 2482 734 in
2505 704 2616 735 Eccle-

1548 747 1593 776 sia
1616 746 1691 776 alias
1714 747 1897 787 prophetias
1921 753 1968 777 est
1983 757 2067 778 unus
2091 747 2182 784 ordo,
2199 748 2319 778 scilicet
2338 748 2506 779 lectorum.
2530 748 2616 789 Ergo

1548 796 1579 821 et
1603 790 1642 821 ad
1664 791 1940 831 pronuntiandum
1959 792 2100 832 psalmos
2124 792 2254 823 deberet
2277 801 2345 823 esse
2361 792 2440 822 alius
2463 791 2561 823 ordo:
2586 798 2617 823 et

1547 835 1719 875 praecipue
1736 845 1811 866 cum
1827 836 1860 866 in
1880 836 2032 873 Decretis,
2050 836 2119 867 dist.
2136 837 2209 867 XXI
2225 838 2252 873 ’ἢ
2263 836 2435 877 psalmista
2456 836 2616 868 secundus

1548 880 1586 910 ab
1611 880 1740 910 ostiario
1763 881 1845 910 inter
1868 880 1996 911 ordines
2018 886 2167 921 ponatur.

1602 923 1792 954 Ruspommo
1819 934 1979 955 melianum
2008 924 2096 965 quod
2123 925 2255 966 quidam
2281 924 2504 956 sufficientiam
2532 925 2616 956 ordi-

1546 977 1627 998 num
1643 974 1809 999 assumunt
1827 978 1885 1009 per
1900 969 2062 1009 quandam
2085 969 2323 1010 adaptationem
2339 969 2378 1000 ad
2393 971 2506 1010 gratias
2522 970 2616 1010 gratis

1548 1011 1644 1048 datas,
1670 1011 1709 1043 de
1733 1013 1850 1052 quibus
1873 1014 2007 1044 habetur
2030 1014 2042 1044 I
2069 1013 2145 1045 Cor.
2162 1024 2205 1044 xn
2220 1015 2247 1044 θ’.
2273 1014 2393 1044 Dicunt
2416 1015 2503 1044 enim
2526 1014 2617 1054 quod

1546 1065 1652 1086 sermo
1683 1057 1861 1096 sapientiae
1891 1058 2046 1097 competit
2076 1059 2246 1098 episcopo,
2276 1059 2351 1098 quia
2380 1059 2449 1099 ipse
2479 1058 2616 1090 aliorum

1547 1100 1711 1130 ordinator
1727 1106 1783 1136 est,
1801 1101 1891 1141 quod
1907 1101 1946 1131 ad
1962 1102 2149 1141 sapientiam
2172 1103 2325 1142 pertinet;
2341 1112 2447 1133 sermo
2463 1103 2617 1134 scientiae

1546 1143 1713 1180 sacerdoti,
1730 1145 1806 1184 quia
1829 1145 1923 1175 debet
1945 1146 2061 1176 habere
2084 1146 2206 1176 clavem
2222 1147 2372 1177 scientiae
2386 1148 2420 1184 *3
2438 1147 2528 1188 fides
2550 1147 2616 1178 dia-

1547 1197 1644 1225 cono,
1668 1188 1724 1228 qui
1747 1188 1908 1228 praedicat
1930 1189 2160 1229 Evangelium;
2185 1199 2285 1230 opera
2313 1191 2466 1221 virtutum
2489 1191 2616 1223 subdia-

1547 1242 1650 1268 cono,
1676 1233 1732 1273 qui
1760 1242 1794 1263 se
1817 1232 1857 1263 ad
1881 1242 1978 1273 opera
2009 1233 2214 1274 perfectionis
2246 1234 2387 1265 extendit
2416 1244 2473 1276 per
2502 1241 2616 1267 votum

1547 1277 1782 1313 continentiae;
1816 1277 2039 1318 interpretatio
2062 1287 2248 1309 sermonum
2271 1279 2437 1319 acolytho,
2463 1278 2553 1319 quod
2575 1280 2616 1310 si-

1546 1320 1715 1361 gnificatur
1737 1322 1771 1352 in
1794 1321 1917 1352 lumine
1941 1321 2030 1362 quod
2054 1322 2173 1359 defert3
2197 1323 2310 1365 gratia
2331 1323 2508 1354 sanitatum
2524 1333 2616 1354 exor-

1547 1366 1662 1402 cistae;
1693 1366 1805 1407 gratia
1837 1366 2027 1408 linguarum
2056 1367 2256 1407 psalmistae;
2283 1368 2456 1408 prophetia
2483 1367 2614 1405 lectori;

1547 1410 1697 1440 discretio
1721 1410 1892 1451 spirituum
1916 1411 2056 1447 ostiario,
2074 1412 2129 1452 qui
2153 1411 2312 1451 quosdam
2326 1412 2451 1452 repellit
2467 1417 2498 1443 et
2517 1421 2615 1453 quos-

1547 1454 1621 1485 dam
1644 1454 1790 1485 admittit.

1602 1498 1665 1529 Sed
1687 1499 1752 1529 hoc
1774 1499 1854 1529 nihil
1878 1505 1933 1530 est.
1958 1500 2045 1538 Quia
2066 1501 2183 1541 gratiae
2199 1501 2293 1540 gratis
2309 1500 2400 1531 datae
2415 1510 2483 1531 non
2499 1500 2616 1532 dantur

1547 1543 1668 1580 eidem,
1693 1544 1775 1574 sicut
1798 1553 1911 1574 omnes
1938 1544 2066 1575 ordines
2097 1544 2212 1575 dantur
2235 1544 2358 1576 eidem:
2390 1545 2505 1576 dicitur
2528 1545 2615 1576 enim

1547 1588 1559 1618 I
1578 1588 1654 1618 Cor.
1671 1598 1715 1618 xn
1730 1589 1765 1618 *z
1789 1588 1975 1620 Divisiones
1996 1589 2183 1630 gratiarum
2206 1594 2290 1620 sunt.
2315 1608 2338 1612 —
2360 1589 2402 1620 Et
2422 1590 2539 1620 iterum
2554 1599 2614 1630 po-

1546 1638 1667 1663 nuntur
1690 1632 1849 1673 quaedam
1872 1642 1955 1673 quae
1979 1633 2107 1664 ordines
2126 1643 2195 1664 non
2212 1633 2379 1665 dicuntur:
2404 1634 2525 1665 scilicet
2547 1634 2615 1675 epi-

1546 1682 1697 1717 scopatus
1712 1677 1729 1694 ⁴*
1753 1682 1785 1707 et
1806 1677 2020 1717 psalmistatus
2036 1678 2080 1708 ⁸.

1602 1721 1643 1752 Et
1665 1721 1739 1752 ideo
1763 1721 1815 1751 alii
1839 1722 1998 1762 assignant
2021 1721 2200 1753 secundum
2230 1722 2391 1763 quandam
2415 1722 2614 1754 assimilatio-

1545 1775 1622 1796 nem
1645 1764 1685 1796 ad
1708 1766 1877 1796 caelestem
1907 1767 2131 1803 hierarchiam,
2155 1767 2189 1797 in
2212 1767 2330 1807 quibus
2354 1766 2481 1797 ordines
2505 1766 2614 1798 distin-

1546 1815 1688 1850 guuntur
1715 1809 1894 1841 secundum
1924 1811 2165 1851 purgationem,
2189 1811 2459 1842 illuminationem
2489 1816 2520 1841 et
2542 1820 2615 1852 per-

1546 1854 1730 1885 fectionem.
1769 1855 1890 1885 Dicunt
1913 1856 1999 1885 enim
2031 1854 2121 1895 quod
2145 1856 2291 1886 ostiarius
2308 1860 2438 1897 purgat
2459 1856 2612 1892 exterius,

1547 1898 1742 1939 segregando
1766 1899 1871 1929 bonos
1887 1909 1905 1929 a
1918 1899 2011 1930 malis
2031 1900 2126 1930 etiam
2143 1900 2366 1940 corporaliter:
2389 1900 2522 1930 interius
2537 1909 2614 1931 vero

1547 1943 1724 1984 acolythus,
1743 1943 1817 1983 quia
1841 1953 1898 1983 per
1918 1943 2029 1974 lumen
2053 1943 2143 1984 quod
2165 1949 2272 1984 portat
2299 1943 2455 1984 significat
2478 1953 2511 1974 se
2533 1945 2615 1975 inte-

1546 1988 1645 2018 riores
1668 1987 1814 2018 tenebras
1837 1988 1975 2028 pellere;
2001 1987 2056 2018 sed
2071 1993 2211 2028 utroque
2233 1987 2335 2018 modo
2359 1989 2523 2024 exorcista,
2540 1989 2616 2028 quia

1547 2032 1729 2068 diabolum,
1754 2041 1853 2072 quem
1881 2032 2026 2073 expellit,
2051 2038 2190 2072 utroque
2217 2032 2318 2063 modo
2349 2033 2521 2073 perturbat.
2553 2032 2616 2064 Sed

1547 2076 1760 2112 illuminatio,
1786 2085 1869 2116 quae
1892 2075 1928 2107 fit
1954 2086 2011 2117 per
2034 2076 2229 2113 doctrinam,
2255 2082 2412 2117 quantum
2436 2076 2475 2107 ad
2499 2076 2616 2108 doctri-

1546 2130 1622 2151 nam
1645 2121 1868 2160 propheticam
1890 2119 1927 2151 fit
1949 2130 2007 2161 per
2029 2121 2182 2158 lectores;
2207 2127 2365 2161 quantum
2388 2121 2428 2152 ad
2450 2121 2615 2162 Apostoli-

1548 2175 1619 2195 cam
1642 2164 1678 2195 fit
1700 2174 1757 2205 per
1772 2165 2006 2202 subdiaconos;
2031 2170 2189 2206 quantum
2205 2165 2246 2196 ad
2261 2166 2486 2206 Evangelicam
2507 2165 2544 2196 fit
2558 2175 2616 2206 per

1547 2209 1720 2240 Diaconos.
1746 2209 1809 2240 Sed
1826 2210 1987 2252 perfectio
2013 2211 2205 2247 communis,
2222 2215 2336 2250 utpote
2359 2219 2443 2250 quae
2466 2215 2514 2241 est
2535 2219 2615 2250 poe-

1547 2254 1698 2284 nitentiae
1723 2259 1754 2284 et
1777 2254 1925 2294 baptismi
1956 2260 1987 2285 et
2015 2254 2219 2291 huiusmodi,
2243 2254 2280 2285 fit
2309 2264 2367 2295 per
2395 2254 2614 2292 sacerdotem:

1548 2298 1705 2329 excellens
1728 2308 1804 2328 vero
1828 2308 1886 2339 per
1909 2299 2109 2339 episcopum,
2132 2305 2167 2329 ut
2191 2299 2389 2330 consecratio
2412 2298 2615 2330 sacerdotum

1548 2348 1580 2373 et
1593 2343 1772 2383 virginum;
1797 2343 1852 2373 sed
1868 2343 2130 2374 excellentissima
2146 2353 2203 2383 per
2219 2343 2390 2374 Summum
2413 2342 2614 2385 Pontificem,

1546 2388 1581 2418 in
1605 2397 1671 2427 quo
1696 2393 1743 2417 est
1765 2387 1932 2427 plenitudo
1957 2388 2162 2418 auctoritatis.

1603 2431 1666 2462 Sed
1688 2432 1752 2462 hoc
1775 2432 1853 2462 nihil
1879 2437 1935 2462 est.
1966 2432 2054 2462 Tum
2078 2433 2153 2472 quia
2179 2432 2306 2463 ordines
2334 2432 2475 2463 caelestis
2498 2433 2615 2463 hierar-

1548 2476 1637 2507 chiae
1660 2485 1728 2506 non
1751 2475 1989 2516 distinguuntur
2011 2486 2068 2516 per
2082 2476 2257 2517 praedictas
2281 2477 2422 2507 actiones
2445 2477 2614 2508 hierarchi-

1548 2530 1618 2552 cas:
1644 2530 1719 2550 cum
1747 2521 1908 2560 quaelibet
1937 2521 2067 2551 cuilibet
2097 2521 2248 2551 ordinum
2279 2521 2458 2551 conveniat.
2481 2539 2504 2544 -
2525 2521 2614 2552 Tum

1548 2565 1633 2605 quia,
1650 2565 1828 2595 secundum
1847 2565 2041 2606 Dionysium
2057 2566 2083 2601 ξ
2100 2565 2176 2596 solis
2192 2566 2352 2606 episcopis
2376 2565 2527 2596 convenit
2542 2574 2614 2606 per-

1547 2609 1652 2645 ficere,
1677 2609 1856 2640 illuminare
1880 2615 1988 2640 autem
2011 2609 2238 2647 sacerdotibus,
2261 2619 2397 2650 purgare
2423 2615 2532 2641 autem
2553 2610 2614 2640 mi-

1546 2654 1651 2684 nistris
1675 2654 1835 2684 omnibus.

1602 2698 1643 2728 Et
1672 2697 1745 2728 ideo
1777 2698 1860 2728 alii*
1884 2698 2091 2738 appropriant
2121 2698 2249 2729 ordines
2278 2703 2402 2739 septem
2433 2698 2544 2729 donis:
2577 2703 2615 2729 ut

1547 2741 1725 2773 sacerdotio
1753 2741 1945 2782 respondeat
1975 2742 2098 2773 donum
2128 2743 2317 2784 sapientiae,
2343 2752 2426 2783 quae
2448 2752 2508 2773 nos
2525 2751 2614 2783 pane

1547 2787 1632 2818 vitae
1647 2791 1678 2817 et
1693 2787 1871 2817 intellectus
1894 2787 1979 2817 cibat
1993 2788 2019 2823 *,
2036 2788 2118 2817 sicut
2140 2786 2288 2818 sacerdos
2303 2796 2363 2818 nos
2379 2796 2463 2828 pane
2486 2787 2613 2818 caelesti

1547 2831 1666 2868 reficit;
1697 2830 1753 2862 sed
1775 2832 1873 2861 timor
1896 2831 2044 2867 ostiario,
2075 2832 2151 2871 quia
2172 2841 2233 2862 nos
2257 2837 2381 2872 separat
2403 2841 2421 2862 a
2442 2831 2552 2868 malis3
2580 2835 2613 2862 et

1547 2877 1592 2906 sic
1614 2875 1793 2906 intermedii
1818 2875 1945 2906 ordines
1968 2875 2163 2916 respondent
2185 2875 2299 2906 mediis
2322 2875 2424 2906 donis.

1603 2919 1666 2951 Sed
1680 2920 1744 2950 hoc
1759 2920 1875 2950 iterum
1896 2920 1975 2950 nihil
1991 2925 2046 2950 est.
2072 2919 2158 2958 Quia
2172 2921 2205 2950 in
2222 2920 2367 2960 quolibet
2389 2918 2501 2950 ordine
2516 2919 2612 2960 septi-

1547 2964 1658 2995 formis
1681 2964 1779 3004 gratia
1803 2963 1903 2994 datur.

1602 3009 1644 3039 Et
1666 3008 1740 3039 ideo
1764 3008 1853 3039 aliter
1875 3008 2049 3039 dicendum
2072 3007 2163 3048 quod
2185 3007 2304 3038 ordinis
2322 3012 2556 3038 sacramentum
2573 3006 2613 3038 ad

1547 3058 1782 3083 sacramentum
1805 3053 2022 3083 Eucharistiae
2045 3051 2222 3088 ordinatur,
2246 3051 2337 3092 quod
2360 3056 2407 3082 est
2428 3060 2612 3082 sacramen-

1548 3102 1614 3128 tum
1637 3102 1926 3133 sacramentorum,
1942 3102 1979 3127 ut
1994 3097 2167 3137 Dionysius
2186 3095 2262 3126 dicit
2276 3097 2303 3126 *.
2326 3095 2415 3126 Sicut
2430 3096 2516 3126 enim
2531 3101 2613 3126 tem-

1548 3142 1640 3182 plum
1663 3147 1695 3172 et
1718 3141 1823 3177 altare,
1841 3146 1872 3172 et
1886 3151 1960 3171 vasa
1984 3146 2015 3171 et
2037 3146 2150 3176 vestes,
2165 3140 2209 3170 ita
2232 3145 2264 3170 et
2278 3140 2451 3170 ministeria
2475 3149 2557 3180 quae
2573 3139 2613 3170 ad

1547 3186 1779 3216 Eucharistiam
1802 3185 1999 3221 ordinantur,
2024 3184 2263 3215 consecratione
2286 3183 2448 3224 indigent:
2481 3189 2512 3214 et
2534 3185 2614 3214 haec

1548 3230 1745 3260 consecratio
1762 3234 1809 3259 est
1825 3229 1944 3259 ordinis
1966 3233 2210 3259 sacramentum.
2234 3228 2276 3258 Et
2290 3227 2364 3258 ideo
2384 3227 2544 3259 distinctio
2562 3237 2613 3259 or-

1548 3273 1629 3304 dinis
1647 3279 1693 3304 est
1708 3273 1893 3313 accipienda
1916 3272 2094 3303 secundum
2112 3272 2300 3302 relationem
2316 3272 2355 3302 ad
2370 3272 2611 3303 Eucharistiam.

1602 3317 1689 3356 Quia
1711 3322 1850 3358 potestas
1874 3316 1993 3347 ordinis
2009 3321 2064 3347 aut
2078 3321 2125 3347 est
2141 3315 2180 3346 ad
2196 3317 2471 3347 consecrationem
2486 3317 2612 3347 Eucha-

1547 3362 1651 3392 ristiae
1674 3362 1784 3402 ipsius,
1808 3366 1863 3391 aut
1885 3360 1925 3391 ad
1948 3360 2081 3401 aliquod
2103 3361 2314 3391 ministerium
2338 3360 2552 3392 ordinandum
2573 3360 2613 3391 ad

1547 3407 1621 3437 hoc.
1653 3405 1687 3436 Si
1709 3406 1814 3446 primo
1837 3405 1952 3442 modo,
1976 3405 2020 3436 sic
2044 3410 2091 3435 est
2114 3404 2194 3435 ordo
2217 3405 2430 3436 sacerdotum.
2463 3406 2504 3436 Et
2526 3404 2611 3441 ideo,

1549 3460 1624 3481 curn
1648 3450 1844 3486 ordinantur,
1869 3449 2031 3489 accipiunt
2057 3449 2189 3479 calicem
2212 3459 2287 3480 cum
2309 3450 2386 3480 vino
2410 3455 2442 3480 et
2463 3454 2612 3490 patenam

1549 3504 1624 3525 cum
1647 3504 1740 3535 pane,
1764 3498 1955 3534 potestatem
1985 3494 2176 3534 accipientes
2207 3493 2414 3525 consecrandi
2441 3503 2558 3534 corpus
2581 3498 2613 3523 et

1548 3539 1736 3579 sanguinem
1760 3537 1886 3569 Christi.

2647 494 2657 504 ·
2665 492 2699 515 Cf.
2708 493 2748 515 lib.
2756 492 2786 515 de
2793 493 2858 515 Cau·

2644 519 2857 574 {aestimat

2644 572 2668 593 S.
2679 571 2723 594 Th.
2736 573 2786 594 lect.
2800 579 2856 595 xvn.

2644 598 2718 620 'Ecch
2726 599 2794 621 Hier.
2804 605 2855 627 cap.

2645 626 2722 651 &54-

2643 709 2654 720 ”
2671 708 2708 730 Cf.
2730 708 2856 731 Lornbnrd.

2644 734 2726 763 Praes
2737 735 2761 757 in
2768 735 2856 758 Pealm.

2643 844 2654 854 '¹
2669 842 2726 871 cup.
2742 842 2833 867 cleros.

2643 1020 2654 1031 ⁸
2668 1019 2735 1044 Vm.
2749 1027 2766 1048 ⁴
2775 1025 2828 1049 sqq.

2643 1153 2654 1163 ·
2660 1151 2696 1174 ef.
2703 1151 2759 1174 Luc.
2767 1157 2818 1180 etp.
2824 1158 2855 1180 xx,

2643 1184 2703 1201 vera.
2717 1185 2750 1207 ⁵²·

2642 1595 2733 1619 'vem
2747 1603 2772 1624 4.

2641 1681 2785 1731 1·⁰‹‘2·‹f¹·÷¹.·.¹f:·.’
2791 1685 2856 1737 ³223:

2641 1734 2671 1757 ad
2683 1741 2703 1764 5.

2641 2570 2827 2594 *Exanime-
2845 2587 2852 2594 .

2640 2605 2663 2627 v,
2673 2604 2733 2627 ραι-ι.
2741 2599 2776 2626 1„
2785 2604 2805 2628 5,
2832 2615 2838 2621 .

2640 2702 2743 2758 ἑὲὶιιε
2755 2702 2855 2752 aaa:

2639 2755 2691 2787 eju
2717 2756 2835 2778 mico-te
2843 2772 2852 2783 ,

2640 2782 2792 2837 Pbeif’fftg?
2799 2789 2852 2832 2⁴¹&

2640 2834 2701 2858 Viet.
2707 2834 2738 2858 de
2742 2835 2854 2858 Sacram

2639 2861 2680 2883 lib.
2686 2861 2716 2889 11,
2725 2868 2749 2890 p.
2758 2868 2791 2890 ιιι,
2801 2868 2852 2891 cap.

2638 2893 2737 2937 v:⁸Ecclr‘.
2747 2920 2799 2943 οιρ.
2813 2921 2853 2942 xv,

2638 2947 2698 2964 vera.
2711 2947 2733 2970 3.

2640 3101 2716 3124 wool.
2723 3101 2793 3124 Hier.
2800 3107 2854 3130 «ap.

2640 3134 2672 3156 ιιι,
2687 3129 2696 3155 1
2713 3136 2731 3152 ι.
