2918 4088
32 799 34 802 Ι
74 766 85 777 ·
99 764 165 787 Vers.
181 771 203 793 9.

19 2455 52 2493 ..Ι

73 866 84 876 ·
97 865 176 887 luter}
189 865 286 888 flieron-
310 865 456 906 verunt,
485 859 575 896 dicit
602 859 740 897 Glossa
758 859 795 896 *t

70 1233 83 1245 ⁶
97 1231 165 1255 ven.
180 1239 199 1256 ι.

68 1393 81 1404 ·
95 1391 163 1415 Ven.
176 1391 212 1420 38,

958 214 1221 261 QUAESTIO
1249 214 1461 261 LXXXIV,
1491 213 1784 251 ARTICULUS
1812 215 1862 251 Vl

2427 215 2503 264 293

1133 366 1454 410 ARTICULUS
1484 365 1694 407 SEXTUS

673 471 831 502 UTRUM
855 470 1154 502 POENITENTIA
1177 471 1244 502 SIT
1273 470 1484 500 SECUNDA
1513 469 1686 500 TABULA
1709 469 1828 500 POST
1845 470 2155 500 NAUFRAGIUM

588 560 622 584 1v
642 560 726 590 sent„
746 561 805 585 dist.
824 567 852 591 11,
872 567 916 592 qu.
935 567 952 589 ι,
972 565 1018 585 art.
1039 559 1063 590 3,
1083 559 1115 584 ad
1135 558 1165 589 5;
1185 558 1243 583 dist.
1261 565 1311 589 Ην,
1332 565 1376 590 qu.
1396 565 1413 587 ι,
1433 562 1480 582 art.
1501 565 1525 588 2,
1544 557 1594 590 qu¹
1613 565 1645 589 4;
1665 558 1723 582 dist.
1742 565 1792 589 xvr,
1812 565 1856 590 qu.
1876 566 1910 589 lv,
1930 563 1976 583 art.
2000 567 2021 589 1,
2040 559 2090 592 qu⁸
2111 566 2134 588 ι,
2152 560 2184 584 ad
2206 566 2229 584 ι.

348 664 359 683 a
360 668 409 706 esi
452 679 474 690 st
500 661 547 686 D
576 661 720 686 SEXTUM
748 661 801 686 S1c
827 660 1064 686 PROCEDlTUR.
1084 647 1247 684 Videtur
1275 647 1382 696 quod
1435 647 1630 684 confertur
1658 654 1694 683 et
1722 654 1974 684 conservatur
2000 660 2070 696 per
2089 656 2328 685 sacramenta
2355 649 2506 698 praedi-

333 682 517 797 εἰς

335 786 356 814 ’3
372 777 494 850 (233³)
485 799 517 845 x
542 812 554 826 .

564 813 722 844 ceatum
741 819 849 844 suum
876 808 969 843 sicut
997 806 1160 844 Sodoma
1183 806 1381 858 praedica-

829 860 1000 897 Secunda
1027 859 1153 896 tabula
1175 865 1261 908 post
1289 871 1381 896 nau-

300 913 481 962 fragium
509 918 561 949 est
582 918 740 960 peccata
767 912 1006 949 abscondere.
1046 911 1287 948 Poenitentia
1314 924 1382 949 au-

309 972 389 1002 tem
416 976 497 1001 non
525 964 727 1002 abscondit
754 972 922 1014 peccata,
952 965 1020 1002 sed
1049 964 1171 1013 magis
1200 977 1246 1002 ea
1274 976 1381 1002 reve-

308 1018 370 1055 lat.
401 1018 503 1065 Ergo
531 1017 767 1066 poenitentia
794 1030 875 1056 non
902 1025 957 1055 est
985 1018 1158 1054 secunda
1184 1017 1326 1054 tabula.

365 1081 400 1107 2.
439 1070 683 1118 ΡΗΑΕΤΕΚΕΑ,
712 1071 1013 1108 fundamentum
1041 1070 1081 1107 in
1104 1070 1282 1108 aedificio
1302 1082 1382 1107 non

308 1130 412 1161 tenet
439 1123 668 1171 secundum,
689 1123 756 1160 sed
775 1123 949 1173 primum
968 1125 1111 1162 locum.
1141 1123 1383 1161 Poenitentia

309 1183 440 1213 autem
477 1175 517 1213 in
545 1175 731 1225 spirituali
763 1176 942 1214 aedificio
975 1185 1031 1214 est
1058 1177 1379 1214 fundamentum:

309 1229 527 1266 secundum
555 1228 649 1267 illud
667 1230 879 1267 Heb.v1*:
909 1231 1001 1267 Non
1030 1243 1181 1267 rursum
1210 1232 1383 1268 iacientes

298 1282 595 1331 fundamentum
624 1285 877 1332 poenitentiae
914 1285 962 1320 ab
1006 1285 1178 1331 operibus
1215 1285 1380 1322 mortuis.

308 1335 422 1374 Unde
431 1343 483 1377 et
497 1335 692 1385 praecedit
719 1335 850 1386 ipsum
874 1335 1132 1386 baptismum:
1163 1338 1382 1374 secundum

304 1381 403 1426 illud
429 1389 511 1426 Act.
535 1401 556 1426 11
579 1388 616 1425 *ε
653 1390 923 1426 Poenitentiam
958 1391 1076 1439 agite,
1113 1395 1146 1426 et
1180 1391 1383 1440 baptizetur

307 1444 558 1492 unusquisque
584 1448 759 1479 vestrum.
790 1443 892 1491 Ergo
911 1442 1148 1492 poenitentia
1167 1455 1248 1480 non
1267 1444 1383 1481 debet

308 1494 385 1532 dici
413 1495 586 1532 secunda
613 1495 755 1532 tabula.

365 1547 399 1584 3.
429 1548 673 1595 PRAETEREA‚
704 1547 837 1585 omnia
865 1556 1105 1585 sacramenta
1142 1557 1231 1586 sunt
1264 1562 1382 1598 quae—

307 1601 400 1638 dam
434 1601 609 1647 tabulae‚
647 1600 746 1637 idest
782 1601 954 1638 remedia
991 1608 1124 1638 contra
1164 1610 1380 1651 peccatum.

308 1653 386 1691 Sed
413 1652 651 1703 poenitentia
678 1665 760 1690 non
787 1660 891 1690 tenet
919 1654 1137 1691 secundum
1165 1656 1297 1692 locum
1325 1655 1381 1692 in-

277 1727 284 1735 ·
306 1712 364 1743 ter
382 1712 634 1752 sacramenta,
656 1703 724 1743 sed
743 1706 865 1754 magis
885 1713 1081 1755 quartum,
1102 1714 1144 1743 ut
1163 1719 1211 1744 ex
1230 1720 1349 1757 supra
1362 1707 1383 1730 ’¹‘

307 1758 415 1796 dictis
434 1766 549 1808 patet.
579 1759 681 1807 Ergo
709 1758 947 1808 poenitentia
974 1771 1054 1796 non
1083 1759 1198 1797 debet
1221 1760 1297 1797 dici
1325 1773 1382 1798 se-

306 1809 437 1850 cunda
463 1811 594 1848 tabula
626 1819 714 1861 post
742 1811 998 1860 naufragium.

361 1865 436 1902 SED
456 1876 603 1902 CONTRA
622 1877 689 1902 EST
717 1865 826 1914 quod
845 1865 1111 1915 Hieronymus
1132 1865 1222 1903 dicit
1235 1866 1255 1888 ’¹‘
1274 1868 1382 1916 quod

178 1923 209 1947 ὼ
233 1924 283 1946 Vtr-
304 1915 469 1956 secunda
496 1917 624 1956 tabula
645 1924 733 1968 post
756 1919 1004 1968 naufragium
1023 1925 1074 1956 est
1085 1921 1328 1969 poenitentia.

357 1972 587 2017 Rsssponnsso
615 1983 800 2009 monimum
836 1972 944 2021 quod
965 1972 1003 2009 id
1029 1973 1137 2022 quod
1157 1980 1214 2017 est
1239 1985 1310 2022 per
1329 1986 1381 2022 se,

270 2041 281 2079 j
306 2024 529 2063 naturaliter
555 2024 664 2074 prius
693 2032 749 2062 est
768 2036 815 2062 eo
835 2026 944 2074 quod
973 2033 1028 2062 est
1053 2038 1124 2075 per
1142 2025 1321 2063 accidens
1339 2026 1379 2064 *ε

273 2099 280 2106 ·
306 2077 404 2116 sicut
421 2085 459 2115 et
477 2077 690 2116 substantia
707 2078 815 2128 prior
828 2085 885 2115 est
903 2078 1112 2116 accidente.
1134 2057 1383 2117 Sacramenta

211 2152 219 2164 ‚
271 2143 282 2191 <j
306 2138 439 2170 autem
467 2131 663 2181 quaedam
690 2143 761 2180 per
789 2143 828 2168 se
850 2136 867 2152 ²
896 2131 1125 2168 ordinantur
1148 2132 1197 2168 ad
1217 2134 1381 2170 salutem

306 2184 497 2222 hominis:
528 2184 626 2221 sieut
652 2183 880 2233 baptismus,
910 2184 978 2234 qui
1006 2192 1062 2221 est
1089 2184 1295 2234 spiritualis
1318 2198 1381 2234 ge-

306 2237 466 2285 neratio,
479 2244 515 2274 et
529 2236 787 2284 confirmatio,
800 2249 900 2287 quae
917 2245 972 2274 est
987 2237 1181 2287 spirituale
1196 2250 1381 2287 augmen-

306 2298 404 2337 tum,
428 2298 465 2327 et
483 2290 737 2337 Eucharistia,
758 2303 860 2340 quae
879 2298 935 2327 est
954 2290 1148 2340 spirituale
1168 2291 1381 2329 nutrimen—

306 2351 404 2381 tum.
427 2343 667 2381 Poenitentia
686 2350 818 2380 autem
838 2343 1040 2381 ordinatur
1058 2344 1108 2381 ad
1128 2346 1291 2382 salutem
1310 2346 1380 2382 ho-

308 2395 424 2434 minis
462 2395 573 2447 quasi
607 2409 677 2446 per
711 2396 908 2444 accidens,
953 2397 1154 2447 supposito
1192 2398 1379 2447 quodam,

307 2448 449 2487 'scilicet
477 2461 524 2487 ex
552 2449 817 2499 suppositione
836 2450 993 2500 peccati.
1023 2450 1108 2488 Nisi
1128 2450 1233 2488 enim
1257 2452 1379 2489 homo

307 2510 485 2552 peccaret
511 2502 718 2550 actualiter,
748 2503 982 2552 poenitentia
1001 2516 1082 2541 non
1101 2503 1296 2552 indigeret,
1326 2504 1380 2542 in-

309 2554 454 2604 digeret
480 2563 611 2592 tamen
637 2555 830 2605 baptismo
860 2563 896 2593 et
922 2556 1217 2595 confirmatione
1242 2565 1278 2594 et
1301 2558 1379 2595 Eu-

307 2608 504 2655 charistia:
534 2609 631 2646 sicut
658 2616 695 2645 et
716 2609 755 2646 in
774 2609 853 2646 vita
876 2610 1066 2659 corporali
1087 2623 1168 2648 non
1196 2610 1380 2659 indigeret

308 2661 432 2699 homo
470 2661 726 2701 medicatione
768 2661 840 2699 nisi
877 2662 1158 2711 infirmaretur,
1196 2663 1340 2712 indiget
1364 2663 1380 2694 β

310 2722 443 2752 autem
471 2715 592 2752 homo
625 2727 696 2764 per
723 2727 763 2751 se
791 2715 841 2752 ad
868 2715 990 2753 vitam
1016 2717 1282 2765 generatione,
1313 2730 1379 2754 au-

309 2775 468 2816 gmento
497 2775 533 2804 et
560 2767 809 2805 nutrimento.
849 2769 898 2805 Et
916 2768 1004 2806 ideo
1023 2770 1260 2819 poenitentia
1277 2778 1381 2808 tenet

310 2821 529 2864 secundum
558 2822 690 2859 locum
718 2829 895 2871 respectu
923 2829 1041 2859 status
1061 2822 1292 2872 integritatis,
1313 2823 1382 2873 qui

365 2970 394 3005 α)
409 2979 461 3004 per
479 2979 515 2998 se.
531 2986 552 2991 —
569 2972 602 3003 P;
622 2977 683 3005 post
701 2972 820 2997 homines
838 2977 939 3005 ponunt
956 2972 1026 3002 FsG,
1044 2980 1098 2997 om.
1118 2973 1205 2997 ceteri.

365 3007 380 3041 β
411 3007 524 3041 indiget.
541 3021 561 3027 -
579 3008 714 3041 indigeret
731 3015 834 3033 omnes.

363 3007 391 3077 γζ
405 3046 471 3076 post
483 3044 572 3068 navim
584 3044 715 3077 fractam,
728 3047 765 3069 ut.
778 3057 798 3062 -
811 3044 875 3068 DEa
889 3049 915 3068 et
929 3044 1016 3074 πει-ἠως
1037 3047 1066 3068 ut
1080 3047 1145 3075 post
1159 3043 1248 3068 navim
1257 3043 1380 3077 fractam

311 3082 342 3104 ut
359 3078 435 3110 Aac,
454 3082 485 3104 ut
498 3081 562 3111 post
580 3079 670 3104 navim
681 3080 805 3112 fractam
825 3079 854 3104 F.

524 701 760 751 poenitentia
787 713 869 738 non
897 701 943 737 sit
960 701 1123 738 secunda
1150 700 1275 737 tabula
1297 706 1382 749 post
1435 707 1504 737 cta.
1552 699 1666 737 Unde
1701 699 1964 749 metaphorice
2003 699 2141 737 dicitur
2180 702 2343 738 secunda
2379 703 2506 739 tabula

526 755 782 804 naufragium.
801 753 905 803 Quia
924 765 1041 803 super
1056 753 1150 790 illud
1169 752 1287 790 Isaiae
1303 765 1336 789 111
1349 752 1381 799 ³¹²,
1429 759 1514 802 post
1533 753 1792 802 naufragium.
1822 753 1927 789 Nam
1954 752 2127 802 primum
2153 753 2371 791 remedium
2398 767 2506 792 mare

1434 805 1722 843 transeuntibus
1755 813 1811 842 est
1847 813 1890 842 ut
1917 813 2197 843 conserventur
2225 805 2264 843 in
2293 807 2384 843 navi
2411 807 2506 845 inte-

1433 870 1520 906 gra:
1551 858 1769 895 secundum
1793 865 1924 895 autem
1943 858 2161 895 remedium
2181 867 2246 907 est,
2267 867 2355 909 post
2374 860 2507 897 navim

1434 911 1603 959 fractam,
1633 918 1676 948 ut
1693 916 1709 939 Υ
1738 911 1874 960 aliquis
1896 911 2048 948 tabulae
2068 911 2284 949 adhaereat.
2314 914 2368 950 Ita
2391 913 2507 950 etiam

1434 964 1607 1014 primum
1636 964 1854 1001 remedium
1882 963 2047 1001 inmari
2067 964 2184 1002 huius
2203 965 2304 1002 vitae
2325 973 2380 1003 est
2399 967 2507 1016 quod

1434 1018 1556 1055 homo
1586 1017 1840 1065 integritatem
1869 1025 2011 1054 servet:
2042 1018 2260 1055 secundum
2290 1027 2421 1056 autem
2449 1032 2506 1057 re-

1434 1071 1611 1108 medium
1631 1078 1697 1118 est,
1728 1070 1759 1107 si
1781 1082 1852 1119 per
1870 1078 2074 1119 peccatum
2101 1070 2355 1120 integritatem
2382 1073 2507 1121 perdi-

1434 1124 1541 1171 derit,
1572 1123 1681 1173 quod
1708 1136 1778 1173 per
1805 1123 2083 1172 poenitentiam
2111 1125 2253 1162 redeat.

1489 1178 1547 1214 AD
1582 1189 1719 1214 PR1MUM
1757 1189 1855 1214 ERGO
1894 1189 2079 1215 mCENDUM
2121 1178 2229 1226 quod
2266 1178 2506 1216 abscondere

1434 1237 1592 1290 peccata
1628 1229 1812 1278 contingit
1849 1229 2061 1279 dupliciter.
2101 1231 2189 1267 Uno
2227 1231 2369 1279 modo,
2410 1232 2506 1269 dum

1406 1297 1409 1306 ⁴
1435 1283 1518 1333 ipsa
1544 1290 1702 1332 peccata
1729 1282 1840 1319 fiunt.
1871 1283 1939 1320 Est
1958 1291 2088 1320 autem
2116 1283 2227 1333 peius
2254 1296 2415 1333 peccare
2434 1298 2506 1335 pu-

1434 1336 1531 1374 blice
1552 1348 1672 1386 quam
1702 1337 1870 1373 occulte:
1901 1343 1985 1373 tum
2014 1337 2106 1386 quia
2123 1345 2303 1386 peccator
2327 1338 2507 1387 publicus

1434 1389 1588 1427 videtur
1607 1401 1654 1426 ex
1673 1396 1900 1438 contemptu
1922 1389 2059 1426 maiori
2077 1402 2257 1439 peccare;
2286 1398 2371 1428 tum
2390 1391 2507 1428 etiam

1434 1443 1526 1492 quia
1544 1450 1678 1492 peccat
1706 1454 1798 1478 cum
1827 1442 2008 1479 scandalo
2042 1442 2219 1480 aliorum.
2253 1444 2302 1480 Et
2329 1444 2417 1481 ideo
2452 1452 2508 1481 est

1390 1497 1392 1500 ’
1434 1496 1636 1545 quoddam
1665 1495 1883 1532 remedium
1911 1495 1951 1532 in
1978 1496 2144 1545 peccatis
2172 1497 2280 1545 quod
2309 1497 2447 1546 aliquis
2467 1497 2506 1534 in

1435 1550 1588 1586 occulto
1609 1546 1622 1570 δ
1650 1555 1794 1597 peccet.
1830 1549 1878 1584 Et
1904 1549 2122 1585 secundum
2146 1550 2222 1586 hoc
2250 1549 2341 1586 dicit
2369 1550 2508 1588 Glossa

1435 1602 1542 1651 quod
1569 1601 1733 1638 secunda
1760 1601 1886 1638 tabula
1909 1607 1994 1650 post
2020 1602 2266 1651 naufragium
2287 1609 2338 1639 est
2349 1610 2507 1653 peccata

1435 1655 1682 1692 abscondere.-
1708 1666 1789 1690 non
1809 1654 1916 1702 quod
1936 1666 2006 1703 per
2025 1655 2100 1691 hoc
2119 1656 2272 1697 tollatur
2290 1665 2506 1705 peccatum,

1435 1707 1532 1744 sicut
1558 1720 1629 1756 per
1656 1706 1953 1756 poenitentiam3
1984 1707 2051 1743 sed
2071 1707 2162 1756 quia
2181 1720 2251 1757 per
2269 1709 2346 1746 hoc
2373 1722 2507 1758 pecca-

1435 1769 1520 1798 tum
1549 1760 1592 1796 fit
1619 1759 1763 1796 minus.

1489 1813 1576 1850 Alio
1605 1813 1743 1858 modo,
1773 1812 1911 1862 aliquis
1940 1812 2142 1850 abscondit
2168 1821 2373 1862 peccatum
2400 1815 2507 1864 prius

1434 1867 1579 1904 factum
1598 1878 1668 1916 per
1686 1865 1954 1914 negligentiam
1970 1866 2231 1903 confessionis.
2253 1867 2302 1904 Et
2320 1868 2398 1905 hoc
2416 1880 2507 1905 con-

1434 1919 1611 1957 trariatur
1625 1918 1895 1969 poenitentiae.
1917 1919 1966 1956 Et
1980 1919 2034 1955 sic
2048 1919 2285 1957 abscondere
2303 1929 2508 1970 peccatum

1434 1985 1516 2010 non
1549 1980 1605 2010 est
1637 1972 1808 2009 secunda
1836 1972 1983 2018 tabula,
2023 1973 2091 2009 sed
2119 1973 2241 2021 magis
2269 1974 2507 2012 contrarium

1433 2027 1607 2064 tabulae:
1638 2025 1778 2063 dicitur
1796 2025 1902 2062 enim
1930 2026 2110 2063 Proverb.
2130 2038 2237 2063 xxvm
2255 2026 2293 2063 *:
2330 2029 2405 2070 Qui
2428 2030 2507 2065 abs-

1434 2080 1559 2117 condit
1584 2079 1728 2116 scelera
1755 2091 1835 2125 sua,
1866 2091 1941 2115 non
1971 2079 2167 2129 dirigetur.

1489 2127 1555 2169 Ao
1575 2143 1766 2169 SECUNDUM
1797 2143 1980 2168 DICENDUM
2013 2132 2120 2181 quod
2154 2132 2391 2182 poenitentia
2426 2147 2507 2172 non

1433 2193 1559 2235 potest
1586 2184 1662 2222 dici
1690 2184 1989 2222 fundamentum
2009 2184 2214 2234 spiritualis
2233 2185 2399 2223 aedificii
2419 2187 2506 2224 sim-

1433 2238 1599 2288 pliciter,
1638 2237 1736 2274 idest
1772 2237 1812 2274 in
1849 2236 1976 2286 prima
2012 2237 2300 2276 aedificatione:
2345 2239 2414 2276 sed
2451 2248 2507 2278 est

1433 2291 1733 2328 fundamentum
1755 2290 1795 2327 in
1815 2291 1986 2327 secunda
2014 2290 2324 2329 reaedificatione
2343 2292 2374 2340 ²¹⁶,
2404 2305 2505 2342 quae

1433 2344 1476 2382 fit
1503 2352 1592 2394 post
1609 2349 1622 2365 ⁶
1650 2342 1954 2381 destructionem
1981 2344 2148 2393 peccati3
2178 2357 2271 2381 nam
2298 2344 2427 2394 primo
2448 2359 2505 2383 re-

1433 2397 1642 2435 deuntibus
1676 2397 1725 2434 ad
1753 2397 1883 2433 Deum
1917 2396 2083 2434 occurrit
2110 2397 2356 2446 poenitentia.
2400 2400 2506 2448 Apo-

1434 2452 1553 2488 stolus
1585 2458 1717 2487 tamen
1744 2449 1797 2486 ibi
1825 2449 1996 2499 loquitur
2030 2450 2078 2487 de
2110 2450 2365 2488 fundamento
2389 2452 2505 2502 rspiri-

1433 2504 1544 2541 tualis
1573 2502 1781 2540 doctrinae.
1821 2525 1846 2529 —
1884 2502 2122 2540 Poenitentia
2150 2511 2281 2541 autem
2310 2517 2411 2554 quae
2439 2505 2505 2542 ba-

1432 2556 1621 2607 ptismum
1654 2555 1867 2606 praecedit,
1897 2568 1978 2594 non
2007 2564 2062 2594 est
2095 2556 2353 2606 poenitentiae
2383 2570 2505 2596 sacra-

1434 2618 1623 2647 mentum.

1486 2663 1543 2700 Ao
1575 2674 1736 2700 TER‘rmM
1770 2675 1953 2700 mCENDUM
1986 2663 2095 2712 quod
2130 2662 2200 2700 tria
2235 2664 2505 2713 praecedentia

1434 2723 1673 2754 sacramenta
1705 2716 1897 2765 pertinent
1925 2716 1973 2753 ad
2002 2728 2145 2753 navem
2173 2715 2377 2765 integram,
2407 2717 2504 2754 idest

1433 2770 1483 2807 ad
1510 2777 1652 2807 statum
1671 2768 1910 2817 integritatis:
1940 2777 2117 2819 respectu
2137 2769 2247 2806 cuius
2267 2770 2504 2820 poenitentia

1434 2822 1574 2860 dicitur
1601 2822 1772 2859 secunda
1799 2822 1940 2860 tabula.

1485 2970 1511 3005 δ)
1531 2971 1557 2996 in
1577 2971 1688 2996 occulto.
1705 2985 1725 2990 ·-
1742 2971 1764 2996 E
1783 2976 1810 2996 et
1827 2971 1967 3003 editiones;
1987 2971 2014 2996 in
2033 2972 2134 2997 occulte
2149 2972 2188 3003 ΡΙ,
2203 2972 2229 2996 in
2249 2973 2359 2998 occultis
2377 2973 2464 2998 ceteri.

1487 3006 1510 3040 ε)
1525 3010 1598 3039 post.
1615 3021 1635 3026 —
1647 3014 1701 3039 per
1719 3008 1792 3032 tertia
1810 3012 1913 3040 praeter
1931 3007 1950 3032 1.
2170 3023 2172 3025 -

2534 2038 2544 2049 ·
2559 2037 2627 2059 Vers.
2644 2044 2675 2066 ¹3.

2533 2305 2544 2313 =
2558 2302 2586 2324 o.
2602 2302 2650 2331 657·
