2918 4088
436 225 508 260 382

433 310 597 331 Aartcums
611 309 643 329 111
670 301 773 329 Utrum
786 298 864 326 solus
878 298 968 325 homo
985 295 1074 323 iustus
1089 293 1180 331 possit
1194 292 1315 320 mandu-

517 394 530 408 5>

516 475 529 489 D

518 597 532 611 >>

439 1416 496 1437 ART
500 1416 526 1435 IC
530 1415 601 1434 ULUS
613 1414 624 1433 1

521 1500 535 1514 Ἃ)

520 1579 535 1594 ›

523 1660 536 1674 ᾗ

443 2002 606 2025 ARTICULUS
617 2002 626 2021 1

522 2086 538 2102 ἱ

525 2167 539 2182 δ)

525 2247 539 2262 t

446 3060 610 3082 ARTICULUS
622 3059 632 3079 1

531 3144 544 3158 ¹1>

530 3223 544 3238 D

530 3303 544 3318 D

713 350 777 370 care
799 337 944 366 Christum
973 333 1224 367 sacramentaliter.
1248 353 1254 359 .

615 390 644 410 iv
671 382 775 410 Utrum
796 384 930 416 peccator
945 384 1063 404 sumens
1085 383 1189 410 corpus
1211 371 1317 400 Christi

713 417 956 450 sacramentaliter
970 421 1068 452 peccet
1071 432 1315 443 .........

613 470 632 489 v
672 463 776 491 Utrum
802 459 938 488 accedere
966 456 1003 483 ad
1024 455 1080 482 hoc
1106 459 1317 482 sacramentum

713 511 778 531 cum
800 496 975 528 conscientia
1001 494 1109 531 peccati
1131 493 1166 521 sit
1187 491 1318 530 gravissi-

714 551 795 570 mum
815 539 947 569 omnium
974 541 1158 572 peccatorum
1162 553 1316 562 ......

614 592 644 612 V1
670 584 773 611 Utrum
788 580 923 609 sacerdos
938 577 1042 605 debeat
1056 576 1197 611 denegare
1213 581 1319 608 corpus

716 621 822 651 Christi
849 616 992 656 peccatori
1023 615 1130 652 petenti
1134 633 1318 642 .......

614 673 655 692 vn
679 664 783 692 Utrum
804 667 947 689 nocturna
968 657 1089 695 pollutio
1111 653 1249 691 impediat
1269 652 1320 680 ali-

715 712 801 740 quem
824 711 841 730 a
862 699 1026 736 sumptione
1048 695 1178 733 corporis
1205 693 1319 722 Christi.

615 752 666 772 vm
680 744 782 772 Utrum
805 742 885 770 cibus
906 741 950 768 vel
976 747 1062 777 potus
1088 741 1322 775 praeassumptus

717 782 854 819 impediat
885 781 1081 818 sumptionem
1114 777 1198 807 huius
1227 784 1320 804 sacra-

717 829 806 850 menti
810 835 1319 850 ..................

617 872 648 893 1x
674 864 777 892 Utrum
799 872 859 890 non
881 862 1018 890 habentes
1033 869 1117 888 usum
1133 857 1252 886 rationis
1271 857 1320 883 de-

717 905 803 931 beant
828 903 885 930 hoc
912 907 1125 929 sacramentum
1152 898 1291 933 accipere.
1314 916 1321 923 .

617 954 636 974 x
671 945 773 972 Utrum
795 942 878 970 liceat
893 941 1023 978 quotidie
1037 942 1094 968 hoc
1109 942 1323 968 sacramentum

714 982 860 1018 suscipere
863 997 1320 1010 ................

616 1033 647 1052 xr
674 1025 777 1052 Utrum
796 1022 877 1050 liceat
895 1030 1006 1049 cessare
1022 1020 1142 1048 omnino
1161 1028 1178 1047 a
1190 1026 1323 1046 commu-

716 1071 803 1091 mone
806 1076 1322 1090 ..................

616 1112 657 1131 xn
677 1104 779 1131 Utrum
809 1101 891 1129 liceat
922 1109 1034 1128 sumere
1066 1108 1172 1134 corpus
1204 1095 1323 1124 Domini

718 1142 779 1170 sine
811 1141 959 1178 sanguine.
989 1157 1322 1168 ............

679 1221 872 1258 QUAESTIO
897 1216 1268 1248 OCTOGESIMAPRIMA

597 1297 646 1325 De
659 1303 726 1324 usu
740 1294 844 1322 huius
865 1291 1077 1321 sacramenti
1098 1296 1166 1325 quo
1181 1287 1342 1317 Christus

631 1343 718 1364 usus
741 1335 798 1363 est
818 1333 853 1362 in
874 1333 984 1369 prima
1006 1330 1062 1359 sui
1082 1328 1310 1358 institutione.

675 1404 778 1432 Utrum
801 1401 930 1430 Christus
945 1398 1099 1436 sumpserit
1120 1407 1205 1425 suurn
1221 1405 1327 1432 corpus

717 1450 744 1471 et
763 1440 930 1478 sanguinem
935 1457 1326 1468 ..............

618 1493 639 1513 11
679 1484 782 1512 Utrum
814 1481 943 1510 Christus
965 1480 1052 1508 Iudae
1080 1477 1191 1507 dederit
1219 1485 1325 1513 corpus

720 1533 804 1551 suum
808 1538 1323 1550 ..................

617 1574 650 1594 111
682 1565 785 1592 Utrum
808 1561 938 1591 Christus
968 1558 1122 1596 sumpserit
1155 1564 1183 1586 et
1217 1557 1329 1585 dederit

718 1612 824 1639 corpus
838 1611 922 1630 suum
942 1599 1089 1637 discipulis
1110 1597 1295 1634 impassibile.
1319 1618 1325 1625 .

618 1654 662 1674 tv>
680 1645 800 1676 Utrum,
824 1642 847 1670 si
868 1642 925 1670 hoc
953 1646 1165 1669 sacramentum
1197 1645 1328 1673 tempore

720 1683 821 1712 mortis
836 1681 942 1710 Christi
955 1680 1055 1709 fuisset
1073 1685 1216 1708 servatum
1232 1678 1262 1706 in
1275 1687 1327 1714 py-

722 1724 794 1758 xide,
809 1723 854 1751 vel
869 1723 905 1750 ab
920 1721 1018 1758 aliquo
1033 1719 1243 1757 Apostolorum
1258 1727 1328 1746 con-

721 1770 879 1798 secratum,
901 1761 941 1790 ibi
970 1766 1140 1789 moreretur.
1169 1779 1326 1787 ......

653 1851 847 1887 QUAESTIO
871 1847 1303 1877 OCTOGESIMASECUNDA

673 1923 723 1952 De
743 1921 903 1951 ministro
923 1919 1027 1948 huius
1053 1915 1275 1946 sacramenti.

678 1992 780 2020 Utrum
817 1987 996 2018 consecratio
1031 1986 1116 2014 huius
1156 1984 1329 2014 sacramenti

721 2029 838 2068 proprie
860 2028 896 2057 sit
923 2026 1080 2056 sacerdotis
1083 2046 1328 2055 .........

621 2081 642 2101 11
682 2072 786 2100 Utrum
808 2070 905 2106 plures
925 2067 1090 2096 sacerdotes
1107 2065 1220 2102 possint
1241 2074 1330 2093 unam

723 2117 751 2139 et
772 2110 894 2138 eandem
910 2107 1036 2136 hostiam
1058 2114 1238 2135 consecrare.
1262 2126 1268 2133 .
1292 2125 1299 2132 .

622 2161 655 2181 111
681 2152 784 2180 Utrum
806 2149 947 2186 pertineat
967 2147 1063 2176 solum
1085 2147 1123 2175 ad
1150 2146 1331 2174 sacerdotem

722 2189 898 2227 dispensatio
919 2188 1005 2216 huius
1027 2185 1198 2215 sacramenti
1201 2206 1330 2214 .....

622 2241 653 2261 tv
683 2233 787 2260 Utrum
800 2230 934 2258 sacerdos
949 2236 1122 2256 consecrans
1137 2232 1268 2254 teneatur
1281 2235 1328 2253 su-

723 2280 801 2299 mere
823 2271 879 2298 hoc
894 2274 1105 2297 sacramentum
1110 2286 1327 2296 ........

622 2321 642 2340 v
681 2313 785 2341 Utrum
823 2310 917 2338 malus
952 2309 1086 2337 sacerdos
1121 2304 1331 2335 Eucharistiam

723 2358 892 2380 consecrare
919 2348 1012 2386 possit
1014 2365 1328 2377 ...........

623 2402 653 2421 VI
685 2393 787 2420 Utrum
802 2390 889 2418 missa
903 2388 1061 2418 sacerdotis
1082 2387 1150 2416 mali
1171 2386 1267 2414 minus
1281 2395 1329 2413 va-

723 2432 780 2460 leat
802 2440 889 2468 quarn
905 2429 992 2458 missa
1014 2426 1172 2456 sacerdotis
1189 2425 1269 2454 boni.
1293 2447 1299 2454 .

624 2481 665 2501 vn
685 2473 788 2500 Utrum
815 2469 950 2499 haeretici
978 2475 1006 2496 et
1033 2466 1207 2496 schismatici
1228 2473 1256 2494 et
1284 2474 1331 2493 ex-

725 2509 930 2540 communicati
951 2516 1121 2537 consecrare
1148 2505 1269 2543 possint.
1293 2526 1299 2533 .

624 2561 676 2581 vm
690 2553 794 2580 Utrum
815 2550 950 2578 sacerdos
971 2548 1143 2585 degradatus
1164 2545 1256 2583 possit
1275 2546 1332 2573 hoc

725 2596 938 2619 sacramentum
964 2587 1107 2616 conficere
1110 2607 1327 2615 ........

624 2641 655 2661 tx
688 2632 791 2660 Utrum
812 2629 916 2666 aliquis
937 2628 1012 2657 licite
1033 2627 1124 2664 possit
1148 2625 1332 2654 communio-

725 2680 792 2699 nem
809 2669 936 2706 recipere
957 2678 974 2697 a
995 2665 1331 2698 sacerdotibus-»haereti-

725 2711 766 2740 cis
799 2710 844 2738 vel
878 2706 1144 2741 excommunicatis,
1164 2707 1209 2734 vel
1243 2705 1331 2734 etiam

726 2749 936 2787 peccatoribus,
948 2755 976 2777 et
986 2749 1022 2776 ab
1035 2747 1075 2776 eis
1091 2746 1208 2775 missam
1222 2745 1331 2774 audire.

625 2801 645 2820 x
686 2792 788 2820 Utrum
809 2789 893 2818 liceat
911 2787 1054 2817 sacerdoti
1080 2786 1202 2815 omnino
1224 2795 1240 2813 a
1261 2794 1332 2813 con-

726 2830 885 2859 secratione
905 2827 1101 2857 Eucharistiae
1119 2826 1270 2855 abstinere.
1295 2847 1301 2853 .
1324 2846 1332 2853 .

667 2917 861 2954 QUAESTIO
898 2914 1294 2944 OCTOGESIMATERTIA

724 2981 774 3010 De
794 2980 864 3009 ritu
883 2979 985 3008 huius
1012 2976 1232 3007 sacramenti.

683 3050 786 3078 Utrum
806 3048 835 3076 in
849 3045 1042 3075 celebratione
1057 3044 1141 3073 huius
1162 3043 1334 3072 sacramenti

728 3089 857 3117 Christus
885 3086 1053 3115 immoletur
1055 3105 1331 3113 ..........

628 3139 648 3158 11
689 3130 792 3158 Utrum
821 3126 1026 3156 convenienter
1047 3125 1083 3153 sit
1110 3123 1334 3153 determinatum

727 3176 840 3205 tempus
861 3165 1062 3196 celebrationis
1090 3164 1175 3193 huius
1197 3163 1333 3200 mysterii.

628 3219 659 3239 111
691 3210 794 3238 Utrum
815 3214 948 3244 oporteat
969 3207 1024 3235 hoc
1046 3211 1258 3234 sacramentum
1287 3213 1332 3232 ce-

729 3249 839 3277 lebrare
861 3248 890 3276 in
911 3248 1002 3275 domo
1025 3252 1052 3274 et
1072 3245 1147 3273 vasis
1175 3244 1272 3272 sacris.
1296 3264 1304 3272 .

628 3299 657 3318 xv
689 3290 791 3318 Utrum
808 3287 1012 3316 convenienter
1027 3285 1198 3314 ordinentur
1212 3293 1246 3312 ea
1261 3292 1335 3321 quae

728 3328 803 3357 circa
824 3328 880 3356 hoc
895 3333 1107 3355 sacramentum
1130 3324 1273 3353 dicuntur.
1296 3345 1302 3352 .
1326 3344 1332 3351 .

629 3378 647 3397 v
688 3370 791 3397 Utrum
817 3377 851 3396 ea
872 3376 947 3404 quae
975 3366 1005 3394 in
1030 3364 1222 3395 celebratione
1249 3363 1334 3392 huius

729 3407 900 3436 sacramenti
912 3412 1044 3444 aguntur,
1057 3406 1113 3434 sint
1124 3403 1334 3433 convenientia.

629 3457 659 3477 vt
686 3449 789 3476 Utrum
811 3447 900 3483 possit
922 3444 1099 3474 sufficienter
1120 3443 1231 3473 occurri
1257 3443 1335 3471 defe-

731 3487 823 3516 ctibus
844 3486 893 3523 qui
915 3485 990 3514 circa
1005 3484 1227 3514 celebrationem
1249 3482 1334 3511 huius

730 3525 900 3555 sacramenti
922 3531 1086 3559 occurrunt,
1107 3530 1211 3552 statuta
1237 3522 1336 3551 Eccle-

731 3567 789 3595 siae
815 3566 996 3595 observando
1000 3582 1335 3593 ............

1443 208 1606 246 INDEX

1277 352 1284 359 .
1308 353 1314 359 .
1342 338 1414 368 pag.
1438 329 1494 356 230

1399 419 1414 435 ι
1439 408 1491 435 231

1402 540 1416 555 »
1440 529 1495 556 233

1402 621 1417 636 v
1442 609 1496 637 235

1403 702 1418 717 ι
1442 690 1499 717 236

1404 823 1418 838 a
1442 811 1499 839 238

1404 903 1419 918 s
1444 899 1501 926 240

1405 984 1419 998 »
1444 979 1496 1006 241

1411 1446 1425 1461 »
1449 1435 1506 1463 256

1407 1527 1421 1541 a>
1446 1515 1504 1551 257

1411 1607 1425 1622 »
1449 1595 1506 1623 258

1410 1767 1425 1783 s
1449 1756 1507 1792 259

1414 2035 1428 2050 :v
1452 2025 1510 2052 260

1414 2115 1428 2130 s
1451 2105 1505 2132 261

1413 2195 1428 2210 »
1452 2185 1509 2212 262

1410 2275 1425 2291 ι
1450 2265 1505 2293 263

1411 2355 1427 2371 ι
1451 2346 1510 2379 264

1413 2434 1428 2450 »
1452 2425 1508 2452 265

1414 2515 1429 2530 ›
1453 2504 1510 2531 266

1410 2595 1425 2611 s
1450 2585 1511 2620 267

1415 2755 1430 2770 »
1454 2744 1511 2772 268

1415 2835 1430 2850 »
1454 2825 1512 2860 269

1416 3094 1430 3109 »
1455 3091 1507 3120 271

1416 3173 1431 3188 »
1456 3170 1513 3199 272

1416 3253 1431 3269 2
1456 3243 1511 3279 273

1415 3333 1431 3349 ι
1455 3323 1512 3360 276

1417 3413 1432 3429 ι
1457 3402 1514 3430 280

1418 3571 1433 3586 »
1458 3561 1513 3588 283

1551 473 1715 494 ARTICULUS
1730 473 1740 492 1

1634 517 1649 532 θ

1635 597 1649 612 »

1634 676 1649 692 ἱ

1637 757 1651 772 D

1559 1375 1724 1396 ARTICULUS
1738 1375 1748 1394 1

1643 1418 1657 1433 »

1642 1458 1657 1473 ²

1642 1539 1657 1555 δ

1644 1620 1658 1635 D

1642 1699 1658 1715 ἱ

1769 282 1962 317 QUAESTIO
1985 279 2396 313 OCTOGESIMAQUARTA

1741 356 1790 383 De
1810 353 2024 391 poenitentia
2045 350 2232 381 secundum
2254 351 2345 387 quod
2365 353 2423 380 est

1950 392 2216 421 sacramentum.

1792 464 1894 492 Utrum
1912 460 2088 499 poenitentia
2103 460 2139 488 sit
2153 465 2374 488 sacramentum.
2396 480 2404 488 .
2427 481 2433 487 .
2461 468 2534 497 pag.
2558 460 2615 487 286

1733 513 1753 532 11
1794 504 1896 531 Utrum
1919 507 2035 538 peccata
2049 500 2106 529 sint
2120 499 2237 537 propria
2251 498 2371 527 materia
2384 500 2437 527 hu-

1832 543 1876 571 ius
1898 540 2069 570 sacramenti
2072 559 2436 569 .............
2519 550 2534 565 »
2559 539 2614 575 287

1733 592 1764 611 111
1793 584 1894 611 Utrum
1916 584 1987 610 haec
2002 581 2037 609 sit
2051 581 2144 609 forma
2158 579 2242 608 huius
2257 578 2437 613 sacramenti,

1832 624 1899 662 Ego
1927 628 1953 650 te
1981 621 2100 650 absolvo
2103 639 2437 649 ............
2520 629 2534 644 υ
2560 619 2616 654 289

1733 673 1762 692 rv
1796 665 1898 692 Utrum
1931 661 2079 698 impositio
2111 669 2250 688 manuum
2281 657 2438 687 sacerdotis

1834 702 1996 740 requiratur
2016 702 2053 731 ad
2075 702 2131 729 hoc
2156 705 2378 728 sacramentum.
2401 719 2407 726 .
2431 719 2438 727 .
2520 708 2536 724 ι
2560 705 2613 734 291

1734 753 1753 771 ν
1794 745 1895 772 Utrum
1919 743 1974 771 hoc
1996 746 2209 770 sacramentum
2227 739 2263 767 sit
2283 740 2319 767 de
2341 747 2439 767 neces-

1835 784 1917 811 sitate
1938 782 2037 811 salutis
2041 799 2439 811 ..............
2521 787 2536 803 ›
2561 783 2618 814 ²9²

1734 833 1763 852 vr
1791 825 1892 852 Utrum
1923 821 2100 859 poenitentia
2127 820 2162 848 sit
2190 819 2316 848 secunda
2344 818 2441 846 tabula

1831 869 1899 902 post
1932 862 2124 901 naufragium
2129 879 2439 890 ...........
2522 867 2538 883 ι
2563 856 2618 893 293

1734 913 1774 932 vn
1795 905 1898 932 Utrum
1920 905 1976 931 hoc
1997 909 2209 931 sacramentum
2230 900 2314 928 fuerit
2335 908 2441 928 conve—

1835 944 1947 972 nienter
1968 942 2129 971 institutum
2152 942 2181 969 in
2203 949 2280 969 nova
2307 940 2378 977 lege.
2402 961 2408 967 .
2431 960 2438 967 .
2524 948 2538 963 ν
2563 944 2622 973 294

1735 993 1787 1012 vm
1801 985 1902 1013 Utrum
1923 983 2100 1020 poenitentia
2113 983 2216 1010 debeat
2231 982 2335 1009 durare
2349 987 2442 1016 usque

1835 1025 1872 1052 ad
1894 1023 1980 1052 finem
1996 1023 2069 1051 vitae
2074 1041 2440 1051 .............
2526 1028 2540 1043 »
2564 1017 2619 1053 295

1737 1073 1767 1093 lx
1798 1065 1899 1092 Utrum
1914 1063 2092 1100 poenitentia
2106 1062 2197 1099 possit
2217 1070 2280 1089 esse
2294 1060 2442 1089 continua.
2524 1068 2539 1083 »
2563 1057 2621 1094 296

1736 1112 1755 1131 x
1796 1105 1898 1132 Utrum
1910 1109 2121 1131 sacramentum
2134 1100 2328 1139 poenitentiae
2340 1101 2444 1128 debeat

1837 1143 1943 1171 iterari.
1974 1164 1981 1171 .
2011 1161 2441 1171 ...............
2524 1149 2539 1165 2
2564 1144 2621 1173 297

1780 1232 1974 1268 QUAESTIO
2006 1232 2406 1266 OCTOGESIMAQUINTA

1679 1297 1728 1326 De
1748 1295 1962 1334 poenitentia
1982 1294 2170 1324 secundum
2192 1293 2283 1330 quod
2304 1295 2362 1324 est
2381 1293 2505 1324 virtus.

1799 1366 1902 1394 Utrum
1924 1364 2102 1402 poenitentia
2116 1364 2152 1392 sit
2166 1363 2264 1392 virtus.
2287 1385 2294 1392 .
2309 1368 2311 1370 ’
2318 1385 2444 1392 .....

1740 1415 1762 1434 11
1802 1407 1905 1434 Utrum
1927 1404 2104 1442 poenitentia
2132 1404 2168 1432 sit
2195 1404 2326 1441 specialis
2347 1403 2446 1433 virtus.

1740 1455 1773 1474 111
1800 1446 1903 1475 Utrum
1920 1445 2011 1473 virtus
2023 1444 2216 1482 poenitentiae
2230 1444 2265 1472 sit
2279 1444 2389 1481 species
2403 1444 2447 1472 iu-

1841 1493 1934 1514 stitiae
1936 1506 2444 1514 ..................

1739 1535 1770 1555 1v
1797 1527 1900 1555 Utrum
1922 1525 2084 1554 subiectum
2110 1524 2304 1562 poenitentiae
2324 1524 2360 1553 sit
2380 1534 2448 1561 pro-

1841 1565 1903 1603 prie
1923 1566 2067 1594 voluntas.
2100 1585 2447 1594 ............

1740 1616 1760 1635 v
1800 1607 1904 1636 Utrum
1932 1605 2105 1643 principium
2127 1605 2322 1642 poenitentiae
2350 1605 2386 1633 sit
2414 1614 2448 1633 ex

1841 1653 1955 1675 timore.
1988 1666 2447 1674 ................

1741 1696 1772 1716 vt
1797 1688 1901 1716 Utrum
1916 1686 2101 1723 poenitentia
2126 1685 2163 1714 sit
2183 1685 2287 1722 prima>
2300 1685 2447 1714 virtutum.

1797 1775 1991 1811 QUAESTIO
2018 1774 2399 1803 OCTOGESIMASEXTA

1771 1839 1821 1868 De
1842 1838 1967 1868 effectu
1991 1836 2226 1874 poenitentiae
2254 1838 2420 1874 quantum

1701 1879 1747 1909 ad
1767 1878 2009 1908 remissionem
2035 1878 2259 1914 peccatorum
2279 1877 2489 1907 mortalium.

1562 1957 1727 1978 ARTICULUS
1741 1957 1751 1977 1
1799 1949 1902 1977 Utrum
1930 1955 1982 1984 per
2009 1947 2219 1983 poenitentiam
2246 1953 2451 1975 removeantur

1645 2040 1659 2055 »

1844 1987 1944 2016 omnia
1965 1993 2082 2024 peccata
2085 2007 2448 2016 .............

1742 2037 1763 2056 11
1797 2027 1989 2073 Utrum-sine
2017 2026 2195 2064 poenitentia
2226 2033 2378 2063 peccatum
2406 2035 2450 2055 re-

1845 2074 1918 2096 mitti
1951 2073 2043 2104 possit
2045 2087 2450 2095 ..............

1743 2117 1776 2136 111
1804 2108 1908 2136 Utrum
1930 2107 2021 2144 possit
2047 2116 2099 2144 per
2119 2106 2330 2144 poenitentiam
2360 2116 2452 2135 unum

1845 2154 1994 2184 peccatum
2016 2147 2078 2175 sine
2099 2146 2156 2176 alio
2185 2146 2299 2175 remitti.
2322 2168 2330 2175 .
2352 2168 2360 2175 .
2383 2168 2390 2175 .
2408 2168 2420 2175 ,.
2442 2168 2449 2174 .

1743 2197 1773 2217 rv
1800 2189 1914 2222 Utrum,
1926 2187 2047 2216 remissa
2061 2188 2147 2224 culpa
2161 2196 2213 2223 per
2226 2186 2448 2224 poenitentiam,

1846 2234 1994 2256 remaneat
2022 2234 2117 2256 reatus
2144 2236 2266 2264 poenae.
2295 2248 2451 2256 ......

1745 2277 1764 2296 v
1797 2269 1910 2303 Utrum,
1925 2267 2046 2296 remissa
2067 2267 2152 2304 culpa
2173 2266 2296 2302 mortali,
2316 2266 2455 2295 tollantur

1845 2317 1948 2337 omnes
1980 2307 2118 2345 reliquiae
2149 2307 2257 2344 peccati
2260 2328 2451 2335 .......

1743 2357 1774 2377 vr
1801 2349 1903 2377 Utrum
1925 2347 2056 2376 remissio
2071 2347 2173 2383 culpae
2192 2346 2228 2375 sit
2249 2346 2366 2375 effectus
2382 2355 2453 2383 poe-

1845 2387 1983 2416 nitentiae
2004 2388 2165 2416 secundum
2187 2387 2268 2424 quod
2289 2393 2333 2415 est
2352 2386 2451 2415 virtus.

1775 2475 1970 2512 QUAESTIO
2005 2474 2426 2503 OCTOGESIMASEPTIMA

1730 2540 1780 2568 De
1801 2539 2009 2568 remissione
2030 2537 2215 2567 venialium
2236 2538 2468 2574 peccatorum.

1564 2617 1754 2639 sarxcunust
1801 2607 1904 2636 Utrum
1927 2606 2037 2635 veniale
2059 2613 2209 2642 peccatum
2233 2605 2323 2642 possit
2350 2605 2455 2633 remitti

1647 2701 1662 2716 )

1647 2941 1663 2957 »

1568 3248 1733 3270 ARTICULUS
1748 3247 1758 3267 1

1651 3332 1665 3347 θ

1846 2647 1908 2676 sine
1935 2646 2123 2684 poenitentia.
2146 2667 2152 2674 .
2176 2667 2194 2683 ,η
2206 2665 2453 2674 .........

1745 2697 1766 2717 11
1807 2689 1908 2716 Utrum
1930 2688 1967 2715 ad
1988 2685 2187 2715 remissionem
2211 2685 2366 2714 venialium
2388 2693 2454 2721 pec-

1846 2734 1978 2756 catorum
2001 2726 2163 2763 requiratur
2179 2725 2287 2763 gratiae
2309 2725 2424 2754 infusio.
2447 2746 2454 2753 .

1745 2777 1776 2797 111
1804 2769 1907 2797 Utrum
1929 2774 2047 2804 peccata
2068 2766 2189 2794 venialia
2210 2765 2391 2794 remittantur
2405 2774 2456 2802 per

1845 2807 2043 2846 aspersionem
2055 2815 2148 2844 aquae
2163 2805 2342 2840 benedictae,
2354 2811 2382 2833 et
2393 2804 2453 2842 epi-

1845 2849 1993 2885 scopalem
2014 2845 2257 2881 benedictionem,
2276 2852 2305 2874 et
2324 2845 2382 2874 alia
2402 2846 2456 2874 hu-

1848 2887 1982 2917 iusmodi.
2013 2907 2020 2915 .

1747 2938 1776 2958 tv
1803 2930 1907 2958 Utrum
1929 2927 2039 2956 veniale
2060 2933 2210 2964 peccatum
2236 2925 2328 2962 possit
2348 2924 2454 2954 remitti

1847 2968 1909 2997 sine
1932 2966 2047 2996 mortali
2051 2984 2453 2996 ..............

1782 3064 1975 3101 QUAESTlO
2007 3059 2422 3092 'OCTOGESJMAOCTAVA

1700 3131 1749 3159 De
1770 3128 1882 3159 reditu
1902 3127 2124 3164 peccatorum
2144 3124 2229 3161 post
2248 3122 2495 3160 poenitentiam

1980 3165 2215 3195 dimissorum.

1809 3237 1910 3265 Utr‘um
1932 3240 2050 3272 peccata
2064 3232 2184 3262 dimissa
2204 3232 2324 3260 redeant
2344 3239 2397 3267 per
2411 3239 2455 3259 se-

1848 3285 1940 3314 quens
1960 3279 2110 3312 peccatum
2114 3291 2453 3301 ............

1750 3326 1772 3346 11
1812 3318 1913 3346 Utrum
1935 3320 2052 3352 peccata
2066 3312 2184 3341 dimissa
2199 3311 2318 3340 redeant
2339 3319 2391 3347 per
2411 3310 2456 3338 in-

1848 3354 2051 3394 gratitudinem
2073 3361 2147 3390 quae
2168 3350 2328 3388 specialiter
2350 3357 2392 3378 est
2413 3359 2456 3378 se-

1848 3395 1976 3424 cundum
1999 3399 2125 3430 quatuor
2138 3400 2244 3429 genera
2259 3397 2455 3428 peccatorum.

1750 3445 1782 3466 111
1809 3436 1910 3464 Utrum
1933 3443 1983 3471 per
2011 3431 2246 3470 ingratitudinem
2274 3430 2384 3467 peccati
2414 3439 2457 3458 se-

1849 3474 1963 3512 quentis
1978 3479 2133 3509 consurgat
2146 3478 2243 3500 tantus
2258 3477 2353 3499 reatus
2365 3479 2457 3507 quan-

1848 3522 1894 3543 tus
1919 3514 2011 3542 fuerat
2040 3518 2225 3550 peccatorum
2251 3510 2330 3548 prius
2358 3510 2457 3538 dimis-

1850 3563 1959 3583 sorum.
1988 3574 1995 3581 .

2025 3570 2454 3581 ...............

2528 1374 2543 1390 ²
2568 1371 2625 1401 299

2530 1417 2544 1432 »
2570 1406 2627 1434 300

2529 1496 2543 1511 s
2569 1485 2622 1514 301

2530 1576 2545 1591 ›
2571 1565 2625 1593 303

2530 1656 2546 1672 a
2572 1645 2628 1680 304

2532 1696 2548 1712 s
2573 1685 2627 1714 305

2533 1998 2548 2014 ›
2573 1986 2630 2024 3⁰7

2533 2077 2549 2093 2
2575 2067 2631 2095 308

2534 2157 2549 2173 »
2575 2147 2632 2176 3¹0

2533 2237 2549 2254 ι
2575 2227 2627 2255 311

2535 2288 2550 2332 ι’
2575 2306 2632 2334 312

2535 2397 2551 2412 »
2577 2385 2631 2414 313

2558 2535 2574 2548 Χ

2538 2657 2552 2671 »
2578 2645 2632 2674 315

2537 2719 2558 2752 »¹
2577 2724 2633 2761 317

2536 2893 2551 2909 s
2577 2883 2634 2920 319

2535 2973 2552 2989 a
2578 2963 2635 2991 320

2538 3280 2553 3295 ¹>
2579 3269 2631 3297 321

2538 3399 2554 3414 ι
2580 3387 2634 3416 323

2538 3548 2637 3583 »324
