2918 4088
201 817 211 827 ·
225 815 285 837 Part.
302 821 317 836 1.

200 1396 210 1407 ⁶
222 1395 268 1422 Qu.
277 1400 330 1420 ωιιι,
339 1397 379 1415 art.
388 1400 412 1420 4,

202 1422 230 1444 ad
244 1428 268 1450 3;
283 1425 324 1443 art.
339 1427 358 1448 5.

200 1501 269 1522 ‘Aris
271 1503 312 1521 tot.
319 1500 381 1527 Phys
382 1500 410 1521 ic.

200 1527 249 1602 ξε,-
252 1527 403 1575 ran
382 1556 411 1574 ε.

201 2346 212 2356 ·
227 2345 293 2368 νει-ι.
308 2350 340 2372 3²·

441 204 491 239 60
1121 198 1386 246 QUAEsrlo
1414 197 1538 243 va,

440 287 585 330 quanto
605 278 794 316 maiorem
814 277 996 316 virtutem
1024 277 1178 314 habent.
1214 277 1291 315 Sed
1311 276 1504 326 quaedam

440 340 677 371 sacramenta
704 331 932 382 imprimunt
964 331 1243 376 characterem,
1273 329 1412 367 scilicet
1439 330 1504 366 ba-

440 386 622 436 ptismus,
652 385 895 423 confirmatio
933 392 969 422 et
1006 384 1121 421 ordo:
1160 383 1268 432 quod
1304 394 1384 419 non
1419 381 1505 419 facit

441 438 690 476 Eucharistia.
727 439 829 486 Ergo
864 437 926 475 illa
953 444 1192 474 sacramenta
1225 443 1315 472 sunt
1341 435 1502 484 potiora.

493 505 529 540 4.
551 493 784 539 PRAETEREA,
805 491 898 528 illud
921 490 1074 528 videtur
1101 501 1183 526 esse
1202 488 1330 538 potius
1358 500 1405 525 ex
1424 500 1503 537 quo

440 545 514 582 alia
541 545 760 595 dependent
792 551 828 580 et
855 555 935 581 non
964 555 984 580 e
1013 554 1213 580 converso.
1252 541 1330 579 Sed
1358 553 1405 578 ex
1438 541 1504 578 ba·-

440 598 581 647 ptismo
617 597 807 647 dependet
835 595 1093 634 Eucharistia:
1130 607 1212 632 non
1244 594 1349 631 enim
1381 601 1505 643 potest

440 651 576 700 aliquis
605 649 886 687 Eucharistiam
915 649 1086 707 accipere
1106 647 1178 684 nisi
1205 647 1316 684 fuerit
1338 646 1503 696 baptiza-

439 711 511 742 tus.
542 705 644 752 Ergo
672 703 885 753 baptismus
914 710 969 739 est
996 701 1123 751 potior
1146 700 1395 738 Eucharistia.

495 757 568 794 SED
598 769 743 794 CONTRA
770 768 836 794 1-:sT
864 755 971 805 quod
999 754 1208 804 Dionysius
1236 753 1335 800 dicit,
1365 765 1397 790 111
1419 764 1501 802 cap.

439 811 578 848 Eccles.
607 811 718 847 Hier.
739 809 771 855 ²¹⁶,
801 809 908 858 quod
937 821 1011 846 non
1040 808 1220 857 contingit
1238 807 1398 856 aliquem
1416 818 1504 855 per-

428 865 503 912 fici
523 864 752 912 perfectione
779 862 1010 899 hierarchica
1041 862 1112 898 nisi
1139 872 1212 909 per
1238 859 1504 897 divinissimam

440 917 724 953 Eucharistiam.
746 916 848 963 Ergo
869 916 944 951 hoc
958 921 1243 951 sacramentum
1259 912 1517 961 potissimum·

441 977 477 1006 et
504 967 790 1018 perfectivumss
819 975 873 1004 est
901 966 1081 1004 omnium
1109 965 1285 1003 aliorum.
1387 977 1390 980 ·

493 1023 718 1059 RESPONDEO
746 1032 928 1058 111οΕΝοοΜ
954 1019 1081 1069 quod,
1103 1018 1323 1068 simpliciter
1345 1019 1504 1067 loquen-

441 1075 509 1122 do,
549 1081 833 1111 sacramentum
871 1071 1132 1110 Eucharistiae
1170 1079 1225 1108 est
1260 1070 1506 1120 potissimum

440 1128 538 1165 inter
569 1127 642 1163 alia
676 1133 923 1163 sacramenta.
964 1125 1084 1171 Quod
1119 1124 1279 1173 quidem
1315 1123 1507 1172 tripliciter

440 1187 607 1239 apparet.
638 1178 769 1215 Primo
799 1178 970 1227 quidem,
992 1190 1039 1214 ex
1067 1189 1114 1214 eo
1144 1176 1252 1225 quod
1279 1175 1319 1212 in
1348 1187 1395 1212 eo
1414 1187 1505 1212 0011-

439 1233 580 1269 11301111·
607 1237 622 1259 Υ
660 1231 741 1280 ipse
781 1229 953 1267 Christus
998 1229 1309 1266 substantialiter:
1349 1227 1389 1265 in
1426 1227 1506 1264 aliis

439 1293 570 1322 autem
606 1283 852 1321 sacramentis
893 1282 1109 1320 continetur
1149 1281 1342 1330 quaedam
1386 1279 1507 1316 virtus

439 1336 736 1375 instrumentalis
772 1335 994 1385 participata
1022 1347 1045 1371 a
1074 1334 1246 1380 Christo,
1285 1340 1327 1370 ut
1361 1345 1407 1369 ex
1444 1345 1507 1369 su-

438 1403 508 1441 pra
527 1390 547 1412 *
574 1390 682 1427 (110115
708 1396 821 1448 patet.
853 1389 1016 1437 Semper
1050 1395 1180 1424 autem
1215 1386 1322 1435 quod
1357 1393 1413 1422 est
1429 1397 1509 1445 ‚per

440 1443 655 1491 essentiam,
675 1441 805 1492 potius
834 1449 888 1479 est
916 1453 963 1479 eo
992 1441 1100 1491 quod
1129 1447 1184 1477 est
1210 1451 1281 1489 per
1307 1437 1507 1488 participa-

439 1497 584 1535 tionem
604 1496 636 1532 ³¹⁶.

495 1526 676 1587 Secundo
711 1549 788 1586 hoc
816 1555 974 1598 apparet
1002 1559 1048 1584 ex
1077 1546 1213 1584 ordine
1251 1552 1507 1583 sacramento-

440 1615 529 1641 rum
565 1603 615 1639 ad
646 1601 830 1639 invicem:
867 1613 960 1638 nam
995 1600 1128 1638 omnia
1164 1599 1237 1637 alia
1269 1605 1508 1636 sacramenta

440 1655 609 1694 ordinari
636 1654 818 1692 videntur
845 1654 893 1691 ad
922 1654 999 1691 hoc
1026 1660 1312 1690 sacramentum
1334 1651 1431 1688 sicut
1458 1651 1507 1688 ad

440 1709 572 1747 finem.
603 1708 850 1745 Manifestum
879 1714 935 1744 est
954 1706 1059 1744 enim
1088 1706 1195 1756 quod
1223 1711 1508 1743 sacramentum

441 1762 585 1800 ordinis
605 1761 805 1799 ordinatur
823 1760 871 1797 ad
887 1759 1150 1798 Eucharistiae
1165 1757 1508 1796 consecrationem.

441 1816 736 1854 Sacramentum
754 1825 849 1851 vero
868 1808 1049 1863 baptismi
1069 1812 1269 1850 ordinatur
1287 1812 1336 1849 ad
1356 1811 1508 1848 Eucha-

441 1868 565 1906 ristiae
594 1867 866 1917 receptionem.
901 1868 943 1903 In
971 1879 1051 1916 quo
1081 1866 1195 1903 etiam
1222 1864 1419 1914 perficitur
1444 1863 1508 1901 ali-

441 1921 527 1971 quis
561 1933 631 1970 per
658 1919 1006 1967 confirmationem,
1035 1927 1078 1957 ut
1110 1931 1190 1956 non
1216 1917 1229 1940 ⁵
1257 1925 1436 1955 vereatur
1469 1929 1509 1954 se

441 1975 665 2012 subtrahere
693 1986 716 2011 a
743 1973 806 2010 tali
839 1980 1090 2010 sacramento.
1129 1973 1204 2009 Per
1234 1969 1509 2021 poenitentiam

441 2027 556 2065 etiam
575 2035 611 2064 et
630 2034 840 2064 extremam
868 2023 1093 2063 unctionem
1120 2031 1369 2074 praeparatur
1386 2024 1509 2060 homo

441 2081 490 2118 ad
509 2080 621 2129 digne
637 2080 874 2117 sumendum
889 2091 1029 2128 corpus
1045 2078 1194 2116 Christi.
1214 2076 1509 2114 Matrimonium

441 2141 572 2171 autem
600 2135 733 2170 saltem
768 2145 838 2170 sua
866 2131 1140 2181 significatione
1178 2130 1320 2178 attingit
1348 2130 1424 2166 hoc
1452 2142 1509 2166 sa-

441 2194 693 2233 cramentum,
719 2185 951 2235 inquantum
980 2184 1165 2234 significat
1194 2182 1510 2221 coniunctionem

442 2240 582 2278 Christi
614 2247 650 2276 et
676 2238 880 2285 Ecclesiae,
909 2237 1019 2276 cuius
1047 2237 1173 2275 unitas
1196 2249 1266 2287 per
1293 2247 1509 2274 sacramen-

440 2301 524 2330 tum
553 2292 814 2330 Eucharistiae
849 2292 1053 2340 figuratur:
1091 2291 1197 2328 unde
1230 2297 1266 2327 et
1300 2290 1509 2339 Apostolus

441 2346 542 2394 dicit,
561 2347 694 2396 Ephes.
715 2358 739 2382 v
759 2345 797 2382 *ε
828 2347 1112 2383 Sacramentum
1139 2346 1209 2382 hoc
1235 2355 1419 2394 magnum
1439 2349 1510 2379 est:

441 2411 513 2450 ego
541 2405 664 2436 autem
692 2399 773 2436 dico
803 2400 839 2435 in
873 2400 1017 2436 Christo
1045 2404 1079 2435 et
1106 2400 1143 2435 in
1171 2397 1350 2435 Ecclesia.

495 2452 628 2489 Tertio
665 2453 741 2489 hoc
778 2460 936 2501 apparet
973 2464 1020 2489 ex
1055 2451 1128 2488 ritu
1166 2456 1508 2488 sacramentorum.

442 2507 547 2543 Nam
566 2505 642 2542 fere
671 2505 804 2542 omnia
832 2512 1070 2542 sacramenta
1093 2504 1132 2542 in
1151 2502 1391 2542 Eucharistia
1419 2514 1510 2539 con-

443 2566 704 2606 summantur,
733 2566 776 2595 ut
809 2558 897 2595 dicit
933 2558 1159 2608 Dionysius,
1189 2570 1221 2594 111
1249 2569 1331 2606 cap.
1370 2556 1509 2593 Eccles.

670 2646 686 2663 ο

496 2671 522 2707 β)
541 2676 568 2698 et
582 2666 766 2706 perfeciivum'.
785 2687 803 2691 -
822 2676 848 2697 et
868 2672 1094 2706 perfectissimum
1119 2672 1293 2702 BDFGHabc‚
1314 2675 1340 2697 et
1357 2671 1462 2705 perscssn
1481 2671 1511 2702 E,

443 2717 497 2734 om.
517 2709 546 2733 P.
563 2723 583 2728 -
600 2709 714 2733 aliorum
733 2716 786 2733 om.
807 2708 839 2733 G.

495 2746 522 2778 γ)
542 2745 568 2769 in
589 2751 618 2769 eo
637 2744 797 2769 continetur.
822 2758 841 2762 -
865 2744 1017 2768 continetur
1036 2743 1062 2768 in
1082 2743 1272 2769 sacramentis.-
1292 2751 1354 2768 nam
1374 2743 1400 2768 in
1420 2750 1512 2768 saera-

443 2784 532 2805 mento
552 2779 740 2805 Eucharistiae
757 2779 910 2804 continetur
929 2779 1008 2804 PlsG.

1572 195 1865 233 ARTICULUS
1893 196 1939 232 ΙΙΙ

1558 277 1668 312 Hier.
1688 274 1725 311 *ε
1755 274 1852 311 510111
1878 280 1982 323 patet
2000 273 2109 322 quod
2128 272 2291 310 ordinati
2319 272 2621 318 communicant,

1559 335 1595 365 et
1623 327 1738 365 etiam
1766 326 1943 376 baptizati
1971 326 2002 363 si
2031 326 2103 363 sint
2131 325 2260 363 adulti.

1612 380 1789 418 Aliorum
1817 387 1947 417 autem
1967 386 2297 416 sacramentorum
2316 378 2552 428 comparatio
2572 378 2623 415 ad

1559 434 1726 471 invicem
1753 440 1877 482 potest
1912 445 1994 470 esse
2022 430 2278 481 multipliciter
2300 437 2324 468 ².
2360 432 2466 468 Nam
2493 431 2533 468 in
2560 431 2623 468 via

1558 486 1801 534 necessitatis,
1830 485 2045 535 baptismus
2068 492 2124 521 est
2142 483 2389 533 potissimum
2408 495 2623 522 sacramen-

1558 547 1705 586 torum;
1735 539 1774 576 in
1801 539 1864 576 via
1891 546 2022 576 autem
2049 536 2309 587 perfectionis,
2339 545 2623 574 sacramentum

1559 592 1722 638 ordinis;
1751 591 1882 629 medio
1902 599 2030 629 autem
2051 590 2172 628 modo
2201 601 2241 627 se
2266 589 2383 627 habet
2407 601 2623 627 sacramen—

1557 654 1643 683 tum
1679 644 1994 682 confirmationis.
2031 644 2324 682 Sacramentum
2359 654 2454 679 vero
2490 641 2623 691 poeni-

1558 698 1696 736 tentiae
1725 706 1762 735 et
1786 706 1977 735 extremae
1997 696 2302 734 unctionissunt
2330 694 2517 732 inferioris
2544 706 2623 743 gra·

1559 752 1631 788 dus
1660 764 1682 788 a
1701 750 1902 800 praedictis
1930 749 2195 788 sacramentis:
2226 748 2329 798 quia,
2355 747 2451 785 sicut
2477 747 2624 786 dictum

1559 812 1614 841 est
1633 804 1664 851 ²¹⁶,
1694 804 1920 842 ordinantur
1947 804 1996 841 ad
2023 803 2143 840 vitam
2172 801 2429 840 Christianam
2456 812 2538 838 non
2555 812 2625 850 per

1559 870 1610 904 se,
1631 858 1699 894 sed
1727 856 1837 906 quasi
1864 869 1934 906 per
1962 856 2150 903 accidens,
2171 855 2310 893 scilieet
2337 854 2378 891 in
2406 852 2624 892 remedium

1559 910 1864 959 supervenientis
1891 910 2071 947 defectus.
2109 911 2209 946 Inter
2237 907 2368 958 quaec
2396 915 2526 944 tamen
2562 918 2624 943 ex-

1558 971 1681 1000 trema
1708 963 1839 1000 unctio
1868 970 2114 1012 comparatur
2140 962 2190 999 ad
2217 960 2494 1011 poenitentiam
2529 959 2626 996 sicut

1559 1015 1802 1053 confirmatio
1822 1015 1871 1053 ad
1890 1015 2142 1065 baptismum:
2172 1014 2223 1051 ita
2241 1013 2380 1051 scilicet
2399 1013 2506 1063 quod
2531 1024 2624 1062 poe-

1559 1069 1717 1106 nitentia
1743 1077 1799 1106 est
1826 1068 1982 1106 maioris
2006 1067 2248 1115 necessitatis,
2270 1067 2337 1104 sed
2357 1074 2526 1104 extrema
2554 1077 2624 1103 un-

1560 1122 1634 1159 ctio
1663 1130 1719 1159 est
1746 1121 1903 1159 maioris
1930 1120 2182 1171 perfectionis.

1614 1176 1671 1211 Au
1700 1186 1835 1212 ramum
1862 1186 1961 1211 ERGO
1986 1186 2168 1211 111οΕΝοοΜ
2196 1173 2304 1223 quod
2332 1172 2626 1210 matrimonium

1561 1227 1760 1276 ordinatur
1780 1227 1829 1264 ad
1848 1227 2000 1264 bonum
2027 1238 2237 1264 commune
2261 1225 2518 1275 corporaliter.
2549 1225 2626 1262 Sed

1560 1280 1712 1316 bonum
1740 1291 1950 1326 commune
1970 1278 2163 1328 spirituale
2175 1278 2304 1315 *totius
2323 1277 2515 1315 Ecclesiae
2535 1289 2626 1314 con—

1561 1331 1702 1368 tinetur
1721 1331 2014 1368 substantialiter
2041 1331 2081 1368 in
2109 1331 2193 1380 ipso
2222 1330 2484 1368 Eucharistiae
2503 1341 2626 1368 sacra-

1561 1392 1706 1421 mento.
2462 1428 2467 1432 ξ

1615 1438 1672 1474 AD
1701 1449 1891 1475 SECUNDUM
1927 1448 2109 1474 111οΕ111)οΜ
2147 1436 2254 1486 quod
2288 1448 2358 1486 per
2385 1434 2563 1473 ordinem
2591 1442 2628 1472 et

1561 1490 1899 1528 confirmationem
1918 1490 2152 1540 deputantur
2168 1489 2303 1527 fideles
2323 1488 2463 1527 Christi
2490 1489 2541 1526 ad
2563 1488 2628 1526 ali-

1562 1557 1640 1593 qua
1659 1543 1837 1593 specialia
1856 1542 2000 1580 officia:
2031 1543 2139 1592 quod
2156 1542 2319 1593 pertinet
2338 1548 2356 1570 ²²
2385 1542 2435 1580 ad
2453 1541 2628 1580 officium

1561 1596 1754 1647 principis
1785 1597 1833 1634 Et
1851 1596 1940 1634 ideo
1968 1597 2116 1634 tradere
2135 1595 2362 1634 huiusmodi
2389 1602 2628 1633 sacramenta

1561 1650 1725 1700 pertinet
1744 1650 1792 1687 ad
1817 1651 1945 1687 solum
1969 1649 2209 1699 episcopum,
2230 1649 2297 1699 qui
2318 1656 2374 1686 est
2397 1648 2507 1698 quasi
2524 1647 2628 1698 prin'-

1562 1715 1652 1753 ceps
1680 1703 1719 1740 in
1748 1702 1928 1740 Ecclesia.
1959 1703 2033 1740 Per
2051 1710 2336 1740 sacramentum
2360 1713 2455 1739 vero
2475 1701 2627 1739 Eucha-

1563 1756 1686 1794 ristiae
1715 1768 1794 1793 non
1814 1756 2020 1806 deputatur
2038 1757 2160 1793 homo
2189 1756 2238 1793 ad
2257 1755 2416 1805 aliquod
2434 1754 2626 1793 officium:

1563 1810 1630 1847 sed
1659 1809 1781 1858 magis
1808 1810 1884 1846 hoc
1919 1817 2204 1846 sacramentum
2237 1817 2292 1846 est
2325 1808 2414 1846 finis
2449 1807 2628 1845 omnium

1564 1863 1782 1910 offciorum,
1811 1870 1854 1899 ut
1881 1862 2027 1900 dictum
2055 1870 2111 1899 est
2128 1862 2160 1899 *.

1617 1917 1674 1953 AD
1693 1927 1853 1953 TER-rum
1871 1923 2054 1953 310111111οΜ
2073 1915 2181 1965 quod
2199 1916 2395 1952 character
2413 1925 2629 1951 sacramen-

1563 1969 1658 2017 talis,
1679 1969 1776 2006 sicut
1795 1980 1912 2018 supra
1929 1968 1950 1990 ’¹‘
1968 1968 2116 2006 dictum
2134 1976 2201 2014 est,
2218 1968 2412 2018 quaedam
2429 1966 2630 2017 participa-

1563 2022 1616 2060 tio
1637 2030 1691 2059 est
1705 2021 1905 2059 sacerdotii
1921 2021 2072 2059 Christi.
2093 2022 2206 2060 Unde
2221 2028 2507 2063 sacramentum
2522 2020 2630 2071 quod

1563 2076 1693 2125 ipsum
1714 2075 1911 2113 Christum
1930 2074 2126 2123 coniungit
2145 2074 2306 2123 homini,
2327 2082 2383 2111 est
2401 2073 2553 2122 dignius
2572 2085 2629 2111 sa-

1563 2136 1760 2166 cramento
1789 2128 1898 2178 quod
1925 2128 2110 2178 imprimit
2139 2127 2278 2166 Christi
2305 2128 2575 2165 characterem.

1617 2183 1674 2219 AD
1703 2194 1875 2225 QUARTUM
1904 2193 2086 2219 mCENDUM
2114 2181 2222 2241 quod
2251 2180 2346 2218 ratio
2371 2180 2434 2218 1113
2458 2179 2631 2230 procedit

1563 2247 1610 2272 ex
1629 2242 1735 2295 parte
1754 2234 1996 2273 necessitatis.
2024 2235 2086 2272 Sic
2105 2234 2211 2272 enim
2229 2233 2454 2284 baptismUS‚
2474 2245 2566 2271 cum
2584 2232 2631 2271 sit

1563 2288 1755 2326 maximae
1775 2287 2016 2335 necessitatis,
2037 2295 2092 2325 est
2109 2287 2355 2337 potissimum
2373 2293 2630 2324 sacramento-

1564 2354 1663 2379 rum.
1707 2341 1813 2380 Sicut
1847 2341 1944 2379 ordo
1979 2349 2016 2378 et
2049 2340 2292 2378 confirmatio
2330 2340 2474 2378 habent
2507 2351 2629 2388 quan-

1564 2395 1656 2432 dam
1675 2394 1937 2432 excellentiam
1956 2394 2101 2431 ratione
2124 2393 2343 2439 ministerii3
2372 2401 2409 2430 et
2431 2392 2629 2430 matrimo-

1564 2448 1675 2485 nium
1694 2448 1840 2485 ratione
1870 2446 2165 2496 significationis.
2195 2446 2302 2484 Nihil
2321 2445 2426 2483 enim
2450 2445 2631 2495 prohibet

1565 2500 1710 2551 aliquid
1729 2513 1811 2538 esse
1840 2500 2056 2538 secundum
2076 2499 2170 2552 quid
2189 2499 2352 2549 dignius,
2373 2499 2480 2549 quod
2499 2495 2630 2537 tamen

1565 2566 1646 2592 non
1674 2562 1729 2592 est
1757 2553 1908 2603 dignius
1935 2553 2166 2604 simpliciter.

1618 2669 1643 2704 ὃ)
1664 2674 1693 2695 ut
1712 2678 1774 2696 non.
1792 2684 1811 2689 —
1828 2669 1878 2695 EIa
1898 2674 1923 2694 et
1942 2669 2082 2699 editiones;
2101 2673 2128 2694 et
2147 2677 2179 2694 ne
2198 2669 2240 2698 sF,
2259 2671 2286 2694 et
2304 2676 2356 2694 non
2376 2667 2462 2693 ceteri.
2616 2663 2671 2733 ᾗ]
2701 2671 2721 2694 ἰ

1615 2707 1638 2740 ε)
1659 2706 1849 2739 multipliciter.
1866 2720 1884 2724 -
1904 2705 2047 2737 multiplex
2066 2705 2108 2730 Pc.

1617 2741 1643 2776 ζ)
1664 2743 1737 2767 Inter
1755 2749 1830 2775 quae.
1848 2756 1867 2760 -
1885 2748 1952 2774 quae
1971 2741 2018 2766 Pa.

1618 2779 1645 2812 η)
1664 2778 1736 2811 quod
1750 2778 1909 2810 pertinetff-
1920 2784 1988 2809 quae
2004 2777 2124 2808 pertinet
2137 2776 2191 2805 ΕΗ,
2204 2782 2272 2809 quae
2282 2775 2422 2808 pertinent
2434 2775 2444 2800 1
2457 2779 2482 2800 et
2495 2754 2629 2803 editiones.

1119 2850 1456 2884 commentaria
1478 2851 1732 2884 Cardinalis
1754 2850 1957 2883 Caietani

446 2933 612 2995 Trrurus
635 2922 747 2953 clarus.
771 2940 794 2944 —
818 2922 854 2952 In
877 2931 1014 2962 corpore
1040 2921 1105 2952 duo
1122 2921 1214 2952 fiunt.
1245 2922 1363 2959 Primo,
1376 2932 1509 2963 respon·
1534 2924 1538 2990 ξ

505 2966 596 2997 detur
612 2967 757 3007 quaesito
773 2976 838 2996 una
861 2966 1087 2997 conclusione:
1113 2965 1358 2997 Sacramentum
1380 2967 1509 2998 Eucha-

444 3011 556 3042 ristiae
578 3016 625 3042 est
641 3011 845 3052 potissimum
869 3011 955 3041 inter
978 3010 1087 3041 omnia
1109 3016 1323 3042 sacramenta.
1354 3011 1510 3042 Probatur

443 3055 616 3096 tripliciter,
640 3061 676 3086 ut
698 3061 785 3096 patet
806 3055 840 3086 in
863 3055 974 3086 littera.

500 3099 660 3136 Secundo,
685 3105 911 3140 comparantur
934 3099 1056 3140 reliqua
1079 3105 1274 3131 sacramenta
1296 3101 1378 3131 inter
1401 3110 1444 3131 se.
1469 3101 1510 3131 Et

444 3143 545 3174 multa
569 3143 718 3174 dicuntur
741 3144 814 3174 satis
838 3144 930 3174 clare.

502 3187 538 3217 11.
563 3187 707 3218 Dubium
730 3193 837 3218 tamen
860 3198 963 3218 unum
986 3193 1082 3218 restat
1105 3188 1138 3218 in
1161 3189 1221 3219 hac
1244 3189 1346 3220 littera
1369 3189 1452 3219 circa
1476 3188 1510 3219 id

446 3231 536 3272 quod
559 3230 689 3268 dicitur,
714 3231 803 3272 quod
827 3238 967 3262 extrema
990 3232 1101 3262 unctio
1132 3238 1298 3273 praeparat
1320 3232 1360 3263 ad
1383 3233 1510 3263 Eucha—

445 3276 574 3306 ristiam.
599 3275 795 3316 Oppositum
811 3276 897 3306 enim
918 3281 1049 3316 apparet
1065 3285 1102 3306 ex
1119 3286 1158 3306 eo
1183 3275 1272 3316 quod
1295 3282 1434 3307 extrema
1449 3286 1509 3307 un-

446 3321 510 3350 ctio
534 3319 626 3350 datur
648 3325 723 3360 post
743 3320 905 3350 viaticum.

501 3363 552 3394 Ad
566 3364 629 3394 hoc
642 3363 756 3394 dicitur
768 3363 857 3404 quod
869 3364 993 3394 Auctor
1004 3364 1147 3404 loquitur
1163 3364 1202 3394 de
1219 3363 1335 3395 effectu
1351 3370 1509 3395 extremae

448 3409 609 3439 unctionis
626 3407 803 3439 secundum
819 3417 863 3438 se.
884 3407 971 3438 Cum
986 3409 1025 3438 sit
1041 3408 1127 3438 enim
1142 3409 1264 3438 sanatio
1281 3407 1448 3448 quaedam,
1462 3418 1509 3438 se-

447 3451 589 3483 cundum
605 3462 639 3483 se
655 3452 817 3483 ordinatur
833 3451 873 3482 ad
888 3451 1062 3492 perfectam
1078 3462 1153 3482 cum
1166 3451 1292 3483 Christo
1308 3453 1509 3483 coniunctio-

446 3506 521 3527 nem
537 3498 671 3532 animae,
685 3506 767 3536 quae
779 3506 836 3536 per
851 3497 1082 3527 Eucharistiam
1094 3496 1138 3526 fit.
1156 3497 1240 3527 Usus
1256 3502 1363 3527 autem
1375 3502 1509 3537 postpo-

446 3540 542 3571 nendi
560 3546 731 3572 extremam
750 3541 939 3571 unctionem
951 3540 1079 3571 aliunde
1099 3541 1252 3571 sumitur:
1278 3540 1317 3571 de
1335 3550 1401 3582 quo
1417 3540 1507 3571 infra.

1617 2922 1731 2953 111.1n
1754 2921 1965 2961 responsione
1988 2920 2028 2951 ad
2051 2919 2239 2956 secundum,
2264 2919 2399 2950 dubium
2422 2927 2556 2959 quoque
2572 2927 2627 2949 oc-

1562 2968 1668 3003 currit,
1686 2965 1855 3007 quomodo
1878 2965 1988 2996 fideles
2011 2974 2069 3005 per
2084 2963 2363 2995 confirmationem
2379 2962 2572 3003 deputentur
2587 2962 2628 2993 ad

1561 3011 1698 3062 speciale
1715 3009 1860 3041 officium
1875 3015 2022 3050 spectans
2039 3008 2079 3039 ad
2095 3007 2238 3039 officium
2256 3007 2409 3048 principis
2424 3007 2455 3037 “.
2481 3016 2557 3038 011111
2579 3005 2626 3038 di-

1562 3061 1651 3086 ctum
1674 3056 1714 3086 sit
1728 3056 1745 3072 ⁴*
1768 3053 2048 3085 confirmationem
2071 3052 2216 3083 conferre
2242 3052 2357 3087 robur,
2385 3050 2476 3091 quod
2502 3054 2663 3082 constat·

1560 3110 1630 3131 non
1653 3109 1720 3130 esse
1745 3098 1889 3130 officium
1911 3103 2057 3138 spectans
2081 3095 2121 3127 ad
2143 3096 2332 3136 principem.

1615 3144 1668 3174 Ad
1690 3144 1754 3174 hoc
1787 3142 1901 3173 dicitur
1932 3141 2038 3182 quod,
2064 3141 2139 3181 quia
2162 3139 2363 3171 confirmatio
2396 3139 2488 3171 datur
2517 3139 2552 3170 in
2573 3149 2626 3170 ro-

1548 3185 1621 3219 vbur
1651 3186 1827 3218 confitendi
1859 3186 1957 3217 fidem
1988 3185 2105 3216 Christi
2132 3183 2292 3221 crucifixi,
2320 3185 2376 3224 qui
2405 3190 2453 3215 est
2476 3183 2627 3226 gentibus

1560 3231 1697 3262 stultitia
1728 3236 1759 3262 et
1789 3230 1920 3261 Iudaeis
1950 3229 2140 3260 scandalum
2164 3229 2200 3266 “,
2232 3227 2435 3259 confirmatio
2465 3233 2513 3259 est
2539 3227 2628 3259 velut
2654 3227 2745 3283 '1¹³2‘
2739 3227 2803 3284 Οἷς
2794 3233 2865 3257 »αρ’

1561 3275 1748 3306 constitut-io
1771 3274 1896 3305 militis:
1929 3283 2005 3304 nam
2028 3273 2178 3303 militares
2202 3278 2290 3304 actus
2315 3273 2467 3314 pugilum
2485 3272 2571 3314 fidei
2593 3273 2627 3303 13

1559 3320 1691 3350 robusta
1716 3318 1918 3350 confessione
1945 3318 2133 3348 consistunt.
2158 3317 2268 3354 Unde,
2293 3317 2369 3357 quia
2392 3316 2536 3347 officium
2566 3317 2626 3347 mi-

1560 3364 1649 3394 litare
1673 3369 1720 3394 est
1743 3362 1887 3394 officium
1918 3367 2064 3402 spectans
2088 3361 2127 3392 ad
2145 3362 2342 3402 principem,
2367 3361 2435 3392 eius
2465 3367 2512 3392 est
2540 3362 2627 3392 enim

1562 3407 1701 3438 condere
1723 3407 1839 3438 milites
1869 3411 1966 3447 atque
1990 3406 2077 3446 ipsos
2101 3405 2235 3442 ducere3
2265 3405 2339 3436 ideo
2363 3406 2397 3436 in
2424 3406 2526 3436 littera
2549 3405 2627 3436 dici-

1560 3458 1612 3482 tur
1634 3451 1724 3492 quod
1751 3450 1952 3482 confirmatio
1977 3456 2024 3481 est
2046 3451 2079 3481 in
2110 3449 2254 3481 officium
2277 3455 2423 3490 spectans
2447 3449 2486 3480 ad
2508 3450 2627 3490 princi-

1560 3506 1646 3537 pem.

2652 808 2662 818 '
2676 807 2725 829 An.
2741 812 2761 829 2.

2656 1866 2667 1876 ·
2681 1863 2707 1887 In
2721 1870 2828 1894 eoi-pore.

2650 278 2660 288 ·
2676 277 2736 300 Part.
2752 283 2768 300 1.
2913 287 2918 332 ξ

2657 1974 2667 1984 ·
2675 1972 2723 2002 Qu.
2730 1977 2792 1999 um,
2800 1975 2842 1995 ιη.
2847 1977 2868 2001 3.

2654 3004 2818 3032 ·01’.ιιοι..η

2677 3053 2762 3075 Art-n
