2878 4088
0 2462 3 2468 ’
0 2388 33 2425 {J

125 520 136 530 ·
150 518 207 546 Cap.
222 525 255 540 ιι.
265 525 288 541 n.
300 526 336 546 ης

124 551 145 566 s.
151 544 196 567 Th.
203 546 254 568 lect.
260 552 337 568 xxm.-

125 571 161 593 cf.
174 577 224 599 cap.
236 578 258 599 v,
273 578 296 594 n.
313 579 335 599 ις

124 604 143 619 s.
154 597 199 620 Th.
215 599 266 621 leet.
281 605 304 621 x.

124 626 135 636 '
149 625 200 646 An.
217 632 236 647 ι.

122 1009 132 1019 ·
148 1009 183 1029 Au
202 1023 206 1028 .
222 1007 252 1029 de
266 1007 332 1028 Trin.

120 1033 187 1082 21»δό
188 1075 194 1082 .
213 1039 332 1061 ,capam

117 1271 130 1283 ¹
145 1270 211 1292 Vere.
227 1276 248 1298 7.

117 1361 179 1410 ὲᾳΐι
193 1377 202 1410 .’
212 1367 315 1411 gahlai-
322 1373 333 1379 -

119 1490 130 1501 ·
142 1488 209 1512 veru.
224 1495 245 1517 7.

975 184 1239 230 QUAESTIO
1268 184 1460 230 LXXXII,
1480 182 1772 220 ARTICULUS
1801 184 1857 230 111,
1879 185 1928 220 IV
2471 184 2541 232 189

1484 266 1516 291 et
1538 260 1649 291 adusta
1673 270 1711 291 ex
1733 266 1820 291 tactu
1843 262 1887 291 rei
1911 262 2040 298 calidae,
2063 263 2114 293 vel
2144 263 2304 293 odorifera
2326 273 2364 293 ex
2387 268 2474 294 tactu
2496 263 2543 294 rei

1484 304 1671 335 odoriferae.
1705 305 1780 335 Alio
1811 305 1930 340 mode,
1954 307 2177 337 immutatione
2209 307 2378 347 spirituali:
2412 306 2541 347 quando

1483 350 1633 389 recipitur
1657 349 1790 389 qualitas
1813 349 1967 379 sensibilis
1990 351 2023 380 in
2046 351 2256 382 instrumento
2272 350 2451 382 secundum
2474 360 2541 382 esse

1482 394 1653 433 spirituale,
1671 393 1751 424 idest
1767 394 1888 433 species
1911 394 1976 423 sive
1999 394 2133 424 intentio
2150 395 2316 434 qualitatis,
2334 401 2366 426 et
2387 405 2454 426 non
2473 396 2541 435 ipsa

429 445 449 464 n
473 445 607 466 marum
627 447 673 467 src
696 447 899 468 PROCEDITUR.
923 437 1058 468 Videtur
1087 438 1176 478 quod
1194 438 1426 477 impassibilitas
1449 447 1458 467 ς
1482 437 1634 477 qualitas;
1658 438 1740 468 sicut
1762 437 1885 478 pupilla
1907 438 2019 476 recipit
2042 438 2181 477 speciem
2204 439 2356 469 albedinis
2380 445 2411 469 et
2433 444 2540 470 tamen

367 448 559 511 Asensum
579 482 612 511 in
633 487 705 512 actu
730 492 748 512 a
771 483 959 522 corporibus
979 483 1126 522 gloriosis
1150 482 1305 512 excludat.
1330 482 1424 519 Quia,
1480 482 1549 521 ipsa
1571 491 1639 513 non
1662 481 1796 512 efficitur
1818 481 1898 511 alba.
1934 481 2039 511 Prima
2069 491 2144 521 ergo
2168 484 2309 522 receptio
2341 492 2409 513 non
2433 488 2540 514 causat

363 524 445 555 sicut
461 524 537 554 dicit
552 525 777 566 Philosophus,
793 527 826 557 in
851 526 878 557 II
893 526 933 557 de
950 527 1067 557 Anima
1083 527 1109 562 *‚
1126 526 1246 557 sentire
1261 531 1308 556 est
1325 526 1425 566 quod·
1480 535 1619 562 sensum,
1636 535 1692 566 per
1707 535 1740 557 se
1763 525 1929 566 loquendo
1942 536 1949 555 ;
1974 526 2049 566 quia
2063 535 2175 556 sensus
2198 531 2245 556 est
2262 527 2457 566 susceptivus
2471 537 2540 567 spe-

363 567 438 598 dam
463 569 546 608 pati.
582 569 728 610 Corpora
757 576 864 601 autem
893 571 1032 610 gloriosa
1063 576 1155 601 erunt
1178 570 1382 609 impassibilia
1396 571 1422 600 ἦ
1479 570 1600 600 cierum
1623 571 1656 600 in
1679 571 1811 601 materia
1836 575 1972 610 praeter
2003 570 2190 605 materiam,
2214 570 2296 600 idest
2317 576 2441 610 praeter
2472 580 2540 602 esse

363 612 448 652 Ergo
472 622 540 643 non
563 615 700 644 sentient
724 615 757 644 in
780 620 863 644 actu.
1478 615 1639 644 materiale
1663 614 1753 653 quod
1767 615 1926 644 habebant
1949 619 2034 644 extra
2050 614 2199 649 animam,
2215 619 2251 644 ut
2274 613 2387 644 dicitur
2409 615 2443 645 in
2459 615 2485 645 II
2501 615 2540 646 de

419 666 449 687 2.
466 656 663 694 Pmmnu,
679 659 861 689 immutatio
877 658 1028 688 naturalis
1042 657 1204 698 praecedit
1226 658 1423 688 immutatio·
1439 667 1464 682 ιο
1477 658 1595 688 Anima
1610 659 1637 688 ³.
1662 658 1704 688 Et
1726 659 1805 688 haec
1828 659 1969 698 receptio
1993 658 2141 688 immutat
2163 663 2310 688 naturam
2339 659 2537 698 recipientis:

362 710 439 731 nem
462 702 642 738 animalem,
659 702 740 733 sicut
764 712 831 732 esse
847 702 989 733 naturale
1004 701 1166 742 praecedit
1181 711 1249 732 esse
1272 702 1423 732 intentio·
1478 702 1554 741 quia
1585 702 1736 742 recipitur
1758 703 1822 732 hoc
1845 701 1945 732 modo
1970 702 2103 741 qualitas
2135 701 2314 732 seeundum
2344 711 2412 732 esse
2444 712 2539 734 suum

362 745 443 775 nale.
469 745 532 776 Sed
555 755 691 786 corpora
705 746 844 786 gloriosa
866 746 989 776 ratione
1008 746 1264 785 impassibilitatis
1280 755 1348 776 non
1364 746 1422 775 im-
1477 746 1647 776 materiale.
1674 745 1766 776 Unde
1789 747 1847 776 ista
1870 746 2011 785 receptio
2031 755 2098 776 non
2123 746 2181 776 erit
2202 747 2236 776 in
2260 746 2447 786 corporibus
2470 747 2539 786 glo-

362 789 571 820 mutabuntur
593 791 818 821 immutatione
840 789 985 820 naturali.
1010 790 1095 829 Ergo
1114 799 1175 820 nec
1197 790 1423 820 immutatione
1477 790 1586 820 riosis:
1611 789 1667 820 sed
1690 790 1840 826 secunda,
1857 800 1939 830 quae
1963 799 2020 830 per
2043 799 2076 820 se
2099 789 2175 821 facit
2196 799 2327 820 sensum
2349 790 2383 820 in
2406 795 2488 825 actu,
2509 796 2540 822 et

363 833 501 869 animali,
519 843 602 873 quae
625 834 795 873 requiritur
818 833 858 864 ad
880 833 1093 864 sentiendum.
1476 843 1544 864 non
1567 835 1716 864 immutat
1738 840 1884 865 naturam
1907 834 2098 874 recipientis.

419 877 448 908 3.
472 877 669 913 Pluinnam,
686 877 960 917 quandocumque
983 876 1018 907 fit
1041 887 1152 908 sensus
1175 877 1208 908 in
1232 882 1322 912 actu,
1347 886 1423 908 curn
1438 888 1459 907 15
1532 878 1582 908 An
1613 888 1731 908 ramum
1754 888 1837 910 nnoo
1868 888 2027 909 mcnrmun
2051 878 2141 918 quod
2163 879 2228 909 iam
2250 883 2337 919 patet
2360 888 2398 909 ex
2417 878 2507 910 dictis
2523 880 2539 895 ⁴*

361 930 446 952 nova
476 922 661 960 receptione
693 920 729 952 fit
759 931 883 952 novum
914 921 1078 952 iudicium.
1113 921 1176 952 Sed
1198 922 1242 952 ibi
1274 931 1342 952 non
1366 922 1424 952 erit
1477 922 1567 961 quod
1589 932 1646 962 per
1661 923 1743 953 hanc
1759 924 1941 962 passionem
1957 933 2039 963 quae
2063 928 2110 953 est
2132 924 2165 953 in
2184 928 2258 953 actu
2273 922 2440 959 sentiendi,
2457 932 2540 962 quae

360 974 484 996 novum
506 964 678 996 iudicium:
704 966 780 1005 quia
803 975 867 996 non
887 971 984 996 erunt
1006 965 1048 996 ibi
1071 966 1285 1007 cogitationes
1301 966 1424 996 volubi-
1476 976 1545 997 non
1561 972 1608 997 est
1622 967 1709 997 aliud
1732 976 1831 1007 quam
1845 968 1987 1007 receptio
2003 966 2173 1007 praedicta,
2189 977 2257 998 non
2273 967 2405 998 trahitur
2421 977 2539 1007 corpus

361 1008 406 1040 les
421 1009 447 1038 ἢ
471 1009 558 1049 Ergo
582 1019 650 1040 non
673 1009 729 1040 fiet
751 1019 862 1041 sensus
885 1010 919 1040 in
942 1015 1025 1041 actu.
1477 1016 1563 1040 extra
1585 1011 1763 1042 naturalem
1786 1021 1877 1042 suam
1900 1012 2095 1052 qualitatem,
2112 1011 2168 1042 sed
2191 1011 2395 1051 spiritualiter
2414 1011 2539 1051 perfici-

414 1061 446 1091 4.
470 1052 666 1090 Pmrnmm,
690 1053 820 1094 quando
845 1054 951 1084 anima
974 1060 1021 1085 est
1043 1055 1076 1085 in
1100 1059 1173 1085 actu
1189 1055 1285 1085 unius
1308 1059 1423 1094 poten·
1477 1060 1537 1085 tur.
1561 1055 1655 1086 Unde
1678 1056 1910 1096 impassibilitas
1933 1056 2149 1096 gloriosorum
2165 1065 2339 1095 corporum
2362 1057 2444 1087 hanc
2467 1065 2538 1095 pas-

359 1097 432 1133 tiae,
448 1097 618 1128 remittitur
634 1104 722 1129 actus
738 1098 865 1129 alterius
889 1099 1062 1138 potentiae.
1087 1098 1150 1130 Sed
1170 1099 1275 1130 anima
1297 1108 1423 1130 summe
1438 1108 1464 1122 ²⁰
1477 1100 1602 1130 sionem
1624 1109 1692 1130 non
1716 1100 1864 1131 excludit.

619 283 717 313 ART.
736 283 787 313 III.
812 294 916 314 UTRUM
940 294 1175 315 1M9Assn31uTAS

454 334 569 356 SENSUM
585 337 616 356 IN
640 337 720 357 Ac'rU
741 338 760 357 A
785 338 973 359 CORPORIBUS
997 338 1156 359 GLORIOSIS
1179 338 1340 359 EXCLUDAT

551 376 573 397 1⁸
588 376 641 402 11⁵⁸,
657 383 695 404 qu.
712 384 744 401 ιιι,
760 381 801 399 art.
816 385 841 406 3;
856 378 888 400 IV
904 378 970 400 Cont.
987 378 1067 405 Geni„
1084 385 1135 406 cap.
1149 385 1240 400 cxxxvi.

360 1140 418 1172 erit
432 1141 554 1173 intenta
577 1142 616 1172 ad
632 1148 740 1174 actum
762 1143 885 1174 virtutis
901 1143 1121 1179 intellectivae‚
1138 1152 1203 1183 qua
1222 1143 1326 1174 Deum
1345 1153 1423 1174 con·
1531 1143 1582 1174 An
1607 1154 1769 1175 secuntum
1801 1154 1961 1175 mcnnnmn
1985 1144 2075 1184 quod
2107 1154 2205 1175 omne
2236 1145 2398 1184 passivum
2427 1145 2540 1185 recipit

358 1185 574 1226 templabitur.
599 1187 685 1227 Ergo
709 1196 777 1219 non
800 1187 859 1218 erit
882 1187 992 1227 aliquo
1014 1187 1116 1219 modo
1146 1188 1180 1218 in
1203 1193 1277 1218 actu
1299 1188 1423 1219 virtutis
1477 1189 1638 1219 actionem
1653 1189 1774 1228 agentis
1796 1188 1976 1220 secundum
1992 1198 2087 1220 suum
2105 1188 2251 1220 modum.
2276 1188 2308 1219 Si
2325 1198 2401 1229 ergo
2418 1188 2539 1229 aliquid

360 1229 536 1260 sensitivae.
1477 1233 1516 1263 sit
1539 1232 1629 1272 quod
1650 1238 1762 1264 natum
1786 1234 1825 1264 sit
1854 1234 2015 1264 immutari
2038 1233 2077 1263 ab
2100 1233 2204 1263 activo
2235 1233 2370 1263 naturali
2394 1239 2425 1263 et
2448 1234 2538 1273 sphi-

395 1273 478 1309 „San
501 1283 626 1306 eom-m
649 1285 703 1306 sss'r
733 1275 824 1315 quod
853 1275 968 1307 dicitur
996 1278 1095 1316 Apoc.
1112 1286 1123 1307 1
1138 1277 1170 1306 *t
1201 1276 1322 1307 Videbit
1350 1286 1423 1306 eum
1476 1277 1554 1307 tuali
1576 1277 1811 1313 immutatione,
1831 1277 2011 1308 immutatio
2034 1277 2184 1308 naturalis
2207 1277 2366 1316 praecedit
2388 1277 2538 1308 immuta-

359 1318 464 1349 omnis
487 1319 612 1350 oculus,
636 1319 722 1359 Ergo
746 1320 804 1351 'erit
826 1321 871 1351 ibi
894 1330 1004 1351 sensus
1027 1321 1060 1352 in
1084 1325 1168 1351 actu.
1437 1328 1460 1348 ²5
1476 1322 1600 1352 tionem
1615 1322 1821 1361 spiritualem,
1838 1322 1920 1352 sicut
1935 1330 2004 1352 esse
2018 1321 2160 1352 naturale
2175 1321 2336 1361 praecedit
2352 1331 2419 1352 esse
2434 1322 2538 1352 inten-

415 1371 445 1392 2.
462 1362 658 1400 Pamisum.
675 1363 854 1395 secundum
869 1365 1114 1405 Philosophum,
1131 1365 1165 1395 in
1181 1365 1193 1394 1
1210 1364 1249 1395 de
1264 1364 1381 1395 Anima
1393 1365 1420 1400 *,
1476 1365 1605 1396 tionale.
1630 1365 1663 1396 Si
1686 1371 1794 1396 autem
1808 1371 1921 1397 natum
1943 1366 1982 1396 sit
1997 1366 2159 1397 immutari
2181 1365 2383 1405 spiritualiter
2402 1371 2537 1402 tantum,

358 1406 536 1437 animatum
560 1408 599 1439 ab
623 1408 802 1439 inanimato
826 1408 1040 1450 distinguitur
1061 1419 1156 1440 sensu
1184 1414 1215 1439 et
1236 1413 1335 1439 motu.
1360 1408 1423 1442 Sed
1475 1419 1544 1440 non
1567 1415 1696 1449 oportet
1719 1409 1809 1449 quod
1838 1410 2027 1440 immutetur
2048 1409 2247 1441 naturaliter:
2279 1410 2361 1440 sicut
2384 1409 2423 1440 de
2446 1419 2537 1447 aere,

358 1450 403 1480 ibi
426 1451 484 1482 erit
505 1457 614 1483 motus
637 1452 671 1483 in
693 1458 783 1484 actu:
808 1453 884 1493 quia
906 1458 1060 1494 tanquam
1082 1453 1242 1484 scintillae
1265 1453 1298 1484 in
1322 1462 1422 1483 arun-
1476 1454 1533 1494 qui
1554 1463 1622 1485 non
1646 1459 1692 1484 est
1721 1454 1901 1494 receptivus
1932 1453 2048 1485 coloris
2071 1453 2249 1485 secundum
2277 1463 2345 1484 esse
2377 1454 2537 1491 naturale,

357 1494 466 1526 dineto
489 1495 681 1532 discurrent,
698 1496 773 1537 Sap.
789 1507 824 1528 111
839 1498 866 1527 *.
890 1497 976 1537 Ergo
1001 1503 1033 1529 et
1055 1507 1174 1531 sensus-
1188 1497 1221 1527 in
1245 1502 1328 1528 actu.
1476 1497 1532 1528 sed
1554 1498 1661 1529 solum
1691 1497 1870 1529 seeundum
1893 1507 1961 1529 esse
1991 1498 2170 1538 spirituale,
2195 1503 2226 1528 et
2248 1497 2323 1528 ideo
2345 1499 2409 1528 hoc
2432 1498 2538 1530 solum

412 1539 602 1572 Rusponnzo
635 1551 796 1572 monimum
831 1541 922 1581 quod
951 1542 1092 1582 aliquem
1126 1550 1256 1572 sensum
1289 1551 1356 1572 esse
1388 1542 1422 1572 in
1437 1547 1463 1567 ³⁰
1475 1542 1576 1573 modo
1609 1543 1811 1578 immutatum
1845 1543 1927 1573 sicut
1959 1551 1976 1573 e
2009 1551 2165 1573 converso
2198 1551 2334 1582 corpora
2366 1543 2539 1574 inanimata

358 1584 548 1624 corporibus
572 1585 740 1616 beatorum
763 1595 877 1617 omnes
893 1591 1030 1626 ponunt.
1054 1586 1142 1616 Alias
1165 1586 1339 1625 corporalis
1358 1586 1422 1616 vita
1475 1587 1685 1617 immutantur
1707 1596 1765 1626 per
1787 1586 1953 1626 qualitates
1977 1586 2140 1617 sensibiles
2163 1586 2270 1617 solum
2292 1586 2486 1622 naturaliter,
2507 1592 2538 1617 et

357 1633 541 1660 sanctorum
564 1635 639 1669 post
654 1630 920 1661 resurrectionem
943 1630 1166 1662 assimilaretur
1181 1630 1281 1670 magis
1304 1639 1421 1662 somno
1474 1640 1543 1661 non
1566 1631 1777 1671 spiritualiter.
1802 1631 1838 1662 In
1862 1631 2050 1670 corporibus
2074 1635 2182 1662 autem
2204 1630 2351 1670 gloriosis
2374 1640 2442 1661 non
2465 1637 2538 1671 pot-

357 1680 456 1711 quam
487 1673 621 1713 vigiliae.
657 1673 757 1711 Quod
779 1683 847 1706 non
875 1675 1031 1714 competit
1062 1674 1108 1705 illi
1140 1673 1346 1714 perfectioni:
1381 1683 1420 1705 eo
1476 1676 1534 1705 erit
1557 1684 1625 1706 esse
1648 1675 1755 1715 aliqua
1777 1675 1958 1706 immutatio
1981 1675 2142 1706 naturalis.
2166 1674 2207 1706 Et
2228 1673 2302 1705 ideo
2326 1674 2371 1704 ibi
2393 1675 2452 1705 erit
2474 1676 2538 1715 spi-

356 1715 447 1755 quod
469 1716 503 1748 in
526 1726 643 1749 somno
667 1727 784 1757 corpus
814 1718 962 1750 sensibile
986 1728 1054 1749 non
1082 1723 1129 1749 est
1151 1719 1185 1749 in
1208 1718 1324 1748 ultimo
1348 1723 1421 1749 actu
1475 1719 1595 1749 ritualis
1618 1719 1800 1749 immutatio
1825 1724 1959 1748 tantum.

355 1760 456 1796 vitae3
488 1766 621 1801 propter
652 1761 741 1801 quod
764 1771 898 1794 somnus
930 1762 1045 1794 dicitur
1077 1762 1162 1793 vitae
1193 1762 1360 1792 dimidium
1387 1763 1421 1793 in
1436 1766 1458 1787 ³5
1529 1763 1581 1793 An
1604 1773 1739 1793 ram-rum
1762 1772 1922 1793 mensuum
1954 1762 2062 1802 quod,
2087 1763 2168 1794 sicut
2192 1763 2250 1793 erit
2279 1771 2364 1793 nova
2395 1764 2537 1803 receptio

319 1811 330 1817 ·
356 1803 488 1835 IEthic.
506 1806 523 1822 ⁴*
546 1804 610 1837 Sed
624 1806 658 1837 in
673 1805 774 1837 modo
791 1806 948 1838 sentiendi
965 1807 1079 1837 diversi
1095 1806 1218 1837 diversa
1237 1807 1420 1846 opinantur.
1475 1807 1594 1848 speciei
1616 1808 1650 1838 in
1674 1816 1795 1847 organo
1819 1806 1986 1842 sentiendi,
2002 1807 2046 1836 ita
2069 1807 2127 1837 erit
2148 1815 2273 1838 novum
2287 1805 2443 1838 iudicium
2466 1817 2538 1838 sen-

411 1848 553 1887 Quidam
577 1850 664 1882 enim
687 1850 798 1883 dicunt
821 1850 921 1891 quod,
938 1852 1013 1892 quia
1033 1860 1170 1891 corpora
1192 1850 1332 1891 gloriosa
1347 1856 1421 1882 sunt
1474 1861 1528 1883 sus
1556 1852 1757 1887 communis,
1789 1861 1856 1882 non
1885 1857 1994 1883 autem
2025 1860 2149 1882 novum
2179 1849 2335 1882 iudicium
2358 1851 2538 1883 intellectus

354 1893 579 1933 impassibilia,
605 1899 637 1925 et
659 1900 790 1935 propter
813 1896 877 1926 hoc
910 1905 974 1927 non
999 1895 1195 1936 receptibilia
1222 1895 1422 1936 peregrinae
1475 1896 1515 1928 de
1530 1897 1612 1927 hoc:
1636 1896 1718 1926 sicut
1733 1895 1770 1927 fit
1791 1896 1825 1927 in
1848 1905 1888 1927 eo
1906 1896 1962 1935 qui
1976 1894 2063 1926 videt
2086 1894 2207 1934 aliquid
2222 1894 2311 1934 quod
2329 1895 2416 1935 prius
2436 1896 2536 1926 scivit.

354 1937 575 1978 impressionis
590 1939 624 1975 *‚
649 1944 680 1970 et
711 1939 815 1971 multo
838 1940 945 1971 minus
969 1949 1068 1980 quam
1098 1949 1234 1979 corpora
1257 1940 1419 1975 caelestia,
1474 1939 1575 1978 Quod
1597 1945 1705 1971 autem
1727 1940 1927 1980 Augustinus
1950 1939 2040 1976 dicit,
2064 1938 2153 1978 quod
2176 1949 2240 1970 non
2265 1944 2361 1970 erunt
2383 1939 2426 1970 ibi
2447 1940 2538 1981 cogi·-

355 1981 446 2021 quod
467 1991 536 2013 non
559 1983 618 2013 erit
631 1983 676 2015 ibi
691 1993 802 2015 sensus
824 1985 859 2015 in
882 1990 956 2015 actu
978 1994 1035 2024 per
1049 1984 1269 2024 receptionem
1287 1983 1421 2015 alicuius
1435 1991 1462 2011 4⁰
1475 1985 1613 2014 tationes
1628 1984 1792 2019 volubiles,
1809 1984 1994 2024 intelligitur
2010 1983 2049 2015 de
2065 1983 2311 2023 cogitationibus
2326 1983 2538 2017 intellectivae

354 2026 474 2066 speciei
496 2036 515 2056 a
536 2027 747 2063 sensibilibus,
764 2027 821 2059 sed
843 2029 943 2068 magis
967 2027 1235 2059 extra-mittendo.
1474 2029 1580 2069 partis.
1605 2028 1699 2059 Unde
1721 2037 1790 2059 non
1813 2033 1860 2060 est
1883 2027 1923 2059 ad
1945 2028 2159 2068 propositum.

409 2070 473 2103 Sed
488 2071 552 2102 hoc
574 2081 643 2103 non
658 2077 765 2112 potest
788 2082 866 2104 esse.
891 2072 977 2111 Quia
1000 2073 1034 2104 in
1053 2066 1286 2103 resurrectione
1308 2077 1421 2103 natura
1529 2073 1580 2103 An
1605 2082 1753 2103 oum-run
1768 2082 1929 2104 niernum(
1944 2071 2043 2112 quod,
2059 2071 2189 2112 quando
2206 2081 2308 2103 unum
2329 2071 2468 2103 duorum
2491 2078 2539 2106 est

355 2115 474 2154 speciei
504 2116 647 2147 manebit
679 2116 792 2148 eadem
814 2117 848 2148 in
880 2117 1012 2148 homine
1035 2122 1067 2148 et
1097 2117 1247 2147 omnibus
1278 2117 1420 2156 partibus
1474 2117 1554 2147 ratio
1578 2117 1714 2152 alterius,
1732 2117 1903 2156 occupatio
1927 2117 2052 2148 animae
2076 2116 2158 2147 circa
2180 2126 2284 2147 unum
2314 2126 2382 2147 non
2404 2116 2538 2156 impedit

355 2159 433 2191 eius.
458 2159 656 2191 Huiusmodi
679 2166 787 2192 autem
810 2167 858 2192 est
881 2167 993 2192 natura
1022 2171 1134 2192 sensus
1156 2166 1193 2191 ut
1215 2161 1255 2192 sit
1277 2161 1421 2201 potentia
1474 2171 1536 2192 nec
1557 2161 1688 2192 remittit
1704 2162 1953 2200 occupationem
1969 2161 2037 2192 eius
2057 2160 2140 2192 circa
2160 2160 2262 2191 aliud:
2286 2161 2368 2192 sicut
2382 2161 2537 2197 medicus,

321 2213 327 2231 ³
355 2203 494 2243 passiva:
520 2209 556 2235 ut
578 2205 612 2235 in
636 2204 663 2236 ΙΙ
679 2204 718 2236 de
740 2205 858 2237 Anima
874 2206 891 2222 ⁴*
913 2206 1028 2246 probat
1051 2205 1276 2245 Philosophus.
1309 2204 1419 2241 Unde,
1434 2211 1458 2232 ⁴⁵
1475 2205 1553 2236 dum
1576 2205 1662 2236 videt
1685 2205 1820 2241 urinam,
1836 2214 1904 2237 non
1927 2205 2034 2236 minus
2057 2209 2164 2244 potat
2186 2204 2387 2235 considerare
2413 2206 2538 2245 regulas

296 2244 329 2285 ““;
356 2247 382 2278 si
411 2248 445 2279 in
475 2249 705 2281 resurrectione
728 2250 828 2281 sancti
850 2251 988 2281 sentient
1017 2249 1275 2280 extra-mittendo
1299 2255 1330 2280 et
1352 2259 1421 2280 non
1475 2251 1547 2281 artis
1571 2249 1610 2281 de
1634 2249 1796 2280 coloribus
1820 2250 1993 2285 urinarum,
2010 2248 2067 2280 sed
2080 2249 2191 2288 magis.
2216 2249 2257 2280 Et
2280 2249 2356 2289 quia
2378 2249 2466 2280 Deus
2480 2259 2538 2289 ap-

322 2301 327 2307 ·
355 2291 552 2332 recipiendo,
564 2302 632 2325 non
649 2299 731 2324 esset
742 2303 853 2325 sensus
868 2294 902 2324 in
918 2295 963 2325 eis
978 2294 1076 2324 virtus
1092 2295 1225 2334 passiva,
1236 2293 1292 2324 sed
1308 2294 1419 2325 activa.
1474 2293 1681 2334 prehenditur
1700 2303 1718 2323 a
1740 2294 1855 2325 sanctis
1879 2299 1915 2325 ut
1937 2294 2016 2325 ratio
2037 2293 2185 2324 omnium
2205 2302 2288 2332 quae
2311 2294 2350 2324 ab
2374 2294 2419 2324 eis
2442 2303 2538 2333 agen-

356 2335 397 2367 Et
420 2336 465 2367 sic
480 2346 547 2378 npn
572 2342 653 2368 esset
671 2337 816 2369 eiusdem
831 2339 950 2378 speciei
974 2348 1049 2369 cum
1072 2348 1167 2369 sensu
1184 2338 1241 2378 qui
1258 2347 1347 2368 nunc
1363 2344 1419 2374 est,
1474 2344 1526 2369 tur
1548 2339 1599 2369 vel
1623 2343 1869 2378 cognoscentur,
1885 2337 1959 2370 ideo
1976 2338 2147 2377 occupatio
2172 2346 2286 2368 eorum
2302 2338 2384 2368 circa
2406 2339 2538 2368 sensibi-

356 2379 412 2413 sed
435 2386 517 2412 esset
540 2381 647 2421 aliqua
677 2382 737 2412 alia
760 2383 858 2413 virtus
886 2383 931 2413 eis
955 2382 1044 2414 data:
1076 2383 1158 2413 sicut
1181 2383 1267 2414 enim
1290 2383 1422 2412 materia
1475 2383 1516 2413 lia
1552 2382 1735 2418 sentienda,
1768 2382 1819 2412 vel
1849 2391 2074 2422 quaecumque
2104 2381 2164 2413 alia
2199 2381 2446 2422 contemplanda
2484 2388 2539 2413 aut

355 2434 524 2465 nunquam
539 2424 575 2457 fit
591 2425 704 2462 forma,
717 2427 760 2457 ita
775 2427 919 2466 potentia
935 2428 1059 2467 passiva
1073 2436 1242 2467 nunquam
1257 2425 1294 2457 fit
1309 2427 1419 2457 activa.
1436 2435 1461 2455 5⁰
1475 2426 1606 2467 agenda,
1623 2427 1656 2457 in
1679 2426 1770 2457 nullo
1794 2425 1947 2466 impediet
1972 2425 2114 2458 divinam
2138 2426 2454 2466 contemplationem,
2477 2436 2538 2457 nec

411 2469 453 2501 Et
475 2469 550 2502 ideo
566 2470 619 2501 alii
642 2470 753 2502 dicunt
768 2471 858 2511 quod
881 2481 992 2502 sensus
1015 2472 1049 2501 in
1072 2477 1145 2502 actu
1160 2470 1216 2501 fiet
1238 2480 1295 2511 per
1315 2480 1421 2502 susce·
1475 2481 1493 2502 e
1517 2481 1682 2502 converso.

356 2513 513 2553 ptionem,
530 2524 597 2545 non
614 2514 745 2554 quidem
769 2516 807 2547 ab
832 2516 1040 2547 exterioribus
1059 2515 1270 2551 sensibilibus,
1286 2514 1342 2546 sed
1365 2524 1422 2555 per
1529 2516 1590 2546 Vel
1618 2515 1792 2546 dicendum
1820 2514 1910 2554 quod
1937 2513 2012 2545 ideo
2042 2523 2106 2546 una
2133 2514 2277 2554 potentia
2306 2514 2479 2554 impeditur
2506 2516 2539 2546 in

357 2557 511 2589 effluxum
535 2568 553 2589 a
575 2559 792 2599 superioribus
815 2560 950 2591 viribus:
975 2565 1011 2590 ut
1035 2561 1117 2591 sicut
1138 2569 1226 2591 nunc
1242 2560 1422 2599 superiores
1475 2565 1549 2591 actu
1571 2569 1631 2590 suo
1657 2559 1787 2600 quando
1811 2559 1871 2591 alia
1894 2559 2100 2590 vehementer
2124 2564 2283 2599 operatur,
2302 2560 2378 2599 quia
2400 2569 2464 2589 una
2479 2569 2539 2599 po-

357 2602 438 2632 vires
471 2602 632 2642 accipiunt
655 2604 693 2633 ab
717 2603 930 2640 inferioribus,
947 2605 989 2634 ita
1013 2614 1031 2634 e
1054 2613 1209 2634 converso
1241 2610 1318 2635 tunc
1340 2603 1422 2636 infe·-
1475 2605 1574 2635 tentia
1597 2603 1636 2635 de
1664 2614 1698 2634 se
1724 2613 1792 2634 non
1822 2603 1939 2635 sufficit
1968 2603 2007 2635 ad
2034 2608 2100 2634 tam
2129 2604 2287 2635 intensam
2318 2604 2540 2643 operationem

357 2646 456 2679 riores
480 2647 637 2686 accipient
660 2657 678 2679 a
700 2648 927 2688 superioribus.
1437 2649 1536 2679 ssvnisi
1560 2649 1589 2679 ei
1613 2649 1817 2679 subveniatur
1846 2657 1904 2688 per
1933 2647 1966 2679 id
1995 2647 2086 2687 quod
2117 2653 2182 2678 erat
2211 2648 2278 2678 aliis
2307 2649 2459 2687 potentiis
2489 2648 2540 2678 vel

413 2689 477 2723 Sed
491 2691 549 2722 iste
564 2691 681 2723 modus
699 2693 892 2732 receptionis
915 2702 982 2722 non
999 2692 1074 2723 facit
1088 2702 1162 2724 vere
1187 2693 1312 2723 sentire.
1337 2691 1422 2729 Quia
1475 2693 1627 2725 membris
1649 2692 1852 2724 influendum
1876 2702 1894 2723 a
1917 2692 2076 2732 principio
2099 2692 2192 2722 vitae.
2217 2692 2258 2722 Et
2280 2693 2355 2732 quia
2375 2693 2409 2722 in
2425 2693 2540 2723 sanctis

359 2735 465 2766 omnis
487 2736 632 2775 potentia
655 2737 778 2776 passiva
807 2736 986 2767 secundum
1010 2746 1086 2767 suae
1116 2737 1234 2776 speciei
1265 2736 1422 2768 rationem
1476 2743 1570 2769 erunt
1593 2747 1706 2767 omnes
1729 2737 1892 2777 potentiae
1915 2735 2173 2776 perfectissimae,
2190 2746 2255 2766 una
2277 2737 2395 2776 poterit
2416 2737 2540 2767 intense

359 2777 587 2811 determinatur
610 2779 649 2811 ad
672 2780 793 2820 aliquid
815 2781 955 2812 activum
978 2781 1131 2820 speciale:
1160 2781 1236 2820 quia
1258 2781 1420 2820 potentia,
1476 2782 1601 2821 operari
1623 2782 1667 2811 ita
1690 2781 1780 2821 quod
1803 2790 1841 2811 ex
1864 2781 1928 2811 hoc
1950 2780 2077 2811 nullum
2104 2780 2373 2820 impedimentum
2402 2786 2540 2820 praesta·

358 2823 552 2863 inquantum
580 2824 782 2860 huiusmodi,
805 2825 901 2856 habet
933 2824 1080 2856 ordinem
1103 2824 1143 2856 ad
1165 2824 1244 2856 illud
1275 2830 1422 2864 respectu
1475 2826 1561 2858 bitur
1583 2826 1702 2856 actioni
1725 2825 1852 2856 alterius
1882 2825 2065 2865 potentiae:
2096 2825 2178 2855 sicut
2201 2829 2232 2854 et
2254 2825 2288 2854 in
2312 2824 2440 2854 Christo
2468 2823 2538 2855 fuit.

359 2867 451 2899 cuius
475 2867 599 2900 dicitur.
624 2868 728 2904 Unde.
744 2878 820 2900 cum
843 2869 1011 2909 proprium
1029 2869 1170 2901 activum
1192 2869 1226 2899 in
1249 2878 1345 2900 sensu
1369 2878 1422 2900 ex·
1435 2879 1463 2899 ευ
1498 2890 1588 2922 ART
1624 2890 1667 2920 IV

358 2912 467 2944 teriori
490 2913 530 2943 sit
552 2922 601 2943 res
625 2913 761 2944 existens
785 2918 870 2944 extra
890 2914 1040 2949 animam,
1057 2919 1089 2944 et
1111 2923 1179 2944 non
1194 2913 1330 2944 intentio
1354 2913 1422 2944 eius
1592 2914 1598 2920 ”
1670 2913 1677 2920 ’

360 2956 496 2989 existens
519 2957 552 2989 in
567 2957 795 2997 imaginatione
811 2957 862 2988 vel
884 2958 1024 2993 ratione;
1048 2958 1074 2988 si
1091 2966 1248 2997 organum
1266 2956 1423 2989 sentiendi
1541 2966 1561 2988 n
1586 2966 1734 2987 QUARTUM
1757 2965 1803 2988 sic.
1826 2964 2030 2987 mocnmrtm.
2054 2954 2188 2987 Videtur
2211 2953 2300 2994 quod
2327 2963 2395 2985 non
2418 2955 2481 2985 sint
2495 2954 2540 2986 ibi

358 3009 427 3033 non
448 3007 617 3034 moveatur
640 3011 658 3032 a
680 3002 775 3033 rebus
791 3007 886 3038 extra,
903 3001 958 3033 sed
982 3011 1020 3032 ex
1035 3002 1263 3042 imaginatione
1282 3001 1332 3032 vel
1356 3001 1423 3034 aliis
1478 2968 1655 3032 Aomnes
1681 3009 1793 3031 sensus
1816 3000 1849 3030 in
1872 3004 1955 3031 actu.
1979 2999 2099 3031 Tactus
2128 2999 2215 3030 enim
2238 3003 2284 3030 est
2311 2999 2434 3038 primus
2458 2999 2540 3031 inter

359 3045 577 3084 superioribus
600 3046 728 3082 viribus,
745 3055 814 3078 non
830 3047 887 3076 erit
910 3055 984 3076 vere
999 3046 1125 3076 sentire.
1150 3045 1244 3076 Unde
1263 3055 1330 3076 non
1346 3045 1422 3076 dici-
1477 3055 1590 3077 omnes
1614 3045 1692 3075 alios
1715 3053 1846 3075 sensus:
1870 3049 1907 3075 ut
1929 3042 2044 3075 dicitur
2066 3043 2100 3073 in
2122 3043 2203 3074 libro
2227 3042 2267 3074 de
2288 3042 2406 3074 Anima
2422 3043 2449 3074 ὅ,
2476 3042 2540 3074 Sed

360 3097 433 3118 mus
457 3089 547 3129 quod
569 3090 746 3131 phrenetici
770 3095 801 3122 et
824 3090 876 3123 alii
899 3095 1007 3123 mente
1031 3091 1129 3130 capti,
1152 3091 1186 3120 in
1210 3090 1325 3130 quibus
1348 3098 1423 3129 pro·
1437 3098 1460 3123 ες
1477 3099 1613 3129 corpora
1635 3089 1775 3128 gloriosa
1791 3088 1943 3119 carebunt
1966 3092 2039 3119 actu
2061 3096 2172 3119 sensus
2187 3092 2305 3119 tactust
2331 3087 2407 3126 quia
2429 3096 2540 3119 sensus

359 3137 430 3172 pter
444 3134 611 3165 victoriam
633 3135 854 3174 imaginan'vae
869 3135 992 3165 virtutis
1016 3133 1052 3164 fit
1074 3133 1261 3164 huiusmodi
1279 3132 1424 3164 defluxus
1476 3139 1578 3164 tactus
1601 3132 1637 3163 fit
1660 3133 1694 3162 in
1717 3138 1790 3162 actu
1812 3141 1870 3172 per
1892 3132 2151 3161 immutationem
2175 3131 2318 3171 corporis
2341 3131 2484 3162 animalis
2501 3131 2539 3162 ab

360 3177 539 3215 specierum
555 3178 595 3208 ad
610 3188 729 3219 organa
744 3178 910 3215 sentiendi,
923 3188 997 3209 vere
1013 3179 1159 3215 sentiant,
1176 3178 1232 3209 sed
1251 3179 1325 3219 quia
1337 3177 1423 3208 vide·
1478 3178 1586 3217 aliquo
1615 3177 1762 3208 exteriori
1792 3185 1928 3216 corpore
1957 3175 2220 3216 praedominante
2245 3175 2279 3206 in
2303 3175 2409 3215 aliqua
2439 3174 2541 3215 quali-

361 3225 413 3252 tur
435 3221 480 3253 eis
504 3222 594 3262 quod
615 3224 761 3255 sentiant.
1477 3227 1580 3255 tatum
1603 3222 1777 3252 activarum
1792 3220 1843 3251 vel
1859 3220 2064 3261 passivamm,
2082 3229 2219 3260 quarum
2238 3224 2284 3250 est
2298 3224 2401 3250 tactus
2424 3218 2540 3253 discre-

418 3263 459 3294 Et
473 3264 547 3296 ideo
571 3266 744 3298 dicendum
760 3273 816 3304 est,
833 3277 908 3298 cum
925 3268 1002 3304 aliis,
1019 3267 1108 3307 quod
1123 3277 1234 3297 sensus
1250 3276 1424 3307 corporum
1477 3267 1581 3302 tivus3
1606 3265 1708 3306 qualis
1723 3271 1801 3296 tunc
1816 3265 1999 3297 immutatio
2015 3273 2084 3296 esse
2099 3273 2167 3298 non
2183 3264 2301 3303 poterit
2316 3264 2343 3294 ’ἦ
2367 3263 2453 3304 Ergo
2472 3273 2541 3296 non

363 3307 578 3347 gloriosorum
594 3312 652 3341 erit
673 3321 731 3352 per
746 3313 985 3352 susceptionem
1008 3322 1026 3342 a
1040 3312 1135 3342 rebus
1151 3321 1234 3352 quae
1250 3316 1324 3343 sunt
1339 3316 1425 3342 extra
1438 3324 1465 3345 7⁰
1479 3311 1538 3341 erit
1559 3310 1604 3341 ibi
1627 3310 1733 3341 omnis
1755 3318 1867 3340 sensus
1890 3309 1923 3340 in
1947 3314 2029 3340 actu.

364 3352 513 3385 animam.
536 3353 600 3385 Sed
622 3355 788 3387 sciendum
810 3362 859 3387 est
881 3356 971 3396 quod
995 3366 1113 3396 organa
1129 3355 1284 3386 sentiendi
1307 3356 1424 3386 immu-
1536 3364 1565 3385 2.
1589 3354 1785 3389 Pium-mna,
1802 3363 1913 3384 sensus
1934 3358 2046 3393 gustus
2068 3351 2205 3384 deservit
2227 3352 2312 3383 actui
2334 3352 2458 3385 virtutis
2480 3361 2541 3383 nu·-

363 3401 470 3427 tantur
492 3406 511 3428 a
533 3398 627 3430 rebus
650 3409 734 3439 quae
755 3406 830 3431 sunt
852 3406 938 3431 extra
961 3402 1111 3437 animam,
1136 3400 1313 3440 dupliciter.
1349 3400 1423 3430 Uno
1479 3399 1611 3430 nitivae.
1654 3398 1717 3429 Sed
1747 3403 1821 3438 post
1843 3398 2108 3428 resurrectionem
2136 3395 2322 3427 huiusmodi
2356 3401 2444 3427 aetus
2474 3406 2543 3427 non

365 3439 476 3476 modo,
492 3441 716 3474 immutatione
730 3445 883 3475 naturali:
901 3445 1031 3485 quando
1047 3445 1167 3475 scilicet
1182 3454 1339 3484 organum
1363 3443 1424 3474 dis·
1480 3444 1538 3474 erit
1553 3444 1579 3474 *ἢ
1604 3443 1689 3483 Ergo
1714 3442 1828 3472 frustra
1851 3447 1933 3472 esset
1955 3442 1999 3472 ibi
2021 3446 2142 3481 gustus.

365 3484 496 3523 ponitur
520 3485 632 3516 eadem
654 3487 805 3526 qualitate
823 3489 957 3520 naturali
980 3499 1043 3530 qua
1067 3489 1245 3529 disponitur
1267 3499 1316 3519 res
1340 3493 1425 3518 extra
1536 3487 1565 3518 3.
1590 3487 1785 3523 Proxumum,
1809 3491 1884 3526 post
1906 3486 2171 3517 resurrectionem
2197 3485 2277 3515 nihil
2301 3489 2541 3524 corrumpetur:

366 3528 505 3560 animam
529 3539 611 3570 quae
635 3531 698 3570 agit
719 3532 753 3562 in
775 3533 899 3572 ipsum,
925 3533 1007 3564 sicut
1031 3543 1106 3564 cum
1128 3543 1243 3564 manus
1266 3532 1302 3563 fit
1325 3531 1425 3563 calida
1439 3545 1462 3565 75
1480 3532 1555 3572 quia
1570 3537 1638 3562 tota
1654 3537 1795 3562 creatura
1810 3531 1961 3562 vestietur
1985 3529 2122 3570 quadam
2145 3530 2261 3560 virtute
2283 3529 2542 3569 incorruptionis.

1701 2900 1806 2920 UTRUM
1828 2899 1940 2919 FUTURI
1964 2899 2031 2921 SINT
2054 2899 2098 2922 1131
2120 2899 2221 2921 OMNES
2250 2899 2358 2919 SENSUS
2381 2899 2413 2919 m
2437 2899 2517 2922 ACTU

2565 663 2573 671 ·
2588 661 2696 688 Ca.x11,
2708 668 2730 684 η.
2744 670 2779 684 ι.-

2567 687 2591 709 S.
2599 687 2620 709 Τ
2637 703 2643 710 .
2654 688 2704 710 lect.
2714 695 2777 710 xxiv.

2567 884 2576 893 ⁴
2591 882 2616 903 ln
2631 887 2735 909 corpore.

2568 3050 2578 3059 ‘
2589 3046 2640 3070 Lib.
2691 3051 2742 3073 cap.
2752 3052 2779 3072 u,

2566 3079 2622 3101 n.5;
2637 3079 2656 3095 s.
2702 3087 2708 3094 .
2726 3073 2778 3093 lect.

2567 3106 2600 3122 ιιι.
2614 3111 2624 3116 -
2636 3099 2671 3121 Cf.
2684 3098 2713 3120 de
2722 3099 2780 3120 Par—

2567 3127 2607 3148 tib.
2620 3126 2719 3147 Animal.
2737 3125 2778 3147 lib.

2567 3153 2594 3180 11,
2610 3158 2661 3180 cap.
2676 3158 2725 3173 vin.

2568 3265 2627 3313 ἓξὲξ.
2648 3267 2693 3286 art.
2713 3270 2780 3291 prae-

2570 3441 2580 3451 ·
2586 3440 2783 3467 Qu.1.xxx1‚art.4-
