2878 4088
163 693 174 702 '
180 691 216 723 De
225 691 313 713 Habitu
325 691 374 714 Vir-

159 724 247 746 gruum.

162 957 172 965 ·
182 953 315 981 Metaphys.
333 954 373 975 lib.

161 980 258 1028 s'f’ssss·
267 986 330 1028 ¹1¹÷¹13.¹¹·
337 987 373 1032 ῗῑῖ

163 1034 214 1055 lect.
229 1039 259 1054 iv.

161 1881 301 1937 :aaa

158 2015 167 2024 ·
184 2013 251 2036 Vers.
266 2020 298 2036 21.

157 3119 166 3127 ·
181 3116 256 3140 Ser-m.
281 3118 310 3140 de
323 3118 367 3140 As—

158 3145 239 3175 sympt.
248 3144 277 3166 B.
286 3144 328 3172 M„
339 3146 367 3167 al.

156 3169 254 3218 25:52⁶„
258 3170 370 3220 ῐΕἱῖτοέΙῗ

155 3222 304 3271 ἕέἓτῖὲρρρ.
313 3224 367 3246 Hie-

154 3277 175 3312 :‘
189 3281 250 3324 ΑειΙιΊῖ
261 3276 366 3324 ffe‘San-

154 3329 192 3349 cta
234 3329 367 3357 irgrnitat„

153 3360 206 3382 cap.
221 3361 273 3378 xm.

402 160 477 197 238
988 162 1251 210 QUAESTIO
1282 161 1414 208 XCVI,
1435 160 1729 199 ARTICULUS
1758 162 1853 208 VIII,
1874 162 1943 209 IX,
1965 163 2000 199 X

1579 241 1608 272 3.
1633 242 1829 278 Pani-amm,
1851 241 2016 272 doctrinae
2039 242 2173 273 debetur
2196 244 2326 275 aureola
2341 246 2368 275 ³.
2393 244 2455 276 Sed
2483 245 2586 285 angeli
2615 253 2625 263 ·
2639 253 2690 275 Art.
2706 259 2728 280 7.

1521 295 1582 316 nos
1599 285 1717 316 docent
1734 286 1925 327 purgando,
1942 286 2158 318 illuminando
2183 293 2214 318 et
2231 289 2441 329 perficiendo,
2458 294 2494 320 ut
2509 289 2588 319 Dio-

404 340 487 403 An
512 340 659 361 ocuvma
687 341 732 361 src
755 341 960 362 pnoennrrua.
982 331 1116 363 Videtur
1141 331 1230 372 quod
1254 331 1382 362 Christo
1410 340 1466 360 au·
1521 331 1631 371 nysius
1655 330 1732 361 dicit
1747 331 1773 360 *.
1798 331 1884 371 Ergo
1910 331 1954 361 eis
1978 330 2112 362 debetur
2127 332 2258 362 aureola
2273 332 2384 363 saltem
2405 333 2586 364 doctorum.
2616 338 2829 362 ·cf.cael.111·er.
2875 331 2878 339 “

511 265 611 295 ART.
632 265 714 295 VIII.
740 275 845 296 UTRUM
869 275 999 296 efflus'ro
1023 275 1168 296 annom
1192 275 1355 296 naaaa'rua

467 375 554 405 reola
582 375 744 406 debeatur.
778 376 921 406 Debetur
954 377 1040 407 enim
1073 377 1202 407 aureola
1235 375 1405 415 virginitati
1433 379 1463 404 et
1576 374 1639 406 San
1664 384 1797 411 CONTRA,
1823 375 1848 405 11
1869 375 1949 405 Tim.
1966 385 1988 405 11
2004 376 2037 405 *z
2062 376 2138 406 Non
2163 377 2375 407 coronabitur
2391 377 2454 408 nisi
2468 378 2524 418 qui
2544 378 2588 408 le·
2614 371 2706 415 2²⁸8„ssss
2721 399 2741 421 5·

402 420 553 460 martyrio
578 425 609 450 et
632 419 805 450 doctrinae.
830 420 894 451 Sed
915 421 950 451 in
974 420 1102 451 Christo
1126 421 1204 451 haec
1220 421 1278 450 tria
1294 420 1466 460 praecipue
1489 431 1497 451 5
1520 419 1634 460 gitime
1656 419 1837 450 certaverit.
1863 418 1925 450 Sed
1948 420 1981 450 in
2005 420 2124 460 angelis
2146 430 2214 451 non
2231 426 2278 451 est
2292 430 2411 462 pugna.
2435 421 2521 462 Ergo
2543 422 2588 452 eis

402 463 541 494 fuerunt.
566 464 651 504 Ergo
675 465 736 505 ipsi
758 465 931 505 praecipue
955 465 1085 495 aureola
1108 465 1272 505 competit.
1522 464 1651 494 aureola
1675 473 1743 494 non
1767 463 1910 494 debetur.

459 517 488 538 2.
513 508 710 545 PRAETEREA,
735 518 834 539 omne
857 509 947 549 quod
971 515 1017 540 est
1039 509 1307 550 perfectissimum
1322 509 1355 538 in
1371 508 1466 538 rebus
1579 518 1608 538 2.
1632 508 1829 544 Paanrnnna,
1855 508 1985 539 aureola
2007 518 2076 539 non
2100 508 2234 540 debetur
2256 510 2342 540 actui
2365 510 2422 550 qui
2444 519 2502 550 per
2517 519 2588 540 cor—

401 553 560 589 humanis,
583 554 757 594 praecipue
781 553 910 584 Christo
935 559 981 584 est
1005 553 1254 584 attribuendum.
1291 552 1354 583 Sed
1376 561 1467 592 prae—
1522 561 1583 592 pus
1607 562 1674 583 non
1699 558 1877 583 exercetur:
1902 551 1989 583 unde
2012 553 2193 584 amantibus
2217 554 2446 594 virginitatem,
2470 559 2588 595 marty-

401 596 504 627 mium
528 597 677 628 aureolae
701 596 834 628 debetur
857 598 1128 629 excellentissimis
1159 598 1288 628 meritis.
1321 597 1407 636 Ergo
1436 601 1467 626 et
1522 598 1607 628 rium
1631 602 1662 628 et
1686 597 1875 633 doctrinam,
1900 597 1925 627 si
1950 598 2086 628 exterius
2110 598 2155 628 eis
2178 598 2258 628 haec
2288 607 2356 629 non
2386 598 2505 635 insunt,
2533 608 2588 629 au—

403 640 530 671 Christo
556 641 698 672 debetur.
1483 653 1509 668 ιο
1521 642 1609 672 reola
1631 651 1699 672 non
1716 641 1849 672 debetur
1864 642 1891 672 ’ἃ
1916 640 1980 672 Sed
1995 642 2100 682 angeli
2115 647 2190 677 sunt
2205 643 2398 683 incorporei.
2422 643 2509 683 Ergo
2533 653 2589 674 au-
2617 648 2820 679 ‘Cf.m.6,⁸d3·
2876 676 2878 685 Σ

459 685 488 715 3.
512 686 716 722 Pnaarnnna,
742 686 922 727 Cyprianus
953 686 1029 717 dicit
1044 687 1061 703 ἢ*
1084 685 1174 726 quod
1198 686 1373 727 imaginem
1404 684 1467 715 Dei
1522 686 1644 717 reolam
1667 695 1735 717 non
1758 686 1886 716 habent.

402 729 576 771 virginitas
593 735 717 771 portat.
741 731 936 771 Virginitatis
960 732 1055 771 igitur
1078 731 1239 771 exemplar
1261 731 1295 760 in
1318 730 1389 760 Deo
1410 734 1465 760 est.
1577 731 1767 761 Rnsponnno
1791 740 1952 761 mersurum
1971 730 2062 771 quod
2077 731 2198 771 angelis
2214 731 2345 762 aureola
2360 740 2429 762 non
2445 730 2589 762 debetur.

401 773 443 804 Et
466 774 511 804 sic
533 774 659 805 videtur
682 774 772 815 quod
796 774 935 811 Christo,
961 776 1056 805 etiam
1079 776 1272 815 inquantum
1297 780 1343 805 est
1366 774 1464 810 Deus,
1523 774 1625 806 Cuius
1640 775 1721 806 ratio
1738 781 1785 806 est
1801 775 1877 815 quia
1899 775 2030 806 aureola
2053 775 2226 816 respondet
2249 775 2376 806 cuidam
2400 775 2590 816 perfectioni

401 819 531 848 aureola
555 824 727 858 competat.
1521 820 1555 850 in
1578 819 1746 850 excellenti
1768 820 1894 850 merito.
1919 819 1966 850 Ea
1988 829 2065 850 vero
2090 829 2174 860 quae
2196 821 2230 851 in
2253 820 2440 850 hominibus
2463 820 2504 851 ad
2518 829 2590 861 per-

458 862 520 892 Snn
544 872 667 892 CONTRA
691 872 745 892 nsr
769 863 859 903 quod
882 863 1012 894 aureola
1036 869 1083 893 est
1104 863 1259 903 gaudium
1282 862 1322 893 de
1338 862 1467 893 consor·
1483 875 1505 895 ις
1521 862 1697 894 sectionem
1719 865 1825 895 meriti
1847 864 2017 904 pertinent,
2043 865 2162 905 angelis
2185 870 2260 895 sunt
2279 865 2516 902 connaturalia;
2538 865 2590 896 vel

401 907 510 936 mitate
534 906 573 936 ad
597 906 771 942 Christum,
795 912 831 937 ut
855 906 979 937 dicitur.
1011 907 1072 937 Sed
1105 907 1213 937 nullus
1246 906 1467 937 conformatur
1522 908 1618 938 etiarn
1641 914 1787 948 spectant
1810 908 1850 939 ad
1873 917 2084 939 communem
2108 918 2223 940 eorum
2247 914 2382 946 statum;
2407 914 2462 940 aut
2493 910 2589 940 etiarn

400 950 452 980 vel
475 950 630 980 similatur
652 950 711 980 sibi
734 951 811 990 ipsi:
836 955 872 980 ut
894 955 982 990 patet
1004 960 1061 991 per
1081 951 1316 991 Philosophum
1332 952 1358 981 ““.
1380 951 1466 990 Ergo
1522 951 1562 982 ad
1584 953 1692 992 ipsum
1715 953 1905 993 praemium.
1930 952 1971 983 Et
1992 953 2078 990 ideo,
2102 954 2227 984 ratione
2250 953 2363 984 eadem
2391 963 2455 994 qua
2483 954 2589 985 homi-

401 993 530 1024 Christo
554 994 684 1024 aureola
706 1004 774 1024 non
798 994 940 1024 debetur.
1521 996 1616 1026 nibus
1640 997 1770 1027 aureola
1793 997 1936 1032 debetur,
1961 998 2066 1037 angeli
2088 1007 2157 1028 non
2179 998 2299 1029 habent
2322 998 2477 1029 aureolas.

457 1047 486 1068 2.
510 1038 706 1074 PRAETEREA,
733 1037 850 1069 Christi
866 1039 1047 1079 praemium
1062 1047 1232 1078 nunquam
1249 1043 1296 1069 est
1312 1047 1466 1078 augmen—
1577 1040 1628 1070 An
1653 1050 1770 1071 ramma
1793 1050 1877 1071 aneo
1900 1050 2061 1072 Dxcnnntm
2085 1042 2175 1082 quod
2197 1043 2359 1083 virginitas
2383 1042 2498 1073 dicitur
2521 1052 2589 1073 esse

399 1087 511 1112 tatum.
537 1082 600 1113 Sed
625 1082 769 1113 Christus
794 1083 832 1113 ab
852 1083 981 1113 instanti
997 1092 1073 1113 suae
1089 1083 1312 1123 conceptionis
1328 1091 1396 1112 non
1411 1082 1467 1112 ha·
1482 1094 1508 1108 20
1521 1084 1586 1114 vita
1609 1085 1768 1124 angelica,
1792 1085 1987 1124 inquantum
2016 1095 2073 1126 per
2105 1087 2238 1126 gratiam
2261 1087 2398 1127 virgines
2425 1087 2589 1117 imitantur

399 1126 468 1156 buit
484 1126 664 1156 aureolam:
682 1127 758 1166 quia
773 1132 851 1157 tunc
866 1136 1035 1167 nunquam
1051 1132 1257 1167 pugnaverat.
1281 1127 1367 1167 Ergo
1383 1135 1467 1156 nun·
1521 1127 1555 1158 id
1578 1128 1667 1168 quod
1690 1129 1794 1169 angeli
1817 1129 1955 1159 habeant
1977 1139 2035 1170 per
2057 1135 2214 1160 naturam.
2245 1130 2321 1161 Non
2350 1131 2436 1161 enim
2465 1132 2590 1162 virtutis

400 1179 497 1210 quam
520 1176 632 1211 postea
656 1171 820 1202 aureolam
843 1172 963 1202 habuit.
1522 1177 1570 1202 est
1591 1173 1625 1202 in
1649 1173 1769 1213 angelis
1791 1172 1882 1214 quod
1905 1174 2041 1204 omnino
2065 1184 2084 1204 a
2107 1173 2373 1205 delectationibus
2396 1176 2499 1205 carnis
2519 1176 2589 1206 abs-

453 1215 644 1245 Ruspommo
668 1225 829 1246 mmmmm
848 1215 938 1256 quod
962 1216 1044 1246 circa
1059 1216 1123 1246 hoc
1140 1220 1187 1246 est
1203 1215 1320 1256 duplex
1342 1215 1465 1255 opinio.
1521 1217 1644 1247 tinent:
1681 1227 1756 1248 cum
1790 1217 1978 1248 huiusmodi
2012 1217 2241 1249 delectationes
2275 1219 2309 1250 in
2342 1219 2387 1250 eis
2422 1228 2490 1250 esse
2521 1229 2590 1251 non

399 1258 541 1296 Quidam
565 1259 675 1290 dicunt
706 1260 795 1300 quod
825 1261 858 1290 in
890 1260 1019 1290 Christo
1052 1266 1099 1290 est
1126 1260 1256 1290 aureola
1287 1259 1466 1290 secundum
1521 1262 1656 1301 possint.

398 1304 561 1343 propriam
585 1304 734 1335 aureolae
756 1305 929 1335 rationem:
954 1314 1030 1335 cum
1045 1305 1079 1334 in
1096 1314 1136 1335 eo
1159 1314 1268 1344 pugna
1287 1305 1468 1334 inveniatur
1482 1316 1505 1336 ις
1577 1306 1628 1336 An
1653 1315 1816 1336 sacunmm
1838 1316 1999 1337 mmmmm
2023 1306 2114 1347 quod
2136 1312 2292 1348 perpetua
2307 1308 2507 1348 incorruptio
2526 1308 2591 1348 spi-

399 1353 430 1377 et
452 1348 595 1384 victoria,
612 1354 644 1379 et
658 1358 716 1389 per
732 1358 935 1389 consequens
959 1358 1081 1379 corona
1103 1348 1283 1380 secundum
1303 1349 1467 1389 propriam
1521 1350 1600 1380 ritus
1615 1351 1649 1380 in
1665 1351 1785 1391 angelis
1808 1352 1988 1391 praemium
2012 1352 2179 1382 essentiale
2201 1357 2350 1382 meretur.
2375 1352 2433 1382 Est
2448 1352 2535 1383 enim
2550 1351 2590 1383 de

398 1392 566 1423 rationem.
1521 1396 1709 1425 necessitate
1733 1395 1860 1426 salutis:
1886 1405 1961 1426 cum
1983 1396 2018 1426 in
2043 1397 2087 1426 eis
2110 1406 2178 1427 non
2202 1397 2303 1437 possit
2325 1397 2479 1437 subsequi
2500 1406 2591 1438 repa-

454 1436 527 1473 Sed,
551 1436 718 1477 diligenter
734 1437 978 1474 considerando,
996 1439 1142 1478 quamvis
1159 1437 1287 1468 Christo
1304 1442 1468 1477 competat
1522 1439 1602 1469 ratio
1626 1445 1701 1479 post
1723 1440 1849 1470 ruinam
1865 1441 1892 1471 *ἢ
2617 1444 2833 1474 ’ἥκοιεν-ων,

398 1480 478 1510 ratio
503 1491 617 1512 aureae
639 1481 690 1512 vel
714 1491 864 1519 coronae,
880 1492 948 1513 non
964 1488 1073 1513 tamen
1089 1483 1118 1513 ei
1134 1482 1289 1522 competit
1312 1482 1393 1512 ratio
1410 1491 1466 1512 au·
1577 1483 1629 1513 Ar>
1655 1493 1791 1514 ram-nm
1817 1494 1979 1515 mmmmm
2005 1484 2096 1524 quod
2118 1485 2164 1515 illi
2188 1490 2277 1516 actus
2300 1485 2480 1517 secundum
2507 1494 2591 1526 quos
2617 1474 2661 1493 ἠ’
2675 1477 2697 1494 ’‘

398 1525 514 1555 reolae.
539 1526 684 1556 Aureola
704 1526 801 1562 enim,
818 1536 855 1557 ex
878 1527 942 1557 hoc
965 1527 1036 1567 ipso
1057 1526 1147 1567 quod
1170 1526 1366 1557 deminutive
1390 1525 1467 1556 dici·
1483 1538 1509 1557 ιο
1523 1527 1627 1568 angeli
1650 1538 1711 1558 nos
1726 1527 1855 1565 docent,
1872 1530 2034 1569 pertinent
2049 1529 2089 1560 ad
2104 1529 2240 1569 gloriam
2256 1539 2381 1566 eorum,
2398 1535 2430 1561 et
2445 1529 2485 1561 ad
2501 1538 2591 1561 com-

398 1574 459 1605 tur,
483 1570 635 1610 importat
658 1570 778 1611 aliquid
802 1570 892 1611 quod
914 1572 1132 1612 participative
1149 1576 1180 1601 et
1195 1580 1262 1601 non
1287 1570 1467 1601 secundum
1522 1581 1657 1603 munem
1687 1582 1802 1604 eorum
1832 1578 1959 1604 statum.
1993 1573 2086 1605 Unde
2114 1583 2172 1614 per
2202 1573 2389 1606 huiusmodi
2419 1579 2508 1606 actus
2535 1584 2591 1605 au-

398 1614 448 1643 sui
471 1614 705 1654 plenitudinem
729 1615 919 1655 possidetur.
944 1615 1039 1647 Unde
1054 1616 1115 1646 illis
1131 1615 1287 1656 competit
1303 1615 1467 1645 aureolam
1522 1617 1644 1647 reolam
1667 1626 1735 1647 non
1758 1623 1930 1649 merentur.
2238 1622 2242 1626 '

398 1658 515 1689 habere
537 1659 571 1689 in
595 1659 712 1699 quibus
736 1665 783 1690 est
806 1660 913 1700 aliqua
935 1659 1142 1700 perfectionis
1164 1660 1316 1690 victoriae
1339 1660 1466 1700 partici-

399 1703 498 1742 patio,
523 1703 702 1734 secundum
725 1704 939 1734 imitationem
962 1705 1031 1735 eius
1046 1705 1079 1735 in
1096 1713 1163 1744 quo
1187 1703 1347 1744 perfectae
1365 1704 1466 1734 victo-

399 1747 464 1776 riae
486 1747 582 1787 plena
605 1748 685 1778 ratio
710 1749 863 1778 consistit.
887 1749 929 1779 Et
951 1748 1037 1784 ideo,
1061 1758 1137 1779 cum
1160 1749 1193 1778 in
1217 1748 1346 1779 Christo
1378 1748 1467 1778 inve·
1483 1762 1505 1782 ,ς
1587 1758 1607 1778 n
1624 1758 1765 1779 nncnnm
1784 1758 1830 1779 src
1850 1759 2056 1779 nocam-run.
2076 1749 2211 1780 Videtur
2231 1749 2321 1790 quod
2345 1750 2475 1781 aureola
2495 1751 2591 1782 etiam

399 1791 504 1821 niatur
527 1791 714 1822 huiusmodi
737 1792 920 1832 principalis
944 1798 975 1823 et
997 1793 1093 1833 plena
1115 1793 1268 1823 victoriae
1291 1792 1385 1828 ratio,
1410 1801 1467 1832 per
1524 1761 1716 1833 Acorpori
1745 1792 1907 1824 debeatur.
1936 1794 2119 1824 Praemium
2148 1794 2234 1824 enim
2263 1794 2430 1825 essenu'ale
2457 1800 2504 1825 est
2530 1804 2591 1836 po-

401 1835 493 1866 cuius
516 1836 683 1866 victoriam
706 1846 820 1867 omnes
836 1837 888 1867 alii
902 1837 1039 1867 victores
1064 1837 1312 1872 constituuntur,
1329 1842 1365 1866 ut
1381 1841 1468 1876 patet
1522 1837 1585 1868 tius
1609 1847 1707 1878 quam
1731 1837 1936 1868 accidentale.
1961 1837 2025 1868 Sed
2048 1837 2117 1874 dos,
2135 1847 2218 1878 quae
2233 1838 2274 1869 ad
2289 1839 2469 1879 praemium
2485 1849 2591 1870 essen-

400 1879 495 1909 Ioan..
510 1889 561 1910 xvr
576 1881 603 1915 ἡ
631 1880 806 1922 Confidite,
839 1890 900 1922 ego
931 1881 995 1912 vici
1017 1881 1189 1917 mundum,
1215 1886 1246 1911 et
1268 1882 1367 1921 Apoc.
1384 1891 1404 1910 v
1420 1882 1464 1916 **‚
1521 1882 1596 1912 tiale
1619 1882 1757 1922 pertinet
1772 1883 1799 1918 ³,
1816 1891 1884 1912 non
1895 1882 2007 1912 'solum
2024 1888 2071 1912 est
2093 1883 2127 1913 in
2151 1883 2267 1919 anima,
2284 1883 2341 1914 sed
2359 1884 2455 1914 etiam
2470 1884 2504 1914 in
2520 1893 2591 1915 cor·
2618 1885 2736 1935 :nef-'qu-
2752 1891 2812 1913 cm,

399 1923 492 1959 Ecce,
517 1924 594 1954 vicit
615 1925 681 1954 Leo
705 1925 744 1955 de
768 1925 852 1955 tribu
876 1925 960 1955 Iuda
967 1933 980 1962 ;
1003 1925 1131 1956 Christo
1155 1934 1223 1955 non
1240 1925 1396 1965 competit
1411 1934 1467 1955 au·
1521 1935 1612 1965 pore.
1637 1926 1724 1966 Ergo
1749 1931 1781 1956 et
1803 1926 1944 1962 aureola,
1969 1935 2053 1966 quae
2076 1928 2214 1967 pertinet
2238 1927 2277 1958 ad
2300 1928 2481 1968 praemium
2508 1929 2590 1960 acci-
2654 1927 2660 1933 '
2690 1927 2697 1935 ⁰

398 1968 521 1997 reolam
544 1968 678 2004 habere,
702 1968 758 1999 sed
782 1969 902 2008 aliquid
931 1969 1018 1999 unde
1050 1979 1165 1999 omnes
1195 1969 1343 1999 aureolae
1372 1969 1468 2009 origi-
1481 1982 1509 2002 40
1523 1969 1659 2000 dentale.

399 2017 525 2042 nantur.
550 2011 644 2043 Unde
668 2012 783 2043 dicitur
798 2014 897 2053 Apoc.
910 2023 945 2043 m
960 2014 994 2043 *t
1022 2013 1087 2049 Qui
1109 2013 1231 2048 vicerit,
1247 2013 1378 2055 faciam
1394 2022 1467 2043 eum
1579 2023 1609 2044 2.
1633 2014 1830 2050 Pam-ranna,
1854 2020 1989 2054 peccato
2013 2014 2103 2055 quod
2126 2024 2184 2055 per
2207 2025 2325 2056 corpus
2349 2021 2522 2053 exercetur,
2541 2027 2590 2048 re-

398 2055 510 2086 sedere
533 2056 565 2086 in
591 2056 707 2087 throno
731 2067 812 2092 meo,
837 2058 921 2088 sicut
942 2067 1004 2099 ego
1029 2058 1101 2093 vici,
1126 2062 1157 2087 et
1178 2057 1273 2088 sedeo
1298 2057 1330 2087 in
1348 2057 1466 2088 throno
1522 2058 1661 2098 spondet
1683 2068 1791 2099 poena
1813 2059 1845 2089 in
1870 2059 1977 2089 anima
2000 2064 2032 2089 et
2048 2068 2194 2100 corpore.
2219 2060 2305 2100 Ergo
2322 2066 2354 2092 et
2368 2062 2484 2092 merito
2500 2061 2591 2102 quod

398 2100 506 2130 Patris
529 2100 600 2131 mei.
632 2101 743 2138 Unde,
768 2101 948 2132 secundum
971 2101 1067 2138 alios,
1092 2101 1267 2132 dicendum
1290 2107 1338 2132 est
1365 2101 1465 2142 quod,
1522 2108 1686 2133 exercetur
1709 2112 1766 2143 per
1790 2112 1917 2143 corpuS‚
1942 2102 2077 2134 debetur
2099 2105 2280 2144 praemium
2304 2110 2335 2135 et
2362 2105 2396 2136 in
2423 2106 2530 2136 anima
2559 2111 2591 2136 et

398 2145 544 2184 quamvis
566 2144 599 2175 id
623 2145 713 2185 quod
737 2151 783 2176 est
805 2147 839 2176 in
863 2145 992 2177 Christo
1016 2155 1084 2177 non
1107 2146 1222 2176 habeat
1237 2147 1395 2177 rationem
1411 2155 1466 2177 au-
1521 2147 1555 2177 in
1579 2156 1726 2188 corpore.
1751 2147 1814 2179 Sed
1837 2148 1989 2179 meritum
2012 2148 2162 2179 aureolae
2184 2158 2243 2188 per
2269 2158 2386 2190 corpus
2417 2155 2589 2182 exercetur.

397 2189 514 2225 reolae,
539 2194 646 2220 tamen
670 2195 717 2220 est
741 2190 946 2221 excellentius
970 2191 1061 2221 omni
1084 2191 1223 2221 aureola.
1480 2203 1505 2223 45
1521 2191 1607 2232 Ergo
1632 2192 1762 2222 aureola
1785 2193 1881 2222 etiam
1905 2191 2039 2222 debetur
2061 2193 2200 2233 corpori.

452 2233 503 2263 An
527 2243 645 2264 prunum
668 2244 751 2265 nano
775 2245 935 2265 DICENDUM
959 2234 1049 2275 quod
1066 2234 1212 2266 Christus
1227 2234 1288 2265 fuit
1303 2235 1466 2266 verissime
1578 2236 1607 2266 3.
1632 2236 1829 2271 Pium-anm,
1853 2237 1886 2267 in
1911 2237 2101 2276 corporibus
2116 2243 2293 2278 martyrum
2312 2239 2477 2279 apparebit
2492 2247 2590 2279 quae-

397 2278 497 2318 virgo,
522 2283 641 2319 martyr
665 2283 696 2309 et
719 2278 842 2310 doctor.
867 2279 931 2310 Sed
950 2284 1059 2310 tamen
1074 2280 1254 2320 praemium
1271 2279 1466 2310 accidentale
1521 2279 1596 2311 dam
1618 2281 1742 2311 virtutis
1765 2280 1949 2321 pulcritudo
1966 2281 1999 2311 in
2015 2281 2092 2321 ipsis
2109 2282 2308 2313 cicatricibus
2324 2283 2478 2323 corpon's.
2495 2283 2590 2315 Unde

397 2322 446 2352 his
469 2322 667 2362 respondens
690 2323 723 2353 in
748 2323 876 2354 Christo
901 2333 969 2354 non
992 2324 1088 2354 habet
1120 2324 1260 2364 aliquam
1289 2324 1465 2355 notabilem
1520 2325 1721 2365 Augustinus
1738 2325 1824 2361 dicit,
1840 2325 1928 2355 XXII
1944 2325 1983 2356 de
2001 2325 2069 2356 Civ.
2086 2326 2150 2357 Dei
2165 2327 2198 2357 *:
2223 2327 2342 2358 Nescio
2365 2327 2527 2368 quomodo
2542 2328 2590 2359 sic
2615 2328 2696 2378 :¹0¹3-
2710 2335 2793 2379 ¹¹3³-
2808 2335 2830 2358 ³»

398 2367 609 2406 quantitatem
632 2368 665 2397 in
690 2368 932 2408 comparatione
955 2367 995 2398 ad
1018 2368 1274 2408 magnitudinem
1291 2368 1464 2399 essentialis
1520 2369 1708 2410 afficiamur
1731 2379 1844 2400 amore
1866 2375 2052 2410 maryrum
2075 2370 2243 2401 beatorum
2267 2376 2304 2402 ut
2325 2372 2460 2403 velimus
2476 2373 2509 2403 in
2531 2372 2589 2404 illo
2641 2370 2647 2377 '
2690 2361 2714 2384 p.

397 2412 541 2451 praemii.
565 2411 660 2442 Unde
683 2421 750 2442 non
774 2413 870 2443 habet
892 2413 1056 2443 aureolam
1079 2413 1139 2443 sub
1161 2413 1284 2444 ratione
1304 2413 1463 2444 aureolae.
1480 2428 1506 2448 ςο
1518 2414 1635 2455 Regno
1660 2414 1692 2444 in
1725 2424 1838 2445 eorum
1870 2415 2062 2454 corporibus
2091 2415 2200 2446 videre
2229 2416 2400 2447 vulnerum
2423 2417 2589 2448 cicatrices

449 2456 500 2485 An
518 2465 680 2486 sneunnmr
696 2466 856 2487 mmmmm
877 2456 968 2497 quod
983 2457 1123 2493 aureola,
1141 2458 1287 2497 quamvis
1310 2457 1463 2488 debeatur
1519 2468 1601 2499 quas
1618 2468 1683 2499 pro
1710 2459 1831 2489 Christi
1854 2459 1984 2490 nomine
2001 2460 2220 2500 pertulerunt.
2243 2460 2288 2491 Et
2299 2461 2451 2502 sortasse
2471 2461 2588 2493 videbi-

397 2500 487 2539 operi
510 2499 742 2540 perfectissimo
766 2500 875 2541 quoad
897 2510 968 2537 nos,
985 2506 1093 2532 tamen
1108 2502 1256 2537 aureola,
1271 2502 1465 2542 inquantum
1519 2512 1601 2534 mus.
1625 2503 1701 2533 Non
1725 2503 1810 2534 enim
1834 2503 1897 2534 erit
1921 2503 2114 2546 deformitas
2138 2505 2171 2534 in
2202 2505 2264 2540 eis,
2288 2505 2345 2536 sed
2367 2505 2532 2547 dignitas,·
2558 2511 2590 2537 et

397 2543 595 2574 deminutive
610 2544 735 2581 dicitur,
749 2544 906 2585 significat
922 2545 1083 2586 quandam
1099 2546 1378 2586 participationem
1393 2555 1464 2587 per·
1519 2547 1688 2588 quaedam,
1712 2548 1859 2588 quamvis
1882 2548 1914 2578 in
1938 2557 2086 2589 corpore,
2107 2558 2172 2579 non
2197 2550 2356 2590 corporis,
2379 2550 2436 2581 sed
2460 2551 2589 2582 virtutis

397 2587 545 2618 fectionis
569 2588 608 2618 ab
632 2588 742 2629 aliquo
765 2589 799 2619 in
823 2599 889 2630 quo
913 2589 1054 2630 plenarie
1077 2591 1247 2621 invenitur.
1279 2590 1320 2621 Et
1350 2600 1464 2621 secun—
1514 2592 1704 2632 pulcritudo
1719 2592 1876 2634 fulgebit.
1902 2592 1988 2633 Ergo
2006 2592 2132 2624 videtur
2155 2593 2246 2634 quod
2265 2594 2396 2625 aureola
2409 2603 2443 2626 m

397 2631 476 2662 dum
498 2633 562 2663 hoc
586 2632 626 2663 ad
649 2632 811 2673 quandam
834 2634 1084 2664 minorationem
1107 2635 1254 2675 pertinet.
1286 2634 1327 2665 Et
1358 2636 1403 2666 sic
1430 2636 1462 2665 in
1479 2649 1502 2670 ςς
1520 2637 1616 2667 etiam
1638 2637 1672 2667 in
1696 2646 1833 2678 corpore
1856 2637 1905 2667 sit.
1929 2637 1971 2668 Et
1994 2637 2107 2668 eadem
2130 2638 2210 2668 ratio
2235 2643 2282 2669 est
2305 2638 2345 2670 de
2368 2639 2446 2670 aliis.

1597 1682 1697 1714 ART.
1714 1683 1753 1714 X.
1778 1693 1883 1714 unum
1907 1693 2052 1714 auarior-A
2076 1693 2171 1714 arran
2195 1693 2330 1715 coaroxu
2353 1694 2517 1716 unaarum

397 2675 526 2707 Christo
549 2686 618 2707 non
640 2677 811 2714 invenitur,
835 2678 869 2709 in
893 2688 959 2719 quo
983 2679 1089 2709 omnis
1109 2678 1264 2719 perfectio
1280 2679 1464 2720 plenissime
1575 2681 1638 2712 San
1663 2690 1797 2717 CONTRA,
1822 2682 1947 2712 animae
1971 2690 2054 2722 quae
2077 2681 2178 2712 modo
2202 2687 2278 2713 sunt
2300 2683 2334 2714 in
2356 2683 2514 2724 paradiso,
2530 2684 2586 2715 ha·

394 2720 564 2751 invenitur.
1518 2726 1595 2756 bent
1611 2726 1766 2756 aureolas.
1790 2725 1859 2756 Nec
1874 2731 1983 2756 tamen
1997 2726 2117 2757 habent
2140 2735 2286 2767 corpora.
2311 2727 2397 2768 Ergo
2418 2728 2586 2769 proprium

451 2765 502 2795 An
526 2775 660 2796 TERTIUM
684 2776 844 2797 mcanmm
866 2766 966 2807 quod,
989 2768 1135 2808 quamvis
1158 2768 1320 2808 virginitas
1349 2768 1464 2799 habeat
1518 2770 1700 2800 subiectum
1723 2770 1872 2801 aureolae
1895 2779 1963 2800 non
1987 2776 2034 2801 est
2058 2780 2186 2811 corpuS‚
2210 2771 2267 2802 sed
2290 2772 2406 2803 anima.

396 2809 505 2849 aliquo
529 2810 630 2841 modo
655 2810 816 2850 exemplar
838 2811 872 2841 in
896 2811 978 2848 Deo,
1003 2821 1071 2842 non
1094 2817 1203 2843 tamen
1233 2812 1328 2843 habet
1356 2822 1463 2843 exem·
1575 2823 1604 2852 2.
1632 2814 1829 2851 Pium-anm,
1854 2824 1953 2845 omne
1967 2815 2119 2846 meritum
2135 2821 2182 2846 est
2197 2815 2236 2846 ab
2253 2817 2368 2847 anima.
2393 2816 2479 2857 Ergo
2494 2825 2585 2858 prae-

395 2853 464 2894 plar
487 2854 583 2884 unius
613 2855 753 2885 rationis.
787 2855 988 2896 incorruptio
1020 2857 1107 2887 enirn
1137 2857 1214 2893 Dei,
1239 2866 1337 2897 quam
1369 2858 1463 2898 virgi·
1476 2865 1504 2886 60
1517 2859 1621 2889 mium
1644 2863 1751 2889 totum
1774 2860 1808 2889 in
1831 2859 1938 2890 anima
1961 2868 2030 2889 esse
2053 2858 2157 2890 debet.

394 2898 476 2928 nitas
499 2899 650 2935 imitatur,
674 2909 741 2930 non
767 2899 879 2930 eadem
902 2901 1025 2931 ratione
1049 2906 1096 2931 est
1111 2901 1144 2931 in
1161 2901 1232 2931 Deo
1250 2907 1281 2932 et
1296 2902 1329 2932 in
1353 2901 1461 2942 aliquo
1572 2903 1763 2933 Rnsponnno
1780 2913 1941 2934 memnon
1960 2903 2050 2943 quod
2065 2904 2195 2935 aureola
2207 2905 2337 2945 proprie
2351 2905 2443 2936 estin
2458 2909 2582 2936 mente:

394 2942 525 2982 virgine.
1518 2952 1565 2978 est
1589 2947 1676 2977 enim
1698 2947 1853 2987 gaudium
1876 2947 1916 2978 de
1939 2948 2091 2988 operibus
2113 2949 2175 2979 illis
2199 2949 2315 2989 quibus
2338 2948 2468 2980 aureola
2486 2947 2583 2980 debe-

1517 2996 1578 3022 tur.
1603 2991 1667 3022 Sed
1690 2992 1772 3022 sicut
1795 3001 1834 3022 ex
1857 2991 1976 3032 gaudio
2001 2992 2174 3023 essentialis
2197 2993 2340 3033 praemii,
2357 2992 2447 3033 quod
2463 2998 2510 3023 est
2525 3002 2582 3023 au-

1515 3045 1586 3072 rea,
1611 3035 1768 3067 redundat
1791 3035 1923 3076 quidam
1953 3036 2051 3067 decor
2080 3037 2115 3067 in
2144 3046 2297 3077 corpore,
2321 3037 2378 3076 qui
2407 3041 2455 3067 est
2481 3037 2583 3076 gloria

397 3083 480 3147 Ab
502 3084 611 3104 nomm
635 3084 680 3105 s1c
699 3085 904 3107 rnocamrua.
925 3076 1060 3107 Videtur
1080 3076 1169 3117 quod
1191 3077 1311 3118 angelis
1331 3078 1462 3109 aureola
1475 3086 1499 3113 65
1517 3081 1670 3120 corporis,
1696 3081 1740 3111 ita
1763 3089 1801 3111 ex
1824 3080 1943 3120 gaudio
1967 3081 2116 3112 aureolae
2138 3081 2269 3112 resultat
2291 3080 2405 3120 aliquis
2428 3080 2525 3112 decor
2546 3082 2580 3112 in

460 3117 621 3149 debeatur.
646 3119 745 3157 Quia,
766 3125 802 3150 ut
820 3119 897 3151 dicit
920 3121 1140 3162 Hieronymus
1156 3123 1188 3158 “,
1211 3122 1250 3153 de
1270 3123 1459 3163 virginitate,
1516 3133 1671 3165 corpore:
1696 3130 1733 3155 ut
1755 3125 1801 3155 sic
1824 3125 1954 3156 aureola
1976 3124 2193 3165 principaliter
2206 3124 2247 3155 sit
2261 3124 2295 3155 in
2317 3130 2436 3161 mente,
2453 3124 2510 3156 sed
2524 3135 2583 3166 per

394 3162 544 3202 loquens:
569 3163 609 3193 In
634 3172 733 3194 carne
750 3169 885 3204 praeter
907 3174 1038 3196 carnem
1062 3166 1168 3197 vivere
1184 3167 1297 3206 potius
1320 3172 1367 3198 est
1394 3168 1461 3198 vita
1516 3168 1678 3209 quandam
1701 3168 1945 3200 redundantiam
1969 3168 2088 3209 fulgeat
2110 3169 2207 3199 etiam
2229 3168 2262 3199 in
2286 3177 2390 3199 carne.

528 3009 627 3039 ART.
645 3009 697 3040 IX.
722 3019 827 3040 urania
850 3020 980 3041 monus
1004 3021 1150 3042 AURnoLA
1173 3021 1335 3042 naanA'rUR

395 3207 545 3247 angelica
562 3217 658 3248 quam
673 3208 826 3239 humana.
844 3209 909 3239 EtI
925 3209 1001 3240 Cor.
1014 3220 1057 3240 vn
1069 3211 1086 3227 ⁴*
1105 3210 1181 3241 dicit
1193 3210 1308 3242 Glossa
1319 3212 1354 3229 ⁹*
1370 3211 1459 3252 quod
1570 3213 1612 3244 Et
1634 3222 1692 3253 per
1715 3213 1779 3244 hoc
1801 3218 1889 3254 patet
1910 3213 2079 3253 responsio
2102 3211 2142 3242 ad
2165 3212 2300 3243 obiecta.

395 3250 567 3291 virginitas
591 3257 637 3282 est
653 3253 765 3292 portio
790 3253 950 3294 angelica.
980 3253 1067 3284 Cum
1095 3255 1191 3294 igitur
1212 3255 1383 3295 virginitati
1411 3265 1459 3287 re·
1570 3257 1696 3288 Tamen
1720 3257 1887 3288 sciendum
1911 3261 1959 3287 est
1980 3255 2070 3297 quod
2091 3255 2190 3286 decor
2220 3257 2404 3288 cicatricum
2436 3267 2519 3298 quae
2545 3259 2579 3290 in

394 3294 551 3334 spondeat
573 3296 712 3332 aureola,
736 3296 862 3327 videtur
885 3297 974 3337 quod
997 3298 1117 3338 angelis
1141 3298 1302 3330 debeatur.
1473 3313 1500 3334 70
1514 3302 1704 3341 corporibus
1727 3306 1903 3342 martyrum
1926 3300 2135 3340 apparebunt,
2151 3309 2219 3331 non
2234 3306 2342 3341 potest
2357 3300 2420 3332 dici
2440 3302 2579 3334 aureola.

450 3347 480 3369 2.
503 3339 708 3376 Pium-nana,
732 3341 872 3372 nobilior
903 3347 949 3372 est
978 3342 1177 3383 incorruptio
1206 3344 1334 3383 spiritus
1360 3354 1459 3385 quam
1514 3345 1600 3383 Quia
1623 3345 1722 3386 aliqui
1744 3349 1897 3385 martyres
1921 3344 2085 3375 aureolam
2107 3344 2272 3375 habebunt
2287 3346 2320 3376 in
2336 3346 2454 3386 quibus
2469 3347 2579 3378 huius-

394 3382 592 3423 incorruptio
617 3385 728 3414 carnis.
762 3384 826 3415 Sed
855 3386 889 3415 in
919 3386 1039 3426 angelis
1068 3387 1229 3418 invenitur
1258 3388 1457 3429 incorruptio
1513 3388 1604 3420 modi
1635 3389 1796 3420 cicatrices
1827 3397 1895 3419 non
1923 3393 2042 3418 erunt:
2078 3393 2192 3429 utpote
2226 3389 2272 3420 illi
2306 3390 2363 3431 qui
2397 3396 2472 3422 sunt
2504 3391 2579 3422 sub-

394 3426 537 3465 spiritus:
564 3428 639 3467 quia
661 3437 829 3468 nunquam
852 3435 1075 3468 peccaverunt.
1100 3431 1186 3471 Ergo
1211 3432 1255 3462 eis
1278 3433 1379 3472 magis
1403 3432 1458 3463 de·
1513 3433 1620 3469 mersi,
1644 3437 1700 3464 aut
1723 3431 1815 3462 famis
1837 3431 1943 3463 inedia
1971 3437 2026 3463 aut
2056 3433 2204 3473 squalore
2229 3435 2362 3465 carceris
2384 3435 2577 3476 interempti.

394 3468 486 3499 betur
509 3471 638 3501 aureola
661 3481 758 3511 quarn
781 3472 967 3504 hominibus
990 3474 1183 3515 incorruptis
1200 3485 1294 3506 carne
1310 3477 1367 3516 qui
1383 3476 1458 3507 alias

395 3513 567 3553 aliquando
591 3521 813 3554 peccaverunt.
1470 3538 1495 3558 75
