2918 4088
994 174 1256 221 QUAESTIO
1285 173 1498 219 LXXXIV,
1532 172 1824 210 ARTICULUS
1852 174 1882 210 II

346 253 508 290 trinseco
528 252 728 302 principio.
751 252 861 289 Unde
882 252 912 288 si
928 251 994 301 qui
1014 260 1119 289 actus
1139 250 1301 288 humani
1321 256 1409 286 sunt

346 305 386 343 in
413 306 550 343 talibus
579 306 834 352 sacramentis,
864 317 944 342 non
964 313 1052 341 sunt
1079 305 1127 341 de
1148 303 1309 341 essentia
1327 314 1408 338 ma-

346 359 462 396 teriae
482 364 494 379 ²
516 366 858 405 sacramentorum,
879 358 946 394 sed
966 356 1187 406 dispositive
1207 368 1247 392 se
1266 354 1410 391 habent

345 412 395 448 ad
422 419 670 448 sacramenta.
709 413 751 448 In
778 411 848 448 illis
876 418 1006 447 autem
1034 407 1279 446 sacramentis
1308 419 1407 456 quae

345 464 488 501 habent
515 464 697 501 effectum
725 464 1091 513 correspondentem
1119 460 1300 498 humanis
1319 460 1407 497 acti-

343 517 429 563 bus,
459 516 530 566 ipsi
550 525 656 554 actus
675 516 837 554 humani
858 515 1054 553 sensibiles
1073 513 1085 539 ζ
1113 521 1202 550 sunt
1221 515 1307 550 loco
1327 525 1407 549 ma-

343 569 476 607 teriae:
516 578 558 607 ut
586 569 720 607 accidit
754 570 794 607 in
821 568 1055 619 poenitentia
1083 574 1119 604 et
1146 566 1406 603 matrimonio.

344 622 450 661 Sicut
478 622 594 660 etiam
626 622 666 659 in
693 622 893 659 medicinis
920 619 1186 670 corporalibus
1214 620 1408 668 quaedam

343 684 432 713 sunt
466 688 527 713 res
561 675 724 712 exterius
758 674 950 712 adhibitae
963 703 972 721 ,
1009 673 1106 710 sicut
1139 674 1345 722 emplastra
1373 680 1409 709 et

343 729 564 775 electuaria;
585 728 778 777 quaedam
788 739 881 764 vero
897 734 986 764 sunt
1004 733 1110 764 actus
1130 726 1406 773 sanandorum,

342 790 436 831 puta
463 780 749 818 exercitationes
777 780 983 829 quaedam.
1196 798 1198 800 ·

397 836 454 872 An
469 846 659 872 SECUNDUM
672 845 854 871 DICENDUM
869 833 976 882 quod
991 833 1030 870 in
1045 832 1292 870 sacramentis
1307 844 1407 881 quae

342 887 486 925 habent
512 882 753 937 corporalem
782 885 1003 932 materiam,
1033 894 1184 935 oportet
1211 886 1319 935 quod
1346 885 1409 922 illa

341 939 501 977 materia
521 939 749 977 adhibeatur
767 953 789 977 a
807 939 981 976 ministro
1001 939 1205 986 Ecclesiae,
1226 938 1294 988 qui
1314 938 1408 986 gerit

340 1005 549 1043 personam
586 992 742 1040 Christi,
782 993 821 1029 in
857 992 1010 1041 signum
1045 993 1153 1041 quod
1187 991 1408 1029 excellentia

311 1088 314 1091 ,
340 1045 489 1083 virtutis
524 1045 564 1082 in
602 1053 842 1083 sacramento
876 1045 1070 1095 operantis
1105 1053 1161 1082 est
1189 1058 1211 1082 a
1240 1044 1406 1082 Christo.

98 2171 301 2223 wffl

100 2225 300 2281 W&

103 2857 116 2869 ·
127 2855 197 2880 ven.
209 2861 244 2878 ει.

203 3123 220 3150 Υ

106 3175 118 3186 ·
135 3175 186 3196 An.
203 3173 320 3202 praeced„

105 3201 136 3223 ad
151 3207 171 3229 ι,
184 3206 206 3223 a.

395 1157 418 1200 e)
438 1158 575 1184 materiae.
593 1171 612 1177 -
630 1158 692 1183 Om.
710 1158 783 1183 tertia
802 1156 829 1191 (1
848 1166 902 1183 orn.
920 1161 983 1185 sunt
1001 1159 1028 1183 in
1048 1159 1172 1185 talibus...
1197 1159 1249 1191 ipsi
1266 1162 1343 1184 actus
1361 1159 1409 1183 hu-

342 1194 583 1264 mar÷3>'sensibiles.
601 1243 621 1248 -
639 1229 700 1255 Om.
715 1230 749 1260 P;
768 1229 844 1254 Alias
862 1233 939 1254 actus
957 1229 1069 1255 humani
1086 1230 1220 1255 sensibiles
1240 1237 1330 1263 margo
1345 1230 1373 1254 P.

2451 174 2524 221 287

1463 251 1504 286 In
1533 258 1772 286 sacramento
1801 258 1930 286 autem
1959 251 2225 299 poenitentiae,
2256 252 2352 289 sicut
2379 252 2526 289 dictum

1462 310 1518 338 est
1536 302 1566 348 ³⁸,
1596 310 1685 339 sunt
1713 310 1819 340 actus
1847 304 2009 339 humani
2037 316 2108 352 pro
2137 305 2312 351 materia,
2343 305 2410 354 qui
2437 317 2525 354 pro-

1462 354 1622 391 veniunt
1659 367 1704 392 ex
1739 355 1986 404 inspiratione
2022 356 2180 393 interna.
2222 358 2333 394 Unde
2367 358 2526 394 materia

1462 420 1542 444 non
1579 408 1783 444 adhibetur
1817 420 1839 444 a
1871 408 2066 455 ministro,
2106 410 2173 445 sed
2202 422 2224 446 a
2252 411 2336 446 Deo
2369 410 2526 447 interius

1462 468 1663 510 operante:
1688 461 1755 497 sed
1775 463 2107 510 complementum
2127 462 2355 499 sacramenti
2374 463 2526 500 exhibet

1462 513 1644 560 minister,
1674 514 1771 551 dum
1798 513 2060 563 poenitentem
2089 515 2262 552 absolvit.

1514 568 1571 603 AD
1608 579 1769 604 TERTIUM
1806 579 1987 605 DICENDUM
2025 567 2132 616 quod
2170 568 2286 604 etiam
2321 568 2361 604 in
2392 568 2525 617 poeni—

1460 619 1577 656 tentia
1605 627 1660 656 est
1688 619 1831 668 aliquid
1851 620 1958 668 quod
1978 627 2034 657 est
2053 628 2338 658 sacramentum
2363 628 2525 668 tantum,

1462 673 1600 709 scilicet
1641 680 1748 709 actus
1790 673 1976 710 exercitus
2005 679 2022 700 η
2058 681 2137 710 tam
2178 686 2248 723 per
2284 681 2527 722 peccatorem

1461 725 1742 775 poenitentem,
1779 737 1898 774 quarn
1936 726 2048 763 etiarn
2088 738 2157 775 per
2194 726 2433 763 sacerdotem
2462 727 2527 763 ab·

1462 780 1687 815 solventem.
1717 779 1794 816 Res
1823 786 1953 815 autem
1981 787 2018 816 et
2045 787 2328 817 sacramentum
2360 787 2415 816 est
2434 791 2526 829 poe·

1461 831 1618 868 nitentia
1654 831 1811 868 interior
1842 831 2064 881 peccatoris.
2101 834 2177 870 Res
2210 839 2341 869 autem
2377 839 2527 869 tantum

1461 892 1498 922 et
1525 897 1606 921 non
1635 892 1919 922 sacramentum
1948 893 2003 922 est
2031 885 2204 923 remissio
2233 885 2388 935 peccati.
2419 886 2527 932 Quo-

1462 950 1550 975 rum
1577 937 1750 986 primum
1778 945 1904 975 totum
1939 937 2054 975 simul
2091 946 2292 988 sumptum
2325 946 2380 975 est
2412 950 2529 976 causa

1462 990 1645 1036 secundi;
1688 990 1861 1039 primum
1903 999 2033 1033 autem
2071 999 2107 1028 et
2144 992 2361 1029 secundum
2403 999 2491 1029 sunt
2514 990 2527 1013 θ

1461 1056 1578 1081 causa
1605 1051 1714 1080 tert11.

1516 1157 1543 1190 η)
1563 1158 1707 1183 exercitus.
1725 1172 1744 1177 -
1765 1158 1887 1183 exterius
1911 1159 2047 1184 exercitus
2070 1160 2151 1184 tertia.
2169 1173 2188 1178 -
2211 1163 2266 1184 tam
2286 1167 2339 1192 per
2358 1163 2528 1193 peccatorem

1464 1194 1483 1218 F
1503 1200 1528 1218 et
1546 1194 1633 1224 tertia;
1649 1201 1701 1225 per
1718 1198 1884 1225 peccatorem
1904 1198 1970 1219 tam.

1518 1227 1542 1263 θ)
1561 1232 1632 1254 sunt.
1651 1244 1670 1248 —
1687 1230 1883 1262 quodammodo
1902 1231 1971 1255 addit
1990 1230 2072 1255 tertia.
2092 1230 2131 1255 Cf.
2150 1236 2196 1256 art.
2218 1231 2242 1256 3.
2260 1240 2283 1255 κ.

1109 1377 1429 1419 ARTICULUS
1463 1377 1765 1419 SECUNDUS

734 1459 892 1500 UTRUM
915 1468 1122 1499 PECCATA
1146 1469 1244 1500 SINT
1267 1469 1453 1500 PROPRIA
1476 1470 1676 1501 MATERIA
1698 1471 1831 1502 HU1Us
1856 1471 2139 1502 SACRAMENTI

1229 1548 1306 1577 Infra,
1325 1556 1371 1581 qu.
1389 1556 1430 1578 xc,
1450 1554 1498 1574 art.
1515 1556 1539 1579 1,
1559 1549 1591 1573 ad
1611 1548 1636 1575 3.

377 1645 436 1675 120
463 1659 491 1675 ,Ι
513 1652 531 1694 <
554 1640 577 1665 D
592 1638 782 1665 SECUNDUM
801 1638 854 1663 sm
871 1638 1107 1663 PROCEDrrUR.
1123 1626 1286 1663 Videtur
1301 1627 1409 1676 quod

373 1665 430 1726 §.57
474 1672 525 1726 {a}
554 1687 711 1730 peccata
738 1691 819 1716 non
847 1678 921 1716 sint
938 1679 1096 1728 propria
1114 1679 1274 1716 materia
1293 1679 1409 1716 huius

362 1725 411 1782 'JV
421 1720 523 1778 *2²²5
538 1731 794 1771 sacramenti.
822 1732 986 1769 Materia
1003 1732 1109 1770 enim
1128 1732 1167 1769 in
1186 1732 1267 1770 aliis
1286 1745 1409 1770 sacra-

401 1764 497 1820 (233)
512 1780 695 1824 &mentis
721 1797 792 1835 per
810 1785 938 1835 aliqua
956 1785 1074 1823 verba
1093 1791 1111 1807 ‘²
1138 1786 1408 1833 sanctificatur,

340 1847 378 1878 et
395 1839 629 1877 sanctificata
647 1839 830 1876 effectum
849 1839 1077 1876 sacramenti
1097 1846 1289 1888 operatur.
1319 1840 1408 1876 Pec-

340 1900 424 1932 cata
457 1899 587 1930 autem
623 1905 704 1930 non
738 1899 902 1942 possunt
936 1892 1180 1930 sanctificari:
1220 1905 1268 1930 eo
1301 1893 1409 1942 quod

339 1946 620 1985 contrariantur
653 1945 806 1983 effectui
833 1946 1078 1993 sacramenti,
1113 1945 1181 1995 qui
1209 1954 1265 1983 est
1291 1946 1410 1994 gratia

339 1999 536 2038 remittens
553 2007 721 2049 peccata.
746 2000 848 2047 Ergo
867 2006 1024 2048 peccata
1042 2011 1123 2036 non
1142 2007 1231 2036 sunt
1249 2000 1409 2037 materia

338 2052 498 2103 propria
524 2053 641 2090 huius
669 2051 909 2089 sacramenti.

395 2118 430 2143 2.
451 2107 684 2154 PRAETEREA,
700 2104 938 2154 Augustinus
957 2104 1058 2152 dicit,
1079 2104 1118 2141 in
1138 2105 1234 2142 libro
1255 2105 1300 2142 de
1317 2107 1407 2142 Poe-

340 2161 491 2199 nitentia
510 2158 547 2195 *ε
586 2159 724 2196 Nullus
754 2164 874 2209 potest
910 2159 1088 2195 inchoare
1124 2171 1261 2197 novam
1293 2161 1407 2196 vitam

340 2214 414 2250 nisi
438 2224 523 2249 eum
550 2213 682 2250 veteris
707 2213 805 2250 vitae
826 2212 1024 2261 poeniteat.
1059 2211 1136 2248 Sed
1165 2212 1214 2249 ad
1241 2219 1407 2250 vetusta-

339 2272 419 2302 tem
441 2264 541 2302 vitae
560 2264 751 2314 pertinent
768 2277 849 2301 non
869 2266 996 2301 solum
1015 2272 1182 2313 peccata,
1203 2266 1271 2302 sed
1290 2266 1406 2303 etiarn

340 2318 588 2368 poenalitates
615 2318 824 2367 praesentis
851 2317 963 2355 vitae.
1006 2318 1099 2354 Non
1127 2329 1217 2366 ergo
1250 2327 1407 2368 peccata

341 2378 430 2409 sunt
455 2370 613 2420 propria
640 2371 799 2408 materia
824 2370 1093 2420 poenitentiae.

349 2471 352 2473 q
397 2423 431 2460 3.
461 2417 692 2471 PRAETEREA,
721 2431 970 2473 peccatorum
998 2424 1200 2473 quoddam
1220 2432 1275 2462 est
1294 2425 1406 2474 origi-

342 2477 440 2517 nale.
469 2476 670 2526 quoddam
697 2478 869 2523 mortale,
898 2477 1100 2527 quoddam
1126 2477 1288 2515 veniale.
1329 2479 1407 2516 Sed

342 2529 599 2579 poenitentiae
627 2537 911 2569 sacramentum
939 2542 1020 2567 non
1048 2530 1248 2568 ordinatur
1274 2540 1407 2569 contra

343 2582 525 2630 originale
543 2590 759 2631 peccatum,
775 2583 883 2632 quod
901 2583 1044 2620 tollitur
1061 2595 1131 2633 per
1148 2584 1405 2633 baptismum;

343 2647 472 2685 neque
490 2634 506 2665 β
533 2635 650 2672 etiam
677 2643 809 2673 contra
835 2636 1005 2684 veniale,
1034 2637 1142 2686 quod
1169 2637 1312 2674 tollitur
1338 2651 1409 2687 per

342 2689 565 2726 tunsionem
592 2688 768 2738 pectoris,
789 2696 825 2726 et
843 2701 987 2738 aquarn
1005 2689 1260 2738 benedictam,
1281 2698 1317 2727 et
1335 2692 1408 2729 alia

342 2741 581 2779 huiusmodi.
612 2742 714 2789 Ergo
741 2749 898 2791 peccata
925 2754 1006 2779 non
1027 2750 1116 2779 sunt
1143 2743 1299 2792 propria
1327 2757 1408 2782 ma-

343 2794 437 2832 teria
464 2794 734 2844 poenitentiae.

398 2848 473 2885 SED
488 2859 633 2884 CONTRA
647 2860 713 2885 EST
727 2848 835 2897 quod
850 2849 1058 2897 Apostolus
1071 2847 1172 2895 dicit,
1185 2850 1215 2885 II
1227 2850 1313 2886 Cor.
1322 2850 1407 2887 xn*:

343 2901 434 2939 Non
470 2907 628 2950 egerunt
657 2903 925 2951 poenitentiam
965 2913 1077 2950 super
1110 2902 1343 2939 immunditia
1378 2909 1411 2940 et

338 2954 591 3001 fornicatione
617 2960 651 2991 et
678 2955 904 3004 impudicitia
933 2966 1044 3003 quam
1071 2961 1274 3004 gesserunt.

393 3007 623 3044 Responnzo
642 3019 825 3045 DICENDUM
851 3007 958 3056 quod
986 3006 1129 3056 duplex
1157 3015 1212 3044 est
1238 3008 1407 3056 materia,

345 3059 484 3098 scilicet
510 3060 688 3109 proxima
716 3068 752 3097 et
779 3067 946 3097 remota:
985 3060 1082 3097 sicut
1109 3068 1254 3098 statuae
1281 3061 1409 3111 proxi-

345 3124 411 3150 ma
428 3118 444 3141 Υ
471 3113 631 3150 materia
658 3121 714 3150 est
741 3115 961 3160 metallum,
997 3120 1145 3150 remota
1171 3125 1265 3150 vero
1294 3126 1406 3163 aqua.

345 3165 503 3203 Dictum
522 3173 578 3203 est
590 3166 612 3188 *
634 3174 764 3203 autem
793 3166 899 3216 quod
918 3166 1096 3216 proxima
1114 3166 1273 3204 materia
1291 3167 1408 3204 huius

347 3219 575 3256 sacramenti
602 3227 691 3256 sunt
718 3227 825 3257 actus
843 3219 1090 3269 poenitentis:
1120 3219 1230 3256 cuius
1249 3220 1409 3258 materia

347 3278 436 3308 sunt
462 3279 635 3321 peccata,
665 3273 712 3309 de
741 3272 883 3322 quibus
911 3273 1030 3320 dolet,
1060 3280 1096 3309 et
1123 3285 1223 3322 quae
1252 3273 1409 3311 confite-

401 3385 428 3420 α)
448 3387 536 3413 verba.
553 3401 572 3406 -
586 3388 697 3420 prolata
715 3389 812 3413 addunt
831 3388 862 3412 FI
880 3393 905 3413 et
924 3388 1058 3413 editiones.

400 3421 426 3457 β)
447 3430 538 3455 neque.
554 3437 573 3441 -
590 3426 685 3448 eontra
699 3427 839 3455 peccatum
858 3424 972 3448 mortale
991 3424 1063 3455 quod
1081 3424 1185 3449 tollitur
1200 3431 1252 3456 per
1269 3424 1408 3458 confessio-

347 3465 406 3483 nem
421 3459 572 3490 peccatoris
591 3465 638 3483 nec
655 3459 724 3483 addit
742 3459 772 3484 Ρ.

399 3493 427 3527 γ)
443 3493 584 3526 proxima.
605 3507 625 3513 -
648 3494 697 3519 Ed.
715 3501 732 3518 a
751 3499 777 3519 et
800 3494 873 3520 tertia
897 3500 999 3527 praeter
1017 3495 1041 3525 1;
1063 3495 1187 3527 propria.
1213 3509 1231 3514 -
1256 3495 1307 3520 Pro
1331 3502 1409 3528 aqua,

346 3528 403 3553 alia
422 3529 439 3554 I.

1462 1634 1544 1674 tur,
1583 1635 1619 1664 et
1654 1640 1727 1677 pro
1756 1628 1898 1678 quibus
1933 1629 2120 1667 satisfacit.
2163 1631 2275 1668 Unde
2304 1631 2530 1681 relinquitur

1463 1681 1571 1729 quod
1598 1690 1747 1719 remota
1774 1681 1933 1719 materia
1959 1682 2217 1731 poenitentiae
2246 1692 2334 1721 sunt
2361 1694 2528 1734 peccata,

1462 1746 1544 1771 non
1572 1735 1791 1771 attentanda
1809 1733 1838 1781 δ,
1874 1735 1942 1771 sed
1970 1736 2193 1773 detestanda
2220 1744 2256 1773 et
2284 1737 2526 1777 destruenda.

1516 1788 1573 1823 AD
1603 1800 1739 1825 PRIMUM
1758 1800 1857 1825 ERGO
1885 1801 2069 1827 DICENDUM
2091 1790 2198 1839 quod
2227 1790 2321 1827 ratio
2350 1790 2412 1829 illa
2439 1804 2528 1842 pro-

1462 1839 1563 1877 cedit
1589 1841 1638 1878 de
1666 1841 1844 1891 proxima
1871 1843 2031 1880 materia
2059 1844 2299 1881 sacramenti.

1515 1895 1574 1930 AD
1602 1907 1792 1932 SECUNDUM
1820 1907 2003 1934 DICENDUM
2031 1897 2139 1945 quod
2167 1904 2277 1934 vetus
2303 1905 2340 1934 et
2358 1899 2529 1936 mortalis

1462 1947 1541 1984 vita
1568 1955 1624 1984 est
1652 1947 1849 1986 obiectum
1876 1949 2144 1997 poenitentiae,
2169 1962 2250 1987 non
2269 1951 2416 1988 ratione
2435 1964 2528 2001 poe-

1462 2012 1548 2047 nae,
1578 2000 1647 2037 sed
1673 2001 1820 2038 ratione
1848 2002 1985 2051 culpae
2012 2014 2197 2040 annexae.

1515 2054 1578 2090 ADv
1591 2066 1750 2092 TERTIUM
1771 2066 1953 2093 DICENDUM
1968 2056 2076 2105 quod
2089 2056 2324 2105 poenitentia
2338 2058 2528 2106 quodam-

1462 2106 1582 2143 modo
1612 2115 1668 2143 est
1695 2107 1743 2144 de
1772 2107 1944 2157 quolibet
1971 2117 2221 2158 peccatorum
2254 2121 2409 2158 genere,
2447 2123 2529 2149 non

1461 2167 1592 2196 tamen
1627 2161 1768 2198 eodem
1801 2161 1934 2198 modo.
1978 2163 2083 2199 Nam
2117 2162 2166 2199 de
2200 2171 2357 2212 peccato
2391 2164 2529 2201 actuali

1462 2213 1613 2251 mortali
1648 2221 1703 2250 est
1734 2213 1970 2263 poenitentia
2003 2215 2158 2264 proprie
2185 2223 2223 2252 et
2249 2216 2526 2266 principaliter:

1459 2267 1615 2316 proprie
1643 2267 1816 2316 quidem,
1846 2267 1937 2316 quia
1965 2268 2119 2318 proprie
2139 2268 2306 2306 dicimur
2329 2270 2527 2318 poenitere

1461 2320 1508 2357 de
1537 2320 1596 2357 his
1624 2332 1724 2370 quae
1744 2328 1874 2357 nostra
1893 2322 2089 2359 voluntate
2109 2322 2396 2369 commisimus;
2424 2323 2527 2372 prin-

1460 2373 1630 2422 cipaliter
1655 2381 1797 2421 autem,
1818 2373 1910 2422 quia
1937 2374 1986 2411 ad
2009 2374 2242 2412 deletionem
2259 2375 2406 2424 peccati
2425 2389 2528 2414 mor-

1459 2427 1542 2464 talis
1579 2427 1656 2464 hoc
1693 2434 1979 2464 sacramentum
2016 2435 2072 2464 est
2108 2427 2324 2465 institutum
2343 2434 2367 2465 ε.
2406 2451 2432 2455 -
2469 2430 2527 2467 De

1460 2480 1625 2529 peccatis
1657 2487 1788 2517 autem
1815 2479 2031 2517 venialibus
2058 2488 2114 2518 est
2141 2481 2366 2530 quaedamt
2394 2483 2528 2531 poeni-

1459 2533 1576 2570 tentia
1611 2533 1786 2582 proprie,
1826 2532 2058 2582 inquantum
2095 2541 2184 2571 sunt
2219 2542 2349 2572 nostra
2390 2537 2528 2572 volun-

1460 2594 1534 2624 tate
1562 2587 1678 2623 facta:
1715 2597 1797 2623 non
1825 2593 1955 2623 tamen
1987 2594 2121 2624 contra
2149 2588 2245 2625 haec
2271 2588 2530 2638 principaliter

1461 2647 1517 2677 est
1545 2641 1621 2677 hoc
1649 2647 1934 2676 sacramentum
1962 2639 2188 2677 institutum.
2225 2663 2250 2667 —
2282 2641 2342 2678 De
2369 2650 2528 2690 peccato

1460 2705 1555 2730 vero
1588 2692 1761 2741 originali
1793 2692 2030 2742 poenitentia
2060 2705 2133 2730 nec
2163 2693 2423 2743 principaliter
2454 2704 2527 2742 est,

1462 2746 1554 2795 quia
1581 2753 1715 2783 contra
1742 2745 1872 2794 ipsum
1890 2757 1972 2783 non
1991 2746 2191 2787 ordinatur
2218 2747 2529 2792 hoc-sacramen-

1462 2807 1558 2845 tum,
1587 2799 1655 2835 sed
1683 2798 1804 2846 magis
1838 2797 2072 2847 baptismus:
2112 2811 2184 2836 nec
2211 2799 2326 2836 etiam
2360 2801 2527 2849 proprie,

1463 2851 1554 2900 quia
1586 2858 1789 2900 peccatum
1825 2850 2006 2899 originale
2042 2863 2122 2888 non
2150 2859 2207 2889 est
2233 2860 2363 2889 nostra
2390 2855 2528 2890 volun-

1462 2911 1536 2941 tate
1573 2910 1794 2953 peractum;
1838 2903 1911 2940 nisi
1947 2904 2042 2940 forte
2080 2903 2310 2953 inquantum
2349 2907 2528 2944 voluntas

1463 2957 1570 2994 Adae
1605 2963 1804 3005 reputatur
1840 2963 1982 3004 nostra,
2021 2957 2238 2994 secundum
2275 2958 2439 2996 modum
2473 2960 2528 2996 lo-

1463 3009 1610 3059 quendi
1643 3021 1724 3058 quo
1756 3010 1966 3058 Apostolus
2003 3009 2103 3054 dicit,
2131 3011 2242 3047 Rom.
2272 3023 2296 3047 v
2314 3010 2346 3058 ³¹⁸,
2378 3013 2426 3048 In
2456 3025 2528 3061 quo

1463 3074 1592 3100 omnes
1612 3067 1864 3110 peccaverunt
1882 3067 1912 3098 η.
1941 3063 2177 3111 Inquantum
2195 3070 2326 3099 tamen
2345 3064 2530 3113 accipitur

1462 3114 1698 3165 poenitentia
1722 3116 1823 3163 large
1842 3126 1913 3164 pro
1932 3126 2182 3165 quacumque
2205 3115 2454 3154 detestatione
2473 3118 2528 3155 rei

1462 3167 1703 3218 praeteritae,
1741 3174 1867 3217 potest
1903 3167 1978 3204 dici
2013 3167 2248 3217 poenitentia
2284 3168 2332 3206 de
2370 3178 2527 3218 peccato

1462 3220 1654 3269 originali:
1693 3220 1790 3257 sicut
1823 3220 1994 3270 loquitur
2026 3221 2263 3269 Augustinus
2291 3221 2331 3258 in
2358 3222 2455 3260 libro
2483 3224 2529 3261 de

1461 3275 1691 3311 Poenitentia
1710 3273 1740 3310 ²⁸.

1516 3383 1545 3422 ἶ)
1563 3389 1732 3413 attentanda.
1750 3402 1769 3407 -
1786 3389 1950 3421 acceptanda
1970 3389 2057 3413 BDEF
2077 3394 2102 3414 et
2120 3389 2201 3418 tertia,
2213 3390 2369 3415 attestanda
2381 3391 2421 3416 ed.
2435 3399 2460 3416 a.
2479 3392 2529 3416 Pro

1466 3424 1721 3492 sed'e)ei'n's3{itutum.
1739 3473 1759 3478 —
1773 3460 1962 3492 principaliter
1981 3460 2131 3485 institutum
2150 3461 2232 3486 tertia.

1519 3495 1545 3527 ζ)
1564 3495 1704 3527 quaedam.
1721 3510 1742 3514 -
1759 3495 1863 3527 quidem
1883 3495 1964 3520 tertia.
1981 3509 2000 3514 —
2018 3495 2068 3520 Pro
2082 3496 2202 3527 proprie,
2218 3497 2332 3528 propria
2351 3497 2381 3522 F.

1518 3530 1546 3564 η)
1562 3534 1751 3562 peccaverunt.
1769 3545 1788 3549 -
1806 3531 1838 3561 P;
1854 3538 1995 3563 peccamus
2013 3531 2042 3561 B,
2058 3531 2226 3563 peccavimus
2245 3531 2331 3557 ceteri.

2553 312 2564 323 '
2578 311 2648 338 Resp.
2664 311 2691 332 ad
2709 318 2727 333 ι.

2555 3024 2566 3034 '
2580 3024 2647 3045 vers.
2664 3028 2695 3045 η.

2651 3078 2667 3102 η

2555 3261 2566 3271 '¹
2587 3260 2662 3282 Sei-m.
2683 3260 2722 3282 cit.
2745 3260 2767 3281 in

2554 3292 2603 3314 arg.
2618 3293 2638 3308 ι,
