2878 4088
90 850 102 862 ·
118 849 185 872 Ven-
201 849 236 872 18.

97 1420 109 1432 ¹
122 1418 192 1443 Vm.
207 1424 239 1448 ις.

99 1603 242 1632 *Vniv-

100 1730 231 1760 ‘Van-9.

103 1865 260 1895 ‘camum

113 1919 131 1932 «v
215 1917 217 1920 “

105 1956 236 1986 ‘Vere-4.

103 2040 199 2064 ‘Vn
212 2046 254 2069 ⁴⁰·

103 2177 317 2245 {ib-Daeuagpgelff

107 2659 236 2688 ‘verns-

560 103 824 150 QUAESTIO
854 101 1001 150 XCVII,
1022 100 1314 140 ARTICULUS
1333 99 1398 137 VII
1417 120 1442 126 -
1463 99 1725 146 QUAESTIO
1755 100 1919 146 XCVIII,
1940 101 2231 139 ARTICULUS
2251 103 2264 139 I
2425 101 2499 150 243

325 184 419 214 vinae
441 183 579 214 iustitiae
603 188 635 213 et
656 187 788 223 propter
812 182 954 222 quietem
978 186 1086 212 motus
1110 180 1212 217 coeli;
1236 179 1279 210 ita
1296 184 1342 210 est
1358 183 1389 209 et
1444 178 1502 210 sub
1525 177 1622 209 terris
1644 186 1711 208 esse
1734 178 1886 209 dicuntur
1909 180 1958 210 vel
1981 180 2165 211 creduntur.
2189 180 2284 219 Quia,
2308 186 2343 212 ut
2366 181 2398 212 in
2422 181 2502 212 libro

326 226 366 258 de
389 228 463 268 igne
486 226 612 264 inferni,
637 236 703 267 quo
727 236 863 267 corpora
885 226 938 256 illa
960 226 1144 266 punientur.
1443 222 1722 254 Retractationum
1738 223 1764 258 “,
1789 223 1853 253 hoc
1876 229 2055 260 retractans,
2080 224 2171 255 dicit:
2197 225 2279 255 Mihi
2307 225 2419 256 uideor
2447 225 2504 256 do·
2530 227 2539 237 ¹
2562 226 2612 248 Lib.
2633 226 2666 251 ¹¹·
2691 231 2741 253 σψ-

381 272 432 302 An
457 281 606 302 ‹auam-um
629 281 789 302 metuntur
812 269 903 311 quod
925 270 1033 300 lucere
1055 278 1123 300 non
1146 268 1298 299 convenit
1324 267 1389 307 igni
1445 275 1518 298 cere
1541 265 1685 297 debuisse
1707 266 1813 308 magis
1836 267 1922 307 quod
1937 268 1994 298 sub
2010 268 2106 299 terris
2120 274 2196 300 sunt
2211 269 2320 311 inferi,
2338 279 2433 311 quam
2450 279 2503 300 ra·
2531 258 2594 275 ων·

327 315 506 347 secundum
530 315 707 356 quemlibet
730 314 866 346 modum
890 313 1053 345 existendi.
1085 313 1170 351 Quia
1198 313 1231 343 in
1263 311 1392 353 propria
1447 311 1565 342 tionem
1599 309 1733 341 reddere
1762 319 1822 341 cur
1851 311 1908 341 sub
1939 312 2034 342 terris
2064 322 2131 343 esse
2163 313 2315 344 dicuntur
2344 314 2410 345 siue
2437 322 2504 344 cre-

326 361 458 391 materia
481 361 618 391 existens
649 369 717 390 non
747 359 850 390 lucet:
881 357 968 389 unde
997 367 1066 389 non
1093 358 1180 388 lucet
1206 357 1240 387 in
1263 355 1393 396 propria
1414 365 1423 386 ς
1447 355 1579 386 duntur.

328 405 471 445 sphaera,
484 410 520 435 ut
535 404 722 445 philosophi
738 403 858 434 dicunt.
876 402 1026 434 Similiter
1041 402 1137 432 etiam
1153 402 1186 431 in
1202 400 1309 441 aliqua
1323 409 1391 430 ma·
1504 397 1646 437 Quidam
1665 403 1773 429 tamen
1789 398 1975 438 philosophi
1991 405 2167 438 posuerunt
2183 401 2271 441 quod
2288 401 2378 432 locus
2393 400 2506 432 inferni

328 449 407 480 teria
430 449 533 480 aliena
562 449 644 489 ignis
676 448 812 479 existens
841 456 910 478 non
940 447 1044 477 lucet:
1075 446 1157 477 sicut
1186 454 1261 475 cum
1291 449 1337 474 est
1361 444 1394 473 in
1449 444 1507 474 erit
1530 443 1588 473 sub
1613 443 1690 473 orbe
1713 443 1860 479 terrestri,
1886 447 1992 473 tamen
2016 452 2111 482 supra
2126 449 2225 475 terrae
2241 445 2453 486 superficiem,
2470 455 2506 476 ex

329 494 461 524 materia
483 502 586 533 opaca
608 492 756 528 terrestri,
781 497 816 522 ut
839 492 873 522 in
896 490 1060 531 sulphure.
1084 490 1125 521 Et
1141 489 1283 519 similiter
1299 488 1395 518 etiam
1449 492 1537 528 parte
1561 487 1711 528 opposita
1734 486 1837 518 nobis.
1872 486 1912 518 Et
1935 486 1998 517 hoc
2021 486 2144 517 videtur
2168 488 2305 520 Isidorus
2328 490 2461 520 sensisse
2481 491 2507 526 “‚
2535 485 2635 532 '.{³¹⁰,'⁵·
2652 485 2745 532 Ofd·.¹·

330 537 461 578 quando
485 547 523 568 ex
547 537 656 577 aliquo
677 545 788 576 grosso
818 534 911 566 fumo
944 535 1012 566 eius
1043 534 1165 565 claritas
1197 532 1394 563 obfuscatur.
1450 541 1525 562 curn
1558 531 1635 562 dixit
1668 530 1757 571 quod
1788 531 1838 562 sol
1861 536 1892 562 et
1915 530 1993 561 luna
2018 530 2050 561 in
2079 531 2194 562 ordine
2216 542 2279 573 quo
2309 534 2409 564 creati
2435 539 2510 565 sunt
2535 517 2585 565 2213-
2598 517 2746 565 3335?

330 581 424 613 Unde
448 581 538 622 quod
561 581 643 621 ignis
662 580 781 611 'inferni
804 589 872 610 non
896 579 991 615 lucet,
1015 588 1083 609 non
1107 583 1153 608 est
1172 576 1332 607 sufficiens
1348 585 1396 606 ar-
1412 586 1437 601 ιο
1450 575 1588 611 stabunt,
1614 585 1653 606 ne
1677 575 1775 616 impii,
1802 575 1834 605 in
1860 574 2027 606 tormentis
2044 575 2154 616 positi,
2170 576 2336 617 fruantur
2359 578 2429 608 luce
2457 587 2509 609 eo-

331 631 522 666 gumentum
546 625 586 656 ad
608 625 671 656 hoc
695 623 785 665 quod
807 633 875 654 non
899 623 938 654 sit
961 621 1105 654 eiusdem
1128 621 1256 662 speciei.
1452 626 1544 650 rum:
1568 628 1651 659 quae
1674 619 1754 650 ratio
1778 619 1866 650 nulla
1889 624 1970 650 esset
1993 620 2018 649 si
2042 619 2184 650 infernus
2208 619 2287 651 infra
2309 626 2423 652 terram
2443 631 2510 653 esse

1452 662 1583 694 dicatur.
1609 663 1754 701 Qualiter
1777 668 1883 694 tamen
1907 663 1986 694 haec
2010 664 2105 694 verba
2128 664 2251 704 possint
2267 666 2395 705 exponi,
2412 666 2512 706 patuit

1452 716 1548 747 supra
1570 707 1596 737 ⁶.
1619 725 1642 729 —
1665 707 1858 748 Pythagoras
1888 717 1964 738 vero
1997 708 2105 748 posuit
2133 707 2242 739 locum
2274 718 2452 749 poenarum
2481 710 2512 740 in
2540 715 2748 743 ·Cf.qu.xcn.m.2.

1453 751 1585 792 sphaera
1608 751 1700 791 ignis,
1727 760 1825 792 quam
1848 752 1881 782 in
1905 751 2013 783 medio
2038 752 2136 782 totius
2160 752 2244 783 orbis
2269 762 2337 784 esse
2360 753 2453 784 dixit:
2477 759 2512 784 ut

470 699 570 730 ART.
586 698 654 733 VII.
679 707 783 729 uranu
806 707 888 728 roms
911 707 981 728 mu
1005 706 1050 727 srr
1073 706 1128 727 sun
1151 704 1252 726 rarum

330 749 352 772 11
366 749 440 776 Seni„
455 749 509 771 dist.
523 755 556 775 vr,
570 752 610 771 art.
626 754 647 777 3.
662 747 690 770 nd
704 753 729 774 ag
744 747 789 774 lv,
804 746 858 768 dist.
872 752 952 774 nnn,
968 752 1007 774 qu.
1023 751 1048 773 n,
1063 748 1105 767 art.
1122 751 1149 774 3,
1164 745 1192 767 nd
1207 751 1235 771 ⁴:
1250 744 1338 772 Expos.
1353 743 1397 766 litt.

397 809 418 830 n
437 807 589 830 sumnum
605 807 651 828 sxc
670 806 875 828 rnocamrun.
899 795 1034 827 Videtur
1057 795 1146 836 quod
1162 795 1242 836 ignis
1258 795 1311 826 ille
1331 803 1399 826 non
1414 802 1436 823 ¹5
1453 800 1540 837 patet
1562 804 1619 836 per
1642 795 1885 837 Philosophum,
1902 796 1934 827 in
1959 796 1984 827 11
2011 796 2102 827 Caeli
2125 801 2156 827 et
2178 797 2295 828 Mundi
2309 798 2335 828 θ.
2541 797 2593 845 SC÷¹
2611 802 2752 845 qun-¹¹³·-

335 813 440 874 Asit
467 843 527 874 sub
554 847 646 873 terra.
682 840 768 879 Quia
796 840 854 871 Iob
882 849 957 871 xvm
973 841 989 857 ⁸·
1013 839 1052 871 de
1082 840 1215 870 homine
1248 838 1398 870 damnato
1510 839 1572 871 Sed
1596 845 1703 871 tamen
1725 840 1968 872 convenientius
1989 841 2037 871 his
2054 850 2136 881 quae
2160 842 2192 871 in
2218 841 2379 883 Scriptura
2403 841 2514 873 dicun·
2559 839 2566 846 “
2612 827 2723 845 ’”“”““’

334 887 467 919 dicitur:
491 886 536 916 Et
556 885 596 917 de
620 884 697 916 orbe
720 885 898 927 transferet
919 894 991 915 eum
1014 885 1113 915 Deus.
1138 884 1223 924 Ergo
1248 884 1329 924 ignis
1344 883 1398 915 ille
1454 889 1505 915 tur
1529 889 1575 915 est
1598 889 1634 915 ut
1662 885 1721 915 sub
1745 890 1826 915 terra
1850 894 1917 915 esse
1941 884 2063 916 dicatur
2078 886 2104 915 *.
2543 890 2552 900 ·
2567 888 2603 911 cf.
2623 894 2669 916 urg.
2693 888 2741 910 sea

335 941 402 973 quo
427 930 568 962 damnati
591 930 777 970 punientur,
801 938 869 960 non
894 934 940 960 est
963 929 1022 960 sub
1046 934 1144 966 terra,
1168 928 1224 960 sed
1248 934 1294 959 est
1314 933 1401 959 extra
1509 928 1561 959 Ar>
1586 938 1701 959 pamm
1726 938 1808 960 aneo
1833 938 1991 960 nrcannun
2015 929 2105 970 quod
2128 929 2261 960 verbum
2285 929 2364 961 illud
2380 930 2447 967 Iob,
2463 930 2514 962 De
2542 917 2625 938 ‘⁰⁸⁸⁷‘
2642 922 2660 941 ¹·
2676 921 2695 943 ³'

335 975 457 1007 orbem.
1456 972 1532 1003 orbe
1556 973 1732 1015 transferet
1755 983 1826 1004 eum
1850 973 1948 1010 Deus,
1973 972 2216 1014 intelligendum
2241 979 2287 1005 est
2306 973 2345 1005 de
2361 975 2438 1006 orbe
2454 979 2515 1006 ter-

392 1029 422 1050 2.
438 1018 636 1054 Pmrann,
661 1017 786 1048 nullum
803 1017 979 1049 violentum
996 1022 1027 1048 et
1042 1027 1107 1058 per
1128 1017 1276 1048 accidens
1293 1021 1402 1058 potest
1415 1027 1441 1042 το
1455 1027 1571 1054 rarum,
1596 1016 1676 1048 idest
1700 1017 1739 1048 de
1762 1018 1826 1049 hoc
1849 1017 1983 1049 mundo.
2008 1018 2049 1048 Et
2072 1018 2135 1049 hoc
2158 1017 2259 1049 modo
2283 1019 2414 1059 exponit
2438 1019 2516 1051 Gre-

334 1073 404 1095 esse
425 1063 654 1104 sempiternum
670 1063 697 1093 *.
722 1061 786 1093 Sed
808 1062 889 1102 ignis
912 1062 965 1093 ille
990 1062 1047 1092 erit
1070 1062 1102 1092 in
1126 1061 1253 1093 inferno
1269 1062 1301 1092 in
1317 1070 1400 1092 sem-
1455 1062 1573 1102 gorius,
1598 1061 1707 1092 dicens
1722 1062 1757 1092 ἐ
1782 1062 1833 1093 De
1857 1062 1933 1093 orbe
1963 1062 2077 1103 quippe
2109 1063 2326 1104 transfertur,
2351 1073 2439 1101 cum,
2463 1073 2516 1095 su·
2544 1069 2754 1095 ‘Morannsxiw

299 1107 307 1141 ἰ
334 1109 508 1150 piternum.
533 1106 620 1147 Ergo
643 1115 712 1137 non
736 1106 794 1137 erit
816 1106 861 1136 ibi
883 1115 940 1147 per
962 1106 1166 1142 violentiam,
1190 1106 1246 1137 sed
1275 1111 1401 1136 natura-
1449 1115 1556 1147 perno
1581 1110 1757 1147 apparente
1780 1106 1906 1142 Iudice,
1931 1106 1970 1137 de
1991 1106 2052 1137 hoc
2075 1107 2194 1137 mundo
2219 1107 2362 1143 tollitur,
2388 1108 2420 1138 in
2453 1117 2516 1149 quo
2544 1103 2594 1125 ⁰⁸⁹·
2610 1102 2666 1123 ¹¹¹¹·
2681 1096 2709 1118 ‘¹’
2724 1102 2754 1118 ¹¹·

335 1153 415 1184 liter.
442 1151 505 1183 Sed
529 1151 588 1182 sub
611 1155 692 1181 terra
715 1160 782 1182 non
806 1156 912 1192 potest
936 1160 1004 1181 esse
1027 1151 1108 1191 ignis
1131 1151 1192 1181 nisi
1207 1159 1264 1191 per
1279 1149 1402 1181 violen-
1450 1159 1604 1191 perverse
1626 1150 1802 1192 gloriatur.
1827 1150 1894 1181 Nec
1919 1156 1965 1181 est
1989 1150 2230 1191 intelligendum
2254 1151 2343 1192 quod
2365 1151 2451 1183 orbis
2466 1152 2517 1183 hic

335 1197 423 1228 tiam.
448 1196 534 1236 Ergo
558 1195 639 1236 ignis
662 1194 778 1226 inferni
801 1204 869 1226 non
893 1200 940 1226 est
963 1195 1022 1226 sub
1045 1200 1136 1225 terra.
1457 1195 1630 1235 accipiatur
1652 1203 1711 1235 pro
1735 1195 1895 1231 universo,
1921 1195 2011 1235 quasi
2035 1200 2119 1226 extra
2142 1200 2247 1226 totum
2271 1197 2455 1227 universum
2480 1197 2519 1227 sit

393 1241 423 1272 3.
447 1241 644 1275 Pmrnnu,
667 1239 702 1270 in
724 1240 798 1280 igne
821 1238 938 1270 inferni
965 1239 1075 1270 omnia
1105 1248 1241 1279 corpora
1272 1237 1403 1269 damna-
1417 1249 1440 1270 ²5
1457 1239 1548 1270 locus
1572 1247 1760 1279 poenarum.

317 1289 542 1325 “nomm-post
565 1283 652 1315 diem
681 1283 790 1315 iudicii
824 1284 1059 1315 cruciabuntur.
1093 1282 1157 1314 Sed
1186 1283 1240 1313 illa
1268 1291 1404 1323 corpora
1512 1283 1563 1313 An
1587 1292 1749 1313 szcumvun
1773 1292 1930 1313 mertuum:
1954 1282 2043 1324 quod
2070 1284 2102 1314 in
2126 1283 2200 1314 loco
2228 1284 2284 1314 illo
2316 1290 2519 1315 conservatur

337 1318 448 1361 locum
471 1328 650 1370 replebunt.
675 1328 772 1368 Ergo,
797 1337 872 1359 cum
896 1327 1002 1358 futura
1021 1328 1059 1358 sit
1075 1328 1213 1358 maxima
1228 1325 1402 1358 multitudo
1458 1327 1539 1367 ignis
1563 1327 1595 1357 in
1620 1332 1785 1358 aeternum
1802 1337 1839 1358 ex
1856 1327 1968 1358 ordine
1992 1327 2116 1358 divinae
2132 1328 2286 1359 iustitiae:
2312 1329 2456 1369 quamvis
2472 1338 2519 1360 se-

338 1373 581 1409 damnatorum,
605 1372 681 1413 quia
709 1372 883 1403 stultorum
908 1372 1053 1414 infinitus
1076 1376 1122 1403 est
1145 1380 1312 1407 numerus,
1341 1370 1404 1401 Ec·
1459 1370 1603 1402 cundum
1625 1377 1772 1402 naturam
1795 1381 1863 1402 non
1886 1372 1987 1412 possit
2010 1377 2095 1402 extra
2126 1381 2220 1403 suurn
2248 1373 2357 1403 locum
2389 1372 2519 1414 aliquod

337 1418 396 1450 ele.
413 1428 424 1448 x
439 1418 474 1454 ’ς
498 1421 627 1458 oportet
649 1417 826 1447 maximum
850 1426 918 1447 esse
941 1417 1080 1457 spatium
1103 1416 1137 1447 in
1160 1425 1227 1457 quo
1250 1415 1332 1456 ignis
1352 1415 1404 1448 ille
1460 1416 1656 1447 elementum
1680 1416 1713 1446 in
1737 1421 1901 1447 aeternum
1925 1415 2054 1452 durare,
2079 1417 2248 1457 praecipue
2282 1422 2363 1448 statu
2391 1427 2520 1458 genera-

339 1462 532 1494 continetur.
557 1460 620 1492 Sed
642 1461 874 1492 inconveniens
897 1460 1022 1492 videtur
1046 1460 1151 1491 dicere
1182 1459 1263 1491 infra
1290 1464 1405 1490 terram
1420 1466 1446 1487 ³⁰
1459 1461 1556 1491 tionis
1580 1465 1611 1491 et
1635 1460 1849 1501 corruptionis
1872 1466 2022 1491 manente
2045 1461 2077 1491 in
2101 1461 2204 1492 rebus.
2230 1461 2312 1501 Ignis
2335 1467 2443 1493 autem
2464 1462 2522 1492 erit

339 1515 410 1539 esse
431 1510 552 1537 tantam
575 1505 828 1536 concavitatem:
860 1514 935 1535 cum
966 1510 1070 1546 partes
1093 1509 1194 1535 terrae
1222 1504 1406 1535 naturaliter
1460 1505 1504 1535 ibi
1532 1503 1721 1535 fortissimae
1755 1504 1936 1535 caliditatis:
1969 1505 2044 1545 quia
2075 1505 2160 1536 calor
2194 1506 2261 1536 eius
2294 1506 2351 1536 erit
2378 1505 2522 1547 undique

339 1550 481 1583 ferantur
503 1549 543 1580 ad
566 1547 720 1581 medium.
754 1549 841 1589 Ergo
872 1549 953 1589 ignis
976 1549 1029 1580 ille
1053 1558 1120 1579 non
1145 1549 1202 1579 erit
1225 1548 1284 1579 sub
1314 1553 1405 1579 terra.
1461 1554 1691 1589 congregatus,
1724 1554 1855 1590 propter
1886 1548 1983 1589 frigus
2014 1554 2113 1580 terrae
2145 1549 2295 1590 undeque
2324 1551 2431 1591 ipsum
2464 1551 2522 1581 cir-

395 1603 427 1634 4.
443 1594 641 1629 PRAnrmA,
658 1593 733 1634 Sap.
751 1603 782 1623 11
797 1594 830 1623 *z
855 1593 919 1624 Per
934 1602 1016 1634 quae
1025 1598 1142 1633 peccat
1156 1593 1237 1634 quis,
1249 1602 1312 1633 per
1327 1593 1406 1623 haec
1462 1599 1633 1624 cumstans.

340 1644 372 1671 et
394 1643 572 1680 torquetur.
603 1636 667 1669 Sed
697 1637 773 1668 mali
805 1646 901 1678 super
923 1642 1039 1668 terram
1063 1642 1287 1678 peccaverunt.
1319 1637 1405 1677 Ergo
1516 1637 1567 1667 An
1592 1647 1726 1667 marum
1749 1646 1908 1667 memnon
1931 1636 2019 1677 quod
2043 1637 2186 1668 infernus
2209 1647 2376 1678 nunquam
2399 1637 2524 1669 deficiet

339 1683 422 1724 ignis
446 1691 502 1713 eos
524 1681 663 1722 puniens
685 1690 754 1712 non
777 1680 872 1712 debet
895 1691 963 1712 esse
987 1681 1046 1712 sub
1069 1686 1160 1712 terra.
1423 1693 1445 1714 ις
1462 1682 1495 1712 in
1520 1680 1730 1722 amplitudine
1754 1682 1833 1721 quin
1857 1680 1991 1712 sufficiat
2015 1681 2054 1711 ad
2078 1681 2301 1712 damnatorum
2321 1691 2455 1723 corpora
2472 1692 2522 1713 ca-

397 1726 460 1758 Snn
483 1735 618 1762 coum,
642 1725 758 1757 dicitur
781 1725 878 1756 Isaiae
894 1735 947 1757 xxv
962 1726 992 1756 ἐ
1018 1725 1175 1768 Insernus
1197 1725 1307 1756 subtus
1331 1734 1407 1756 con-
1462 1724 1596 1766 pienda:
1617 1724 1760 1756 infernus
1784 1726 1880 1761 enim,
1905 1725 2057 1756 Proverb.
2075 1735 2134 1756 xxx
2150 1727 2176 1762 ⁹,
2201 1726 2282 1756 inter
2305 1726 2369 1757 tria
2393 1726 2525 1758 insatia-
2553 1737 2562 1747 ·
2578 1735 2643 1758 vm.
2660 1741 2691 1763 «5,
2708 1736 2741 1757 06.

341 1771 490 1803 turbatus
512 1775 560 1802 est
581 1770 614 1801 in
640 1778 809 1801 occursum
834 1770 891 1801 tui.
916 1770 1002 1811 Ergo
1025 1770 1107 1811 ignis
1130 1768 1246 1800 inferni
1270 1769 1328 1800 sub
1348 1779 1408 1800 no·
1463 1769 1540 1800 bilia
1556 1770 1697 1810 ponitur.
1714 1769 1782 1800 Nec
1795 1775 1842 1800 est
1853 1770 2083 1801 inconveniens
2100 1769 2189 1811 quod
2204 1770 2285 1801 inter
2297 1771 2415 1802 viscera
2427 1776 2525 1802 terrae

341 1815 390 1847 bis
413 1820 470 1846 est.
1463 1819 1550 1845 tanta
1573 1814 1754 1845 concavitas
1778 1819 1983 1845 conservetur
2006 1813 2111 1845 divina
2139 1815 2253 1845 virtute
2285 1824 2366 1855 quae
2397 1814 2526 1847 damna-

398 1868 429 1891 2.
446 1859 643 1895 Pmrmuu,
661 1858 847 1899 Gregorius,
865 1858 908 1889 IV
919 1858 1055 1900 Dialog.
1068 1859 1101 1888 ἰ
1121 1857 1209 1894 Quid
1225 1858 1328 1889 obstat
1343 1867 1408 1888 non
1463 1863 1572 1890 torum
1596 1859 1744 1889 omnium
1769 1867 1904 1898 corpora
1928 1859 2029 1899 possit
2052 1867 2174 1899 capere.

342 1903 435 1936 video
458 1903 546 1945 quod
568 1903 719 1946 infernus
742 1912 810 1934 esse
832 1903 890 1934 sub
914 1907 1003 1934 terra
1027 1902 1190 1933 credatur.
1424 1911 1451 1932 ⁴⁰
1520 1903 1571 1933 An
1603 1912 1750 1933 ouaa'ruu
1778 1912 1937 1933 meantum
1965 1902 2054 1943 quod
2087 1903 2150 1933 hoc
2181 1902 2270 1943 quod
2301 1902 2435 1940 dicitur,
2465 1904 2527 1935 Per

400 1948 430 1980 3.
454 1948 651 1984 Paruum,
676 1947 773 1978 Ionae
797 1957 829 1983 11,
853 1956 950 1987 super
972 1946 1052 1978 illud
1067 1947 1094 1983 θ,
1118 1946 1288 1977 Proiecisti
1303 1955 1353 1977 me
1377 1946 1409 1976 in
1465 1956 1548 1988 quae
1564 1951 1680 1987 peccat
1701 1947 1781 1988 quis,
1796 1956 1860 1987 per
1881 1946 1960 1977 haec
1983 1952 2014 1977 et
2036 1951 2214 1988 torquetur,
2230 1956 2297 1978 non
2322 1953 2368 1978 est
2382 1957 2527 1979 necessa-

343 1992 442 2025 corde
465 1992 575 2029 maris,
601 1991 716 2023 Glossa
738 1991 965 2022 interlinearis:
991 1990 1086 2028 Idest,
1112 1990 1144 2021 in
1169 1991 1321 2033 inferno:
1345 1999 1410 2031 pro
1466 1992 1549 2022 rium
1581 1991 1642 2022 nisi
1674 1991 1707 2022 in
1741 1991 1968 2032 principalibus
2000 1991 2218 2022 instrumentis
2247 1991 2412 2032 peccandi.
2442 1991 2527 2030 Quia

343 2046 407 2079 quo
424 2036 544 2068 dicitur
560 2037 592 2067 in
609 2036 803 2078 Evangelio,
821 2035 932 2066 Matth.
946 2045 989 2066 x11
1004 2036 1031 2072 *,
1055 2049 1068 2062 ‹
1088 2035 1121 2066 in
1138 2035 1237 2079 corde
1252 2040 1360 2066 terrae
1379 2045 1409 2064 »ε
1466 2036 1553 2066 enim
1577 2036 1678 2066 homo
1702 2035 1734 2066 in
1759 2036 1864 2066 anima
1894 2040 2006 2076 peccat
2036 2040 2067 2066 et
2096 2036 2129 2066 in
2158 2045 2308 2076 corpore,
2332 2037 2365 2067 in
2389 2042 2526 2077 utroque

343 2081 438 2123 quia,
461 2081 546 2112 sicut
575 2089 634 2111 cor
656 2085 703 2112 est
729 2080 762 2111 in
786 2080 891 2111 medio
922 2079 1090 2116 animalis,
1119 2079 1164 2110 ita
1197 2079 1347 2121 infernus
1378 2079 1410 2109 in
1466 2081 1616 2121 punitur:
1641 2089 1709 2110 non
1733 2085 1840 2110 autem
1864 2085 1991 2120 oportet
2015 2079 2104 2120 quod
2128 2081 2159 2110 in
2184 2089 2251 2121 quo
2275 2080 2349 2111 loco
2366 2081 2437 2121 quis
2452 2090 2527 2121 pec-

344 2125 450 2157 medio
467 2130 575 2156 terrae
584 2124 773 2166 perhibetur
793 2133 868 2155 esse.
1426 2135 1450 2156 ις
1467 2125 1558 2161 cavit,
1582 2125 1615 2155 in
1640 2123 1755 2155 eodem
1779 2124 1949 2165 puniatur;
1974 2133 2049 2155 cum
2072 2124 2152 2155 alius
2176 2125 2214 2155 sit
2238 2124 2328 2156 locus
2352 2125 2408 2165 qui
2426 2125 2526 2156 viato-

400 2169 591 2200 Rnsrounao
616 2179 776 2200 DICENDUM
799 2167 899 2209 quod,
924 2169 1006 2199 sicut
1029 2168 1229 2208 Augustinus
1249 2167 1326 2199 dicit
1337 2169 1364 2204 θ,
1382 2173 1413 2198 et
1467 2169 1553 2200 ribus
1577 2174 1609 2199 et
1632 2168 1788 2199 damnatis
1812 2168 1954 2199 debetur.

249 2246 255 2258 ⁸
311 2245 318 2253 ,
345 2214 480 2245 habetur
502 2214 536 2244 in
558 2213 662 2244 littera
676 2214 703 2250 *‚
721 2213 754 2244 in
773 2222 838 2254 qua
855 2217 954 2254 parte
969 2212 1082 2244 mundi
1097 2213 1247 2254 infernus
1262 2212 1312 2249 sit,
1329 2212 1413 2243 scire
1522 2213 1582 2244 Vel
1601 2212 1773 2244 dicendum
1793 2212 1882 2253 quod
1905 2213 1968 2243 hoc
1991 2212 2176 2253 intelligitur
2198 2212 2237 2244 de
2268 2214 2381 2254 poenis
2411 2214 2527 2254 quibus

285 2273 291 2280 ·
347 2258 504 2290 neminem
521 2257 674 2294 arbitror,
692 2257 755 2289 nisi
769 2257 823 2288 eui
837 2257 966 2288 divinus
982 2256 1122 2298 Spiritus
1138 2257 1300 2287 revelavit.
1318 2256 1412 2288 Unde
1466 2258 1567 2288 homo
1592 2258 1724 2298 punitur
1755 2258 1787 2288 in
1821 2257 1886 2287 via:
1918 2256 2096 2288 secundum
2130 2257 2219 2298 quod
2250 2258 2410 2298 quaelibet
2434 2257 2528 2299 culpa

347 2301 532 2343 Gregorius,
551 2302 585 2332 in
601 2301 645 2333 1v
659 2302 794 2344 Dialog.
812 2302 839 2338 *,
863 2310 959 2342 super
982 2301 1042 2332 hac
1066 2301 1254 2342 quaestione
1278 2302 1412 2332 interro·
1466 2311 1557 2333 suam
1580 2311 1720 2342 poenam
1744 2301 1839 2332 habet
1863 2311 2028 2338 annexam,
2052 2307 2149 2343 prout
2172 2302 2304 2343 quisque
2324 2302 2528 2334 inordinatus
2555 2322 2679 2351 “zormu
2700 2322 2730 2344 „b
2749 2322 2757 2343 ¹

345 2351 448 2387 gatus,
470 2345 663 2421 {espondetz
687 2345 765 2377 Hac
787 2345 827 2377 de
850 2355 886 2376 re
908 2351 1026 2376 temere
1049 2345 1184 2387 definire
1199 2345 1280 2376 nihil
1295 2345 1411 2376 audeo.
1427 2354 1452 2375 5⁰
1467 2347 1596 2377 animus
1619 2346 1679 2377 sibi
1702 2351 1748 2377 est
1763 2355 1883 2387 poena,
1908 2351 1943 2377 ut
1967 2345 2042 2377 dicit
2065 2346 2263 2387 Augustinus
2278 2347 2304 2377 *ἃ
2556 2355 2607 2377 σιν·
2624 2355 2655 2371 ¹2·
2682 2337 2688 2344 ’
2734 2337 2739 2344 ’
2760 2339 2766 2348 ’

345 2390 470 2422 Nonnu
484 2390 509 2421 li
532 2399 574 2421 na
629 2399 670 2422 ue
699 2390 732 2421 in
785 2390 903 2421 uadam
932 2395 1095 2421 terrarum
1147 2395 1218 2421 arte
1246 2390 1279 2420 in
1297 2400 1412 2421 eruum

345 2443 414 2467 esse
430 2400 651 2476 putavertht:
673 2435 733 2466 alii
755 2400 832 2466 vqero
855 2434 941 2465 hunc
956 2435 1014 2466 sub
1030 2400 1208 2466 terrapesse
1231 2390 1411 2465 aegimant.
1588 2409 1841 2454 QUAESTIO
1867 2410 2402 2445 NONAGESIMAOCTAVA

346 2479 388 2510 Et
410 2479 494 2510 hanc
517 2479 708 2520 opinionem
727 2479 977 2520 probabiliorem
993 2489 1061 2510 esse
1077 2478 1217 2510 ostendit
1232 2478 1411 2520 dupliciter.
1575 2465 1619 2490 DE
1638 2464 1853 2490 VOLUNTATE
1871 2464 2155 2497 ET21NTELLECTU
2175 2464 2419 2490 DAMNATORUM

345 2523 466 2560 Primo,
491 2533 529 2554 ex
551 2524 620 2564 ipsa
642 2523 783 2554 nominis
804 2524 938 2559 ratione,
955 2524 1000 2554 sic
1020 2523 1147 2554 dicens:
1173 2522 1208 2553 Si
1225 2523 1346 2554 idcirco
1363 2523 1412 2554 in·
1533 2532 1757 2554 cussanus-rsa
1785 2521 2053 2554 considerandum
2086 2528 2132 2554 est
2164 2522 2203 2554 de
2230 2523 2461 2563 pertinentibus
2492 2523 2529 2554 ad

338 2568 478 2610 fernum
501 2567 637 2598 dicimus
658 2567 736 2608 quia
760 2568 898 2610 inferius
914 2568 1005 2604 iacet,
1022 2568 1109 2609 quod
1124 2572 1212 2598 terra
1229 2567 1272 2598 ad
1287 2568 1412 2599 caelum
1427 2578 1450 2599 55
1533 2567 1683 2598 affectum
1706 2573 1737 2598 et
1759 2567 1957 2598 intellectum
1981 2566 2204 2598 damnatorum
2220 2568 2246 2598 ⁴⁹.
2558 2571 2567 2617 ἰ
2583 2568 2678 2617 crdqu.
2695 2572 2769 2594 xcvu,

348 2617 404 2648 est,
428 2612 490 2643 hoc
512 2621 580 2643 esse
595 2612 745 2654 infernus
760 2612 851 2643 debet
865 2612 909 2643 ad
924 2617 1055 2643 terram.
1071 2631 1093 2635 -
1113 2611 1274 2648 Secundo,
1292 2621 1331 2643 ex
1350 2612 1413 2643 hoc
1468 2612 1561 2644 Circa
1585 2611 1674 2652 quod
1699 2617 1895 2652 quaeruntur
1918 2621 2046 2642 novem.
2570 2599 2620 2617 ⁰¹³⁰
2641 2610 2646 2616 '

349 2655 440 2697 quod
463 2655 578 2687 dicitur
600 2657 699 2697 Apoc.
716 2666 736 2686 v
751 2657 785 2686 *z
810 2656 914 2687 Nemo
926 2661 1067 2697 poterat,
1085 2666 1187 2697 neque
1202 2657 1234 2687 in
1252 2657 1342 2687 caelo
1360 2666 1414 2687 ne·
1523 2656 1649 2687 Primo:
1675 2661 1783 2687 utrum
1807 2655 2031 2686 damnatorum
2054 2655 2202 2686 voluntas
2226 2656 2265 2686 sit
2288 2656 2379 2686 mala.

348 2710 411 2742 que
433 2700 466 2731 in
492 2705 580 2731 terra
605 2709 707 2741 neque
721 2700 832 2731 subtus
847 2705 978 2737 terram,
994 2701 1123 2742 aperire
1138 2701 1277 2731 librum:
1299 2706 1336 2731 ut
1351 2701 1414 2731 hoc
1525 2699 1692 2732 Secundo:
1718 2706 1826 2731 utrum
1850 2699 2023 2740 aliquando
2046 2700 2232 2740 poeniteant
2262 2699 2301 2730 de
2331 2699 2422 2730 malis
2449 2709 2531 2740 quae

350 2743 441 2786 quod
464 2743 580 2775 dicitur
603 2745 635 2775 in
659 2744 761 2781 caelo,
785 2743 938 2776 referatur
953 2744 993 2776 ad
1009 2745 1157 2785 ange10s;
1180 2745 1244 2775 hoe
1263 2744 1353 2786 quod
1369 2744 1415 2776 di-
1559 2744 1714 2776 fecerunt.

350 2789 432 2820 citur
455 2788 488 2819 in
513 2793 612 2824 terra,
636 2788 790 2820 referatur
812 2788 853 2820 ad
875 2789 1024 2820 homines
1047 2790 1190 2820 viventes
1212 2790 1246 2820 in
1263 2798 1414 2830 corpore;
1429 2793 1456 2814 6ο
1526 2789 1654 2820 Tertio:
1680 2793 1788 2819 utrum
1811 2788 1912 2828 magis
1935 2787 2052 2818 vellent
2075 2796 2142 2818 non
2167 2797 2234 2818 esse
2258 2796 2355 2827 quam
2380 2796 2457 2818 esse.

349 2834 414 2864 hoc
438 2832 528 2873 quod
551 2832 666 2864 dicitur
689 2833 746 2863 sub
770 2838 869 2869 terra,
886 2832 1039 2864 referatur
1054 2833 1093 2864 ad
1109 2834 1230 2864 animas
1247 2834 1416 2864 existentes
1526 2834 1667 2872 Quarto:
1692 2838 1800 2863 utrum
1824 2832 1941 2862 vellent
1964 2831 2042 2862 alios
2066 2841 2132 2862 non
2157 2841 2225 2863 esse
2248 2831 2424 2862 damnatos.

349 2878 385 2909 in
408 2876 546 2908 inferno.
1526 2877 1667 2916 Quinto:
1692 2882 1800 2907 utrum
1824 2876 1915 2917 impii
1938 2876 2074 2906 habeant
2097 2875 2203 2907 Deum
2227 2875 2314 2907 odio.

406 2922 607 2962 Augustinus
631 2922 744 2957 etiam,
769 2921 802 2951 in
825 2921 882 2951 XII
905 2931 1004 2962 super
1027 2921 1106 2952 Gen.
1130 2921 1174 2952 ad
1204 2921 1263 2952 litt.
1280 2923 1307 2958 *,
1338 2921 1416 2952 duas
1527 2921 1642 2953 Sexto:
1667 2926 1775 2952 utrum
1799 2921 1859 2961 ipsi
1882 2919 2036 2951 demereri
2058 2921 2191 2960 possint.

351 2966 491 2997 tationes
514 2971 643 3006 tangere
662 2964 788 2996 videtur
804 2974 902 3005 quare
918 2974 1100 3006 congruum
1115 2966 1155 2996 sit
1170 2965 1332 2996 infernum
1349 2975 1416 2996 esse
1527 2965 1691 3006 Septimo:
1716 2970 1824 2996 utrum
1847 2965 1970 3005 possint
1993 2965 2039 2995 uti
2062 2964 2192 2995 scientia
2215 2964 2267 2995 hic
2291 2964 2452 3004 acquisita.

352 3010 412 3041 sub
435 3015 527 3041 terra.
552 3010 624 3041 Una
648 3015 694 3041 est
710 3014 754 3046 ut,
772 3010 926 3050 quoniam
949 3009 1177 3050 defunctorum
1201 3010 1330 3040 animae
1345 3019 1418 3040 car·
1431 3018 1455 3044 ες
1529 3009 1669 3041 Octavo:
1694 3014 1803 3040 utrum
1827 3009 1968 3049 cogitent
1992 3008 2164 3049 aliquando
2189 3008 2228 3039 de
2251 3008 2333 3039 Deo.

354 3053 404 3085 nis
426 3063 540 3085 amore
557 3058 784 3095 peccaverant,
801 3054 862 3084 hoc
877 3054 924 3085 eis
943 3054 1132 3085 exhibeatur
1147 3053 1234 3095 quod
1249 3054 1310 3094 ipsi
1325 3054 1418 3085 carni
1527 3054 1643 3085 Nono:
1668 3058 1776 3084 utrum
1799 3053 1860 3094 ipsi
1882 3052 2010 3084 videant
2031 3053 2165 3093 gloriam
2188 3053 2365 3083 beatorum.

353 3102 503 3130 mortuae
524 3098 607 3130 solet
628 3098 781 3135 exhiberi,
807 3103 843 3129 ut
864 3098 984 3129 scilicet
1006 3098 1064 3129 sub
1087 3103 1208 3129 terram
1239 3098 1418 3129 recondan-
1512 3119 1602 3151 ΛΒΤ
1630 3119 1642 3150 1

355 3146 419 3172 tur.
442 3159 466 3165 -
487 3142 560 3174 Alia
583 3147 630 3174 est
653 3142 754 3183 quod,
778 3143 860 3173 sicut
884 3148 931 3173 est
953 3143 1088 3183 gravitas
1110 3143 1144 3173 in
1160 3142 1360 3183 corporibus,
1376 3142 1419 3173 ita
1605 3143 1652 3192 'p'
1677 3129 1781 3191 U'fmm
1805 3128 1900 3191 ⁰⁸⁸2
1920 3128 2081 3191 vPssUSEAS
2103 3128 2318 3190 mummgwu
2328 3128 2387 3190 ἀφ’
2410 3127 2493 3149 ΜΑιΛ

355 3185 479 3216 tristitia
500 3186 534 3217 in
557 3187 735 3227 spiritibus,
759 3192 791 3218 et
814 3187 931 3218 laetitia
954 3187 1036 3218 sicut
1059 3187 1178 3218 levitas.
1203 3186 1312 3223 Unde,
1337 3187 1421 3217 sicut
1607 3173 1979 3224 113222.sslliifle'qiafan.
1994 3201 2019 3217 ι·
2034 3174 2250 3222 ivqc'ff‘offi'ss’ni',
2264 3174 2398 3223 cibfxeiu'u

355 3229 531 3260 secundum
553 3239 680 3271 corpus,
703 3231 732 3262 si
749 3231 906 3272 ponderis
928 3231 980 3262 sui
1003 3230 1150 3262 ordinem
1173 3235 1311 3268 teneant,
1336 3231 1419 3273 inse·
1433 3241 1460 3262 70
1595 3222 1642 3250 Qu·
1658 3222 1689 3245 Α*
1700 3223 1796 3250 Α”ἠ”“’
1810 3225 1852 3246 “¹¹
1869 3228 1902 3250 ¹⁷·
1917 3222 1945 3244 ¹⁸¹
1960 3228 1985 3249 ⁷²
2001 3212 2125 3251 emend.
2143 3222 2237 3249 ”²⁰¹⁰
2252 3227 2303 3250 ⁶⁸¹²·
2322 3226 2412 3244 ‘’¹¹¹''

117 3458 129 3468 ·
142 3456 200 3484 Cup.
212 3461 294 3478 unul.

357 3273 450 3304 riora
472 3278 550 3304 sunt
571 3275 681 3306 omnia
702 3275 874 3317 graviora,
900 3276 944 3306 ita
967 3275 1142 3307 secundum
1164 3275 1312 3316 spiritum
1337 3275 1420 3317 inse·
1476 3284 1559 3347 An
1580 3280 1697 3305 emmiu
1717 3283 1763 3305 stc
1782 3283 1986 3304 euoenon-mr.
2011 3272 2145 3304 Videtur
2164 3272 2254 3314 quod
2268 3282 2335 3304 non
2352 3273 2458 3303 omnis
2477 3282 2534 3303 vo-

357 3317 450 3348 riora
472 3322 548 3348 sunt
571 3319 681 3350 omnia
703 3319 860 3351 tristiora.
884 3320 926 3351 Et
944 3320 999 3356 sic,
1016 3320 1098 3351 sicut
1118 3320 1313 3351 conveniens
1328 3319 1420 3350 locus
1540 3318 1644 3350 luntas
1673 3318 1896 3350 damnatorum
1925 3318 1963 3349 sit
1990 3317 2082 3348 mala.
2114 3317 2215 3356 Quia,
2243 3322 2279 3348 ut
2306 3316 2381 3348 dicit
2412 3317 2535 3358 Diony-

357 3359 476 3402 gaudio
500 3361 678 3394 electorum
700 3368 748 3394 est
770 3364 896 3396 caelum
919 3373 1126 3406 empyreum,
1149 3364 1193 3395 ita
1225 3364 1421 3395 conveniens
1475 3363 1554 3400 sius,
1578 3373 1610 3394 iv
1633 3372 1702 3404 cap.
1726 3363 1765 3394 de
1787 3362 1861 3394 Diu.
1885 3362 1982 3393 Nom.
1998 3363 2032 3398 ⁹,
2057 3362 2229 3393 daemones
2258 3361 2376 3392 bonum
2399 3365 2431 3392 et
2453 3361 2533 3402 opti·
2563 3366 2772 3390 ·S.·rh.¹ect.=·x.

357 3405 450 3436 locus
472 3405 613 3437 tristitiae
636 3405 861 3440 damnatorum
883 3414 931 3440 est
953 3408 1103 3440 infimum
1126 3414 1237 3439 terrae.
1260 3427 1283 3432 —
1305 3408 1421 3448 Neque
1475 3417 1562 3439 mum
1586 3407 1824 3449 concupiscunt,
1848 3416 1925 3443 esse,
1949 3406 2056 3438 vivere
2078 3411 2109 3438 et
2132 3406 2321 3448 intelligere.
2350 3405 2436 3436 Cum
2460 3414 2535 3446 ergo

358 3458 489 3480 movere
505 3448 599 3480 debet
615 3449 705 3490 quod
719 3450 918 3492 Augustinus
941 3452 1061 3485 ibidem
1076 3454 1093 3470 ⁴'
1110 3452 1196 3490 dicit,
1213 3452 1302 3494 quod
1323 3452 1422 3495 inseri
1435 3458 1459 3480 75
1477 3451 1616 3483 damnati
1639 3452 1786 3483 homines
1809 3461 1876 3482 non
1900 3452 1962 3483 sint
1985 3451 2102 3492 peioris
2125 3450 2318 3482 conditionis
2342 3459 2439 3491 quam
2463 3449 2535 3480 dae-
