2918 4088
34 658 37 659 ⁷
89 627 167 676 i‘nggd
173 630 271 655 quaesit.
286 632 303 654 ι,

89 717 101 728 '¹
115 715 152 738 CC.
166 721 230 737 num
245 721 267 738 v.

91 1403 135 1426 m,
149 1402 209 1420 ven.
222 1404 246 1425 ⁴-

54 1506 59 1507 ⁷
67 1494 305 1538 [ufumumssnp.

2 1544 3 1549 ,
87 1532 124 1558 π,
138 1532 200 1552 ven.
212 1535 237 1557 4.

61 1806 64 1811 “
91 1808 306 1838 ‘mmmmm-1.

92 1841 220 1864 vnn-4-

2 2025 3 2030 ¹
48 2019 55 2046 ,⁴
90 2028 292 2059 ‘Qum-neq.

720 176 790 212 DE
821 175 1182 213 SACRAMENTO
1213 173 1535 212 MATRIMONII
1563 173 1789 210 TRIPLEX
1817 174 2118 220 QUAESITUM

2435 175 2504 223 371

1118 373 1450 426 QUAESITUM
1480 373 1723 415 TERTIUM

430 477 490 507 AN
514 476 781 508 MATRIMONII
805 475 1103 508 CONTRACTUS
1125 475 1218 506 NON
1241 474 1644 550 PRgssTIEffillJFIECgLEM
1666 475 1758 507 AUT
1781 475 2014 507 VITANDAM
2037 476 2063 506 F
2066 476 2414 513 ORNICATIONEM,

396 629 468 649 mm
500 620 629 650 tertium
649 620 666 636 ³
688 629 784 655 vero,
815 629 855 649 an
885 619 1081 649 matrimonii
1116 622 1297 648 contractus
1327 626 1395 646 non

396 669 528 704 propter
546 664 672 704 prolem
691 669 746 693 aut
768 662 929 694 vitandam
951 662 1208 697 fornicationem,
1225 661 1264 691 sit
1279 660 1396 696 licitus,

331 708 411 738 ratio
431 707 519 738 dubii
531 708 548 724 *
564 713 611 737 est
626 707 702 747 quia
716 706 841 737 videtur
856 707 1056 746 sacrilegium
1079 710 1312 736 sacramentum
1328 713 1395 733 non

332 751 470 782 ordinari
493 750 533 781 ad
555 750 654 781 finem
677 751 854 791 proprium.
882 750 970 780 Finis
993 755 1101 780 autem
1124 749 1272 789 proprius
1295 757 1396 777 sacra-

330 796 432 826 menti
455 795 598 835 coniugii
621 799 668 824 est
689 795 796 834 proles
819 793 985 825 educanda
1007 793 1047 824 ad
1070 793 1194 824 cultum
1213 792 1284 828 Dei,
1301 797 1333 822 et
1347 801 1396 821 re-

331 839 475 870 medium
498 839 789 878 concupiscentiae.

386 883 425 913 In
451 882 630 924 oppositum
654 887 702 912 est
724 882 913 922 coniugium
929 883 1011 912 inter
1033 881 1165 912 Beatam
1179 881 1346 921 Virginem
1365 885 1397 910 et

331 927 458 967 loseph,
476 926 566 967 quod
587 931 739 957 neutrum
762 925 862 956 finem
884 926 996 956 habuit
1019 935 1056 956 ex
1080 930 1168 966 parte
1191 925 1309 956 Beatae
1325 925 1396 955 Vir-

385 980 423 1001 is.

330 980 423 1045 gmll.
447 1014 500 1045 Ad
522 1015 586 1045 hoc
609 1013 726 1045 dicitur
749 1013 839 1054 quod
857 1015 891 1045 in
910 1013 1130 1045 contrahendo
1154 1014 1395 1044 matrimonium

330 1059 499 1100 multiplex
521 1057 594 1089 finis
615 1063 723 1099 potest
737 1058 891 1089 inveniri:
917 1064 948 1089 et
964 1064 1122 1099 quantum
1138 1057 1177 1089 ad
1192 1059 1396 1098 propositum

330 1108 462 1144 spectat,
479 1102 669 1143 quintuplex
684 1102 757 1133 finis
772 1108 879 1143 potest
894 1102 1097 1133 considerari.
1121 1103 1246 1133 Primus
1262 1108 1309 1133 est
1324 1101 1396 1132 finis

330 1147 421 1178 isn'us
444 1152 626 1178 contractus
648 1147 772 1177 tatione
795 1153 894 1178 actus.
925 1147 967 1177 Et
988 1147 1040 1177 hic
1064 1152 1111 1178 est
1133 1147 1251 1187 proles,
1275 1146 1326 1177 vel
1348 1156 1397 1176 re-

330 1191 476 1223 medium
499 1191 796 1231 concupiscentiae:
820 1192 872 1222 hic
896 1192 983 1222 enim
1007 1196 1054 1221 est
1075 1190 1148 1222 finis
1165 1191 1306 1231 coniugii
1329 1200 1397 1221 me-

331 1235 440 1267 diante
462 1236 648 1272 concubitu,
672 1240 710 1266 ut
731 1241 828 1275 patet.
861 1254 886 1259 —
916 1235 1084 1267 Secundus
1112 1241 1159 1266 est
1188 1236 1288 1275 ipsius
1319 1244 1398 1265 con-

331 1285 450 1311 tractus
471 1281 596 1310 ratione
619 1281 678 1310 sui.
702 1280 744 1310 Et
765 1280 818 1310 hic
842 1285 889 1310 est
911 1285 1024 1310 mutua
1046 1285 1187 1320 potestas
1203 1288 1396 1320 corporum:

332 1324 373 1356 ad
394 1325 460 1360 1193:
482 1324 573 1355 enim
586 1323 628 1354 ‘fit
641 1324 695 1354 hic
711 1329 893 1355 confi-actus
911 1329 948 1355 ut
962 1329 1076 1354 neuter
1092 1324 1269 1364 coniugum
1284 1324 1399 1354 habeat

56 1367 65 1374 '⁴
87 1369 242 1398 ’Μόθων
253 1377 304 1400 0¹1²·
326 1366 519 1409 potestatem
541 1368 593 1399 sui
615 1368 774 1408 corporis,
797 1368 854 1399 sed
876 1368 954 1399 alter
977 1369 1104 1399 alterius
1119 1369 1146 1398 ’ἦ
1161 1387 1185 1390 -
1200 1368 1328 1398 Tertius
1352 1373 1400 1398 est

332 1412 478 1444 eiusdem
501 1418 683 1443 contractus
705 1413 828 1443 ratione
851 1413 1050 1443 sacramenti.
1074 1413 1116 1443 Et
1138 1413 1190 1442 hic
1213 1418 1261 1442 est
1283 1413 1399 1442 sancti-

331 1456 440 1488 ficatio
464 1457 652 1498 coniugum,
674 1462 712 1487 ut
733 1457 958 1497 unusquisque
980 1457 1082 1497 possit
1105 1466 1162 1487 vas
1179 1465 1274 1487 suum
1291 1457 1406 1497 possi-⁴

331 1500 409 1532 dere
431 1501 464 1532 in
486 1501 775 1543 sanctificationem
791 1502 823 1531 “.
840 1519 864 1524 -
886 1501 1027 1539 Quartus
1057 1506 1139 1532 esset
1168 1501 1195 1531 si
1218 1505 1400 1531 contractus

331 1546 392 1576 iste
414 1544 615 1576 ordinaretur
636 1555 655 1575 a
679 1545 887 1575 contrahente
917 1545 958 1575 ad
980 1543 1068 1576 aliud
1091 1550 1294 1575 extraneum:
1322 1550 1401 1584 puta

333 1589 374 1620 ad
395 1589 530 1630 aliquod
550 1589 756 1620 maleficium.
775 1607 799 1612 —
821 1589 962 1627 Quintus
986 1594 1068 1620 esset
1090 1588 1174 1624 finis,
1190 1598 1258 1618 non
1273 1594 1400 1619 contra-

333 1639 421 1670 ctus,
444 1633 500 1664 sed
524 1633 739 1664 contrahentis
761 1632 1007 1664 tantummodo:
1036 1633 1100 1663 hoc
1124 1637 1180 1668 est,
1205 1632 1295 1672 quod
1317 1638 1400 1663 esset

332 1677 492 1709 motivum
514 1683 552 1708 ut
572 1674 646 1708 finis
669 1677 709 1707 ad
730 1677 795 1707 hoc
816 1682 854 1708 ut
875 1677 977 1708 homo
993 1678 1054 1718 qui
1066 1677 1142 1707 alias
1156 1676 1259 1707 nollet
1273 1681 1399 1707 contra-

331 1722 409 1754 here
430 1722 683 1757 matrimonium,
707 1721 881 1761 applicaret
903 1730 937 1751 se
960 1721 1000 1752 ad
1019 1719 1275 1752 contrahendum
1291 1722 1399 1752 matri-

330 1766 492 1797 monium.
515 1765 613 1796 Verbi
634 1766 749 1806 gratia‚
777 1774 853 1796 cum
875 1765 980 1796 David
1003 1766 1160 1796 contraxit
1182 1774 1258 1795 cum
1281 1766 1400 1806 Abisag

332 1809 499 1842 Sunamite
514 1810 542 1846 θ,
564 1819 633 1840 non
652 1809 810 1840 ordinavit
825 1810 1014 1850 coniugium
1029 1809 1070 1840 ad
1085 1808 1339 1840 calefaciendum
1354 1819 1399 1846 se,

332 1853 390 1886 sed
411 1854 582 1895 applicavit
603 1863 637 1884 se
660 1853 701 1894 ad
724 1853 979 1885 contrahendum
1000 1854 1190 1894 coniugium
1205 1859 1242 1884 ut
1257 1863 1313 1894 per
1327 1863 1400 1885 mu-

331 1899 444 1930 lierem
466 1897 642 1934 calefieret,
669 1907 746 1929 cum
767 1907 836 1929 non
859 1904 942 1929 esset
964 1898 1040 1929 alias
1063 1895 1236 1939 dispositus
1259 1898 1299 1929 ad
1322 1908 1400 1929 con-

331 1942 524 1974 trahendum
545 1943 799 1973 matrimonium.

388 1987 441 2018 111.
466 1987 593 2025 Quibus
615 1987 813 2027 praemissis,
845 1986 980 2017 dicenda
1006 1992 1081 2020 sunt
1114 1986 1154 2017 ad
1177 1988 1400 2028 quaestionem

332 2033 458 2063 motam
472 2031 539 2062 duo
551 2032 579 2062 *.
595 2031 750 2068 Primum,
762 2030 881 2062 directe
896 2030 1124 2071 respondendo
1140 2032 1297 2071 quaesito,
1311 2031 1401 2072 quod

333 2081 516 2108 contractus
540 2081 587 2106 est
608 2075 724 2106 licitus.
759 2075 926 2113 Quoniam
955 2074 1072 2106 sufficit
1101 2076 1254 2116 coniugio
1284 2076 1401 2107 habere

333 2126 510 2160 utrumque
532 2119 632 2150 finem
655 2129 751 2150 suum
772 2120 968 2159 proximum.
991 2119 1080 2150 Finis
1103 2125 1211 2150 autem
1234 2120 1401 2160 proximus

333 2165 435 2205 ipsius
458 2169 640 2195 contractus
662 2163 842 2194 secundum
865 2173 899 2194 se
922 2169 969 2194 est
991 2169 1105 2194 mutua
1127 2169 1268 2204 potestas
1284 2174 1400 2205 corpo-

334 2218 423 2239 rum:
455 2213 614 2249 quatenus
639 2217 716 2238 vero
740 2213 984 2244 sacramentum,
1008 2207 1228 2239 sanctificatio.
1263 2209 1304 2238 Et
1326 2218 1401 2249 pro-

334 2258 462 2293 pterea,
487 2253 583 2283 etiam
605 2252 632 2282 si
654 2261 723 2282 non
751 2251 919 2282 intendant
940 2252 1066 2292 prolem
1089 2262 1197 2293 neque
1220 2252 1400 2283 remedium

336 2297 627 2337 concupiscentiae,
650 2295 707 2326 sed
729 2296 937 2327 solummodo
961 2306 1029 2327 esse
1045 2297 1199 2337 coniuges
1221 2296 1401 2328 secundum

334 2341 524 2377 Ecclesiam,
536 2339 718 2371 contractus
735 2346 781 2371 est
795 2340 910 2371 licitus.
927 2341 968 2371 Et
983 2341 1028 2371 sic
1044 2341 1126 2372 inter
1141 2350 1243 2378 seneS,
1256 2346 1288 2372 et
1303 2350 1402 2381 quos-

519 2414 533 2423 ο

1450 626 1591 657 cumque
1606 627 1674 648 non
1690 618 1891 648 intendentes
1907 618 2134 654 concumbere,
2147 623 2253 658 potest
2269 618 2353 648 licite
2370 620 2515 649 contrahi

1449 662 1703 692 matrimonium.

1506 705 1557 735 IV.
1583 705 1769 736 Secundum
1785 712 1832 736 est
1848 705 1938 746 quod
1961 707 2176 737 communiter
2199 707 2338 736 extranei
2357 716 2413 737 seu
2433 708 2515 737 acci-

1449 747 1560 779 dentes
1583 749 1663 780 fines
1687 750 1786 780 altero
1811 750 1951 781 duorum
1974 750 2149 781 modorum
2173 751 2381 790 contingunt:
2406 752 2456 781 vel
2480 757 2517 781 ut

1449 793 1546 829 ratio,
1576 803 1644 824 non
1674 794 1832 834 coniugii,
1856 794 1912 825 sed
1936 795 2078 834 coniugii
2102 804 2177 825 curn
2200 795 2271 830 tali;
2303 795 2354 825 vel
2377 801 2412 825 ut
2435 796 2515 825 ratio

1450 837 1671 876 applicationis
1695 837 1735 868 ad
1758 838 2013 869 contrahendum
2038 839 2236 879 coniugium.
2268 838 2344 869 Ideo
2370 848 2516 869 commu-

1449 882 1531 911 niter
1553 881 1740 912 huiusmodi
1764 888 1945 913 contractus
1975 889 2049 913 sunt
2075 883 2167 914 liciti:
2202 884 2357 923 quoniam
2381 889 2516 924 uterque

1450 925 1566 956 modus
1590 931 1637 956 est
1659 926 1774 956 licitus.
1809 926 2003 967 Exemplum
2030 928 2126 968 primi
2152 928 2242 958 modi
2272 928 2406 958 habetur
2436 929 2518 958 inter

1450 969 1545 1000 Iacob
1571 975 1602 1000 et
1624 970 1797 1001 Rachelem
1813 972 1847 1001 ἥ
1879 976 2010 1012 propter
2034 972 2283 1012 pulcritudinem
2308 973 2395 1003 enim
2418 973 2517 1012 ipsius

1450 1014 1545 1054 elegit
1568 1015 1755 1045 contrahere
1778 1016 1886 1055 potius
1911 1025 1985 1046 cum
2009 1016 2148 1057 Rachele
2172 1025 2270 1056 quam
2294 1026 2369 1047 curn
2384 1017 2453 1053 Lia,
2471 1017 2516 1047 di-

1450 1067 1525 1088 cens
1538 1068 1662 1095 socero,
1676 1058 1822 1091 serviam
1839 1060 1896 1090 tibi
1904 1070 1970 1100 pro
1986 1059 2135 1096 Rachele,
2142 1060 2221 1102 filia
2238 1066 2293 1092 tua
2306 1062 2442 1097 minore,
2456 1067 2517 1092 etc.

1450 1103 1645 1143 Exemplum
1669 1103 1802 1134 secundi
1832 1104 1966 1138 habetur
1989 1105 2070 1135 inter
2093 1105 2196 1135 David
2220 1111 2251 1135 et
2274 1105 2474 1136 Sunamitem
2490 1107 2516 1136 *.

1450 1147 1492 1177 Et
1514 1148 1637 1187 primus
1661 1147 1792 1187 quidem
1815 1158 1911 1188 saepe
1934 1149 2100 1189 contingit,
2125 1154 2157 1179 et
2173 1149 2275 1180 clarus
2292 1155 2339 1180 est
2354 1151 2516 1181 omnibus.

1451 1191 1619 1222 Secundus
1642 1197 1750 1222 autem
1774 1192 1911 1232 amplius
1934 1193 2153 1223 manifestatur
2171 1194 2320 1234 exemplo
2338 1200 2369 1224 et
2383 1195 2518 1225 ratione.

1451 1235 1561 1266 Simile
1586 1236 1718 1276 quidem
1742 1241 1789 1266 est
1818 1237 1844 1266 si
1867 1237 2015 1268 sacerdos
2043 1237 2158 1278 aliquis
2184 1238 2285 1268 nollet
2314 1238 2411 1269 hodie
2436 1239 2519 1269 cele-

1451 1280 1560 1316 brare,
1585 1281 1830 1320 superveniente
1853 1286 1960 1311 autem
1985 1282 2109 1318 amico,
2138 1287 2174 1312 ut
2197 1282 2243 1312 illi
2266 1291 2391 1313 morem
2413 1289 2518 1323 gerat,

1451 1324 1590 1364 applicat
1617 1334 1650 1354 se
1679 1324 1718 1354 ad
1749 1325 1985 1356 celebrandum.
2022 1326 2066 1356 lta
2092 1327 2119 1356 si
2146 1327 2218 1366 quis
2247 1335 2315 1357 non
2341 1327 2521 1358 intenderet

1451 1369 1658 1399 matrimonio
1682 1369 1846 1409 coniungi,
1871 1370 2116 1409 superveniente
2139 1375 2247 1400 autem
2266 1370 2363 1401 vidua
2379 1372 2521 1412 promit-

1452 1417 1537 1443 tente
1559 1413 1666 1443 maria
1682 1418 1714 1443 et
1727 1418 1853 1444 montes
1867 1414 1894 1449 ⁹,
1914 1418 1951 1444 ut
1973 1414 2100 1444 sibimet
2115 1414 2193 1444 utile
2211 1414 2313 1451 faciat,
2331 1416 2470 1456 applicat
2486 1426 2520 1446 se

1452 1456 1492 1487 ad
1515 1456 1771 1499 contrahendum
1794 1458 2036 1488 matrimonium
2060 1468 2135 1489 cum
2158 1459 2220 1494 illa,
2245 1459 2414 1490 intendens
2433 1460 2521 1491 illam

1451 1501 1568 1531 habere
1585 1502 1768 1541 coniugem,
1779 1507 1839 1532 etc.
1859 1502 2040 1542 Utrobique
2055 1503 2142 1533 enim
2159 1502 2349 1534 adventitius
2364 1503 2437 1534 finis
2452 1514 2520 1535 non

1451 1546 1583 1585 ponitur
1605 1544 1678 1575 finis
1702 1546 1923 1576 celebrationis
1947 1551 2002 1576 aut
2025 1547 2185 1587 coniugii,
2219 1547 2274 1578 sed
2298 1548 2522 1588 applicationis

1452 1589 1492 1619 ad
1515 1589 1743 1620 celebrandum
1766 1599 1823 1620 seu
1847 1589 1887 1620 ad
1911 1591 2177 1622 contrahendum.
2205 1591 2246 1621 Et
2269 1592 2348 1622 haec
2371 1598 2419 1623 est
2441 1594 2520 1623 ratio

1452 1642 1551 1673 quare
1575 1639 1757 1664 contractus
1780 1643 1848 1664 non
1871 1634 2012 1665 redditur
2035 1635 2174 1666 illicitus.

1474 1678 1479 1685 '
1507 1677 1547 1708 V.
1571 1678 1613 1709 Et
1627 1687 1686 1717 per
1701 1678 1764 1708 hoc
1780 1683 1868 1718 patet
1890 1679 2058 1718 responsio
2075 1678 2115 1709 ad
2130 1680 2349 1711 obiectionem
2367 1681 2400 1711 in
2417 1690 2522 1721 oppo-

1452 1722 1550 1752 situm
1565 1723 1593 1757 ἡ
1616 1722 1710 1757 Nam,
1727 1723 1810 1752 sicut
1833 1722 1981 1753 sacerdos
2000 1723 2075 1753 alias
2091 1733 2159 1753 non
2176 1725 2391 1755 celebraturus
2413 1725 2521 1761 hodie,

1452 1771 1489 1796 ut
1511 1775 1638 1796 morem
1659 1771 1748 1806 gerat
1770 1767 1876 1796 amico
1900 1764 2064 1807 applicans
2087 1777 2120 1798 se
2140 1767 2180 1798 ad
2196 1768 2434 1805 celebrandum,
2454 1779 2522 1800 non

1453 1811 1619 1841 constituit
1642 1820 1700 1850 per
1722 1811 1786 1840 hoc
1809 1811 1949 1842 amicum
1972 1811 2070 1842 finem
2094 1812 2326 1849 celebrationis,
2348 1813 2404 1844 sed
2420 1814 2522 1854 appli-

1453 1855 1588 1885 cationis
1611 1864 1705 1891 suae;
1729 1855 1773 1885 ita
1796 1855 1853 1895 qui
1875 1861 2007 1896 propter
2030 1857 2115 1886 bona
2138 1858 2336 1897 temporalia,
2361 1858 2436 1888 alias
2454 1868 2522 1889 non

1453 1904 1686 1935 contracturus,
1710 1905 1860 1930 movetur
1882 1899 1922 1930 ad
1946 1901 2201 1931 contrahendum
2226 1902 2431 1942 coniugium,
2455 1912 2522 1933 non

1454 1944 1621 1974 constituit
1648 1943 1773 1974 bonum
1800 1943 1881 1974 illud
1911 1945 2125 1975 extrinsecum
2153 1945 2251 1976 finem
2276 1947 2435 1986 coniugii,
2467 1947 2523 1978 sed

1454 1989 1641 2018 mutationis
1664 1997 1750 2024 suae,
1775 1997 1839 2028 qua
1863 1987 1902 2019 de
1917 1998 1986 2019 non
2000 1989 2130 2020 volente
2147 1990 2334 2020 contrahere
2357 1990 2459 2021 factus
2476 1997 2523 2021 est

1453 2032 1566 2062 volens
1590 2032 1788 2062 contrahere.
1823 2032 2023 2073 Coniugium
2046 2043 2123 2064 vero
2155 2035 2263 2074 ipsum
2291 2035 2424 2075 suscipit
2446 2045 2522 2066 cum

1454 2075 1519 2106 fine
1537 2077 1638 2116 ipsius
1661 2077 1815 2117 coniugii,
1840 2077 1935 2107 etiam
1958 2078 1985 2107 si
2008 2077 2048 2108 de
2071 2077 2136 2108 fine
2159 2079 2259 2118 ipsius
2281 2079 2361 2109 nihil
2384 2081 2520 2119 cogitet:

1454 2121 1537 2151 sicut
1560 2120 1663 2150 dictus
1686 2120 1834 2151 sacerdos
1857 2121 2106 2152 celebrationem
2130 2122 2256 2153 ordinat
2273 2123 2307 2153 in
2323 2122 2422 2153 finem
2438 2124 2522 2154 cele-

1454 2165 1618 2201 brationis,
1642 2165 1738 2195 etiam
1761 2165 1787 2195 si
1810 2165 1889 2196 nihil
1913 2166 2032 2205 cogitet
2054 2166 2094 2197 de
2117 2166 2191 2197 fine.
2216 2167 2266 2197 Eo
2285 2167 2356 2207 ipso
2379 2177 2521 2208 namque

1455 2208 1545 2249 quod
1567 2209 1703 2240 intendit
1726 2209 1925 2249 coniugium,
1948 2210 2085 2241 intendit
2111 2211 2211 2251 ipsius
2234 2210 2350 2248 finem,
2375 2213 2522 2252 quamvis

1455 2253 1537 2283 forte
1561 2253 1601 2283 ad
1623 2253 1716 2284 illum
1738 2263 1806 2284 non
1830 2263 1863 2284 se
1887 2253 2049 2295 disponat:
2077 2256 2160 2286 sicut
2182 2255 2330 2286 sacerdos
2353 2256 2521 2287 intendens

1456 2297 1614 2328 celebrare
1637 2298 1706 2328 vult
1737 2307 1774 2328 ex
1797 2298 1860 2328 hoc
1883 2299 1954 2339 ipso
1985 2298 2083 2330 finem
2107 2300 2347 2336 celebrationis,
2376 2301 2522 2340 quamvis

1455 2341 1539 2372 forte
1561 2351 1629 2372 non
1652 2351 1686 2372 se
1709 2341 1858 2383 disponat
1881 2343 1920 2373 ad
1943 2343 2044 2374 illum.

2544 974 2555 984 ⁶
2566 973 2623 995 Gen.
2633 979 2683 1001 cap.
2694 979 2758 1001 xxix,

2544 1006 2604 1021 vers.
2622 1000 2648 1022 ¹6
2663 1006 2716 1028 sqq.

2544 1110 2554 1120 '
2564 1108 2601 1130 Cf.
2612 1114 2679 1130 num.
2687 1114 2710 1135 n,
2721 1108 2759 1130 fin.

2546 1422 2557 1432 ·
2578 1420 2672 1442 Sallust.
2694 1421 2760 1442 Cati-

2546 1447 2597 1473 lin„
2612 1453 2664 1475 cap.
2679 1453 2746 1469 xxm.

2549 1726 2559 1736 '¹
2573 1725 2645 1747 Num.
2661 1731 2677 1747 ι.
