2878 4088
146 748 157 758 ·
173 747 239 769 vers.
255 752 289 773 17,
306 746 340 769 18.

146 1182 156 1193 ·
171 1182 222 1203 Art.
238 1188 255 1203 1.

147 1276 157 1286 ·
172 1275 207 1297 Cf.
222 1281 283 1303 resp.
299 1274 327 1296 ad
336 1281 357 1303 3.

149 1544 159 1553 ·
180 1542 215 1564 Cf.
236 1542 295 1564 infra
319 1548 357 1570 qu.

148 1573 219 1595 xevn,
233 1571 274 1591 art.
290 1574 311 1596 7.

148 2214 158 2225 ⁶
168 2213 234 2234 Doct.
251 2212 356 2240 Perplex.

148 2239 187 2261 lib.
196 2239 235 2266 111,
245 2245 296 2267 cap.
306 2245 358 2261 xm.

144 2297 295 2344 Ῐςέἱὲἂέὸὲ
306 2303 355 2345 fi‘ss·

142 2351 165 2361 ‘¹¹
172 2349 239 2372 Doct.
247 2349 356 2377 Perplex.

143 2376 182 2398 lib.
193 2376 220 2403 11,
232 2382 282 2404 cap.
291 2383 354 2398 xxix.

140 2431 150 2440 ·
175 2428 209 2451 Cf.
230 2429 282 2451 lsai.
302 2435 353 2456 cap.

143 2461 198 2482 xm,
225 2462 283 2477 vers.
313 2462 354 2482 ιος

143 2482 224 2504 lerem.
247 2488 273 2504 ca
292 2498 297 2504 .
318 2488 353 2509 tv,

143 2515 254 2537 ver⁸.23;
289 2509 352 2531 zech.

143 2541 196 2563 cap.
207 2541 270 2557 xxxn
277 2552 283 2562 ,
293 2542 353 2558 vers.

142 2568 170 2588 73
187 2563 234 2584 loel
254 2568 304 2590 cap.
323 2569 354 2590 u,

141 2594 201 2610 vers.
217 2595 252 2611 ιο.

143 3356 153 3366 ·
167 3356 218 3377 Art.
235 3355 339 3382 praeced.

142 3510 153 3519 ·
168 3508 205 3530 cf.
222 3514 261 3536 qu.
276 3514 354 3535 univ,

141 3538 184 3556 art.
200 3541 221 3563 5.

386 179 461 216 216

378 262 516 298 propter
538 258 698 288 hominem
712 257 811 298 facta
827 257 859 287 in
877 257 956 288 eius.
969 257 1061 298 lapsu
1079 258 1232 298 peiorata
1255 262 1339 293 sunt,
1357 261 1388 287 et
1401 256 1451 286 sol

385 307 415 332 et
438 302 517 332 luna
540 311 599 332 suo
625 302 745 332 lumine
767 301 942 332 minorata.
966 302 1058 340 Quae
1083 301 1214 342 quidem
1238 301 1410 332 minoratio
1435 310 1452 330 a

385 345 577 386 quibusdam
592 346 779 386 intelligitur
795 345 974 377 secundum
997 346 1114 378 realem
1138 346 1387 377 minorationem
1403 345 1451 375 lu-

384 390 488 421 minis.
513 390 581 420 Nec
606 391 710 420 obstat
734 390 824 430 quod
852 400 988 431 corpora
1018 391 1164 421 caelestia
1193 389 1373 421 secundum
1396 398 1451 419 na-

384 439 488 464 turam
508 439 582 464 sunt
597 435 810 465 invariabilia:
836 436 912 476 quia
927 435 980 465 illa
996 436 1127 465 variatio
1152 434 1234 465 facta
1250 440 1296 464 est
1312 444 1330 464 a
1346 433 1451 464 divina

384 479 510 509 virtute.

440 523 505 553 Alii
532 532 608 553 vero
637 523 834 563 probabilius
864 524 1062 563 intelligunt,
1086 523 1335 554 minorationem
1365 521 1452 552 illam

385 576 453 598 esse
469 566 611 598 dicentes
626 577 695 598 non
710 567 890 599 secundum
913 568 1030 599 realem
1054 568 1184 598 luminis
1208 566 1379 602 defectum,
1397 564 1452 596 sed

386 611 495 652 quoad
517 621 614 642 usum
636 612 787 649 hominis,
813 614 868 652 qui
891 622 959 643 non
983 618 1107 642 tantum
1131 611 1325 642 beneficium
1350 620 1388 640 ex
1403 610 1451 640 lu-

384 656 472 687 mine
496 666 670 697 corporum
694 657 879 688 caelestium
902 662 976 697 post
999 662 1167 696 peccatum
1192 661 1385 687 consecutus
1406 660 1453 685 est

386 705 544 741 quantum
572 706 645 731 ante
673 700 802 732 fuisset:
835 711 892 742 per
915 710 1013 741 quem
1044 702 1139 731 etiam
1170 700 1307 731 modum
1338 699 1453 730 dicitur

387 745 500 776 Genes.
525 755 559 777 m
575 746 608 775 *z
633 745 810 776 Maledicta
834 751 923 776 terra
947 746 979 775 in
1005 755 1102 785 opere
1125 750 1191 781 tuo,
1208 745 1318 785 spinas
1342 749 1373 775 et
1395 743 1452 774 tri-

384 789 478 821 bulos
499 789 696 831 germinabit
722 790 797 826 tibi;
827 799 908 830 quae
939 795 1046 820 tamen
1078 790 1173 820 etiam
1197 795 1269 820 ante
1293 789 1399 829 spinas
1422 793 1453 818 et

384 834 519 864 tribulos
542 834 748 874 germinabat,
772 834 828 864 sed
851 844 919 864 non
942 835 975 864 in
999 835 1140 864 hominis
1163 843 1313 874 poenam.

439 878 508 908 Nec
531 883 639 908 tamen
668 879 826 918 sequitur,
851 879 877 908 si
901 878 955 908 lux
983 878 1167 908 caelestium
1197 887 1371 918 corporum
1394 886 1451 917 per

385 923 552 952 essentiam
575 922 733 952 minorata
755 932 822 952 non
847 927 894 952 est
916 923 1049 952 homine
1076 928 1246 962 peccante,
1271 922 1362 962 quod
1385 931 1452 951 rea-

384 966 454 996 liter
469 975 536 996 non
553 967 592 996 sit
608 965 753 1005 augenda
768 967 802 996 in
819 966 886 996 eius
909 965 1152 1006 glorificatione.
1178 966 1263 1004 Quia
1283 971 1454 1006 peccatum

383 1010 524 1040 hominis
543 1018 611 1040 non
630 1010 811 1040 immutavit
826 1015 944 1040 statum
960 1010 1115 1040 universi:
1141 1020 1216 1040 cum
1237 1011 1333 1040 etiam
1351 1010 1452 1040 homo

383 1055 471 1094 prius
496 1059 526 1084 et
549 1059 623 1094 post
646 1054 818 1084 animalem
840 1055 938 1084 vitam
962 1054 1117 1090 habuerit,
1135 1063 1218 1094 quae
1242 1059 1335 1084 motu
1351 1059 1382 1084 et
1398 1063 1452 1093 ge-

383 1099 549 1129 neratione
573 1099 747 1138 corporalis
771 1104 932 1129 creaturae
953 1097 1083 1139 indiget.
1108 1098 1171 1130 Sed
1187 1098 1376 1138 glorificatio
1393 1098 1452 1128 ho—

383 1143 478 1174 minis
506 1147 623 1173 statum
656 1143 754 1174 totius
787 1143 962 1183 corporalis
995 1146 1157 1174 creaturae
1189 1143 1387 1178 immutabit,
1417 1147 1453 1172 ut

384 1186 506 1218 dictum
530 1192 577 1217 est
592 1188 618 1217 ’ἦ
643 1187 685 1218 Ε1
707 1187 781 1218 ideo
805 1197 873 1218 non
897 1193 944 1217 est
967 1187 1079 1218 simile.

438 1232 489 1262 AD
515 1241 664 1262 auxarum
687 1241 847 1262 1110111111οΜ
871 1231 961 1272 quod
983 1232 1156 1262 minoratio
1185 1231 1252 1267 illa,
1277 1236 1313 1261 ut
1336 1231 1452 1271 proba-

383 1275 478 1307 bilius
506 1276 689 1307 aestimatur
704 1277 735 1312 *,
766 1286 833 1307 non
857 1276 918 1307 fuit
940 1276 1119 1307 seeundum
1147 1276 1372 1311 substantiam,
1397 1275 1452 1305 sed

383 1319 563 1354 secundum
579 1320 739 1351 effectum.
763 1320 857 1352 Unde
873 1330 941 1351 non
959 1322 1102 1361 sequitur
1118 1320 1208 1361 quod
1224 1321 1300 1351 luna
1316 1321 1452 1351 existens

383 1374 479 1405 super
494 1370 610 1395 terram
626 1365 712 1396 diem
731 1364 871 1396 fecisset:
897 1365 953 1396 sed
977 1365 1067 1405 quod
1089 1370 1215 1396 tantum
1239 1364 1451 1395 commodum

385 1418 423 1440 ex
439 1409 560 1440 lumine
584 1410 679 1440 lunae
702 1410 803 1440 homo
827 1410 988 1440 habuisset
1011 1410 1094 1441 sicut
1116 1419 1204 1440 nunc
1226 1410 1323 1440 habet
1345 1419 1383 1439 ex
1403 1410 1452 1440 lu-

384 1454 471 1485 mine
487 1454 572 1484 solis.
598 1453 660 1485 Sed
675 1459 749 1494 post
765 1455 1041 1489 resurrectionem,
1059 1454 1189 1495 quando
1215 1454 1268 1485 lux
1285 1454 1380 1484 lunae
1397 1464 1452 1485 au—

384 1498 509 1538 gebitur
532 1498 711 1529 secundum
727 1499 771 1529 rei
787 1499 962 1534 veritatem,
980 1508 1047 1529 non
1069 1499 1127 1530 erit
1143 1499 1259 1529 alicubi
1275 1508 1340 1529 nox
1357 1508 1452 1539 super

384 1547 499 1574 terram
524 1542 599 1583 (sed
622 1543 728 1573 solum
751 1544 784 1573 in
808 1548 917 1573 centro
941 1548 1059 1580 terrae,
1078 1544 1134 1574 ubi
1158 1544 1216 1574 erit
1238 1542 1382 1574 infernus
1397 1543 1450 1582 *):

386 1587 461 1627 quia
483 1593 578 1622 tunc,
602 1592 639 1617 ut
662 1586 794 1623 dicitur,
818 1587 894 1618 luna
922 1588 1041 1618 lucebit
1069 1593 1227 1627 quantum
1255 1588 1341 1618 lucet
1364 1597 1453 1618 nunc

386 1631 453 1668 sol;
478 1632 526 1662 sol
547 1637 654 1662 autem
669 1632 703 1662 in
719 1632 906 1672 septuplum
925 1641 1023 1672 quam
1046 1631 1146 1663 modo
1170 1633 1291 1668 luceat;
1316 1641 1453 1672 corpora

386 1681 494 1706 autem
517 1676 685 1706 beatorum
708 1677 825 1716 septies
848 1677 949 1716 magis
972 1676 1040 1707 sole
1065 1677 1224 1716 (quamvis
1247 1677 1310 1707 hoc
1329 1686 1396 1707 non
1413 1677 1452 1707 sit

387 1720 493 1759 aliqua
515 1721 702 1751 auctoritate
725 1720 775 1750 vel
800 1721 922 1755 ratione
945 1721 1142 1760 probatum).

441 1764 492 1794 An
520 1774 660 1794 omn-nm
686 1774 846 1794 mcannun
876 1764 966 1804 quod
996 1764 1117 1805 aliquid
1146 1770 1252 1805 potest
1282 1764 1395 1795 cedere
1418 1765 1451 1794 in

387 1817 482 1838 usum
497 1809 637 1839 hominis
653 1807 830 1848 dupliciter.
852 1809 926 1840 Uno
942 1809 1054 1845 modo,
1072 1815 1202 1849 propter
1218 1810 1449 1840 necessitatem.

386 1852 428 1884 Et
443 1853 487 1882 sic
503 1852 590 1883 nulla
614 1858 755 1883 creatura
779 1852 871 1884 cedet
885 1854 918 1883 in
934 1863 1030 1884 usum
1053 1854 1209 1884 hominis:
1235 1854 1311 1893 quia
1326 1863 1363 1884 ex
1380 1853 1450 1883 Deo

386 1897 515 1936 plenam
538 1896 760 1928 sufficientiam
782 1898 920 1927 habebit.
946 1898 986 1928 Et
1002 1898 1066 1928 hoc
1081 1897 1276 1937 significatur
1291 1899 1324 1928 in
1340 1903 1451 1928 aucto-

386 1941 475 1971 ritate
491 1941 705 1981 Apocagypsis
720 1941 860 1977 inducta,
877 1951 960 1981 quae
983 1941 1059 1972 dicit
1083 1941 1173 1982 quod
1189 1942 1297 1972 civitas
1313 1942 1366 1972 illa
1386 1951 1450 1972 non

386 1990 459 2025 eget
479 1985 549 2015 sole
572 1985 622 2015 vel
645 1985 734 2015 luna.
750 2003 773 2007 —
788 1986 879 2016 Alius
895 1995 971 2016 usus
988 1991 1034 2016 est
1049 1985 1088 2016 ad
1103 1986 1259 2016 maiorem
1281 1985 1451 2026 perfectio-

385 2037 470 2060 nem.
495 2029 536 2059 Et
551 2029 596 2059 sic
611 2029 712 2059 homo
736 2029 803 2059 aliis
828 2030 978 2060 creaturis
1001 2034 1123 2060 utetur:
1148 2039 1216 2060 non
1232 2035 1340 2060 tamen
1360 2030 1451 2069 quasi

385 2073 568 2104 necessariis
584 2072 623 2103 ad
638 2072 891 2113 perveniendum
906 2074 940 2103 in
956 2072 1064 2109 finem,
1081 2074 1162 2104 sicut
1177 2083 1265 2104 nunc
1282 2074 1326 2104 eis
1341 2074 1450 2104 utitur.

439 2117 490 2146 An
515 2126 634 2147 saxrum
657 2126 817 2148 monimum
840 2117 930 2157 quod
958 2118 1038 2147 ratio
1062 2118 1116 2148 illa
1139 2123 1186 2148 est
1208 2118 1310 2148 Rabbi
1334 2118 1449 2159 Moysi,

385 2161 441 2201 qui
465 2161 600 2192 omnino
623 2161 804 2201 improbare
820 2162 930 2192 nititur
951 2160 1111 2192 mundum
1131 2167 1263 2202 propter
1281 2163 1450 2192 hominem

384 2214 452 2235 esse
475 2204 596 2236 factum
619 2206 645 2235 ὕ.
680 2205 774 2236 Unde
798 2206 860 2236 hoc
885 2205 974 2246 quod
996 2206 1030 2237 in
1054 2207 1151 2236 veteri
1176 2206 1385 2237 Testamento
1410 2206 1450 2237 de

383 2250 591 2279 innovatione
623 2249 736 2280 mundi
767 2250 897 2290 legitur,
922 2250 1005 2280 sicut
1034 2256 1122 2290 patet
1148 2251 1181 2281 in
1209 2251 1450 2282 auctoritatibus

383 2293 480 2323 Isaiae
495 2293 633 2324 inductis
645 2295 671 2330 ἢ
685 2293 760 2325 dicit
776 2304 843 2325 esse
859 2295 1078 2334 metaphorice
1095 2294 1217 2326 dictum
1230 2296 1283 2326 *ἢ
1305 2300 1350 2331 111,
1368 2296 1450 2326 sicut

383 2338 478 2368 alicui
502 2337 616 2369 dicitur
637 2338 838 2369 obtenebrari
858 2339 906 2369 sol
927 2338 1058 2379 quando
1075 2339 1107 2370 in
1124 2349 1275 2379 magnam
1293 2340 1450 2370 tristitiam

381 2381 502 2418 incidit,
527 2387 563 2412 ut
585 2383 705 2414 nesciat
729 2382 806 2423 quid
829 2382 933 2419 faciat,
955 2384 1011 2423 qui
1036 2384 1130 2414 etiam
1154 2383 1271 2415 modus
1294 2383 1450 2424 loquendi

382 2431 556 2458 consuetus
580 2432 627 2457 est
642 2427 675 2457 in
692 2427 854 2467 Scriptura
869 2428 905 2464 *ς
930 2428 973 2458 ita
989 2429 1085 2461 etiam
1109 2437 1126 2458 e
1151 2429 1310 2459 contrario
1335 2429 1450 2459 dicitur

382 2471 411 2501 ei
434 2471 483 2502 sol
506 2472 606 2511 magis
629 2471 736 2502 lucere
760 2477 792 2502 et
814 2477 901 2504 totus
924 2471 1066 2503 mundus
1089 2473 1236 2503 innovari
1258 2473 1389 2513 quando
1411 2483 1449 2504 ex

381 2521 464 2546 statu
487 2516 628 2546 tristitiae
651 2516 685 2546 111
708 2517 881 2548 maximam
905 2517 1134 2548 exultationem
1158 2518 1363 2548 convertitur.

436 2558 499 2593 Sed
530 2560 593 2590 hoc
623 2559 765 2591 dissonat
794 2561 833 2591 ab
864 2562 1104 2592 auctoritatibus
1135 2567 1166 2592 et
1194 2562 1449 2602 expositionibus

381 2602 583 2637 Sanctorum.
607 2603 701 2636 Unde
724 2605 839 2637 rationi
862 2605 907 2635 illi
930 2605 1080 2636 inductae
1103 2606 1167 2637 hoc
1190 2605 1291 2637 modo
1315 2616 1448 2646 respon-

381 2646 524 2681 dendum
540 2653 596 2684 est,
614 2648 713 2688 quod,
727 2650 872 2689 quamvis
889 2659 1025 2689 corpora
1041 2650 1187 2683 caelestia
1202 2651 1340 2681 maxime
1357 2660 1448 2682 exce-

381 2691 456 2722 dant
486 2702 604 2733 corpus
633 2693 791 2729 hominis,
815 2698 922 2724 tamen
952 2694 1056 2725 multo
1086 2694 1159 2734 plus
1189 2694 1312 2725 excedit
1342 2696 1448 2726 anima

379 2736 540 2768 rationalis
570 2746 707 2777 corpora
737 2737 883 2768 caelestia
915 2748 1014 2778 quarn
1044 2739 1113 2778 ipsa
1143 2738 1297 2770 excedant
1330 2749 1447 2780 corpus

379 2780 568 2812 humanum.
593 2780 687 2812 Unde
707 2791 775 2813 non
792 2787 839 2813 est
854 2783 1085 2814 inconveniens
1100 2784 1127 2814 si
1143 2792 1278 2824 corpora
1302 2784 1447 2815 caelestia

379 2830 510 2865 propter
539 2826 706 2856 hominem
735 2836 803 2857 esse
831 2826 913 2857 facta
941 2826 1104 2858 dicantur:
1138 2837 1206 2858 non
1234 2834 1342 2859 tamen
1365 2829 1448 2859 sicut

1074 178 1337 225 QUAESTIO
1368 178 1465 223 XCI,
1491 178 1784 216 ARTICULUS
1813 178 1863 214 IV

1508 257 1654 287 claritati:
1681 266 1756 287 cum
1781 265 1898 296 corpus
1922 256 2043 287 clarum
2068 263 2215 297 oporteat
2237 257 2470 288 condensatum
2490 267 2572 294 esse;

1507 300 1594 331 unde
1616 301 1725 330 raritas
1748 301 1827 331 aeris
1843 310 1911 331 non
1926 300 2052 331 videtur
2070 301 2160 341 quod
2183 302 2286 341 possit
2309 302 2483 333 claritatem
2497 303 2573 342 pati.

1507 345 1548 375 Et
1571 345 1714 375 similiter
1737 354 1798 375 nec
1822 344 1959 375 densitas
1989 350 2106 381 terrae,
2132 355 2214 386 quae
2243 346 2451 386 pervietatem
2479 347 2572 378 tollit.

1506 389 1592 428 Ergo
1616 398 1684 419 non
1708 394 1814 429 potest
1837 398 1905 419 esse
1929 389 2018 429 quod
2043 390 2200 420 elementa
2221 390 2417 421 innoventur
2438 399 2496 431 per
2519 391 2574 421 ali-

1475 441 1484 462 5
1508 434 1600 463 cuius
1625 433 1771 463 claritatis
1795 433 2001 464 additionem.

1563 477 1592 508 3.
1617 478 1820 513 PRAETERBA‚
1845 483 1969 508 constat
1993 477 2082 518 quod
2107 478 2247 509 damnati
2271 484 2364 509 erunt
2385 479 2420 508 in
2442 484 2525 509 terra
2546 480 2573 509 ὗ.

1507 521 1570 552 Sed
1600 522 1659 562 ipsi
1691 527 1783 552 erunt
1807 522 1840 552 in
1865 522 2019 558 tenebris,
2044 532 2112 553 non
2140 523 2246 553 solum
2276 523 2496 559 interioribus,
2520 522 2576 553 sed

1507 566 1602 596 etiam
1619 566 1834 597 exterioribus
1850 567 1876 597 ἦ
1900 567 1986 607 Ergo
2010 572 2091 597 terra
2106 577 2174 598 non
2198 567 2359 598 dotabitur
2381 567 2520 597 claritate
2542 567 2576 597 in

1507 610 1560 641 illa
1584 611 1803 641 innovatione.
1827 611 1869 641 Et
1892 611 2004 642 eadem
2028 612 2152 642 ratione
2174 621 2235 642 nec
2259 612 2319 642 alia
2343 611 2511 642 elementa.

1562 664 1593 694 4.
1619 655 1815 691 Pinara-mm,
1831 655 2057 695 multiplicatio
2074 655 2221 686 claritatis
2237 657 2271 686 in
2286 656 2453 687 elemenu's
2467 656 2576 686 multi—

1508 699 1604 739 plicat
1629 700 1778 730 calorem.
1803 699 1837 730 Si
1852 700 1947 740 igitur
1963 701 1995 731 in
2012 700 2064 730 illa
2080 701 2290 731 innovatione
2314 701 2372 731 erit
2394 701 2497 731 maior
2513 700 2575 731 cla-

1507 744 1581 774 ritas
1605 745 1840 775 elementorum
1869 754 1967 785 quam
1990 754 2078 775 nunc
2101 745 2157 781 sit,
2181 746 2240 775 erit
2263 746 2359 776 etiam
2381 754 2439 785 per
2463 754 2576 775 conse-

1509 798 1611 828 quens
1627 790 1731 819 maior
1746 788 1896 819 caliditas.
1919 789 1960 820 Et
1974 790 2018 820 sic
2034 789 2159 820 videtur
2176 789 2266 830 quod
2281 790 2577 820 transmutabuntur

1508 843 1527 863 a
1550 834 1615 863 suis
1637 834 1833 864 naturalibus
1857 834 2077 873 qualitatibus,
2103 843 2186 874 quae
2216 839 2291 865 sunt
2321 835 2366 864 eis
2396 833 2576 864 secundum

1469 888 1491 908 ις
1509 883 1628 908 00113111
1650 887 1844 908 mensuram.
1869 878 1968 916 Quod
1993 884 2039 909 est
2062 878 2245 909 absurdum.

1566 923 1595 952 5.
1618 922 1815 958 Prummu,
1832 923 1957 953 bonum
1980 924 2130 959 universi,
2147 923 2238 963 quod
2254 923 2399 953 consistit
2413 923 2447 953 in
2463 922 2576 953 ordine

1509 971 1540 996 et
1561 967 1739 1003 harmonia,
1763 966 1889 1006 dignius
1920 973 1967 998 est
1997 977 2094 1007 quam
2124 969 2250 998 bonum
2281 968 2415 998 alicuius
2443 973 2576 998 naturae

1508 1010 1674 1050 singularis
1689 1012 1715 1040 *.
1741 1010 1814 1044 Sed,
1831 1012 1857 1041 si
1880 1021 1945 1042 una
1968 1018 2111 1042 creatura
2134 1011 2288 1043 efficiatur
2309 1012 2434 1048 melior,
2454 1011 2576 1042 tollitur

1508 1054 1633 1084 bonum
1656 1056 1814 1085 universi:
1847 1056 1923 1095 quia
1951 1065 2019 1086 non
2049 1057 2226 1087 remanebit
2257 1056 2369 1087 eadem
2398 1057 2575 1087 harmonia.

1467 1111 1494 1126 20
1508 1098 1605 1138 Ergo,
1622 1099 1648 1128 si
1664 1108 1800 1138 corpora
1824 1099 2038 1136 elementaria,
2055 1110 2138 1140 quae
2153 1100 2332 1131 secundum
2350 1100 2484 1141 gradum
2500 1110 2576 1132 suae

1507 1148 1639 1173 naturae
1670 1152 1769 1183 quem
1798 1148 1909 1173 tenent
1935 1144 1969 1174 in
1993 1144 2159 1181 universo,
2184 1145 2331 1176 claritatis
2361 1145 2479 1176 debent
2508 1154 2576 1176 esse

1509 1187 1658 1226 expertia,
1683 1187 1857 1218 claritatem
1880 1188 2044 1228 recipiant,
2068 1189 2169 1229 magis
2192 1199 2231 1220 ex
2253 1189 2317 1220 hoc
2340 1188 2483 1230 deperiet
2504 1198 2576 1229 per-

1508 1230 1604 1261 fectio
1629 1232 1768 1262 universi
1792 1241 1890 1272 quam
1914 1238 2082 1263 accrescet.

1564 1275 1626 1306 San
1652 1285 1775 1306 CONTRA
1798 1286 1856 1307 asr-
1876 1276 1967 1317 quod
1989 1276 2104 1308 dicitur
2119 1278 2219 1318 Apoc.
2235 1287 2287 1308 11111
2303 1278 2336 1308 ⁴⁶:
2359 1277 2429 1308 Vidi
2451 1278 2576 1308 caelum

1467 1332 1491 1352 25
1509 1329 1628 1350 novum
1658 1325 1690 1351 et
1718 1326 1840 1351 terram
1873 1331 2000 1352 novam.
2035 1321 2099 1353 Sed
2128 1321 2254 1352 caelum
2285 1322 2491 1353 innovabitur
2520 1331 2578 1362 per

1508 1365 1664 1395 maiorem
1681 1365 1863 1396 claritatem.
1877 1366 1963 1406 Ergo
1977 1371 2008 1396 et
2018 1371 2109 1397 terra.
2123 1366 2164 1397 Et
2175 1366 2319 1397 similiter
2331 1366 2392 1397 alia
2407 1366 2576 1397 elementa.

1565 1419 1594 1439 2.
1618 1409 1820 1446 Pmmnnm,
1846 1419 1982 1451 corpora
2009 1410 2160 1441 inferiora
2188 1410 2318 1442 fuerunt
2339 1411 2374 1442 in
2397 1420 2494 1442 usum
2516 1411 2576 1442 ho-

1507 1454 1603 1484 minis
1628 1454 1710 1484 sicut
1727 1460 1757 1484 et
1778 1455 1952 1495 superiora.
1977 1454 2041 1486 Sed
2065 1461 2208 1486 creatura
2230 1456 2405 1496 corporalis
2427 1465 2578 1486 remune-

1508 1498 1627 1528 rabitur
1658 1504 1790 1539 propter
1821 1499 2034 1530 ministerium
2067 1499 2158 1540 quod
2188 1500 2314 1531 homini
2346 1500 2508 1531 exhibuit:
2540 1506 2578 1531 ut

1508 1586 1776 1623 clarificabuntur,
1800 1589 1883 1618 sicut
1906 1594 1938 1619 et
1961 1589 2021 1619 alia
2044 1598 2181 1629 corpora
2203 1589 2360 1620 caelestia.

1565 1631 1594 1662 3.
1619 1632 1816 1669 Pmraana,
1834 1642 1952 1673 corpus
1976 1633 2117 1664 hominis
2133 1638 2180 1664 est
2196 1643 2234 1664 ex
2247 1633 2417 1664 'elementis
2439 1642 2576 1674 compo-

1507 1677 1614 1707 situm.
1646 1677 1732 1716 Ergo
1763 1683 1867 1717 partes
1898 1677 2133 1708 elementorum
2163 1687 2246 1718 quae
2276 1683 2351 1709 sunt
2378 1678 2412 1709 in
2440 1687 2577 1718 corpore

1506 1721 1657 1756 hominis,
1681 1720 1859 1761 glorificato
1883 1722 2026 1758 homine,
2050 1721 2315 1762 glorificabuntur
2337 1731 2396 1763 per
2417 1723 2576 1763 receptio-

1467 1775 1490 1795 ³5
1506 1774 1582 1795 nem
1606 1765 1752 1795 claritatis
1767 1766 1794 1795 *.
1819 1764 1883 1796 Sed
1905 1765 2041 1796 eandem
2065 1767 2217 1797 convenit
2239 1776 2308 1798 esse
2331 1766 2576 1807 dispositionem

1506 1810 1605 1884 11011115
1629 1815 1660 1839 01
1682 1810 1788 1850 partis.
1822 1810 1908 1850 Ergo
1933 1815 1964 1840 et
1986 1811 2055 1850 ipsa
2078 1811 2237 1841 elementa
2260 1811 2412 1842 convenit
2435 1811 2576 1842 claritate

1529 1854 1619 1884 otari.

1561 1898 1751 1928 Rusponnno
1783 1895 1943 1940 mea-unum
1973 1898 2079 1939 quod,
2103 1899 2187 1930 sicut
2209 1905 2256 1929 est
2280 1899 2360 1930 ordo
2389 1899 2575 1931 caelestium

1507 1943 1677 1982 spirituum
1701 1942 1740 1972 ad
1763 1943 1891 1982 spiritus
1914 1948 2066 1979 terrenos,
2091 1943 2211 1974 scilicet
2234 1944 2404 1980 humanos,
2419 1944 2464 1974 ita
2478 1944 2575 1975 etiam

1466 1995 1493 2015 40
1508 1991 1555 2016 est
1578 1986 1658 2016 ordo
1683 1987 1868 2016 caelestium
1892 1996 2067 2027 corporum
2083 1987 2122 2017 ad
2138 1997 2275 2027 corpora
2296 1988 2462 2019 terrestria.
2487 1987 2574 2020 Cum

1507 2035 1615 2060 autem
1639 2035 1781 2060 creatura
1805 2030 1979 2070 corporalis
2003 2031 2042 2061 sit
2061 2030 2143 2062 facta
2165 2037 2298 2072 propter
2319 2032 2527 2072 spiritualem,
2543 2038 2575 2064 et

1506 2083 1564 2114 per
1580 2083 1651 2104 eam
1666 2079 1793 2114 regatur
1804 2075 1830 2110 *,
1848 2079 1976 2114 oportet
1990 2075 2134 2106 similiter
2149 2075 2278 2116 disponi
2299 2076 2479 2117 corporalia
2492 2076 2575 2107 sicut

1507 2123 1538 2148 et
1554 2118 1727 2158 spiritualia
1750 2118 1975 2158 disponuntur.
2001 2119 2036 2150 In
2052 2119 2105 2150 illa
2120 2125 2229 2151 autem
2244 2120 2358 2152 ultima
2372 2129 2480 2151 rerum
2496 2129 2574 2152 con-

1506 2163 1723 2193 summatione
1738 2163 1867 2203 spiritus
1882 2162 2049 2194 inferiores
2072 2164 2231 2204 accipient
2253 2165 2464 2206 proprietates
2479 2174 2575 2206 supe-

1465 2215 1488 2235 45
1506 2208 1628 2237 riorum
1655 2207 1845 2247 spirituum:
1880 2208 1955 2248 quia
1984 2208 2133 2239 homines
2165 2214 2263 2239 erunt
2292 2209 2376 2240 sicut
2406 2210 2519 2251 angeli
2541 2210 2574 2240 in

1506 2251 1614 2287 caelis,
1639 2252 1721 2282 sicut
1744 2251 1859 2282 dicitur
1882 2252 1994 2283 Matth.
2019 2262 2083 2283 xxn
2098 2254 2124 2283 ’.
2150 2252 2191 2284 Et
2213 2254 2277 2284 hoc
2300 2254 2359 2284 erit
2380 2254 2572 2294 inquantum

1506 2295 1546 2326 ad
1569 2296 1741 2326 maximam
1770 2295 2004 2336 perfectionem
2034 2297 2182 2328 deveniet
2211 2297 2245 2328 id
2274 2297 2454 2330 secundum
2484 2298 2574 2339 quod

1506 2341 1666 2371 humanus
1682 2341 1810 2380 spiritus
1827 2350 1902 2371 cum
1918 2341 2064 2381 angelico
2082 2343 2243 2373 convenit.
2265 2341 2359 2374 Unde
2376 2343 2471 2373 etiam
2487 2343 2574 2374 simi-

1505 2385 1585 2421 liter,
1602 2394 1678 2415 cum
1695 2394 1831 2425 corpora
1853 2384 2005 2416 inferiora
2028 2395 2103 2416 cum
2127 2386 2315 2417 caelestibus
2338 2396 2406 2418 non
2425 2396 2573 2418 commu-

1465 2437 1491 2457 50
1504 2430 1614 2459 nicent
1635 2429 1696 2459 nisi
1719 2429 1753 2459 in
1776 2435 1888 2460 natura
1911 2430 1991 2460 lucis
2015 2436 2047 2460 et
2070 2430 2230 2471 diaphani,
2252 2437 2288 2462 ut
2311 2430 2427 2463 dicitur
2441 2432 2474 2462 in
2491 2432 2518 2462 11
2533 2431 2574 2463 de

1504 2474 1622 2504 Anima
1634 2474 1661 2509 *,
1678 2478 1807 2513 oportet
1830 2483 1966 2514 corpora
1988 2474 2139 2506 inferiora
2162 2476 2301 2506 maxime
2323 2474 2434 2516 perfici
2457 2485 2572 2507 secun·
2600 2482 2610 2492 ·

1505 2518 1583 2548 dum
1606 2518 1790 2548 claritatem.
1823 2518 1918 2549 Unde
1949 2519 2059 2550 omnia
2090 2519 2248 2550 elementa
2270 2520 2410 2551 claritate
2433 2520 2572 2561 quadam

1503 2563 1687 2593 vestientur.
1721 2562 1798 2593 Non
1827 2568 1935 2593 tamen
1966 2564 2156 2604 aequaliter,
2180 2564 2237 2595 sed
2265 2564 2445 2596 secundum
2474 2574 2571 2597 suum

1503 2606 1657 2637 modum:
1682 2612 1763 2637 terra
1786 2607 1884 2643 enim,
1901 2613 1937 2638 ut
1955 2607 2079 2645 dieitur,
2096 2609 2154 2639 erit
2178 2609 2212 2639 in
2232 2608 2402 2650 superficie
2425 2610 2572 2640 exteriori

1464 2658 1486 2679 55
1503 2651 1612 2691 pervia
1635 2651 1717 2682 sicut
1739 2652 1867 2687 vitrum,
1892 2661 1976 2692 aqua
1998 2653 2081 2683 sicut
2105 2653 2279 2694 crystallus,
2298 2663 2352 2684 aer
2374 2659 2411 2684 ut
2433 2653 2570 2691 caelum,

1503 2696 1585 2736 ignis
1608 2701 1644 2726 ut
1667 2695 1835 2726 luminaria
1859 2696 1948 2727 caeli.

1547 2740 1599 2770 Ar>
1623 2749 1740 2770 9111111111
1763 2749 1846 2770 aneo
1870 2750 2031 2772 mmmmm
2054 2741 2144 2781 quod
2166 2742 2333 2772 innovatio
2355 2742 2470 2773 mundi
2485 2741 2571 2774 ordi—

1502 2789 1596 2815 natur
1611 2783 1651 2815 ad
1666 2785 1730 2814 hoc
1753 2784 1843 2824 quod
1865 2785 1967 2815 homo
1991 2786 2086 2816 etiam
2110 2795 2206 2818 sensu
2228 2786 2262 2817 in
2281 2787 2471 2827 corporibus
2486 2796 2570 2828 quo-

1503 2828 1678 2859 dammodo
1694 2837 1752 2869 per
1766 2828 1933 2860 manifesta
1956 2829 2073 2860 indicia
2096 2829 2293 2862 divinitatem
2315 2830 2422 2862 videat
2434 2832 2462 2862 “.
2485 2831 2571 2863 Inter
2598 2835 2610 2846 ·

378 2874 510 2909 propter
532 2871 741 2911 principalem
764 2870 873 2907 finem,
899 2871 974 2911 quia
996 2872 1179 2913 principalis
1203 2871 1275 2903 finis
1299 2874 1447 2904 omniurn
1461 2879 1488 2899 ⁶0
1501 2882 1613 2904 sensus
1637 2878 1745 2903 autem
1768 2878 1896 2904 nostros
1918 2874 2111 2914 spiritualior
2134 2880 2181 2906 est
2203 2875 2290 2906 visus
2309 2880 2340 2906 et
2355 2875 2512 2907 subtilior.
2527 2875 2570 2906 Et

379 2913 468 2945 Deus
492 2919 548 2947 est.

521 2988 620 3019 ART.
646 2989 698 3019 IV.
724 2999 828 3022 UTRUM
852 3000 1015 3025 emmanu
1039 3000 1221 3022 mNOVANDA
1245 3001 1312 3022 stu-r

578 3043 636 3067 PER
658 3043 874 3067 RECEPTIONEM
897 3044 1038 3069 amemus
1062 3045 1241 3068 CLARITATIS

592 3083 675 3111 Supra,
690 3088 732 3106 art.
747 3090 769 3112 2,
782 3085 810 3106 ad
824 3091 847 3112 53
865 3085 901 3109 Aa
914 3085 987 3113 Rom„
1002 3091 1054 3114 cap.
1069 3092 1117 3111 vm,
1132 3086 1185 3110 leet.
1200 3092 1231 3108 w.

381 3143 464 3207 Ab
481 3143 629 3165 Quantum
645 3144 691 3166 sm
706 3144 910 3167 PROCEDITUR.
931 3135 1064 3168 Videtur
1087 3136 1177 3176 quod
1198 3136 1355 3168 elementa
1377 3147 1445 3169 non

400 3186 403 3189 ³
444 3177 683 3212 innovabuntur
699 3189 756 3219 per
775 3180 995 3219 receptionem
1019 3181 1153 3212 alicuius
1174 3181 1331 3212 claritatis.
1355 3181 1445 3213 Sicut

381 3221 466 3254 enim
481 3222 535 3255 lux
552 3228 599 3252 est
614 3223 748 3262 qualitas
769 3225 912 3264 corporis
934 3225 1076 3258 caelestis
1091 3226 1230 3265 propria.
1247 3226 1291 3257 ita
1306 3225 1445 3257 calidum

380 3270 411 3296 et
434 3264 595 3305 frigidum,
618 3267 789 3300 humidum
813 3273 844 3298 et
866 3268 999 3304 siccum,
1016 3274 1090 3302 sunt
1113 3270 1280 3309 qualitates
1304 3270 1444 3301 elemen-

1501 2917 1576 2948 ideo
1608 2923 1766 2957 quantum
1792 2917 1832 2948 ad
1856 2917 2022 2958 qualitates
2051 2919 2183 2955 visivas,
2208 2928 2344 2960 quarum
2372 2919 2568 2960 principium

1502 2967 1549 2992 est
1564 2962 1629 2998 lux,
1647 2967 1775 3002 oportet
1791 2963 1901 2995 omnia
1916 2971 2053 3003 corpora
2067 2962 2218 2995 inferiora
2239 2964 2379 2995 maxime
2395 2963 2566 2996 meliorari.

1501 3005 1678 3044 Qualitates
1701 3011 1810 3037 autem
1834 3006 2041 3038 elementares
2063 3008 2224 3048 pertinent
2246 3006 2286 3039 ad
2301 3012 2431 3044 tactum,
2449 3007 2506 3048 qui
2522 3013 2568 3038 est

1500 3051 1639 3081 maxime
1662 3050 1847 3081 materialis:
1873 3056 1904 3082 et
1920 3060 2030 3082 earum
2054 3060 2200 3082 excessus
2223 3051 2452 3082 contrarietatis
2466 3052 2568 3092 magis

1459 3098 1483 3125 61
1501 3100 1548 3125 est
1571 3095 1807 3125 contristativus
1822 3104 1921 3135 quam
1937 3094 2153 3126 delectativus.
2177 3095 2332 3126 Excessus
2355 3100 2464 3126 autem
2486 3095 2567 3128 lucis

1502 3139 1560 3170 erit
1583 3138 1792 3169 delectabilis:
1818 3148 1894 3170 cum
1917 3140 2172 3170 contrarietatem
2187 3147 2255 3170 11011
2271 3138 2386 3170 habeat
2407 3140 2469 3170 nisi
2491 3149 2568 3181 pro-

1500 3189 1570 3223 pter
1593 3183 1704 3223 organi
1728 3182 1933 3220 debilitatem,
1958 3192 2041 3223 quae
2063 3189 2142 3214 tunc
2163 3191 2232 3213 non
2256 3183 2322 3214 erit.

1555 3227 1607 3258 At>
1631 3237 1794 3258 sncmmmt
1816 3237 1976 3259 melmun
1997 3226 2088 3267 quod
2109 3235 2163 3258 aer
2184 3235 2253 3257 non
2276 3227 2335 3257 erit
2358 3227 2461 3258 clarus
2483 3229 2567 3261 sicut

1499 3270 1606 3302 radios
1628 3272 1810 3311 proiiciens,
1827 3270 1883 3302 sed
1897 3271 1980 3302 810111
2002 3270 2198 3311 diaphanum
2216 3270 2443 3303 illuminatum.
2467 3272 2567 3304 Terra

379 3313 497 3342 torum.
522 3310 618 3350 Ergo,
642 3311 724 3345 sicut
748 3312 873 3345 caelum
896 3313 1068 3346 innovatur
1082 3322 1140 3353 per
1155 3319 1365 3354 augmentum
1381 3315 1444 3345 cla-
1459 3324 1486 3345 ⁷0
1499 3325 1594 3351 vero,
1619 3316 1765 3355 quamvis
1789 3324 1827 3345 ex
1849 3319 1961 3345 natura
1987 3324 2045 3345 sua
2067 3315 2260 3355 opacitatem
2290 3316 2406 3347 habeat
2434 3322 2567 3357 propter

379 3352 477 3386 ritatis
492 3354 519 3389 ἡ
535 3354 579 3385 im
598 3353 714 3388 debent
729 3355 874 3392 innovari
891 3356 1048 3387 elementa
1063 3366 1120 3397 per
1140 3363 1350 3397 augmentum
1366 3368 1444 3399 qua-

380 3395 505 3431 litatum
528 3398 702 3431 antivarum
725 3404 756 3430 et
778 3400 984 3439 passivarum.

438 3449 466 3470 2.
490 3441 686 3477 Paaaraaaa,
702 3452 809 3474 rarum
826 3448 857 3474 et
872 3442 1008 3475 densum
1023 3450 1098 3476 sunt
1113 3446 1261 3485 propriae
1277 3446 1444 3485 qualitates

381 3483 625 3521 elementorum,
650 3495 729 3525 quas
752 3486 909 3518 elementa
925 3488 958 3517 in
973 3487 1026 3518 illa
1042 3489 1250 3520 innovatione
1268 3499 1335 3520 non
1352 3490 1443 3520 amit-

1499 3358 1663 3390 defectum
1685 3359 1782 3395 lucis,
1805 3363 1914 3390 tamen
1937 3367 1975 3389 ex
1998 3357 2104 3390 divina
2126 3359 2243 3390 virtute
2266 3361 2300 3390 in
2323 3361 2373 3391 sui
2395 3360 2565 3402 superficie

1498 3403 1600 3443 gloria
1623 3403 1770 3433 claritatis
1792 3403 1953 3438 vestietur,
1969 3402 2038 3433 sine
2053 3403 2250 3443 praeiudicio
2274 3404 2436 3436 densitatis
2454 3406 2564 3446 ipsius.

1553 3447 1606 3477 An
1632 3455 1767 3476 τιιτισκ
1794 3455 1952 3476 oscannum
1980 3446 2070 3486 quod
2097 3447 2130 3478 in
2156 3447 2232 3479 loco
2262 3448 2378 3480 inferni
2407 3458 2476 3480 non
2507 3450 2566 3480 erit

1498 3495 1580 3520 terra
1608 3488 1784 3530 glorificata
1814 3499 1871 3529 per
1900 3490 2093 3522 claritatem:
2127 3490 2183 3522 sed
2213 3492 2289 3523 loco
2319 3493 2416 3524 huius
2444 3493 2565 3534 gloriae

381 3531 450 3561 tent
460 3528 487 3558 “.
504 3527 566 3558 Sed
577 3530 684 3560 raritas
697 3535 728 3559 et
743 3529 880 3561 densitas
892 3530 1127 3563 elementorum
1142 3533 1285 3563 resistere
1296 3532 1443 3564 videntur
1457 3545 1482 3567 75
1498 3533 1627 3564 habebit
1658 3542 1730 3573 pars
1759 3533 1812 3563 illa
1842 3539 1941 3565 terrae
1973 3535 2100 3575 spiritus
2132 3537 2301 3568 rationales
2333 3537 2504 3568 hominum
2533 3543 2566 3568 et

2602 485 2611 495 ·
2633 484 2670 506 ct.
2692 484 2752 507 infra
2774 491 2814 513 qu.

2601 516 2673 536 xevn,
2690 515 2732 533 art.
2747 518 2768 540 7.

2603 573 2612 583 ·
2617 571 2697 594 Matth.
2703 578 2753 600 cap.
2762 578 2814 600 vin,

2603 604 2816 626 vers-nucapaxn,

2603 631 2662 647 vers.
2669 631 2700 654 13:
2707 631 2817 653 cap.xxv,

2603 657 2663 674 vers.
2677 658 2713 680 30.

2603 1021 2613 1030 ·
2623 1019 2721 1041 Aristot.
2729 1017 2807 1040 Emit.

2603 1045 2703 1094 ’.111
2719 1034 2819 1094 afa-ff

2605 1284 2696 1308 ’να-8.
2711 1292 2731 1308 1.

1469 1554 1494 1574 xo
1507 1542 1633 1573 videtur
1656 1543 1761 1574 dicere
1786 1543 1901 1574 Glossa
1916 1545 1933 1560 ⁴*
1947 1544 2041 1575 Rom.
2058 1554 2113 1575 vm
2129 1545 2173 1574 ’ἦ
2197 1544 2284 1585 Ergo
2301 1545 2396 1577 etiam
2419 1545 2578 1576 elementa
2604 1549 2680 1573 ‘on-d.
2692 1553 2715 1572 et
2731 1549 2816 1573 Lomb.

2603 1583 2633 1600 ex
2730 1579 2819 1600 o-Am-

2604 1604 2668 1626 bron.

2605 1631 2627 1643 ⁸·
2640 1630 2709 1653 vern.
2723 1635 2758 1652 aa.

2601 2080 2612 2091 '¹
2677 2079 2728 2102 ..de
2739 2079 2818 2106 m,

2601 2105 2644 2128 lib.
2716 2111 2768 2134 ean.
2782 2111 2816 2129 nv.

2601 2256 2612 2268 ⁸
2627 2255 2693 2279 Vere.
2707 2262 2746 2286 3⁰·
