2878 4088
149 627 160 636 ¹·
183 623 258 645 Exod.
284 629 310 644 ca
329 638 334 644 .

149 656 302 672 xxxiv.vers.i
329 657 334 675 ;

150 678 217 699 Dent.
235 683 284 704 cap.
294 683 333 699 vn.

151 711 210 726 vers.
226 710 246 732 3.

150 733 172 742 '⁸
192 731 260 752 Deut.
283 735 334 757 cap.

151 764 191 785 vn,
203 763 262 779 vers.
278 762 298 778 2.

152 895 247 918 ‘Exod.
259 901 285 917 ca
305 911 309 916 .
323 901 349 921 11,

151 929 210 945 vers.
226 928 263 947 21:
304 928 348 943 um.

151 956 193 978 cap
213 955 318 975 xn‚vers.
331 956 349 970 ι.

153 1306 162 1315 ·
177 1303 211 1325 Cf.
232 1303 275 1324 1⁵⁰¹
299 1303 346 1325 11⁸⁶
357 1320 362 1327 .

152 1336 254 1378 {anfi-cv,
276 1334 318 1351 art.
334 1337 361 1356 4.

158 1608 168 1617 ⁴
177 1606 202 1627 ln
218 1611 323 1632 corpore.

157 2004 166 2012 ·
181 2002 239 2024 Dist.
256 2008 287 2026 ix.
298 2008 337 2029 qu.
351 2008 367 2029 ι,

156 2032 197 2050 art.
215 2036 233 2053 ι,
249 2029 293 2056 qua
310 2036 328 2051 ι.

159 2589 168 2598 ·
176 2587 223 2614 Qu.
232 2592 288 2613 xm,
298 2590 339 2608 art.
350 2594 368 2608 ι.

156 2632 165 2641 ·
187 2630 245 2652 Dist.
267 2630 367 2656 XXXII,

157 2663 208 2679 can.
251 2657 368 2683 Praeter,

158 2687 269 2732 pffr‘tihei'n,
289 2683 368 2706 Gloss-

161 2856 167 2862 ”
182 2853 233 2874 Art.
249 2852 355 2880 praeced.

159 3076 169 3086 ‘
183 3074 241 3096 Ibid.

161 3249 170 3258 ‘
187 3247 223 3268 De
240 3246 371 3269 Adulter-in.

163 3273 264 3301 Coniug.
286 3273 324 3295 lib.
349 3273 371 3299 Ι,

162 3306 295 3348 ῗῗὲωἴῖἕὲὲ
304 3326 371 3348 mm.

163 3426 172 3434 ·
182 3424 229 3451 Qu.
236 3425 373 3449 xuxmrtd.

164 3485 172 3493 ·
183 3481 267 3503 Lomb.
279 3484 300 3502 et
316 3480 372 3502 Ord.

163 3509 213 3530 siue
219 3514 282 3530 nom.
289 3507 377 3529 exPro-

162 3541 266 3583 ῗῖἳῗὲὶ..
282 3566 315 3588 23.

393 202 464 228 120

387 271 427 301 Et
450 270 534 305 ideo,
551 271 576 300 si
592 270 654 299 sint
670 269 810 299 diversae
826 268 911 305 fidei,
929 270 1064 299 intentio
1088 270 1183 299 unius
1199 269 1326 299 alterius
1349 269 1452 298 inten-

386 315 466 345 tioni
490 314 647 344 contraria
670 314 737 343 erit.
762 313 803 343 Et
825 314 869 344 ita
892 323 960 344 non
975 319 1082 354 potest
1105 314 1186 344 inter
1210 323 1265 343 eos
1290 322 1358 343 esse
1374 314 1462 342 con-'

387 359 517 389 veniens
545 358 796 388 matrimonium.
832 358 873 388 Et
901 364 1033 398 propter
1063 359 1126 388 hoc
1155 357 1318 398 disparitas
1349 357 1453 387 cultus

387 402 580 443 praecedens
602 402 737 442 impedit
759 403 877 443 ipsum,
893 412 934 433 ne
959 403 1102 433 contrahi
1125 403 1235 442 possit.

439 448 490 477 An
515 457 631 477 panum
655 457 737 477 aizoo
761 457 921 477 memnon
945 447 1034 487 quod
1058 448 1090 477 in
1113 447 1212 477 veteri
1241 446 1311 486 lege
1336 445 1375 475 de
1398 445 1454 474 ali-
1477 455 1485 474 ς

389 492 505 532 quibus
528 491 710 522 infidelibus
733 497 798 522 erat
822 492 1012 531 permissum
1044 490 1133 531 quod
1157 500 1232 521 cum
1256 491 1300 520 eis
1323 493 1454 529 possent

388 537 467 567 inire
497 537 664 576 coniugia,
698 541 728 566 et
758 536 797 566 de
832 537 991 576 aliquibus
1020 536 1228 575 prohibitum.
1271 533 1455 574 Specialiter

389 580 520 621 quidem
544 581 742 621 prohibitum
758 586 823 611 erat
839 580 878 611 de
898 580 1078 611 infidelibus
1094 579 1308 609 habitantibus
1324 579 1357 607 in
1374 583 1453 608 terra

390 625 542 656 Chanaan
558 626 591 656 *z
617 631 687 656 tum
711 626 786 665 quia
802 625 961 655 Dominus
985 629 1189 664 praeceperat
1210 633 1265 653 eos
1289 622 1394 653 occidi
1409 623 1453 657 Ἠ,

389 675 520 710 propter
543 679 656 701 eorum
681 670 948 705 obstinationem;
973 675 1042 699 tum
1059 670 1134 708 quia
1156 668 1259 698 maius
1274 666 1455 707 periculum
1471 679 1479 692 ι

388 715 576 745 imminebat
594 724 635 744 ne
652 715 806 754 coniuges
830 720 884 744 aut
903 713 986 744 filios
1010 713 1049 743 ad
1067 712 1281 743 idololatriam
1297 716 1456 752 perverte-

389 765 469 795 rent,
487 759 562 799 quia
592 758 649 789 filii
681 759 774 788 Israel
798 758 838 788 ad
866 759 943 788 ritus
968 764 999 788 et
1021 767 1128 788 mores
1152 766 1265 787 eorum
1288 756 1456 797 proniores

390 810 478 834 erant
501 809 632 843 propter
655 803 931 834 conversationem
956 812 1030 832 eum
1055 803 1109 832 eis.
1135 800 1197 832 Sed
1221 800 1260 831 de
1289 801 1356 831 aliis
1379 810 1456 840 gen-

389 849 473 879 tibus
496 848 656 888 permisit:
681 848 853 887 praecipue
869 848 944 887 quia
959 857 1026 877 non
1050 852 1175 886 poterat
1191 855 1258 876 esse
1273 846 1370 876 timor
1385 855 1457 885 per-

389 892 533 923 trahendi
550 892 589 922 ad
604 891 826 922 idololatriam.
847 891 887 921 Et
903 892 947 921 sic
959 891 1075 931 Ioseph
1089 896 1119 921 et
1131 891 1260 931 Moyses
1272 891 1289 907 ⁴*
1302 895 1332 920 et
1345 890 1458 920 Esther
1473 906 1480 919 1

391 947 464 967 curn
488 936 669 966 infidelibus
693 936 896 966 matrimonia
921 940 1156 966 contraxerunt.

445 981 506 1011 Sed
530 981 563 1010 in
587 990 671 1010 nova
694 981 774 1020 lege,
800 989 882 1019 quae
911 989 968 1019 per
990 985 1095 1010 totum
1120 980 1231 1009 orbem
1259 978 1455 1014 diffunditur,

390 1025 499 1055 similis
515 1025 594 1054 ratio
611 1023 801 1064 prohibendi
819 1029 865 1053 est
889 1023 928 1053 de
945 1024 1095 1054 omnibus
1111 1022 1302 1053 infidelibus.
1326 1023 1368 1053 Et
1383 1022 1456 1052 ideo

390 1069 552 1109 disparitas
576 1069 680 1098 cultus
696 1067 889 1107 praecedens
912 1068 1154 1098 matrimonium
1174 1066 1309 1107 impedit
1332 1072 1457 1097 contra-

389 1113 532 1143 hendum
556 1118 587 1142 et
610 1112 727 1142 dirimit
751 1117 962 1142 contractum.

444 1157 494 1187 An
519 1167 680 1187 SECUNDUM
704 1166 863 1186 DICENDUM
894 1155 984 1196 quod
1013 1156 1063 1186 lex
1087 1155 1140 1186 illa
1162 1155 1213 1185 vel
1243 1155 1387 1195 loquitur
1417 1154 1457 1186 de

390 1201 456 1231 aliis
480 1202 663 1231 nationibus
680 1210 755 1231 cum
779 1201 895 1240 quibus
919 1201 1003 1231 licite
1020 1205 1168 1240 poterant
1191 1200 1271 1230 inire
1287 1199 1455 1239 coniugia:

388 1246 439 1276 vel
462 1246 606 1286 loquitur
629 1244 759 1285 quando
784 1245 836 1274 illa
859 1245 982 1284 captiva
1005 1244 1044 1275 ad
1068 1243 1166 1274 fidem
1189 1249 1221 1275 et
1249 1244 1372 1274 cultum
1396 1244 1457 1274 Dei

390 1291 531 1320 converti
556 1290 683 1320 volebat
698 1291 725 1319 θ.

443 1335 493 1364 An
518 1344 652 1364 ‘marum
676 1343 834 1364 DICENDUM
864 1332 954 1374 quod
983 1332 1095 1363 eadem
1119 1338 1166 1363 est
1188 1332 1343 1363 habitudo
1366 1342 1457 1373 prae-

389 1379 485 1409 sentis
498 1378 536 1409 ad
549 1388 697 1418 praesens
714 1383 744 1408 et
759 1377 859 1409 futuri
875 1378 915 1408 ad
930 1377 1085 1408 futurum.
1106 1377 1200 1408 Unde
1216 1378 1308 1414 sicut,
1325 1377 1457 1418 quando

389 1424 630 1453 matrimonium
654 1423 687 1453 in
718 1423 877 1463 praesenti
909 1423 1124 1458 contrahitur,
1150 1423 1322 1462 requiritur
1353 1422 1458 1452 unitas

390 1468 494 1498 cultus
517 1468 551 1498 in
575 1473 713 1507 utroque
737 1468 1010 1503 contrahentium;
1034 1467 1077 1497 ita
1093 1466 1132 1497 ad
1156 1467 1325 1507 sponsalia,
1341 1466 1458 1507 quibus

390 1511 426 1542 fit
448 1513 579 1552 sponsio
604 1512 702 1542 futuri
725 1512 931 1548 matrimonii,
948 1511 1064 1542 sufficit
1081 1511 1225 1542 conditio
1249 1512 1395 1552 apposita
1418 1510 1457 1541 de

390 1556 496 1588 futura
519 1558 641 1587 unitate
664 1556 779 1587 cultus.

445 1602 495 1631 An
520 1611 668 1631 QUARTUM
697 1610 856 1631 nicenmm
880 1599 970 1641 quod
984 1601 1049 1631 iam
1065 1610 1103 1631 ex
1120 1600 1210 1631 dictis
1226 1602 1243 1617 ⁴*
1266 1606 1353 1641 patet
1369 1599 1459 1641 quod

391 1645 553 1686 disparitas
577 1646 681 1676 cultus
705 1646 861 1676 contraria
885 1651 932 1676 est
954 1646 1160 1676 matrimonio
1191 1646 1314 1676 ratione
1342 1645 1459 1686 princi-

390 1691 519 1731 palioris
542 1691 619 1720 boni
643 1691 752 1730 ipsius,
771 1690 860 1730 quod
884 1696 931 1720 est
953 1691 1078 1720 bonurn
1102 1690 1211 1730 prolis.

445 1736 496 1765 An
522 1744 660 1765 ommim
676 1745 836 1764 mmmmm
852 1734 941 1775 quod
957 1735 1198 1765 matrimonium
1216 1740 1262 1765 est
1281 1744 1459 1764 sacramen-

391 1785 477 1810 tum:
499 1785 530 1809 et
545 1779 629 1815 ideo,
643 1785 800 1819 quantum
816 1781 953 1819 pertinet
969 1779 1008 1810 ad
1023 1780 1245 1809 necessitatem
1261 1780 1458 1815 sacramenti,
1475 1791 1498 1812 ις

392 1825 523 1864 requirit
546 1825 712 1864 paritatem
737 1829 894 1863 quantum
918 1824 958 1854 ad
981 1830 1214 1854 sacramentum
1238 1822 1324 1859 fidei,
1341 1824 1461 1854 scilicet

392 1869 603 1909 baptismum,
629 1869 729 1908 magis
762 1878 860 1908 quam
892 1874 1049 1909 quantum
1073 1867 1113 1898 ad
1138 1868 1323 1899 interiorem
1351 1867 1459 1899 fidem.

393 1913 486 1944 Unde
503 1914 598 1943 etiam
613 1913 676 1943 hoc
692 1912 960 1952 impedimentum
976 1923 1043 1943 non
1060 1912 1175 1943 dicitur
1195 1912 1359 1952 disparitas
1364 1913 1459 1954 fidei,

393 1957 448 1988 sed
472 1957 634 1997 disparitas
658 1958 772 1993 cultus,
790 1958 846 1997 qui
869 1958 997 1997 respicit
1020 1958 1156 1988 exterius
1177 1957 1351 1994 servitium,
1368 1963 1404 1988 ut
1426 1958 1459 1987 in

393 2002 434 2032 ΙΙΙ
464 2002 545 2032 libro
562 2003 578 2019 ἢ*
602 2001 723 2032 dictum
755 2007 811 2032 est.
836 2002 877 2032 Et
899 2008 1031 2042 propter
1060 2002 1143 2038 hoc,
1168 2002 1194 2032 si
1217 2001 1330 2041 aliquis
1358 2001 1460 2032 fidelis
1474 2019 1501 2039 4⁰

395 2056 470 2076 cum
493 2047 649 2076 haeretica
682 2046 839 2086 baptizata
869 2046 1111 2076 matrimonium
1141 2047 1323 2082 contrahat,
1347 2056 1460 2077 verum

394 2096 440 2121 est
455 2091 706 2121 matrimonium.
727 2090 883 2128 Quamvis
898 2096 1010 2130 peccet
1026 2090 1257 2126 contrahendo,
1274 2091 1300 2121 si
1315 2091 1373 2121 scit
1389 2100 1460 2121 eam

392 2135 602 2165 haereticam:
627 2135 708 2165 sicut
724 2140 871 2174 peccaret
894 2136 918 2165 si
943 2145 1018 2165 cum
1034 2136 1311 2165 excommunicata
1335 2141 1459 2166 contra-

393 2180 491 2210 heret.
516 2179 590 2211 Non
615 2185 721 2210 tamen
745 2185 877 2220 propter
900 2180 962 2210 hoc
986 2180 1228 2210 matrimonium
1249 2179 1459 2211 dirimeretur.

393 2224 434 2254 Et
457 2233 474 2254 e
498 2233 664 2260 converso,
682 2224 707 2253 si
731 2225 844 2264 aliquis
868 2224 1128 2260 catechumenus,
1144 2225 1265 2255 habens
1285 2230 1405 2255 rectam
1423 2224 1461 2255 fi-
1475 2239 1499 2260 ’,ς

394 2267 467 2298 dem
491 2267 546 2298 sed
570 2268 717 2298 nondum
747 2269 941 2309 baptizatuS,
966 2278 1041 2299 cum
1065 2269 1171 2309 aliqua
1194 2268 1281 2299 fideli
1303 2269 1462 2310 baptizata

395 2313 604 2349 contraheret,
620 2323 688 2343 non
712 2319 793 2344 esset
816 2323 928 2343 verum
951 2314 1203 2344 matrimonium.

404 2401 504 2432 ART.
521 2402 558 2432 11.
582 2411 687 2431 urium
710 2412 802 2431 mrim
825 2411 985 2432 rnrrnems
1008 2412 1112 2433 Possrr
1135 2413 1204 2433 ssssss
1229 2413 1448 2433 mramomtm

1478 2460 1502 2481 ςο

459 2499 479 2519 n
504 2499 666 2519 SECUNDUM
689 2499 734 2519 sm
762 2499 966 2520 puocanrrua.
997 2490 1131 2521 Videtur
1161 2490 1251 2531 quod
1280 2491 1362 2521 inter
1389 2491 1474 2522 infi-.

398 2502 545 2563 Adeles
557 2543 624 2563 non
641 2535 741 2573 possit
753 2543 821 2564 esse
838 2535 1090 2565 matrimonium.
1115 2535 1358 2566 Matrimonium
1375 2537 1461 2567 enim

396 2584 442 2608 est
465 2584 698 2608 sacramentum
714 2578 876 2609 Ecclesiae
891 2580 918 2609 ’ἦ
943 2579 1006 2610 Sed
1024 2580 1200 2619 baptismus
1224 2585 1270 2610 est
1286 2580 1387 2611 ianua
1409 2591 1461 2612 sa-

395 2627 634 2653 cramentorum
657 2623 684 2651 *.
719 2623 805 2662 Ergo
828 2622 991 2659 infideles,
1019 2624 1075 2664 qui
1097 2634 1165 2654 non
1196 2630 1270 2655 sunt
1293 2625 1460 2666 baptizati,

395 2667 636 2698 matrimonium
660 2667 847 2698 contrahere
874 2678 942 2698 non
965 2673 1119 2708 possunt,
1142 2669 1225 2699 sicut
1247 2678 1308 2700 nec
1331 2670 1391 2700 alia
1414 2680 1462 2701 sa·
1477 2681 1499 2702 ςς

396 2717 557 2742 eramenta
580 2712 749 2752 suscipere.

453 2765 481 2786 2.
505 2756 710 2792 Pium-nana,
735 2755 801 2786 duo
825 2757 909 2786 mala
937 2762 1011 2788 sunt
1037 2757 1138 2797 magis
1167 2757 1352 2798 impeditiva
1384 2759 1460 2790 boni

396 2810 494 2840 quam
510 2809 622 2830 unum.
652 2800 714 2831 Sed
737 2799 905 2831 infidelitas
929 2802 1024 2832 unius
1040 2806 1165 2832 tantum
1181 2802 1315 2842 impedit
1338 2804 1462 2835 bonum

395 2845 590 2875 matrimonii
606 2846 632 2875 ’ἢ
657 2845 742 2885 Ergo
766 2845 869 2876 multo
894 2845 1007 2876 fortius
1029 2845 1198 2876 infidelitas
1221 2848 1398 2888 utriusque.
1422 2849 1464 2879 Et

395 2890 438 2919 ita
460 2889 542 2919 inter
564 2888 707 2920 infideles
731 2899 797 2920 non
821 2895 927 2930 potest
950 2900 1018 2921 esse
1040 2891 1291 2922 matrimonium.

453 2933 482 2963 3.
506 2933 702 2969 PRAETEREA,
719 2935 800 2964 sicut
823 2935 905 2971 inter
934 2934 1079 2966 infideles
1102 2941 1133 2965 et
1156 2935 1266 2966 fideles
1289 2942 1336 2967 est
1359 2936 1464 2977 dispa-

396 2978 468 3007 ritas
493 2977 607 3014 cultus,
624 2979 666 3008 ita
690 2978 849 3009 interdum
872 2979 954 3009 inter
977 2979 1059 3010 duos
1082 2979 1242 3011 infideles:
1272 2986 1308 3012 ut
1330 2982 1356 3012 si
1379 2991 1463 3012 unus

397 3022 436 3052 sit
458 3021 582 3062 gentilis
606 3028 637 3052 et
660 3022 736 3053 alter
760 3023 904 3053 Iudaeus.
930 3023 992 3054 Sed
1017 3023 1180 3064 disparitas
1201 3025 1306 3056 cultus
1329 3026 1462 3066 impedit

397 3067 647 3103 matrimonium,
664 3072 700 3097 ut
723 3067 845 3098 dictum
869 3073 915 3098 est
931 3069 957 3098 ἢ
986 3068 1072 3108 Ergo
1096 3068 1136 3099 ad
1158 3070 1265 3100 minus
1287 3071 1369 3101 inter
1392 3070 1462 3101 infi-

398 3110 483 3141 deles
507 3111 563 3151 qui
586 3111 704 3141 habent
720 3111 842 3142 cultum
867 3111 1035 3152 disparem,
1054 3122 1122 3144 non
1138 3119 1244 3154 potest
1267 3124 1335 3145 esse
1351 3125 1464 3146 verum
1477 3121 1502 3147 65

398 3155 648 3185 matrimonium.

452 3208 483 3238 4.
507 3199 703 3236 PRAE‘rssaaA,
728 3201 761 3230 in
785 3201 990 3231 matrimonio
1020 3207 1066 3232 est
1088 3211 1162 3232 vera
1185 3202 1348 3242 pudicitia.
1383 3203 1463 3240 Sed,

399 3243 479 3273 sicut
504 3243 580 3274 dicit
601 3244 799 3284 Augustinus
815 3245 841 3280 ἵ
860 3250 890 3275 et
916 3245 1050 3276 habetur
1072 3246 1214 3283 XXVIII,
1231 3257 1285 3287 qu.
1302 3258 1314 3278 1
1329 3249 1373 3284 ”‚
1398 3258 1463 3279 non

398 3292 445 3318 est
459 3297 535 3318 vera
546 3288 706 3327 pudicitia
724 3289 861 3330 infidelis
877 3298 948 3319 cum
966 3300 1071 3321 uxore
1086 3300 1157 3321 sua.
1178 3291 1262 3331 Ergo
1279 3301 1339 3323 nec
1351 3302 1464 3323 verum

399 3332 649 3362 matrimonium.

456 3376 484 3405 5.
509 3376 710 3412 Pnaerssnm,
735 3377 975 3407 matrimonium
1005 3388 1117 3409 verum
1148 3385 1276 3410 excusat
1306 3380 1465 3412 carnalem

401 3420 551 3459 copulam
575 3430 593 3450 a
611 3426 744 3460 peccato
760 3422 787 3451 ³.
812 3421 874 3451 Sed
890 3422 952 3452 hoc
975 3432 1042 3452 non
1058 3428 1164 3463 potest
1179 3423 1284 3454 facere
1298 3425 1464 3455 matrimo-

400 3463 490 3493 nium
513 3464 594 3494 inter
616 3463 760 3494 infideles
790 3471 1006 3496 contractum:
1038 3467 1113 3507 quia
1137 3468 1241 3499 omnis
1264 3468 1329 3498 vita
1353 3468 1464 3509 infide-

402 3507 479 3537 lium
490 3513 658 3547 peccatum
679 3513 734 3544 est,
747 3513 783 3538 ut
798 3507 874 3538 dicit
888 3509 993 3549 glossa
1004 3511 1020 3527 ⁸*
1037 3511 1129 3540 Rom.
1146 3521 1198 3542 xxv
1213 3512 1257 3542 ”.
1281 3512 1367 3552 Ergo
1383 3513 1465 3544 inter

401 3550 544 3589 infideles
567 3561 635 3582 non
659 3557 704 3582 est
727 3562 838 3582 verum
861 3554 1113 3586 matrimonium.

1472 1128 1499 1142 2⁰

1472 1349 1496 1369 ²5

1474 1571 1499 1591 30

1476 2901 1503 2921 60

1478 3346 1505 3367 7⁰

1060 190 1324 237 QUAESTIO
1353 188 1764 235 LlX,ART1CULUS
1794 188 1835 232 11,
1856 188 1901 223 111

1562 267 1624 297 sm>
1649 277 1772 297 com-Ra
1788 276 1841 296 esr
1866 265 1956 306 quod
1972 264 2086 295 dicitur
2110 265 2123 295 1
2142 265 2218 295 Cor.
2235 275 2278 294 vn
2294 265 2328 294 *z
2354 264 2389 295 Si
2411 264 2483 305 quis
2497 265 2577 306 sra-

1509 316 1557 342 ter
1581 321 1717 342 uxorem
1741 311 1857 340 habeat
1886 310 2046 350 infidelem
2075 314 2135 339 etc.
2169 308 2232 339 Sed
2260 318 2342 339 uxor
2371 318 2439 339 non
2463 308 2578 340 dicitur

1508 357 1568 386 nisi
1591 361 1722 395 propter
1744 355 1996 385 matrimonium.
2031 353 2116 393 Ergo
2148 353 2391 384 matrimonium
2419 353 2509 393 quod
2532 358 2579 384 est

1508 401 1589 430 inter
1612 399 1766 435 infideles,
1785 404 1831 429 est
1853 408 1967 428 verum
1989 398 2243 428 matrimonium.

1566 455 1594 475 2.
1619 445 1815 478 PRAETEREA,
1832 449 1957 473 remoto
1982 443 2161 482 posteriori,
2183 451 2250 472 non
2274 447 2457 472 removetur
2479 442 2577 482 prius.

1509 489 1572 520 Sed
1590 489 1830 519 matrimonium
1848 488 1985 527 pertinet
2000 486 2039 517 ad
2056 486 2200 517 officium
2215 491 2364 517 naturae:
2389 496 2472 526 quae
2487 496 2578 527 prae-

1510 533 1593 564 cedit
1616 539 1733 563 statum
1756 533 1883 573 gratiae,
1904 532 1996 562 cuius
2019 531 2214 571 principium
2238 536 2285 561 est
2307 530 2397 561 fides.
2421 531 2507 571 Ergo
2529 531 2579 561 in-

1509 578 1643 609 fidelitas
1673 587 1740 608 non
1770 576 1845 607 facit
1869 577 1948 616 quin
1976 577 2016 606 sit
2038 576 2120 606 inter
2149 574 2294 606 infideles
2326 575 2578 606 matrimonium.

1564 623 1754 652 Ruspomzo
1786 631 1946 651 mmmmm
1970 620 2059 661 quod
2088 620 2329 650 matrimonium
2363 619 2580 660 principaliter

1511 673 1557 698 est
1578 667 1761 697 institutum
1784 666 1823 696 ad
1847 667 1971 696 bonum
1995 665 2093 706 prolis
2115 674 2184 703 non
2213 670 2339 695 tantum
2362 663 2579 704 generandae,

1511 713 1587 752 quia
1610 712 1672 742 hoc
1696 712 1764 741 sine
1787 710 1994 741 matrimonio
2017 709 2086 740 fieri
2109 714 2228 749 posset,
2249 708 2304 739 sed
2329 709 2424 739 etiam
2447 718 2580 749 promo-

1509 756 1632 787 vendae
1656 755 1695 786 ad
1717 754 1896 796 perfectum
1921 760 2054 784 statum:
2080 754 2156 794 quia
2186 753 2348 794 quaelibet
2371 763 2420 784 res
2443 753 2580 784 intendit

1511 800 1661 832 effectum
1685 810 1781 831 suum
1803 799 1987 830 naturaliter
2001 798 2177 839 perducere
2194 798 2234 829 ad
2256 797 2436 839 perfectum
2451 803 2579 829 statum.

1510 846 1568 876 Est
1583 851 1691 876 autem
1714 846 1747 875 in
1771 845 1862 885 prole
1878 843 1997 884 duplex
2015 843 2170 884 perfectio
2189 842 2436 874 consideranda:
2461 842 2582 873 scilicet

1510 890 1665 930 perfectio
1681 895 1822 925 naturae,
1835 899 1903 919 non
1919 888 2025 919 solum
2042 893 2198 929 quantum
2216 887 2255 918 ad
2271 897 2388 928 corpus
2408 886 2464 918 sed
2485 887 2581 918 etiam

1512 940 1669 975 quantum
1694 933 1733 964 ad
1757 935 1907 970 animam,
1928 943 1985 974 per
2008 943 2044 964 ea
2069 942 2152 973 quae
2182 938 2257 963 sunt
2278 933 2312 963 in
2336 932 2407 972 lege
2430 937 2580 968 naturae3

1512 985 1544 1010 et
1566 978 1721 1019 perfectio
1744 979 1872 1018 gratiae.
1905 978 1947 1009 Et
1976 979 2079 1018 prima
2107 977 2262 1018 perfectio
2287 983 2334 1008 est
2356 977 2527 1007 materialis
2550 981 2582 1007 et

1510 1022 1698 1063 imperfecta
1721 1028 1868 1062 respectu
1884 1022 2053 1053 secundae.
2078 1022 2119 1053 Et
2141 1022 2226 1059 ideo,
2244 1031 2320 1052 cum
2335 1031 2385 1052 res
2409 1031 2492 1061 quae
2507 1026 2582 1052 sunt

1511 1073 1643 1108 propter
1666 1066 1775 1102 finem,
1792 1068 1854 1097 sint
1869 1068 2132 1107 proportionatae
2148 1066 2216 1102 fini,
2232 1066 2475 1097 matrimonium
2491 1064 2582 1106 quod

1511 1111 1613 1142 tendit
1635 1111 1669 1140 in
1693 1111 1829 1150 primam
1852 1111 2096 1151 perfectionem,
2113 1116 2160 1141 est
2177 1111 2404 1151 imperfectum
2427 1117 2459 1141 et
2481 1116 2582 1141 mate-

1511 1156 1588 1186 riale
1604 1161 1751 1195 respectu
1767 1155 1851 1185 illius
1876 1155 1965 1195 quod
1981 1155 2082 1186 tendit
2097 1156 2130 1185 in
2146 1154 2380 1195 perfectionem
2396 1155 2581 1186 secundam.

1512 1200 1553 1230 Et
1576 1200 1652 1239 quia
1675 1199 1778 1239 prima
1800 1199 1955 1239 perfectio
1980 1200 2163 1230 communis
2187 1209 2254 1230 esse
2270 1205 2377 1239 potest
2399 1198 2582 1230 infidelibus

1513 1250 1544 1275 et
1558 1243 1717 1279 fidelibus,
1734 1243 1875 1274 secunda
1891 1249 1999 1274 autem
2016 1249 2063 1274 est
2084 1249 2210 1274 tantum
2230 1243 2386 1280 fidelium,
2402 1243 2477 1274 ideo
2501 1245 2583 1274 inter

1511 1288 1657 1319 infideles
1681 1293 1728 1318 est
1751 1287 1884 1328 quidem
1899 1288 2152 1324 matrimonium,
2169 1288 2225 1319 sed
2247 1298 2316 1319 non
2331 1287 2511 1328 perfectum
2533 1289 2583 1320 ul-

1511 1334 1589 1364 tima
1611 1331 1820 1373 perfectione,
1838 1333 1919 1363 sicut
1943 1338 1990 1363 est
2012 1333 2094 1363 inter
2117 1332 2237 1364 fideles.

1566 1378 1618 1408 AD
1641 1387 1759 1407 pamma
1774 1387 1858 1407 aneo
1874 1387 2035 1407 meatuum
2058 1376 2149 1417 quod
2163 1377 2406 1408 matrimonium
2423 1387 2492 1408 non
2513 1382 2583 1409 tan-

1511 1428 1582 1453 tum
1606 1427 1653 1453 est
1667 1422 1850 1452 institutum
1873 1422 1907 1452 in
1930 1427 2176 1458 sacramentum,
2194 1421 2250 1453 sed
2272 1422 2306 1453 in
2322 1421 2467 1453 officium
2489 1427 2584 1454 natu-

1512 1477 1565 1498 rae
1580 1468 1607 1497 *.
1631 1466 1673 1497 Et
1688 1465 1772 1502 ideo,
1790 1466 1936 1506 quamvis
1954 1465 2138 1497 infidelibus
2153 1476 2222 1497 non
2238 1471 2403 1507 competat
2417 1467 2583 1498 matrimo-

1511 1512 1603 1543 nium
1627 1510 1806 1542 secundum
1835 1510 1924 1551 quod
1948 1515 1994 1541 est
2017 1516 2252 1542 sacramentum
2283 1511 2317 1542 in
2347 1511 2585 1551 dispensatione

1512 1557 1733 1587 ministrorum
1755 1556 1919 1586 Ecclesiae
1943 1556 2132 1593 consistens,
2156 1557 2313 1597 competit
2335 1561 2444 1587 tamen
2467 1557 2513 1588 eis
2534 1557 2585 1588 in-

1513 1606 1671 1642 quantum
1688 1606 1735 1631 est
1756 1601 1790 1631 in
1814 1600 1958 1631 officium
1973 1605 2115 1631 naturae.
2131 1619 2154 1623 -
2177 1601 2218 1632 Et
2233 1606 2341 1632 tamen
2358 1602 2453 1632 etiam
2476 1603 2585 1633 matri-

1513 1646 1662 1677 monium
1685 1645 1748 1676 tale
1771 1650 1818 1676 est
1840 1646 1950 1685 aliquo
1974 1644 2075 1676 modo
2106 1647 2342 1677 sacramentum
2366 1646 2583 1678 habitualiter:

1514 1690 1660 1731 quamvis
1682 1699 1751 1720 non
1774 1690 1947 1726 actualiter,
1968 1699 2008 1720 eo
2033 1689 2123 1730 quod
2146 1696 2219 1721 actu
2242 1701 2310 1722 non
2334 1691 2528 1722 contrahunt
2550 1691 2584 1722 in

1513 1734 1577 1766 fide
1600 1735 1761 1765 Ecclesiae
1776 1736 1803 1765 *.

1569 1780 1620 1810 An
1644 1789 1806 1810 sne-,unnim
1830 1788 1990 1810 mmmmm
2013 1778 2103 1820 quod
2126 1778 2290 1819 disparitas
2314 1779 2419 1810 cultus
2440 1789 2510 1811 non
2523 1780 2585 1811 im-

1514 1824 1602 1865 pedit
1625 1824 1867 1854 matrimonium
1890 1824 2014 1854 ratione
2036 1823 2241 1860 infidelitatis,
2257 1823 2314 1855 sed
2332 1825 2456 1855 ratione
2479 1824 2584 1866 dispa-

1514 1869 1612 1899 ritatis
1632 1869 1663 1899 in
1681 1867 1754 1899 fide.
1779 1868 1952 1911 Disparitas
1976 1869 2063 1899 enim
2082 1868 2187 1899 cultus
2203 1879 2271 1900 non
2287 1869 2393 1899 solum
2409 1869 2585 1900 secundam

1514 1913 1745 1954 perfectionem
1777 1913 1876 1952 prolis
1902 1912 2056 1953 impedit,
2081 1913 2136 1944 sed
2161 1914 2257 1944 etiam
2286 1914 2424 1954 primam
2447 1915 2483 1950 *,
2505 1914 2585 1946 dum
2612 1921 2624 1932 ²
2667 1935 2675 1942 -

1514 1963 1661 1998 parentes
1683 1957 1723 1988 ad
1750 1957 1872 1988 diversa
1896 1957 2021 1997 prolem
2044 1958 2167 1988 trahere
2190 1958 2373 1989 intendunt.
2397 1958 2498 1996 Quod
2515 1969 2585 1990 non

1515 2008 1562 2033 est
1586 2001 1716 2042 quando
1741 2007 1877 2041 uterque
1902 2008 1949 2032 est
1972 2001 2120 2032 infidelis.

1569 2047 1621 2076 At>
1644 2056 1780 2076 ‘mamm
1804 2056 1963 2077 memnon
1979 2046 2069 2087 quod
2092 2047 2174 2077 inter
2197 2045 2342 2077 infideles
2359 2051 2406 2077 est
2420 2047 2587 2078 matrimo-

1514 2092 1606 2121 nium
1629 2096 1727 2131 prout
1749 2091 1992 2122 matrimonium
2023 2097 2070 2122 est
2093 2092 2126 2121 in
2154 2090 2299 2122 officium
2328 2096 2460 2122 naturae
2475 2093 2503 2123 '.
2538 2092 2587 2124 Ea

1515 2141 1623 2166 autem
1647 2141 1730 2175 quae
1753 2135 1914 2174 pertinent
1937 2135 1976 2166 ad
1999 2135 2104 2176 legem
2131 2141 2273 2172 naturae,
2298 2141 2373 2166 sunt
2395 2135 2587 2168 determina-

1515 2180 1590 2210 bilia
1612 2189 1670 2220 per
1692 2180 1742 2210 ius
1764 2180 1950 2219 positivum.
1975 2180 2016 2210 Et
2035 2180 2119 2217 ideo,
2136 2181 2162 2210 si
2178 2180 2389 2220 prohibentur
2410 2181 2451 2211 ab
2475 2181 2586 2222 aliquo

1514 2225 1583 2255 iure
1607 2225 1747 2265 positivo
1772 2224 1858 2264 apud
1882 2234 1938 2255 eos
1961 2224 2106 2256 infideles
2129 2225 2317 2256 contrahere
2342 2226 2587 2258 matrimonium

1516 2279 1591 2300 cum
1618 2268 1802 2300 infidelibus
1833 2269 1962 2300 alterius
1995 2270 2089 2306 ritus,
2119 2269 2283 2310 disparitas
2315 2270 2421 2301 cultus
2452 2271 2588 2312 impedit

1515 2314 1758 2345 matrimonium
1781 2314 1863 2344 inter
1886 2323 1952 2344 eos.
1977 2314 2024 2344 Ex
2048 2315 2116 2345 iure
2141 2315 2227 2345 enim
2250 2314 2360 2346 divino
2384 2324 2453 2346 non
2475 2316 2586 2357 prohi-

1515 2360 1647 2390 bentur:
1673 2359 1749 2399 quia
1771 2357 1859 2398 apud
1881 2358 1988 2389 Deum
2011 2368 2079 2389 non
2103 2358 2207 2389 differt
2229 2360 2508 2400 qualitercumque
2531 2361 2587 2391 ali-

1517 2404 1589 2444 quis
1618 2413 1636 2433 a
1662 2402 1726 2434 fide
1757 2402 1878 2439 deviet,
1903 2409 2062 2443 quantum
2092 2403 2132 2434 ad
2162 2403 2226 2434 hoc
2257 2403 2347 2444 quod
2378 2410 2425 2435 est
2448 2415 2466 2435 a
2487 2406 2587 2446 gratia

1516 2449 1656 2479 alienum
1680 2457 1758 2478 esse.
1783 2447 1934 2478 Similiter
1947 2457 2009 2479 nec
2024 2448 2134 2488 aliquo
2154 2448 2316 2479 Ecclesiae
2339 2454 2477 2480 statuto:
2503 2459 2587 2491 quae

1515 2503 1583 2523 non
1606 2493 1702 2523 habet
1724 2492 1764 2524 de
1785 2492 1835 2523 his
1858 2501 1941 2532 quae
1954 2492 2050 2534 foris
2071 2497 2149 2523 sunt
2170 2493 2316 2524 iudicare
2331 2495 2358 2524 *.

1570 2538 1622 2567 An
1647 2547 1796 2568 ananum
1820 2547 1980 2568 mmmmm
2003 2537 2094 2578 quod
2116 2537 2289 2578 pudicitiae
2305 2544 2337 2570 et
2352 2538 2431 2569 aliae
2454 2539 2587 2571 virtutes

1515 2581 1695 2613 infidelium
1725 2581 1876 2612 dicuntur
1906 2591 1975 2612 non
2008 2592 2076 2613 esse
2107 2592 2218 2619 verae,
2242 2583 2319 2623 quia
2350 2592 2417 2613 non
2449 2589 2588 2624 possunt

1516 2627 1669 2666 attingere
1693 2626 1793 2657 finem
1815 2636 1908 2656 verae
1931 2626 2066 2664 virtutis,
2083 2628 2139 2667 qui
2164 2632 2211 2658 est
2233 2637 2308 2658 vera
2331 2627 2480 2658 felicitas:
2504 2629 2588 2660 sicut

1516 2671 1631 2702 dicitur
1654 2681 1720 2702 non
1745 2680 1814 2702 esse
1837 2681 1950 2702 verum
1973 2672 2086 2702 vinum
2113 2671 2204 2712 quod
2225 2682 2294 2703 non
2317 2672 2413 2704 habet
2436 2672 2588 2705 effectum

1515 2717 1581 2747 vini
1597 2717 1624 2746 ⁴.

1571 2760 1621 2791 An
1646 2770 1787 2791 numi-tm
1817 2770 1978 2791 DICENDtm
2001 2760 2091 2801 quod
2113 2760 2251 2792 infidelis
2282 2770 2484 2802 cognoscens
2506 2771 2588 2793 uxo-

1516 2814 1583 2836 rem
1607 2815 1699 2835 suam
1722 2814 1790 2836 non
1813 2810 1935 2845 peccat,
1951 2805 1978 2835 si
2000 2811 2133 2846 propter
2156 2806 2281 2836 bonum
2303 2806 2413 2846 prolis,
2434 2811 2489 2837 aut
2511 2805 2588 2838 fidei

1517 2859 1581 2890 qua
1611 2854 1738 2880 tenetur
1767 2850 1877 2886 uxori,
1902 2849 2047 2880 debitum
2076 2849 2204 2881 reddat:
2237 2859 2312 2881 cum
2340 2851 2404 2882 hoc
2431 2851 2471 2882 sit
2497 2857 2587 2882 actus

1517 2895 1654 2925 iustitiae
1671 2899 1701 2925 et
1724 2894 1963 2934 temperantiae,
1980 2903 2064 2934 quae
2090 2895 2124 2925 in
2147 2894 2387 2926 delectabilibus
2409 2900 2512 2926 tactus
2531 2894 2587 2926 de-

1517 2939 1596 2968 bitas
1620 2939 1872 2969 circumstantias
1895 2945 2014 2975 servat;
2038 2940 2121 2970 sicut
2143 2949 2212 2970 non
2234 2945 2348 2980 peccat
2370 2938 2489 2970 faciens
2507 2939 2587 2970 alios

1517 2988 1606 3014 actus
1630 2983 1834 3023 politicarum
1857 2983 2021 3014 virtutum.
2046 2983 2115 3014 Nec
2131 2983 2246 3015 dicitur
2261 2984 2367 3014 omnis
2389 2984 2455 3014 uita
2474 2983 2587 3025 infide-

1518 3028 1596 3059 lium
1615 3033 1784 3068 peccatum
1808 3028 1884 3068 quia
1907 3028 2053 3068 quolibet
2075 3034 2149 3059 actu
2171 3033 2322 3069 peccent:
2351 3027 2407 3058 sed
2431 3029 2507 3068 quia
2529 3038 2587 3069 per
2613 3052 2623 3062 .

1518 3072 1550 3103 id
1573 3072 1663 3113 quod
1689 3078 1789 3113 agunt
1811 3082 1830 3103 a
1852 3073 2002 3103 servitute
2025 3073 2149 3113 peccati
2170 3082 2240 3103 non
2258 3077 2395 3113 possunt
2416 3071 2541 3104 liberari
2558 3073 2584 3104 “.

1636 3147 1736 3178 ART.
1761 3147 1813 3178 111.
1837 3157 1943 3178 tri-mm
1966 3157 2081 3178 conrux
2105 3156 2280 3178 convensus
2302 3157 2344 3177 an
2368 3157 2464 3178 noim

1539 3201 1643 3223 Possrr
1668 3201 1857 3222 commune
1873 3201 1936 3222 cun
1953 3201 2057 3221 uxone
2076 3201 2213 3222 munau
2230 3200 2374 3222 nomme
2398 3201 2563 3230 comari,

1705 3245 1768 3266 cmi
1792 3245 1856 3266 ΘΗΛ
1878 3245 1910 3266 m
1933 3245 2150 3266 mnnnlsrxrr.
2173 3245 2398 3266 CONTRAXRRAT

1870 3285 1881 3307 1
1894 3284 1929 3306 ad
1943 3284 2007 3312 Cor„
2023 3291 2074 3313 cap.
2089 3290 2127 3311 vu,
2143 3285 2194 3306 lect.
2210 3291 2234 3307 n.

1583 3346 1604 3367 D
1627 3346 1763 3368 rim-mm
1785 3346 1832 3367 s1c
1854 3345 2058 3366 moenum-ua.
2089 3335 2223 3366 Videtur
2247 3336 2336 3376 quod
2360 3338 2480 3368 coniux
2507 3347 2587 3369 con-

1524 3351 1692 3412 Aversus
1719 3380 1760 3411 ad
1786 3379 1884 3411 fidem
1910 3389 1980 3410 non
2006 3380 2108 3419 possit
2139 3389 2346 3411 commanere
2375 3391 2452 3412 cum
2486 3391 2587 3413 uxore

1519 3423 1641 3455 infideli
1664 3424 1794 3455 nolente
1818 3424 1978 3459 converti,
2003 3433 2078 3454 cum
2102 3433 2166 3464 qua
2188 3425 2222 3455 in
2245 3424 2431 3456 infidelitate
2460 3432 2587 3457 contra-

1519 3474 1616 3499 xerat.
1641 3469 1704 3499 Ubi
1727 3469 1813 3499 enim
1829 3473 1876 3498 est
1891 3467 1977 3498 idem
2000 3468 2191 3508 periculum,
2208 3468 2303 3500 debet
2327 3470 2439 3501 eadem
2462 3471 2587 3502 cautela

1520 3512 1670 3543 adhiberi.
1698 3511 1762 3543 Sed
1784 3517 1916 3552 propter
1938 3512 2119 3552 periculum
2141 3513 2355 3545 subversionis
2378 3514 2464 3546 fidei'
2477 3515 2587 3556 prohi—

1478 3565 1503 3586 75
1519 3557 1612 3587 betur
1626 3565 1668 3587 ne
1683 3555 1784 3587 fidelis
1807 3565 1883 3587 cum
1905 3555 2027 3587 infideli
2051 3558 2225 3588 contrahat.
2251 3558 2337 3589 Cum
2361 3568 2437 3599 ergo
2460 3559 2587 3600 pericu-

2605 270 2615 279 ·
2630 268 2697 290 Vers.
2714 274 2747 291 η.

2611 1473 2622 1484 ·
2630 1471 2679 1500 Qu.
2686 1477 2744 1500 xm,
2751 1475 2795 1495 m.
2803 1478 2827 1495 ι.

2611 1739 2622 1750 ·
2636 1737 2673 1760 Cf.
2738 1755 2743 1760 .
2760 1737 2829 1761 Gan-

2611 1764 2701 1814 dmezqo,
2741 1765 2825 1787 ανον-

2613 2093 2624 2105 ·
2631 2092 2738 2120 cnr-p.
2747 2092 2777 2115 nd
2793 2099 2815 2115 ι.

2614 2494 2645 2517 ·1
2654 2494 2688 2517 ad
2697 2494 2763 2523 Cor„
2773 2500 2829 2523 οφ.

2614 2528 2636 2548 v,
2651 2527 2711 2544 ven.
2727 2527 2760 2544 ιι.

2614 2718 2625 2730 ·
2639 2717 2676 2740 Cf.
2696 2716 2752 2739 11⁸¹·
2766 2717 2830 2746 11⁸',

2614 2749 2655 2773 qu.
2669 2749 2738 2771 xxm,
2752 2747 2795 2767 art.
2805 2751 2829 2774 7.

2613 3066 2786 3106 qu.i‚art.4.
2820 3065 2830 3075 ’
