2918 4088
223 551 233 561 ·
249 549 314 571 Vers.
331 549 364 571 18.

226 1176 434 1203 'Inloan.Evang-,

225 1208 288 1225 tract.
306 1204 333 1229 V,
349 1209 370 1224 n.
387 1210 394 1224 ι
416 1219 420 1223 .

225 1232 247 1242 ·“
263 1230 326 1251 Vers.
340 1236 372 1258 33.

226 1596 236 1605 ·
250 1594 353 1621 Magnus.

226 1657 236 1667 ⁸
250 1655 337 1683 Regist.
348 1654 386 1676 tib.
395 1654 435 1679 XI,

225 1682 298 1709 Epist.
318 1687 388 1706 van,
406 1681 434 1702 al.

225 1735 259 1756 Hi
270 1708 435 1760 verochfbefissli]

226 1761 256 1782 de
260 1761 377 1788 Consecr„
383 1760 434 1782 dist.

462 200 511 247 76

461 291 527 315 nec
554 284 736 328 apostatas
764 289 894 314 carere
915 278 1140 326 baptismate,
1161 276 1290 323 quibus
1313 273 1435 320 utique
1448 280 1520 318 per

455 333 718 381 poenitentiam
747 331 979 367 redeuntibus
1007 341 1080 365 non
1111 327 1317 364 restituitur.

515 384 674 431 Quarto,
690 383 781 433 quia
799 381 1010 432 baptismus
1030 378 1284 429 principaliter
1299 376 1410 433 datur
1422 384 1519 432 ‘con-

461 443 517 473 tra
545 435 724 484 originale
751 442 963 485 peccatum.
1007 434 1054 470 Et
1082 432 1181 476 ideo,
1216 429 1311 466 sicut
1339 426 1518 485 originale

462 497 664 538 peccatum
691 500 771 526 non
799 488 963 532 iteratur,
993 486 1042 522 ita
1066 484 1180 521 etiam
1208 493 1279 518 nec
1306 481 1519 528 baptismus

462 541 632 578 iteratur:
663 541 764 590 quia,
785 548 826 577 ut
851 539 986 576 dicitur
1003 539 1112 574 Rom.
1129 549 1152 572 v
1166 535 1197 581 ²¹⁶,
1216 535 1308 570 sicut
1320 544 1393 581 per
1412 532 1519 566 unius

463 594 631 631 delictum
666 596 703 630 in
732 605 858 630 omnes
886 593 1051 628 homines
1085 590 1122 624 in
1151 585 1517 628 condemnationem,

462 649 515 684 sic
535 659 608 696 per
635 648 742 682 unius
770 646 939 682 iustitiam
969 645 1004 680 in
1026 652 1153 678 omnes
1171 639 1337 676 homines
1366 638 1402 673 in
1423 637 1518 672 iusti-

452 701 671 748 ficationem
699 700 805 736 vitae.

516 753 572 788 AD
593 763 727 788 PRIMUM
746 762 843 787 ERGO
865 759 1045 785 DICENDUM
1069 744 1176 793 quod
1195 742 1408 792 baptismus
1427 753 1519 791 ope-

225 812 434 839 ·Arr·2,ad¹·-Cf-
463 812 567 841 ratur
593 804 632 840 in
660 803 796 840 virtute
824 799 1009 850 passionis
1039 796 1196 843 Christi,
1233 795 1328 832 sicut
1364 806 1480 844 supra
1500 794 1520 816 ’¹‘

225 847 263 868 qu.
279 846 330 866 mi,
346 843 387 860 art.
403 845 421 866 5.

464 857 608 893 dictum
637 863 700 892 est.
731 856 779 892 Et
806 854 904 900 ideo,
934 852 1029 888 sicut
1056 856 1210 899 peccata
1230 847 1428 897 sequentia
1445 847 1519 884 vir-

463 917 584 947 tutem
611 907 796 958 passionis
826 904 963 942 Christi
991 915 1070 940 non
1099 902 1293 947 auferunt,
1327 901 1378 938 ita
1405 898 1521 937 etiarn'

464 974 544 999 non
579 961 754 998 auferunt
785 958 1030 1007 baptismum,
1059 963 1102 992 ut
1129 966 1284 991 necesse
1313 953 1359 991 sit
1390 953 1520 1003 ipsum

464 1013 604 1051 iterari:
642 1014 727 1059 sed,
763 1009 995 1060 poenitentia
1030 1007 1345 1057 superveniente,
1379 1006 1523 1044 tollitur

463 1074 675 1116 peccatum,
709 1064 815 1113 quod
847 1061 1079 1111 impediebat
1113 1061 1295 1097 effectum
1330 1059 1520 1109 baptismi.

515 1120 572 1155 AD
597 1129 784 1154 SECUNDUM
812 1127 993 1152 DJCENDUM
1012 1114 1131 1163 quod,
1162 1113 1258 1150 sicut
1285 1113 1523 1161 Augustinus

464 1170 551 1208 dicit
569 1170 600 1217 ²³²,
621 1182 736 1218 super
763 1169 857 1205 illud
884 1169 988 1204 Ioan.
1009 1179 1019 1204 1
1038 1166 1088 1214 **,
1110 1167 1184 1203 Sed
1215 1178 1286 1216 ego
1315 1168 1523 1203 nesciebam

463 1235 566 1260 eum:
592 1224 699 1268 Ecce,
715 1227 799 1271 post
817 1223 1001 1257 Ioannem
1030 1221 1252 1269 baptizatum
1280 1225 1342 1265 est,
1358 1215 1523 1269 postho-

462 1276 634 1313 micidam
664 1287 737 1312 non
766 1280 816 1311 est
843 1275 1087 1323 baptizatum:
1122 1274 1208 1322 quia
1237 1275 1400 1309 Ioannes
1428 1271 1524 1308 dedit

462 1330 680 1378 baptismum
707 1339 826 1373 suum,
856 1326 1041 1364 homicida
1061 1326 1156 1362 dedit
1175 1327 1397 1375 baptismum
1420 1326 1524 1362 Chri-

460 1384 525 1426 sti,·
559 1383 644 1431 quia
682 1386 955 1418 sacramentum
993 1385 1069 1416 tam
1104 1384 1273 1416 sanctum
1302 1384 1352 1415 est
1387 1384 1424 1415 ut
1457 1390 1526 1414 nec

462 1435 646 1472 homicida
673 1435 902 1470 ministrante
927 1433 1125 1482 polluatur.

515 1489 571 1524 AD
608 1499 766 1524 TERTIUM
798 1498 980 1523 DICENDUM
1009 1485 1118 1535 quod
1146 1484 1321 1522 Pauliani
1350 1491 1386 1521 et
1415 1484 1526 1521 Cata-

462 1541 630 1590 phrygae
665 1552 745 1576 non
779 1538 1022 1588 baptizabant
1058 1538 1097 1575 in
1131 1537 1290 1575 nomine
1318 1536 1524 1574 Trinitatis.

463 1594 573 1631 Unde
603 1592 808 1641 Gregorius
825 1591 846 1613 ’¹⁶
874 1591 980 1639 dicit,
1011 1591 1181 1629 scribens
1214 1589 1373 1638 Quirico
1393 1588 1405 1612 ⁰
1435 1589 1525 1640 Epi-

463 1658 582 1696 scopo
609 1646 648 1683 *ς
687 1648 745 1683 Hi
776 1647 953 1683 haeretici
986 1647 1049 1695 qui
1082 1647 1119 1682 in
1153 1646 1342 1682 Trinitatis
1377 1645 1527 1681 nomine

463 1701 616 1747 minime
633 1701 863 1749 baptizantur
881 1705 899 1745 ²,
919 1700 1011 1735 sicut
1028 1704 1113 1736 sunt
1134 1699 1345 1735 Bonosiani
1362 1703 1395 1734 et
1417 1698 1527 1735 Cata—

459 1754 648 1803 phrygae,
678 1752 745 1802 qui
772 1751 910 1789 scilicet
938 1751 1043 1789 idem
1069 1751 1283 1788 sentiebant
1310 1763 1400 1787 cum
1426 1751 1526 1787 Pau-

464 1805 586 1852 lianis,
617 1807 701 1855 quia
730 1812 762 1842 et
789 1807 847 1842 isti
877 1806 1062 1842 Christum
1091 1806 1214 1842 Deum
1242 1817 1318 1841 non
1354 1803 1526 1850 credunt,

516 1937 541 1971 Θ)
563 1939 679 1969 Quirico.
692 1953 711 1957 —
730 1938 846 1969 Quidino
866 1938 976 1969 codices,
991 1938 1111 1963 Guidino
1130 1938 1171 1963 ed.
1183 1945 1209 1968 a,
1225 1937 1342 1968 Quidmo
1360 1937 1397 1966 bc,
1414 1935 1529 1967 Quirino

1141 192 1401 242 QUAESTIO
1430 189 1568 235 LXVI,
1598 185 1890 223 ARTICULUS
1918 185 1954 221 X

1575 265 1832 303 existimantes
1852 263 1991 301 scilicet
2009 263 2138 313 ipsum
2158 275 2240 300 esse
2256 275 2405 313 purum
2424 263 2637 311 hominem,

1574 324 1606 355 et
1621 319 1687 364 isti,
1709 317 1848 354 scilicet
1868 317 2143 366 Cataphrygae‚
2166 317 2342 365 Spiritum
2362 318 2538 354 Sanctum
2551 329 2638 367 per-

1572 382 1680 408 verso
1712 382 1820 407 sensu
1856 382 1932 407 esse
1960 381 2103 419 purum
2122 375 2138 391 κ
2166 370 2376 416 hominem,
2409 372 2638 408 Montanum

1574 422 1722 469 scilicet,
1743 423 1917 460 credunt:
1935 445 1960 449 —
1981 423 2045 472 qui
2067 434 2153 459 cum
2179 421 2231 459 ad
2245 428 2413 460 sanctam
2431 423 2639 460 Ecclesiam

1573 477 1734 521 veniunt,
1755 477 1996 525 baptizantur,
2018 477 2104 525 quia
2131 476 2313 525 baptisma
2333 488 2408 513 non
2426 476 2506 524 suit
2529 475 2638 525 quod,

1573 530 1611 565 in
1640 540 1771 565 errore
1791 530 1914 579 positi,
1934 534 2085 566 sanctae
2107 529 2295 565 Trinitatis
2315 530 2466 566 nomine
2487 530 2641 565 minime

1567 587 1826 631 perceperunt.
1862 582 1950 629 Sed,
1971 581 2068 618 sicut
2093 580 2133 618 in
2160 581 2314 631 Regulis
2339 581 2603 619 Ecclesiasticis
2620 580 2640 602 ’¹‘

1573 634 1726 671 dicitur:
1757 636 1798 672 Si
1811 636 1874 684 qui
1899 635 2001 684 apud
2026 635 2107 671 illos
2133 635 2336 671 haereticos
2361 635 2534 684 baptizati
2558 639 2642 671 sunt

1575 689 1638 737 qui
1650 689 1687 724 in
1706 693 1856 725 sanctae
1874 689 2062 725 Trinitatis
2080 687 2311 734 confessione
2324 688 2518 736 baptizant,
2535 692 2568 723 et
2580 698 2641 725 ve-

1575 742 1680 778 niunt
1698 741 1750 778 ad
1770 741 1999 778 Catholicam
2007 741 2142 790 fidem,
2159 741 2386 790 recipiantur
2404 745 2442 776 ut
2459 741 2640 789 baptizati.

1628 794 1685 830 AD
1715 805 1887 836 QUARTUM
1906 805 2089 831 monimum
2118 793 2237 843 quod,
2268 792 2364 830 sicut
2392 792 2482 829 dicit
2501 792 2641 829 Decre-

1574 846 1657 883 talis
1686 846 1891 883 Alexandri
1910 847 1956 884 III
1974 846 2012 884 *ε
2042 848 2102 884 De
2120 848 2249 896 quibus
2268 846 2420 883 dubium
2439 851 2490 883 est
2508 858 2558 882 an
2578 847 2642 883 ba-

1570 901 1699 949 ptizati
1714 901 1882 948 fuerint,
1920 901 2148 950 baptizentur
2178 901 2234 937 his
2259 900 2382 938 verbis
2403 899 2641 950 praemissis,

1579 967 1599 987 «
1621 953 1662 990 Si
1687 954 1888 1002 baptizatus
1915 965 1964 1000 es,
1985 966 2060 991 non
2089 959 2123 990 te
2151 954 2335 1002 rebaptizo
2354 950 2388 989 ²¹:
2417 951 2483 989 sed
2507 953 2541 989 si
2566 963 2641 990 non

1576 1007 1776 1055 baptizatus
1794 1017 1843 1052 es,
1868 1017 1939 1056 ego
1958 1012 1993 1043 te
2010 1007 2164 1056 baptizo,
2185 1012 2249 1043 etc.
2269 1005 2289 1028 '¹‘
2307 1021 2326 1040 ³>
2356 1006 2448 1043 Non
2475 1006 2574 1042 enim
2592 1006 2643 1042 vi-

1577 1059 1683 1096 detur
1710 1060 1839 1096 iterari
1866 1059 1966 1109 quod
1991 1060 2150 1096 nescitur
2177 1071 2255 1096 esse
2270 1059 2432 1107 factum.
2512 1067 2514 1069 “

1630 1113 1687 1148 AD
1722 1124 1883 1154 QUINTUM
1919 1124 2103 1150 morannum
2136 1112 2243 1162 quod
2278 1119 2487 1161 utrumque
2521 1122 2643 1148 sacra-

1578 1172 1767 1212 mentum,
1797 1164 1936 1202 scilicet
1954 1164 2135 1214 baptismi
2154 1172 2191 1201 et
2209 1164 2482 1211 Eucharistiae,
2513 1171 2568 1200 est
2586 1175 2643 1201 re-

1578 1217 1905 1267 praesentativum
1942 1217 2170 1255 Dominicae
2203 1217 2336 1254 mortis
2369 1224 2406 1254 et
2432 1215 2642 1266 passionis:

1580 1270 1686 1307 aliter
1712 1278 1843 1307 tamen
1872 1278 1908 1308 et
1935 1270 2051 1308 aliter.
2081 1272 2187 1307 Nam
2206 1270 2246 1307 in
2264 1269 2456 1319 baptismo
2475 1281 2644 1306 comme-

1579 1330 1754 1360 moratur
1781 1335 1888 1360 mors
1918 1323 2058 1360 Christi
2086 1323 2319 1372 inquantum
2346 1324 2468 1359 homo
2492 1321 2644 1359 Christo

1581 1375 1837 1414 commoritur
1870 1384 1912 1413 ut
1950 1376 1989 1412 in
2023 1388 2170 1413 novam
2196 1375 2317 1413 vitam
2353 1382 2598 1423 regeneretur
2614 1381 2644 1412 μ.

1582 1430 1659 1467 Sed
1687 1429 1728 1466 in
1756 1437 1996 1466 sacramento
2026 1428 2288 1466 Eucharistiae
2316 1435 2647 1466 commemoratur

1581 1495 1688 1521 mors
1717 1481 1858 1520 Christi
1885 1482 2115 1532 inquantum
2137 1482 2218 1532 ipse
2239 1481 2412 1519 Christus
2430 1493 2567 1531 passus
2585 1492 2646 1518 ex-

1582 1536 1736 1573 hibetur
1762 1535 1875 1573 nobis
1903 1535 2013 1585 quasi
2039 1536 2219 1585 paschale
2238 1534 2482 1572 convivium:
2512 1546 2647 1572 secun·

1582 1590 1679 1626 dum
1707 1589 1800 1626 illud
1828 1589 1842 1626 I
1866 1590 1952 1627 Cor.
1969 1595 1982 1610 ν
1999 1601 2023 1625 ν
2041 1588 2079 1625 *ι
2109 1589 2254 1626 Pascha
2283 1594 2448 1626 nostrum
2477 1587 2647 1625 immola-

1581 1649 1637 1680 tus
1665 1648 1716 1679 est
1747 1643 1932 1680 Christus.-
1959 1643 2080 1691 itaque
2098 1642 2300 1692 epulemur.
2331 1642 2380 1678 Et
2407 1639 2499 1690 quia
2525 1641 2647 1679 homo

1583 1696 1703 1733 semel
1729 1695 1917 1743 nascitur,
1946 1694 2140 1732 multoties
2168 1702 2299 1732 autem
2326 1693 2491 1742 cibatur,
2529 1694 2650 1732 semel

1582 1756 1734 1809 tantum
1754 1748 1866 1786 datur
1885 1748 2110 1798 baptismus,
2133 1747 2327 1786 multoties
2346 1754 2478 1785 autem
2496 1746 2649 1785 Eucha-

1582 1810 1694 1839 nsua.

1636 1934 1665 1969 λ)
1685 1942 1737 1960 non
1753 1938 1779 1960 te
1792 1935 1935 1968 rebaptizo.
1947 1948 1966 1953 —
1984 1932 2045 1968 (ego
2059 1932 2195 1967 editiones)
2209 1940 2260 1958 non
2275 1937 2301 1959 te
2314 1933 2420 1966 baptizo
2433 1933 2465 1958 Et
2479 1938 2505 1959 et
2517 1933 2651 1966 editiones,

2668 585 2678 595 ·
2692 583 2729 606 De
2742 583 2880 606 Ecclesiast.

2668 610 2780 639 Dogmat.
2787 627 2795 637 ,

2669 642 2716 659 xxn
2723 653 2730 664 ,
2754 637 2783 659 nl.
2806 643 2844 659 ui.

2668 662 2730 686 Inter
2744 663 2807 691 opp.
2819 664 2880 690 Αυκ.

2669 850 2743 898 Σιῗῖᾰ
2750 849 2834 898 ⁰32¹
2859 866 2885 899 a

2670 903 2722 925 eius
2734 909 2748 925 e
2765 905 2808 926 eet.

2669 1012 2680 1022 '
2694 1010 2722 1033 D·
2737 1010 2787 1039 ²⁶5·
2801 1009 2848 1038 583-

2676 1625 2686 1634 ·
2699 1622 2768 1645 vm.
2783 1627 2804 1650 7.
2819 1622 2841 1644 8.

464 1976 498 2007 1³3
516 1975 591 2000 Alias
613 1975 728 2006 Quidino
746 1981 791 1999 seu
814 1974 920 2004 Quirite
939 1982 1030 2006 margo
1049 1974 1084 2004 1²3
1103 1973 1135 1999 cf.
1154 1981 1198 2006 qu.
1217 1981 1304 2003 vam,
1323 1978 1369 1998 art.
1388 1973 1414 1998 8.
1434 1972 1457 2005 β.

517 2009 536 2044 ι)
556 2010 735 2042 baptizantur.
753 2025 771 2028 -
790 2010 962 2043 baptizabant
980 2010 1054 2034 tertia
1072 2014 1174 2041 praeter
1193 2009 1211 2033 1.
1229 2023 1249 2028 -
1266 2009 1313 2042 qui
1330 2009 1419 2038 tertia;
1445 2008 1530 2039 quasi.

516 2045 542 2080 κ)
558 2053 666 2077 purum.
678 2053 823 2077 —parvum
839 2046 847 2070 1
861 2053 908 2078 pro
922 2052 1049 2077 pravum.
1060 2059 1080 2064 ·-
1092 2045 1142 2069 Pro
1155 2045 1227 2077 qui...
1242 2044 1422 2077 baptizantur,
1437 2045 1529 2069 tales...

464 2082 632 2114 baptizentur
650 2081 678 2106 P.
696 2095 716 2100 —-
733 2081 805 2114 quod
823 2081 907 2112 PIsG3
926 2081 998 2114 quia.
1016 2095 1035 2100 -
1054 2081 1104 2106 Pro
1123 2080 1236 2110 nomine,
1257 2087 1352 2105 nomen
1371 2080 1410 2106 bc.

1584 1978 1634 2004 ego
1659 1974 1684 1996 te
1710 1978 1761 1996 non
1788 1971 1894 2004 baptizo
1913 1971 1953 1996 ed.
1971 1977 1998 1995 a.
2018 1970 2070 1994 Pro
2087 1970 2134 1994 sed
2152 1969 2177 1994 si
2195 1976 2257 1998 non,
2276 1969 2324 1994 sed
2341 1969 2365 1994 si
2383 1969 2502 1994 nondum
2522 1969 2609 2001 PCGI,
2628 1970 2653 1995 si

1585 2007 1703 2032 nondum
1723 2007 1796 2036 Hac:
1814 2007 1888 2032 sed...
1908 2005 2013 2039 baptizo
2031 2013 2084 2030 om.
2104 2006 2126 2030 b.

1638 2041 1667 2076 μ)
1688 2045 1743 2068 ut...
1762 2044 1943 2075 regeneretur.
1961 2055 1981 2060 -
1997 2043 2049 2066 et...
2068 2043 2246 2072 regeneratur
2265 2039 2399 2069 editiones.
2419 2047 2474 2065 om.
2492 2040 2543 2073 pG.

1639 2078 1663 2112 ν)
1684 2078 1700 2103 I
1718 2079 1779 2103 Cor.
1795 2092 1816 2097 -
1834 2077 1887 2108 Pa‚·
1907 2077 1937 2102 11
1955 2078 2016 2102 Cor.
2035 2076 2064 2108 F,
2085 2076 2182 2108 Ephes.
2201 2076 2287 2102 ceteri.

1141 2168 1476 2202 Commentaria
1498 2167 1751 2201 Car-dinalis
1774 2166 1976 2199 Caietam

1586 2261 1729 2287 sentatur
1751 2265 1839 2286 mors
1863 2254 1998 2286 Christi:
2030 2253 2061 2284 et
2083 2263 2152 2284 non
2174 2254 2208 2284 in
2231 2252 2372 2284 efficacia
2393 2253 2517 2283 virtutis
2540 2262 2559 2283 a
2581 2261 2652 2294 pas—

1587 2302 1678 2331 sione
1702 2299 1830 2335 Christi,
1854 2305 1891 2329 ut
1914 2307 2049 2338 arguens
2072 2297 2176 2328 refert.
2207 2296 2302 2328 Unde
2325 2302 2551 2337 argumentum
2573 2297 2653 2328 nihil

470 2273 517 2335 IN
532 2261 626 2292 titulo
649 2266 714 2291 tam
736 2260 831 2290 huius
855 2268 953 2299 quam
969 2259 1066 2289 trium
1087 2258 1295 2298 sequentium
1312 2257 1530 2293 articulorum,

1587 2345 1701 2375 obstat.
1726 2343 1892 2382 Quoniam
1914 2342 2112 2383 poenitentia
2127 2351 2195 2372 non
2211 2341 2361 2372 assimilat
2375 2341 2544 2372 hominem
2560 2340 2652 2372 Chri·
2914 2331 2918 2361 Ι

499 2312 530 2337 et
559 2306 701 2336 similiter
729 2305 764 2334 in
787 2304 938 2334 omnibus
964 2303 1013 2333 his
1045 2312 1129 2342 quae
1162 2303 1195 2332 in
1225 2302 1286 2332 illis
1317 2302 1530 2337 continentur,

467 2350 545 2381 nihil
569 2349 654 2380 aliud
677 2347 880 2379 scribendum
904 2347 1052 2383 occurrit,
1074 2347 1136 2377 nisi
1164 2346 1254 2386 quod
1276 2346 1408 2382 Scotus‚
1432 2346 1466 2376 in
1489 2346 1532 2376 lv

230 2398 240 2407 “
256 2396 302 2423 Qu·
333 2402 349 2418 ¹¹
468 2395 564 2430 Sent„
589 2393 658 2423 dist.
675 2403 707 2422 VI
721 2393 748 2428 *,
774 2392 851 2422 duas
874 2391 1012 2421 rationes
1037 2391 1069 2420 in
1094 2391 1197 2420 littera
1220 2391 1300 2420 noni
1316 2390 1448 2426 articuli,
1473 2390 1532 2420 sci·
1587 2394 1638 2419 sto
1661 2394 1808 2423 mortuo,
1833 2386 1888 2417 sed
1911 2387 2097 2427 baptismus
2122 2385 2344 2426 consepeliens
2368 2385 2497 2416 Christo
2520 2391 2651 2417 mortuo
2911 2397 2918 2413 ι

468 2439 542 2468 licet
565 2436 739 2468 secundam
763 2442 794 2466 et
808 2436 943 2471 tertiam,
961 2435 1073 2475 arguit.
1099 2434 1282 2465 Secundam
1299 2433 1440 2474 quidem,
1457 2434 1534 2474 quia
1587 2434 1756 2464 hominem
1781 2432 1836 2472 qui
1859 2431 2046 2471 baptizatur.
2404 2449 2406 2451 >

469 2483 501 2512 in
526 2486 629 2512 morte
654 2480 774 2511 Christi
796 2479 947 2520 baptizati
968 2488 1094 2514 sumus,
1124 2478 1200 2509 dicit
1222 2488 1290 2508 non
1321 2477 1532 2509 concludere:
1643 2476 1695 2507 Ad
1718 2475 1898 2507 secundum
1922 2474 2038 2505 dicitur
2061 2474 2160 2515 quod,
2185 2475 2211 2504 si
2230 2474 2354 2504 Auctor
2371 2473 2653 2514 reprehendendus

470 2526 546 2566 quia
568 2525 765 2566 poenitentia
788 2525 939 2554 virtutem
956 2532 1089 2563 quoque
1112 2523 1208 2553 habet
1232 2532 1249 2552 a
1271 2523 1420 2562 passione
1443 2521 1535 2552 Chri-
1589 2526 1644 2557 est,
1670 2526 1798 2560 oportet
1821 2529 1954 2560 quoque
1976 2518 2209 2560 reprehendere
2233 2517 2403 2559 Synodum
2422 2518 2651 2555 Florentium,
2915 2526 2918 2558 ξ

470 2571 519 2606 sti,
544 2575 575 2600 et
597 2575 704 2599 tamen
734 2574 780 2598 est
803 2567 960 2598 iterabilis.
984 2585 1007 2590 —
1031 2567 1173 2597 Tertiam
1202 2576 1296 2603 vero,
1321 2567 1397 2607 quia
1426 2566 1535 2606 impri-
1588 2566 1646 2596 sub
1670 2565 1818 2605 Eugenio
1845 2564 1887 2594 1V
1902 2565 1929 2600 ⁴²,
1955 2563 2130 2594 dicentem:
2160 2563 2237 2593 Tria
2261 2567 2345 2598 sunt,
2370 2562 2554 2603 baptismus,
2575 2571 2652 2594 con·
2679 2568 2787 2592 '‘neon-et.
2796 2569 2894 2598 prom·-
2914 2566 2918 2590 1

471 2615 529 2644 mit
550 2614 767 2644 characterem
791 2612 998 2647 indelebilem,
1024 2611 1100 2641 dicit
1123 2611 1259 2651 probare
1282 2620 1339 2651 per
1357 2609 1535 2641 immanife-
1578 2609 1730 2651 firmatio
1755 2614 1786 2640 et
1809 2608 1906 2644 ordo,
1938 2617 2020 2649 quae
2050 2608 2286 2643 characterem,
2317 2606 2399 2638 idest
2419 2607 2590 2648 spirituale
2610 2607 2653 2639 si·
2681 2601 2742 2618 '¹²⁶⁰'
2913 2612 2918 2642 ¹,

472 2659 564 2689 stius:
601 2658 753 2698 quoniam
784 2667 801 2686 a
830 2656 989 2696 principio
1020 2655 1228 2685 institutionis
1255 2655 1404 2695 baptismi
1433 2655 1534 2685 mani—
1588 2664 1709 2696 gnum,
1742 2653 1930 2694 imprimunt
1957 2652 1989 2683 in
2017 2652 2126 2683 anima
2151 2651 2340 2682 indelebile:
2374 2652 2459 2682 unde
2485 2651 2518 2682 in
2542 2651 2653 2683 eadem
2914 2643 2918 2684 ἶ

471 2702 589 2733 festum
618 2701 678 2740 fuit
709 2700 798 2741 quod
820 2710 888 2731 non
917 2700 1007 2730 licuit
1036 2700 1148 2730 iterare
1171 2700 1294 2739 ipsum;
1319 2705 1351 2729 et
1377 2699 1537 2729 character
1584 2707 1729 2739 persona
1757 2707 1821 2728 non
1847 2697 2053 2728 reiterantur.
2089 2696 2180 2726 Licet
2203 2705 2279 2736 ergo
2308 2705 2346 2726 ex
2369 2696 2528 2736 posterius
2550 2696 2653 2728 mani-
2913 2685 2918 2728 l

471 2751 536 2776 erat
559 2746 714 2776 occultus.
1591 2742 1676 2773 festis
1699 2743 1857 2772 rationem
1888 2740 2019 2771 reddere
2043 2749 2157 2771 eorum
2187 2749 2270 2781 quae
2296 2741 2384 2780 prius
2407 2746 2554 2781 tempore
2576 2745 2653 2771 nota
2913 2729 2918 2745 ⁵

526 2790 563 2820 11.
587 2789 638 2820 Ad
661 2790 800 2829 primum
824 2789 941 2819 horum
965 2788 1080 2818 dicitur
1103 2787 1192 2827 quod
1214 2787 1260 2818 vis
1276 2788 1406 2818 rationis
1433 2787 1536 2818 consi-
1591 2786 1718 2817 fuerint.
1743 2786 1791 2816 De
1814 2785 1923 2816 multis
1940 2786 2026 2815 enim
2042 2785 2304 2815 conclusionibus
2319 2785 2404 2815 notis
2420 2783 2507 2825 apud
2520 2784 2652 2825 priscos,
2911 2755 2918 2824 l

471 2835 523 2864 stit
545 2835 578 2864 in
601 2833 904 2874 repraesentatione,
930 2833 1006 2873 quia
1029 2832 1150 2862 scilicet
1173 2832 1206 2862 in
1230 2832 1388 2872 baptismo
1411 2841 1536 2872 reprae-
1591 2831 1783 2872 posteriores
1807 2829 2038 2860 adinvenerunt
2054 2833 2193 2870 propter
2214 2828 2300 2870 quid.
2910 2826 2918 2918 1

757 3115 914 3146 UTRUM
938 3114 1004 3145 SIT
1029 3113 1307 3145 CONVENIENS
1329 3113 1457 3145 RITUS
1481 3113 1574 3152 QUO
1598 3113 1812 3144 ECCLESIA
1835 3112 2002 3145 UTITUR
2026 3111 2070 3142 IN
2092 3109 2368 3142 BAPTIZANDO

1233 3202 1267 3227 lv
1286 3202 1369 3231 Sent„
1389 3202 1446 3227 dist.
1465 3209 1500 3233 vx,
1521 3209 1565 3234 qu.
1584 3209 1612 3232 ιι,
1631 3206 1678 3227 art.
1701 3208 1723 3230 ι,
1743 3201 1792 3234 qu*
1813 3209 1836 3233 2,
1857 3201 1881 3226 3.

563 3308 569 3322 ι
596 3318 636 3342 μί
686 3302 708 3326 D
728 3301 887 3326 DECIMUM
907 3301 959 3326 sm
979 3301 1216 3326 PROCEDlTUR.
1247 3289 1409 3326 Videtur
1431 3289 1539 3338 quod
1592 3290 1721 3326 minici
1747 3291 1914 3339 corporis
1939 3289 2191 3336 sanctificatae
2214 3288 2379 3334 fuissent.
2409 3288 2496 3325 Hoc
2523 3295 2654 3326 autem

234 3360 420 3414 in‘iiffiffmcil'ss’
545 3341 552 3348 '
796 3342 841 3379 sit
869 3341 1104 3379 conveniens
1133 3341 1227 3379 ritus
1259 3354 1339 3390 quo
1369 3341 1539 3378 Ecclesia
1592 3341 1735 3379 factum
1762 3342 1831 3380 fuit
1857 3341 1898 3379 in
1924 3340 2115 3390 baptismo
2145 3339 2305 3388 Christi,
2342 3340 2410 3390 qui
2444 3341 2656 3379 celebratur

688 3394 806 3432 utitur
819 3394 858 3431 in
872 3394 1113 3443 baptizando.
1135 3395 1185 3431 Ut
1200 3394 1305 3431 enim
1319 3393 1408 3431 dicit
1420 3395 1538 3444 Chry·
1592 3394 1632 3431 in
1651 3396 1745 3433 festo
1766 3393 2016 3444 Epiphaniae.
2038 3394 2140 3442 Ergo
2159 3393 2280 3442 magis
2299 3394 2455 3431 deberet
2473 3394 2655 3432 celebrari

645 3441 881 3485 &sostomus
909 3447 946 3494 ²⁵⁸,
986 3460 1177 3497 nunquam
1214 3459 1334 3497 aquae
1369 3449 1540 3497 baptismi
1593 3447 1775 3485 solemnis
1793 3446 2007 3496 baptismus
2026 3446 2065 3483 in
2093 3447 2186 3484 festo
2206 3446 2447 3496 Epiphaniae
2475 3459 2596 3497 quam
2614 3447 2654 3485 in

469 3513 643 3552 purgare
656 3507 811 3550 peccata
830 3501 1055 3538 credentium
1074 3506 1234 3550 possent,
1257 3501 1328 3537 nisi
1345 3506 1441 3537 tactu
1460 3501 1537 3537 Do·
1591 3500 1717 3549 vigilia
1745 3501 1914 3537 Paschae
1942 3507 1979 3536 et
2006 3499 2045 3536 in
2072 3499 2198 3548 vigilia
2225 3501 2479 3538 Pentecostes.

235 3419 271 3461 ιιι(
288 3419 346 3435 vers.
363 3420 371 3436 ι
387 3429 393 3435 .

235 3439 421 3494 ξιιᾎησιωᾶςιιὲἕζ

236 3492 266 3514 de
294 3492 419 3520 Censeo„

236 3519 289 3540 dist.
304 3519 344 3540 1v.
