2918 4088
218 943 230 952 ⁹
251 940 284 961 11·
307 940 366 966 11⁸⁶,
391 945 431 967 qu.

217 973 280 989 cuv.

218 995 240 1005 '¹'
246 993 282 1014 De
290 992 336 1014 Usu
345 992 432 1013 Matri-

218 1019 299 1045 monii,
305 1023 327 1040 et
336 1018 365 1039 de
372 1018 432 1039 Red-

219 1046 289 1068 dend.
304 1045 373 1066 debit.
386 1048 431 1066 etc.

221 1084 231 1088 -
249 1072 337 1099 opusc.
358 1070 431 1092 Caiet.

218 1098 431 1124 1,tom.·rract.xm‚

219 1334 230 1343 ·
244 1331 279 1353 Cf.
295 1337 358 1353 num.
373 1337 406 1352 m.

1250 203 1559 262 CARDINALIS
1589 201 1834 239 CAIETANI

597 467 706 522 DE
741 464 1373 522 DELECTATIONE
1410 462 1741 518 MOROSA
1779 460 2142 515 TRIPLEX
2177 459 2494 545 DUBIUM

1307 593 1527 636 PRIMUM
1558 591 1785 634 DUBIUM

662 701 722 732 AN
745 699 1032 732 VOLUNTARIA
1056 697 1338 730 DELECTATIO
1363 697 1421 727 DE
1441 695 1671 727 COGITATO
1695 695 1816 726 ACTU
1840 694 1988 725 LICITO
2015 693 2433 729 CONDITIONALITER,

1263 742 1329 773 SIT
1353 741 1566 772 MORTALE
1590 739 1832 771 PECCATUM
1967 785 1977 790 -
2209 756 2211 758 ·

464 855 602 920 Cinea
630 850 737 875 actum
765 843 925 883 coniugii,
955 842 1110 882 quoniam
1140 841 1241 872 multa
1270 841 1453 880 scripsimus
1484 839 1516 869 in
1543 842 1548 881 Ι,
1572 844 1680 869 autem
1703 839 1881 869 voluntaria
1905 847 2107 878 consequens
2132 838 2296 868 obiectum
2311 837 2445 868 interius
2460 839 2639 878 apprehen-

531 889 781 920 Commentariis
805 886 1022 928 praecedentis
1045 886 1134 916 Libri
1156 886 1190 916 in
1205 890 1339 915 tractatu
1363 883 1402 914 de
1425 884 1518 914 luxu-

458 935 503 964 ria
518 935 545 970 *‚
570 939 601 964 et
624 932 782 973 quaedam
806 933 901 962 etiam
924 931 957 961 in
980 931 1161 968 Quolibetis
1177 931 1221 966 *⁴2
1245 929 1330 965 ideo,
1347 938 1388 959 ne
1408 928 1519 958 eadem

458 984 658 1018 repetamus,
686 975 972 1016 pertranseundum
997 980 1057 1010 est,
1090 973 1267 1004 incidenter
1289 979 1396 1003 tamen
1424 972 1520 1002 dubia

459 1022 565 1062 aliqua
588 1021 627 1051 de
651 1020 862 1051 delectatione
885 1028 1014 1049 morosa
1038 1018 1202 1049 solvendo.

511 1120 545 1139 ετ
569 1114 677 1139 autern
700 1108 843 1147 primum
865 1105 1012 1141 dubium,
1032 1115 1071 1135 an
1088 1104 1268 1135 voluntaria
1287 1103 1455 1133 delectatio
1480 1102 1520 1132 de

511 1153 649 1192 cogitato
673 1156 747 1181 actu
771 1151 863 1180 licito
889 1148 1162 1184 conditionaliter,
1187 1149 1227 1178 sit
1249 1147 1383 1177 mortale
1406 1156 1520 1186 pecca-

458 1203 537 1228 tum.
561 1196 658 1226 Verbi
680 1195 788 1235 gratia,
808 1194 926 1233 cogitat
950 1193 1021 1232 quis
1045 1192 1084 1223 de
1108 1198 1181 1222 actu
1197 1191 1359 1230 coniugali
1376 1199 1451 1220 cum
1467 1189 1521 1219 tali

457 1242 591 1272 muliere
624 1240 649 1270 si
679 1243 760 1269 esset
791 1247 873 1268 uxor
903 1247 978 1272 sua,
1011 1242 1042 1266 et
1068 1235 1247 1266 voluntarie
1278 1234 1452 1265 delectatur
1481 1233 1520 1263 de

457 1291 531 1316 actu
547 1285 701 1324 cogitato:
723 1292 763 1312 an
779 1282 812 1312 in
827 1282 901 1317 hoc,
915 1287 946 1311 et
961 1280 1127 1316 similibus,
1139 1281 1179 1310 sit
1190 1284 1360 1319 peccatum
1375 1278 1520 1308 mortale.

512 1330 553 1360 Et
569 1334 615 1359 est
627 1328 706 1358 ratio
723 1326 812 1357 dubii
821 1326 848 1361 ἦ
862 1326 1016 1365 quoniam
1028 1334 1087 1364 pro
1100 1329 1188 1364 parte
1204 1324 1350 1363 negativa
1367 1327 1414 1352 est
1430 1321 1521 1362 quod

458 1373 625 1404 delectatio
650 1376 696 1402 est
720 1370 759 1400 de
782 1375 855 1400 actu
876 1370 974 1404 licito,
999 1370 1032 1398 in
1047 1374 1172 1398 tantum
1192 1367 1281 1407 quod
1297 1376 1472 1397 consensus
1487 1366 1520 1396 in

457 1415 643 1448 huiusmodi
666 1420 773 1445 actum
796 1423 864 1444 non
887 1418 934 1443 est
956 1418 1135 1452 peccatum.
1171 1411 1203 1442 Si
1230 1412 1317 1442 enim
1345 1420 1521 1441 consensus

457 1463 491 1492 in
514 1467 621 1492 actum
650 1468 717 1490 non
742 1463 788 1488 est
810 1463 998 1498 peccatum,
1031 1466 1048 1486 a
1071 1455 1196 1486 fortiori
1221 1465 1283 1486 nec
1306 1455 1457 1495 cogitatio
1482 1454 1520 1485 de

456 1507 512 1537 illo
537 1506 596 1536 erit
618 1508 798 1544 peccatum.

511 1551 573 1580 Pro
605 1553 693 1589 parte
725 1556 801 1576 vero
836 1545 1021 1576 affirmativa
1055 1550 1101 1576 est
1131 1544 1236 1575 omnis
1265 1544 1412 1584 religiosa
1443 1553 1521 1574 con-

456 1595 607 1629 scientia,
639 1601 753 1623 cavens
786 1589 970 1621 huiusmodi
1003 1589 1250 1620 delectationem
1285 1594 1321 1619 ut
1351 1594 1521 1628 peccatum

456 1639 601 1670 mortale.

512 1683 549 1713 ΙΙ.
566 1681 617 1713 Ad
632 1682 696 1711 hoc
716 1679 830 1710 dicitur
853 1677 953 1718 quod,
970 1679 1038 1709 sine
1054 1677 1164 1713 dubio,
1181 1676 1368 1708 huiusmodi
1384 1676 1521 1708 delecta-

456 1729 502 1758 tio
519 1726 697 1757 voluntaria
713 1729 759 1754 est
774 1729 944 1764 peccatum
959 1723 1110 1755 mortale:
1128 1722 1204 1762 quia
1220 1727 1266 1752 est
1281 1721 1467 1761 simpliciter
1482 1721 1521 1752 de

458 1771 631 1803 concubitu
655 1768 778 1809 peccati
801 1767 953 1798 mortalis.
984 1766 1035 1797 Ad
1059 1767 1150 1797 cuius
1173 1765 1378 1802 evidentiam,
1407 1765 1522 1796 discer-

456 1815 600 1847 nendum
624 1819 670 1845 est
692 1814 774 1843 inter
796 1821 991 1842 consensum
1015 1817 1046 1842 et
1069 1810 1324 1841 delectationem.
1356 1810 1521 1848 Quoniam

457 1866 522 1891 tam
546 1867 720 1890 consensus
744 1866 843 1897 quam
866 1855 1059 1886 desiderium
1081 1854 1155 1886 fetri
1178 1860 1285 1895 potest
1304 1855 1337 1884 in
1358 1855 1520 1885 obiectum

457 1905 508 1935 vel
532 1904 675 1934 absolute
698 1901 749 1932 vel
768 1900 1039 1931 conditionaliter:
1064 1905 1172 1940 potest
1194 1899 1280 1929 enim
1304 1899 1375 1938 quis
1399 1898 1521 1929 deside-

457 1958 524 1980 rare
549 1949 657 1978 cibum
680 1945 835 1981 absolute,
855 1950 887 1975 et
902 1949 1009 1984 potest
1023 1953 1131 1974 rursus
1147 1942 1323 1974 desiderare
1339 1944 1446 1983 ipsum
1462 1944 1521 1973 sub

458 1992 654 2027 conditione,
671 1995 758 2032 puta,
779 1990 805 2020 si
819 1999 888 2020 non
904 1994 986 2019 esset
1002 1987 1068 2019 dies
1083 1989 1204 2018 ieiunii.
1222 1988 1263 2018 Et
1279 1987 1369 2027 quod
1385 1987 1521 2018 dicimus

458 2038 497 2068 de
513 2042 596 2073 actu,
613 2035 700 2066 idem
715 2034 855 2074 intellige
879 2033 918 2064 de
946 2032 1156 2063 delectatione
1173 2037 1391 2072 consequente
1414 2038 1521 2063 actum

458 2082 593 2113 exterius
610 2079 800 2111 exercitum:
825 2087 900 2108 nam
923 2082 1030 2117 potest
1053 2077 1125 2117 quis
1143 2075 1320 2107 desiderare
1337 2075 1521 2107 delectatio-

457 2136 533 2157 nem
557 2125 619 2156 cibi
643 2130 674 2155 et
697 2123 842 2154 absolute
867 2128 898 2153 et
921 2122 979 2152 sub
993 2121 1199 2157 conditione,
1223 2126 1311 2160 puta,
1330 2120 1412 2151 velle
1436 2120 1521 2151 dele-

458 2171 534 2201 ctari
556 2170 590 2200 in
614 2167 816 2199 comedendo
848 2167 873 2197 si
901 2176 967 2197 non
993 2171 1074 2196 esset
1098 2165 1164 2196 dies
1187 2166 1307 2195 ieiunii.
1344 2165 1521 2195 Delectatio

1415 2262 1469 2270 ow

1574 893 1646 914 sum
1670 889 1701 914 et
1720 884 1941 923 concupitum,
1961 883 2026 913 sive
2044 882 2188 912 absolute
2205 882 2269 912 sive
2287 882 2553 919 conditionaliter,
2569 893 2639 914 non

1574 933 1680 968 potest
1703 927 1853 968 distingui
1876 928 1909 957 in
1933 926 2178 957 delectationem
2202 926 2453 957 conditionalem
2475 927 2526 957 vel
2546 928 2639 958 abso-

1573 972 1690 1002 lutam:
1721 971 1777 1002 sed
1801 981 1838 1002 ex
1861 972 1924 1002 hoc
1947 971 2018 1011 ipso
2043 969 2133 1011 quod
2155 971 2237 1001 inest
2259 970 2446 1001 huiusmodi
2469 970 2638 1003 delectatio

1574 1016 1770 1052 voluntarie,
1804 1021 1850 1046 est
1877 1015 2062 1055 simpliciter
2090 1020 2121 1045 et
2147 1015 2292 1045 absolute
2319 1014 2498 1046 delectatio.
2533 1015 2638 1053 Unde,

1574 1069 1650 1090 cum
1673 1060 1787 1100 aliquis
1815 1058 1970 1089 desiderat
1993 1065 2101 1089 actum
2125 1059 2267 1099 coniugii
2297 1069 2372 1090 cum
2396 1059 2503 1100 aliqua
2527 1060 2639 1091 condi-

1573 1103 1743 1139 tionaliter,
1767 1103 1857 1139 idest,
1882 1103 1908 1133 si
1932 1108 2013 1133 esset
2035 1113 2110 1133 sua:
2134 1112 2203 1133 non
2225 1109 2353 1143 peccat,
2378 1104 2534 1144 quoniam
2557 1103 2639 1135 desi-

1576 1147 1700 1177 derium
1724 1147 1888 1177 obiectum
1906 1147 2002 1176 habet
2016 1152 2120 1176 rectae
2136 1147 2251 1177 rationi
2267 1157 2460 1178 consonum.
2485 1148 2548 1180 Sed
2563 1158 2639 1180 cum

1575 1190 1750 1220 delectatur
1772 1190 1844 1230 quis
1877 1189 1916 1220 de
1934 1189 2122 1220 huiusmodi
2145 1196 2219 1220 actu
2249 1190 2459 1222 conditionali
2487 1193 2638 1234 cogitato,

1575 1234 1744 1265 delectatio
1767 1235 1836 1273 ipsa
1863 1243 1932 1263 non
1955 1239 2002 1263 est
2025 1233 2266 1264 conditionalis:
2298 1236 2454 1274 quoniam
2481 1236 2641 1268 conditio-

1574 1279 1654 1309 nalis
1677 1278 1756 1308 nihil
1779 1277 1872 1317 ponit
1894 1277 1927 1307 in
1951 1286 2034 1313 esse;
2059 1277 2246 1308 huiusmodi
2269 1284 2378 1309 autern
2396 1279 2564 1311 delectatio
2579 1290 2641 1322 po-

1574 1323 1660 1353 nitur
1682 1323 1716 1352 in
1741 1331 1808 1352 esse
1831 1321 2020 1354 voluntarie.
2045 1321 2086 1351 Et
2108 1327 2279 1362 propterea
2302 1322 2470 1354 delectatio
2489 1324 2558 1365 ipsa
2571 1334 2641 1356 non

1574 1371 1696 1407 spectat
1719 1365 1759 1396 ad
1783 1366 1947 1396 obiectum
1965 1365 2187 1396 desideratum
2218 1372 2249 1397 et
2277 1367 2453 1407 cogitatum
2483 1374 2642 1409 quatenus

1575 1417 1623 1442 est
1646 1409 1879 1441 conditionale:
1904 1419 1940 1440 ac
1961 1419 2019 1450 per
2033 1410 2107 1446 hoc,
2123 1410 2205 1441 redit
2219 1410 2260 1441 ad
2275 1416 2422 1443 naturam
2440 1413 2491 1443 sui
2504 1414 2641 1454 generis,

1575 1455 1696 1486 scilicet
1726 1454 1945 1485 delectationis
1974 1463 2123 1485 morosae
2153 1454 2193 1485 de
2224 1454 2336 1486 illicito
2368 1457 2554 1488 concubitu.
2593 1458 2642 1490 Ex

1575 1500 1639 1530 hoc
1662 1508 1803 1539 namque
1827 1498 1917 1539 quod
1940 1504 2028 1529 actus
2051 1504 2088 1529 ut
2111 1498 2335 1530 conditionalis
2358 1510 2426 1531 non
2449 1500 2524 1532 facit
2538 1503 2642 1543 ipsam

1575 1543 1822 1575 delectationem
1841 1542 2102 1579 conditionalem,
2126 1544 2271 1584 sequitur
2286 1544 2377 1584 quod
2394 1545 2555 1586 relinquat
2569 1556 2642 1578 eam

1573 1589 1608 1619 in
1631 1597 1747 1628 genere
1771 1587 1990 1618 delectationis
2013 1586 2212 1618 voluntariae
2236 1587 2275 1619 de
2299 1590 2492 1627 concubitu,
2517 1590 2645 1623 seclusa

1575 1632 1762 1664 conditione
1778 1640 1861 1672 quae
1877 1631 1946 1662 sola
1961 1630 2079 1662 faceret
2093 1631 2186 1662 illum
2208 1632 2343 1663 licitum.
2367 1633 2409 1664 Et
2423 1634 2488 1665 hoc
2504 1635 2642 1667 estnihil

1575 1676 1662 1708 aliud
1686 1676 1791 1707 dicere
1815 1685 1913 1716 quarn
1936 1675 2116 1716 relinquere
2138 1676 2227 1707 illam
2248 1677 2406 1718 in-specie
2421 1678 2643 1712 delectationis

1574 1721 1772 1752 voluntariae
1796 1719 1836 1750 de
1860 1720 2035 1750 concubitu
2058 1729 2095 1751 ac
2118 1721 2144 1751 si
2167 1721 2221 1751 illa
2239 1721 2382 1753 condiu'o
2405 1732 2474 1754 non
2489 1729 2572 1755 esset
2587 1733 2642 1755 co-

1574 1766 1680 1806 gitata.
1713 1765 1753 1795 Et
1776 1764 1839 1794 hoc
1864 1769 1911 1795 est
1934 1763 2023 1804 quod
2046 1765 2213 1796 timoratae
2237 1766 2451 1798 conscientiae
2474 1768 2643 1810 utriusque

1575 1819 1669 1841 sexus
1691 1813 1855 1839 testantur.

1631 1853 1683 1884 III.
1707 1853 1748 1883 Et
1770 1862 1828 1893 per
1850 1852 1914 1883 hoc
1929 1858 2016 1892 patet
2039 1853 2158 1884 solutio
2182 1853 2222 1885 ad
2245 1855 2409 1886 obiectum
2424 1857 2451 1887 *.
2476 1856 2643 1895 Quoniam

1575 1907 1643 1928 non
1667 1903 1713 1928 est
1735 1896 1822 1928 idem
1845 1895 2001 1928 iudicium
2024 1896 2064 1928 de
2080 1907 2239 1929 consensu
2263 1904 2294 1929 et
2314 1899 2470 1931 desiderio
2485 1901 2520 1932 in
2535 1906 2643 1932 actum

1576 1942 1766 1973 exteriorem
1788 1941 1942 1981 illiusque
1962 1941 2208 1973 delectationem
2231 1944 2290 1973 sub
2315 1943 2517 1975 conditione:
2549 1950 2581 1976 et
2603 1945 2644 1977 de

1574 1986 1733 2027 praesenti
1757 1985 1968 2016 delectatione
1991 1986 2170 2017 voluntaria
2185 1986 2225 2017 de
2241 1987 2357 2018 eodem
2375 1994 2449 2019 actu
2465 1989 2644 2031 eademque

1575 2030 1788 2062 delectatione
1822 2030 1969 2069 cogitata.

1630 2075 1699 2105 Nec
1731 2079 1778 2104 est
1806 2083 1919 2104 verum
1951 2074 2040 2114 quod
2072 2084 2221 2115 praesens
2245 2075 2414 2108 delectatio
2437 2078 2476 2108 sit
2499 2077 2539 2109 de
2570 2084 2644 2110 actu

1574 2119 1674 2150 licito.
1705 2118 1871 2156 Quoniam
1901 2127 1968 2148 non
2001 2124 2048 2149 est
2078 2118 2117 2149 de
2150 2119 2206 2150 illo
2240 2119 2514 2153 conditionaliter:
2555 2128 2645 2154 actus

1576 2169 1684 2194 autem
1710 2172 1777 2193 non
1805 2163 1865 2193 nisi
1893 2162 2151 2194 conditionaliter
2177 2169 2224 2194 est
2246 2164 2361 2196 licitus.

1267 2340 1577 2382 SECUNDUM
1610 2340 1836 2383 DUBIUM

644 2448 704 2479 AN
728 2446 865 2477 VIDUA
889 2445 1011 2484 QUAE
1034 2443 1320 2476 VOLUNTARIE
1344 2441 1644 2474 DELECTATUR
1667 2443 1725 2473 DE
1750 2443 1992 2475 CONIUGALI
2016 2444 2138 2476 ACTU
2162 2445 2453 2484 PRAETERITO,

1306 2487 1479 2518 PECCET
1503 2485 1793 2518 MORTALITER

461 2602 646 2667 spcunmm
670 2591 805 2622 dubium
833 2595 890 2625 est,
907 2599 948 2620 an
971 2588 1068 2620 vidua
1084 2598 1166 2630 quae
1182 2588 1361 2619 voluntarie
1385 2586 1523 2618 delecta-

514 2647 551 2667 ur
574 2636 613 2667 de
636 2641 709 2666 actu
732 2634 894 2675 coniugali
913 2634 1102 2674 praeterito,
1126 2638 1240 2673 peccet
1262 2631 1448 2663 mortaliter.
1482 2630 1524 2661 Et
1544 2671 1546 2673 ι

460 2687 506 2712 est
529 2681 608 2711 ratio
632 2680 721 2710 dubii
744 2679 934 2719 ambiguitas
957 2678 1174 2708 scribentium.

514 2724 564 2755 Ad
587 2725 650 2755 hoc
674 2724 789 2755 dicitur
812 2722 918 2763 quod,
943 2722 1118 2753 formaliter
1140 2719 1324 2762 loquendo,
1346 2720 1525 2751 voluntaria

460 2769 626 2800 delectatio
655 2768 694 2799 de
718 2768 887 2808 praeterito
918 2772 990 2797 actu
1021 2767 1163 2806 coniugii
1186 2775 1253 2796 non
1277 2770 1323 2796 est
1354 2770 1525 2805 peccatum

460 2813 603 2844 mortale.
628 2813 669 2843 Et
691 2814 770 2843 ratio
795 2817 842 2842 est
865 2811 940 2852 quia
964 2810 1107 2842 eiusdem
1130 2812 1229 2841 moris
1253 2816 1300 2840 est
1320 2809 1469 2840 delectari
1485 2808 1524 2839 de

459 2858 627 2898 praesenti,
651 2857 820 2897 praeterito
844 2856 894 2886 vel
917 2855 1045 2886 futuro:
1070 2854 1256 2886 huiusmodi
1273 2855 1360 2885 enim
1379 2853 1525 2884 differen-

460 2903 522 2932 tiae
549 2911 617 2932 non
639 2902 760 2931 variant
789 2901 929 2941 speciem
953 2901 1051 2931 moris
1082 2899 1121 2930 de
1144 2900 1233 2930 bono
1260 2899 1294 2929 in
1317 2898 1449 2929 malurn.
1484 2898 1526 2928 Et

461 2951 644 2986 propterea,
676 2946 758 2976 sicut
781 2945 966 2985 simpliciter
993 2950 1024 2975 et
1047 2944 1191 2974 absolute
1219 2942 1334 2974 viduae
1365 2952 1526 2973 consensu

462 2990 670 3030 approbativo
694 2994 799 3029 potest
822 2989 947 3029 placere
971 2994 1059 3019 actus
1078 2989 1274 3028 praeteritus,
1291 2988 1334 3017 ita
1349 2992 1456 3027 potest
1471 2986 1526 3017 de-

462 3034 570 3064 lectari
597 3033 635 3064 de
659 3034 725 3063 illo.

516 3078 557 3108 Et
572 3078 645 3108 licet
661 3078 738 3107 haec
754 3078 833 3107 ratio
850 3076 994 3113 sufficiat,
1008 3076 1227 3107 manifestatur
1242 3083 1350 3106 tamen
1367 3085 1404 3106 ex
1421 3076 1526 3106 simili.

465 3121 562 3152 ludex
586 3122 672 3151 enirn
695 3120 823 3151 functus
847 3120 955 3151 officio
982 3126 1088 3161 potest
1110 3120 1288 3151 voluntarie
1315 3119 1464 3150 delectari
1487 3119 1526 3150 de

464 3165 603 3195 vindicta
614 3174 712 3205 quam
725 3165 864 3195 exercuit
876 3165 1054 3195 occidendo
1067 3165 1302 3205 perturbatores
1317 3164 1525 3204 reipublicae:

465 3218 526 3239 nec
541 3209 648 3238 solum
664 3210 748 3238 intus
764 3214 870 3248 potest
886 3209 1111 3239 delectabiliter
1128 3209 1309 3244 memorari,
1326 3218 1438 3238 verum
1454 3214 1527 3248 pot-

467 3258 514 3282 est
529 3253 625 3282 etiam
640 3252 864 3282 delectabiliter
880 3253 957 3283 haec
974 3262 1127 3289 enarrare,
1144 3258 1180 3283 ut
1195 3258 1290 3292 patet.
1315 3252 1403 3283 Idem
1420 3258 1527 3283 autem

468 3301 515 3326 est
536 3295 691 3326 iudicium
708 3295 747 3326 de
762 3296 940 3326 voluntaria
963 3296 1173 3327 delectatione
1189 3297 1221 3326 in
1239 3297 1443 3336 cogitatione,
1460 3306 1528 3327 me-

467 3340 578 3375 moria,
590 3340 769 3369 narratione
786 3345 817 3369 et
828 3339 912 3369 facto
928 3340 1095 3375 vindictae,
1109 3346 1139 3370 et
1151 3341 1384 3380 cuiuscumque
1401 3341 1528 3371 alterius

468 3389 574 3414 actus:
600 3383 755 3413 memoria
779 3383 864 3413 enim
881 3383 919 3413 de
935 3384 1024 3413 iustis
1040 3393 1097 3414 seu
1113 3384 1205 3414 licitis
1229 3383 1345 3414 eodem
1368 3394 1458 3415 more
1482 3390 1529 3415 est

1633 2585 1670 2617 11.
1694 2586 1937 2619 Advertendum
1968 2594 2076 2620 tamen
2108 2595 2154 2620 est
2176 2590 2228 2621 hic
2259 2590 2349 2631 quod
2371 2591 2457 2622 aliud
2484 2598 2531 2623 est
2553 2593 2647 2634 loqui

1577 2629 1617 2662 de
1639 2631 1819 2662 voluntaria
1842 2631 2054 2664 delectatione
2081 2635 2242 2673 praeteriti
2265 2640 2354 2666 actus
2377 2636 2472 2667 liciti:
2505 2642 2536 2667 et
2559 2636 2646 2668 aliud

1578 2680 1625 2705 est
1647 2675 1739 2716 loqui
1763 2675 1803 2707 de
1827 2677 2119 2714 concomitantibus
2142 2678 2239 2709 illam.
2267 2679 2351 2710 Nam
2374 2684 2434 2710 stat
2458 2680 2547 2721 quod
2577 2681 2647 2722 ipsa

1579 2719 1747 2751 delectatio
1772 2720 1811 2751 de
1831 2726 1904 2751 actu
1920 2723 2090 2761 praeterito
2106 2722 2284 2754 voluntaria
2306 2725 2460 2755 immunis
2475 2725 2516 2755 sit
2531 2734 2646 2756 secun—

1579 2763 1658 2794 dum
1681 2765 1818 2805 seipsam
1842 2775 1860 2795 a
1883 2771 2016 2806 peccato
2040 2767 2180 2797 mortali:
2206 2773 2237 2798 et
2252 2773 2360 2798 tamen
2376 2769 2521 2808 ipsamet,
2537 2775 2574 2800 ut
2589 2779 2646 2800 an-

1578 2818 1698 2839 nexum
1721 2810 1817 2840 habet
1838 2810 1960 2840 malum
1984 2810 2132 2851 aliquod,
2156 2817 2234 2851 puta
2257 2812 2492 2852 pollutionem,
2516 2813 2568 2844 vel
2591 2813 2646 2844 de-

1579 2853 1785 2884 lectationem
1818 2854 2004 2884 interiorem
2038 2861 2292 2896 consequentem
2326 2857 2517 2888 velleitatem
2556 2863 2646 2889 actus

1579 2897 1689 2928 similis
1712 2899 1898 2938 praeterito,
1923 2904 1978 2929 aut
2001 2905 2255 2940 consequentem
2277 2901 2495 2941 insurgentem
2523 2911 2646 2933 concu-

1578 2943 1778 2982 piscentiam,
1795 2943 1834 2972 sit
1857 2948 2026 2982 peccatum
2042 2944 2186 2974 mortale.
2212 2944 2253 2975 Et
2277 2945 2352 2985 quia
2374 2954 2519 2982 venerea,
2543 2955 2646 2986 quan-

1579 2992 1792 3026 tumcumque
1815 2986 1916 3022 licita,
1940 2996 2015 3018 cum
2032 2988 2222 3028 cogitantur,
2246 2998 2403 3019 annexam
2425 2989 2544 3020 habent
2567 2999 2646 3021 con-

1580 3032 1811 3071 cupiscentiam
1826 3032 1942 3067 carnis,
1959 3037 2132 3072 motusque
2149 3033 2215 3072 qui,
2232 3033 2327 3063 etiam
2346 3042 2414 3063 non
2429 3034 2646 3074 praecipiente

1579 3075 1753 3111 intellectu,
1778 3076 1963 3115 insurgunt,
1988 3081 2024 3106 ut
2047 3077 2241 3116 experientia
2263 3082 2410 3107 testatur:
2435 3077 2526 3114 ideo,
2549 3078 2575 3108 si
2598 3079 2646 3108 vi-

1580 3119 1662 3150 duae
1679 3119 1847 3150 delectatio
1871 3119 2052 3159 periculum
2075 3121 2170 3150 habet
2193 3130 2354 3151 annexum
2375 3121 2565 3161 pollutionis
2591 3127 2647 3153 aut

1579 3165 1690 3194 ruinae
1713 3164 1838 3194 animae
1862 3163 1902 3193 ad
1925 3164 2066 3204 aliquem
2085 3174 2220 3204 pravum
2244 3174 2439 3196 consensum
2459 3166 2646 3197 huiusmodi

1580 3207 1831 3238 delectationum
1854 3217 2060 3244 annexarum,
2076 3213 2112 3239 ut
2128 3209 2343 3240 communiter
2357 3209 2484 3240 videtur
2502 3210 2646 3242 accidere

1578 3252 1758 3283 voluntarie
1774 3252 2020 3283 immorantibus
2042 3252 2076 3282 in
2096 3253 2260 3283 memoriis
2283 3253 2413 3289 talibus,
2431 3259 2557 3285 tenetur
2580 3255 2646 3286 evi-

1579 3302 1645 3327 tare
1664 3295 1851 3327 huiusmodi
1872 3296 2072 3332 memoriam,
2089 3296 2171 3327 sicut
2186 3301 2313 3327 tenetur
2328 3297 2437 3337 fugere
2458 3298 2646 3330 huiusmodi

1581 3340 1733 3381 pericula.

1636 3384 1711 3416 Sine
1734 3384 1782 3414 his
1805 3389 1923 3420 tamen,
1942 3383 2129 3414 huiusmodi
2148 3385 2322 3416 memoriae
2339 3387 2553 3418 communiter
2571 3392 2646 3418 sunt

467 3427 661 3458 delectabilis
689 3435 755 3466 quo
780 3432 810 3456 et
833 3427 900 3465 ipsa
924 3427 1004 3457 iusta
1034 3427 1136 3457 elicita
1163 3427 1292 3457 fuerunt
1320 3427 1525 3459 delectabilia.
1581 3434 1711 3470 peccata
1734 3428 1886 3458 venialia:
1912 3428 1987 3468 quia
2002 3433 2115 3458 carent
2132 3429 2190 3469 pia
2210 3430 2397 3471 necessitate
2419 3436 2450 3462 et
2465 3431 2603 3462 utilitate
2617 3432 2644 3462 *.

1637 3535 1689 3543 m

2669 1862 2679 1874 ·
2694 1861 2767 1884 Num.
2780 1867 2798 1884 ι.

2672 3258 2888 3308 ιιῦὲιὲνξέοωὶὶ.

2673 3312 2710 3335 Cf.
2731 3311 2822 3335 uorat.
2853 3313 2886 3335 ib.

2671 3339 2725 3366 vu,
2747 3345 2800 3367 etp.
2819 3345 2887 3366 ινιιι,

2671 3365 2887 3421 ῗᾶῗῗξὲἑῖὥ

2672 3419 2830 3469 ἓέἧ.“;ζῑ·’·
2844 3418 2887 3441 ⁸⁶·
