2878 4088
94 388 104 398 ·
122 385 146 408 Β.
166 385 254 407 Albert.
274 384 305 406 1v

94 412 167 439 Sent„
178 411 231 434 dist.
246 417 306 438 ων,

94 443 137 461 nrt.
150 445 182 468 33.

97 1443 180 1494 ‘ssi-R·
191 1450 255 1493 {0¹03ss
261 1450 311 1492 ,⁷:113

98 1693 110 1704 ¹
147 1691 164 1714 f.
183 1697 248 1720 corp.
268 1694 311 1713 ut.

97 2058 315 2082 'An-tondeban-

127 2085 176 2108 m.
189 2087 214 2108 et
221 2085 311 2108 arem.

119 2113 178 2140 uae,
192 2118 243 2142 etp.
260 2118 294 2135 m.

100 2861 113 2872 ·
125 2859 194 2883 Vere.
207 2860 247 2888 4⁶.

948 167 1212 215 QUAESTIO
1241 165 1452 211 LXXXVI,
1482 165 1775 203 ARTICULUS
1804 167 1911 212 11,111

335 248 394 278 hac
410 248 473 278 vita
489 257 557 278 non
573 248 694 284 habuit,
711 247 829 278 modus
852 257 977 288 poenae
993 257 1061 277 non
1077 245 1283 286 responderet
1302 253 1403 284 quan-

335 292 415 322 titati
440 292 564 332 culpae,
582 291 637 322 sed
656 293 756 332 magis
772 291 931 323 videretur
954 291 1067 331 aliquis
1091 291 1197 331 puniri
1212 299 1272 330 pro
1289 288 1403 329 poenis

337 345 416 377 quas
440 337 473 367 in
496 337 560 367 hoc
584 336 708 367 mundo
732 346 843 377 passus
868 336 943 367 fuit:
969 335 1059 375 quod
1082 340 1129 365 est
1152 333 1335 364 absurdum.

391 380 432 411 Et
448 380 521 411 ideo
538 381 591 411 alii
606 382 622 397 ἢ*
645 381 864 411 rationabilius
889 380 999 411 dicunt
1017 379 1106 420 quod
1121 379 1244 409 Auctor
1268 378 1324 417 qui
1348 386 1403 407 na-

2448 176 2517 202 201

1458 243 1538 274 nihil
1554 244 1593 273 sit
1609 253 1705 283 agens
1721 243 1811 283 quod
1826 245 1928 283 possit
1944 254 2061 285 corpus
2077 255 2134 285 per
2150 246 2368 276 alterationem
2384 245 2524 285 aliquam

1458 293 1668 318 transmutare
1692 298 1709 318 a
1733 297 1790 318 sua
1813 288 1948 318 naturali
1978 290 2180 329 proprietate.
2214 290 2254 320 Et
2277 289 2351 320 ideo
2379 295 2453 329 post
2476 299 2524 320 re-

1458 332 1699 368 surrectionem,
1717 337 1859 362 cessante
1882 337 1975 362 motu
2000 333 2088 369 caeli,
2105 334 2192 364 nulla
2214 334 2347 373 qualitas
2364 334 2421 364 erit
2437 333 2522 364 suffi-

1459 377 1545 406 ciens
1568 381 1604 406 ut
1627 386 1745 416 corpus
1775 377 1954 406 humanum
1986 377 2114 407 alterare
2146 379 2246 417 possit
2270 388 2286 407 a
2310 388 2366 408 sua
2389 379 2522 408 naturali

335 430 439 455 turam
464 424 617 461 condidit,
634 426 668 455 in
691 426 922 455 resurrectione
945 430 1091 455 naturam
1115 423 1260 463 corporis
1282 422 1403 460 integre
1426 429 1435 449 ς
1458 420 1620 460 qualitate.
1646 420 1821 460 Corruptio
1846 425 1953 450 autem
1977 426 2023 450 est
2046 422 2199 451 terminus
2223 422 2425 458 alterationis,
2443 423 2523 452 sicut

335 470 502 509 reparabit.
527 469 621 500 Unde
645 469 803 509 quidquid
827 469 970 500 defectus
986 469 1036 499 vel
1057 467 1262 507 turpitudinis
1279 475 1317 496 ex
1334 474 1403 495 cor-

336 514 487 554 ruptione
509 513 560 544 vel
585 513 745 544 debilitate
773 519 904 544 naturae
932 514 997 543 sive
1020 512 1255 552 principiorum
1277 514 1404 540 natura—

336 558 416 589 lium
439 559 473 588 in
497 567 633 598 corpore
657 557 727 594 fuit,
751 563 857 588 totum
872 558 906 588 in
921 557 1153 587 resurrectione
1176 554 1402 588 removebitur,

337 603 418 632 sicut
442 602 553 638 febris,
577 602 738 642 lippitudo
763 608 795 632 et
818 602 950 632 similia:
982 600 1125 632 defectus
1153 605 1261 630 autem
1285 598 1342 637 qui
1366 606 1403 626 ex

1458 470 1490 495 et
1512 465 1686 504 generatio.
1718 464 1812 496 Unde
1844 474 1980 504 corpora
2012 464 2235 495 damnatorum
2267 467 2429 506 corrumpi
2455 476 2521 497 non

1457 514 1620 549 poterunt.
1654 509 1694 540 Et
1718 509 1781 539 hoc
1809 508 1944 539 deservit
1974 508 2099 538 divinae
2130 510 2282 546 iustitiae,
2306 516 2342 540 ut
2365 516 2521 551 perpetuo

1457 554 1600 584 viventes
1623 559 1780 593 perpetuo
1804 554 1988 593 puniantur,
2006 552 2096 593 quod
2119 552 2224 583 divina
2247 555 2364 584 iustitia
2380 556 2520 594 requirit,

1457 602 1494 627 ut
1508 597 1590 627 infra
1605 598 1622 613 ⁴*
1646 597 1785 628 dicetur:
1811 598 1892 628 sicut
1916 602 1947 628 et
1969 607 2056 627 nunc
2080 598 2324 637 corruptibilitas
2348 608 2519 639 corporum

336 647 531 677 naturalibus
554 647 718 687 principiis
741 647 775 677 in
797 647 942 676 humano
967 654 1102 685 corpore
1125 643 1309 674 naturaliter
1326 650 1403 671 con·
1419 652 1444 667 ιο
1459 641 1595 671 deservit
1618 641 1743 672 divinae
1767 641 1996 681 providentiae,
2013 651 2071 682 per
2094 650 2192 681 quam
2216 651 2253 671 ex
2277 642 2435 682 aliquibus
2452 653 2522 674 cor-

337 696 525 731 sequuntur,
543 691 625 721 sicut
640 691 871 731 ponderositas,
884 689 1071 730 passibilitas
1092 694 1122 719 et
1143 687 1267 722 similia,
1283 686 1317 716 in
1334 694 1403 715 cor-

337 735 470 776 poribus
498 735 722 766 damnatorum
750 740 856 770 erunt,
881 743 964 774 quos
992 732 1135 763 defectus
1164 732 1202 761 ab
1227 730 1404 761 electorum

338 780 527 820 corporibus
550 779 651 819 gloria
673 778 914 809 resurrectionis
938 776 1094 808 excludet.

392 824 443 854 An
459 833 576 854 PRIMUM
592 833 675 854 aneo
691 832 852 853 mmmmm
873 821 972 862 quod,
990 830 1065 851 cum
1081 829 1188 860 poena
1208 819 1241 848 in
1259 817 1405 858 quolibet

1458 686 1559 725 ruptis
1583 686 1643 715 alia
1665 691 1866 725 generantur.

1514 729 1589 759 Alio
1617 729 1718 760 modo
1748 731 1904 770 contingit
1928 739 1966 760 ex
1989 729 2052 760 hoc
2081 729 2170 770 quod
2198 730 2392 770 principium
2416 740 2523 761 corru-

1458 773 1578 813 ptionis
1602 773 1785 814 impeditur.
1810 774 1851 804 Et
1869 775 1931 804 hoc
1955 773 2055 804 modo
2080 783 2198 814 corpus
2221 774 2310 804 Adae
2333 775 2523 815 incorrupti-

1459 817 1521 847 bile
1545 816 1606 848 fuit
1622 819 1656 848 ⁴¹⁵:
1682 818 1758 858 quia
1782 819 1956 849 contrariae
1981 818 2147 858 qualitates
2171 819 2203 849 in
2227 819 2366 849 hominis
2391 829 2524 859 corpore

337 867 409 898 foro
433 867 594 908 infligatur
620 866 800 898 secundum
824 865 1044 896 conditionem
1069 864 1153 894 illius
1177 862 1252 898 fori,
1280 870 1405 902 poenae
1421 873 1442 893 ις
1460 862 1629 892 existentes
1660 862 1906 893 continebantur
1936 872 1993 903 per
2020 864 2152 903 gratiam
2183 864 2387 894 innocentiae
2415 873 2457 894 ne
2487 864 2526 894 ad

338 921 420 952 quae
443 913 476 942 in
492 912 552 941 hac
572 912 636 941 vita
658 910 826 950 temporali
848 909 1036 949 infliguntur
1059 918 1118 949 pro
1143 907 1252 947 aliquo
1269 910 1403 947 peccato

337 955 529 995 temporales
545 960 628 991 sunt,
646 960 677 985 et
692 955 774 985 ultra
789 955 871 984 vitae
887 954 1061 984 terminum
1079 962 1146 983 non
1163 961 1196 982 se
1218 950 1403 982 extendunt.

337 1000 378 1030 Et
399 999 492 1035 ideo,
517 1000 663 1039 quamvis
685 1004 856 1039 peccatum
878 1008 946 1029 non
970 999 1010 1028 sit
1032 998 1202 1028 remissum
1231 995 1404 1028 damnatis.

341 1053 409 1074 non
439 1049 547 1074 tamen
579 1048 708 1084 oportet
736 1043 827 1083 quod
857 1042 986 1073 easdem
1013 1052 1135 1082 poenas
1165 1041 1209 1071 ibi
1230 1040 1404 1071 sustineant

1460 905 1706 938 dissolutionem
1730 908 1874 948 corporis
1898 917 1990 948 agere
2013 913 2154 947 possent.
2179 908 2220 938 Et
2235 908 2339 938 multo
2360 908 2432 948 plus
2448 918 2526 938 con-

1460 951 1647 981 tinebuntur
1677 952 1710 982 in
1739 953 1928 992 corporibus
1959 952 2122 992 gloriosis,
2152 961 2234 992 quae
2266 958 2359 983 erunt
2391 954 2526 983 omnino

1461 995 1604 1026 subiecta
1627 997 1761 1036 spiritui.
1789 996 1830 1026 Et
1853 997 1897 1027 sic
1921 997 1954 1026 in
1978 997 2167 1036 corporibus
2191 997 2358 1027 beatorum
2383 1003 2457 1037 post
2479 1007 2526 1028 re-

1461 1040 1692 1071 surrectionem
1709 1050 1919 1071 communem
1936 1041 2173 1081 coniungentur
2189 1041 2254 1071 duo
2271 1041 2423 1081 praedicti
2438 1041 2527 1072 modi

337 1097 416 1128 quas
440 1088 474 1119 in
497 1088 560 1119 hoc
583 1087 709 1118 mundo
725 1093 800 1118 sunt
815 1088 917 1128 passi:
943 1086 998 1118 sed
1014 1086 1120 1117 divina
1135 1085 1255 1116 iustitia
1275 1083 1406 1124 requin't
1421 1094 1447 1109 ²⁰
1461 1085 1777 1125 incorruptibilitatis.

337 1137 373 1163 ut
394 1132 439 1163 ibi
463 1133 577 1173 poenis
600 1133 798 1173 gravioribus
820 1133 854 1162 in
878 1137 1045 1162 aeternum
1069 1131 1260 1161 crucientur.

392 1177 444 1207 An
467 1187 631 1207 sactmmm
658 1187 819 1207 nxcnnnum
849 1175 939 1217 quod
967 1185 1035 1206 non
1059 1180 1106 1206 est
1129 1174 1239 1205 similis
1263 1173 1342 1203 ratio
1367 1172 1406 1203 de

337 1221 431 1252 bonis
448 1227 479 1252 et
494 1222 604 1252 malis:
630 1231 670 1252 eo
691 1221 781 1262 quod
803 1221 924 1261 aliquid
947 1225 1054 1261 potest
1077 1229 1145 1250 esse
1167 1228 1248 1259 pure
1271 1218 1406 1253 bonum,

1515 1129 1567 1159 At>
1591 1139 1708 1159 numm
1739 1139 1822 1160 noo
1850 1140 2010 1160 mmmmm
2041 1129 2129 1170 quod
2160 1131 2316 1160 contraria
2345 1140 2382 1160 ex
2411 1131 2527 1170 quibus

1463 1182 1599 1213 corpora
1627 1179 1883 1214 componuntur,
1908 1180 1982 1204 sunt
2010 1174 2150 1205 secunda
2177 1174 2333 1215 principia
2357 1174 2396 1205 ad
2420 1184 2528 1205 cortu»

1461 1218 1608 1258 ptionem
1632 1219 1773 1258 agentia:
1797 1219 1939 1258 primum
1964 1219 2049 1249 enim
2069 1228 2165 1258 agens
2182 1224 2228 1249 est
2243 1225 2351 1249 motus
2375 1220 2527 1250 caelestis.

338 1275 406 1297 non
429 1271 537 1297 autem
560 1274 640 1306 pure
663 1266 796 1296 malum.
822 1265 916 1297 Unde
940 1270 1124 1295 sanctorum
1147 1263 1261 1294 ultima
1276 1262 1408 1292 felicitas
1462 1261 1566 1298 Unde,
1584 1264 1752 1303 supposito
1776 1268 1869 1293 motu
1894 1263 1983 1299 caeli,
2004 1272 2133 1294 necesse
2151 1269 2197 1293 est
2212 1268 2248 1293 ut
2264 1273 2382 1303 corpus
2398 1273 2436 1294 ex
2452 1273 2529 1294 con-

337 1310 402 1341 hoc
425 1311 558 1350 requirit
580 1316 617 1341 ut
639 1311 678 1341 ab
696 1311 787 1341 omni
809 1310 896 1340 malo
920 1310 1048 1350 penitus
1071 1309 1134 1339 sint
1156 1309 1334 1338 immunes:
1352 1304 1408 1336 sed
1423 1316 1446 1336 2ς
1462 1307 1563 1337 trariis
1587 1308 1805 1347 compositum
1829 1313 2061 1347 corrumpatur,
2086 1308 2146 1337 nisi
2170 1308 2209 1338 sit
2232 1308 2338 1348 aliqua
2361 1317 2455 1338 causa
2470 1317 2529 1348 po-

339 1355 452 1385 ultima
474 1355 634 1386 malorum
658 1355 785 1385 miseria
800 1364 868 1385 non
884 1353 1024 1385 excludit
1047 1362 1144 1384 omne
1168 1353 1307 1387 bonum;
1333 1350 1409 1390 quia
1462 1351 1525 1381 tior
1540 1351 1729 1391 impediens.
1750 1351 1812 1382 Sed
1827 1356 1920 1382 motu
1937 1352 2016 1382 caeli
2031 1357 2168 1388 remoto,
2186 1353 2342 1382 contraria
2358 1362 2396 1382 ex
2412 1353 2529 1392 quibus

338 1399 476 1435 malum,
501 1400 529 1430 si
553 1400 716 1441 integrum
738 1400 796 1435 sit,
821 1399 1001 1439 corrumpit
1026 1398 1179 1438 seipsum,
1203 1401 1240 1426 ut
1262 1395 1409 1440 Philoso-
1463 1404 1581 1435 corpus
1603 1397 1820 1436 componitur,
1836 1406 1904 1426 non
1920 1395 2082 1427 sufficiunt
2098 1396 2138 1426 ad
2154 1397 2395 1437 corruptionem
2411 1396 2528 1427 facien-

338 1444 422 1484 phus
446 1443 539 1480 dicit,
564 1445 597 1474 in
626 1444 669 1474 IV
691 1444 795 1474 Ethic.
812 1445 829 1461 ⁸
859 1443 953 1475 Unde
985 1448 1114 1483 oportet
1144 1440 1234 1482 quod
1264 1439 1409 1471 miseriae
1464 1439 1547 1475 dam,
1565 1441 1661 1470 etiam
1680 1440 1859 1471 secundum
1878 1447 2034 1477 naturam,
2051 1446 2087 1471 ut
2102 1446 2190 1481 patet
2206 1450 2243 1471 ex
2259 1441 2350 1471 dictis
2366 1442 2392 1471 ἢ
2418 1441 2529 1472 Cessa-

339 1487 566 1519 damnatorum
589 1489 807 1519 substernatur
830 1488 954 1519 bonum
982 1493 1112 1518 naturae
1135 1487 1170 1516 in
1192 1485 1287 1526 ipsis:
1319 1482 1410 1524 quod
1463 1485 1586 1514 tionem
1614 1490 1721 1515 autern
1751 1490 1860 1515 motus
1889 1485 1966 1515 caeli
1989 1495 2056 1515 non
2082 1491 2303 1525 cognoverunt
2332 1486 2528 1526 philosophi.

340 1538 387 1564 est
410 1542 494 1573 opus
517 1532 704 1564 Conditoris
730 1532 881 1573 perfecti,
906 1533 962 1572 qui
985 1532 1088 1572 ipsam
1111 1536 1257 1561 naturam
1281 1529 1314 1559 in
1338 1538 1409 1569 per·
1425 1537 1450 1558 3⁰
1464 1528 1558 1559 Unde
1585 1538 1645 1569 pro
1669 1529 1825 1560 infallibili
1854 1530 2012 1560 habebant
2043 1529 2132 1570 quod
2163 1539 2280 1570 corpus
2311 1531 2529 1570 compositum

340 1576 479 1608 sectione
502 1587 579 1608 suae
602 1577 721 1617 speciei
743 1577 910 1617 reparabit.
1465 1582 1503 1603 ex
1526 1574 1690 1604 contrariis
1714 1580 1938 1614 corrumpatur
1960 1574 2139 1604 secundum
2162 1579 2318 1604 naturam.

394 1621 446 1652 An
463 1631 598 1652 marma
613 1631 773 1652 nxcnnmm
785 1621 876 1662 quod
892 1620 1020 1651 tarditas
1037 1625 1084 1650 est
1099 1619 1139 1650 de
1154 1619 1215 1649 illis
1232 1617 1410 1649 defectibus
1519 1618 1570 1648 An
1595 1628 1757 1648 sacunntm
1785 1628 1945 1649 monimum
1973 1618 2063 1658 quod
2089 1618 2370 1658 incorruptibilitas
2398 1619 2450 1649 illa
2473 1620 2531 1650 erit

340 1666 397 1706 qui
419 1666 604 1696 naturaliter
626 1671 872 1706 consequuntur
899 1665 1056 1705 principia
1083 1664 1216 1694 humani
1246 1662 1408 1702 corporis:

339 1719 407 1741 non
431 1715 540 1741 autem
564 1709 757 1741 deformitas.
782 1710 824 1740 Et
846 1709 920 1740 ideo
944 1719 1012 1740 non
1037 1714 1083 1739 est
1106 1708 1217 1738 similis
1241 1708 1322 1737 ratio
1338 1707 1364 1736 *.

523 1775 623 1806 ART.
648 1775 685 1806 11.
709 1785 814 1806 urium
839 1784 983 1806 CORPORA
1006 1783 1222 1804 nauum-onum

618 1829 741 1850 rurum
765 1829 832 1850 smr
856 1828 1127 1850 INCORRUPTIBILIA

459 1869 491 1892 lv
507 1870 575 1892 Cant.
591 1869 658 1891 Gent.
683 1875 733 1901 cap.
749 1875 848 1895 anxur:
865 1869 990 1897 Compend.
1007 1869 1101 1895 Theol.,
1117 1875 1167 1900 cap.
1184 1874 1288 1894 mxxvm

475 1896 545 1925 Κεφ.
555 1896 585 1918 de
598 1886 738 1918 mlartxc.
759 1900 800 1918 nrt.
812 1895 932 1951 ηῆἔεῗῖι.
943 1896 973 1944 dve
982 1895 1076 1944 ξξΧΥΙ
1085 1898 1164 1923 artae„
1176 1899 1219 1917 nrt.
1228 1901 1269 1920 20:

730 1913 815 1951 ριιοόι.
876 1938 883 1950 ,
932 1937 939 1943 .
969 1939 975 1948 ,
1026 1938 1032 1945 .
1060 1938 1067 1944 .

1463 1671 1522 1702 per
1544 1667 1709 1694 naturam:
1734 1672 1802 1693 non
1826 1662 1916 1703 quod
1932 1663 1971 1693 sit
1987 1663 2119 1703 aliquod
2141 1663 2391 1702 incorruptionis
2414 1664 2530 1703 princi-

1464 1706 1555 1746 pium
1571 1707 1605 1736 in
1622 1707 1811 1746 corporibus
1835 1707 2070 1743 damnatorum,
2092 1707 2148 1738 sed
2171 1717 2228 1747 per
2251 1707 2413 1738 defectum
2436 1709 2529 1748 primi

1426 1758 1448 1778 ις
1464 1752 1625 1781 moventis
1650 1750 1689 1781 ad
1713 1752 1955 1791 corruptionem
1970 1753 1997 1781 ’ἦ

1519 1795 1571 1825 AD
1594 1805 1729 1825 'raa‘rnm
1757 1805 1917 1826 monimum
1944 1795 2044 1836 quod,
2069 1796 2215 1835 quamvis
2237 1805 2324 1826 mors
2348 1796 2387 1826 sit
2410 1797 2531 1837 simpli-

1465 1840 1542 1869 citer
1564 1840 1703 1870 maxima
1726 1849 1916 1880 poenarum,
1941 1839 2119 1871 secundum
2137 1839 2216 1879 quid
2231 1846 2337 1871 tamen
2362 1841 2440 1871 nihil
2456 1851 2530 1881 pro-

1463 1884 1552 1914 hibet
1574 1890 1713 1915 mortem
1738 1894 1805 1915 esse
1829 1885 1862 1915 in
1886 1894 2065 1925 poenarum
2087 1884 2277 1921 remedium,
2295 1890 2326 1915 et
2345 1894 2402 1924 per
2418 1895 2531 1916 conse-

1464 1938 1568 1968 quens
1584 1929 1778 1960 ablationem
1799 1930 1911 1959 mortis
1927 1930 1960 1959 in
1975 1939 2155 1969 poenarum
2179 1935 2398 1969 augmentum.
2421 1930 2531 1961 Vivere

341 1984 425 2050 An
449 1983 611 2005 sacunmm
627 1983 673 2004 src
688 1982 893 2003 PROCRDITUR.
921 1971 1056 2002 Videtur
1080 1971 1171 2012 quod
1195 1981 1332 2012 corpora
1356 1971 1410 2002 da·
1424 1985 1450 2004 4⁰
1464 1974 1561 2009 enim,
1578 1978 1614 2003 ut
1630 1973 1706 2004 dicit
1721 1973 1947 2014 Philosophus,
1963 1974 1998 2004 in
2014 1973 2056 2004 IX
2071 1973 2175 2004 Ethic.
2193 1975 2219 2010 ³¹,
2236 1974 2363 2004 videtur
2386 1975 2531 2005 omnibus

403 2024 589 2049 innatorum
616 2022 710 2048 erunt
738 2017 967 2057 corruptibilia.
997 2016 1104 2047 Omne
1129 2017 1216 2047 enim
1245 2016 1409 2056 composi-

339 2069 410 2095 tum
433 2073 472 2094 ex
500 2063 665 2093 contrariis
694 2071 827 2093 necesse
858 2067 906 2092 est
934 2061 1098 2101 corrumpi
1117 2062 1144 2091 *.
1180 2060 1243 2092 Sed
1274 2070 1410 2101 corpora

341 2108 567 2140 damnatorum
582 2112 676 2137 erunt
692 2115 730 2137 ex
742 2106 908 2137 contrariis
925 2107 1115 2146 composita,
1129 2115 1167 2136 ex
1179 2106 1298 2146 quibus
1314 2106 1410 2136 etiam

339 2162 428 2185 nunc
445 2157 703 2192 componuntur:
717 2151 792 2181 alias
807 2159 876 2181 non
888 2155 994 2181 essent
1009 2149 1153 2180 eiusdem
1169 2150 1297 2190 speciei,
1311 2155 1342 2180 et
1353 2159 1408 2190 per

341 2206 544 2238 consequens
567 2205 628 2226 nec
652 2194 765 2226 eadem
787 2203 935 2226 numero.
956 2195 1042 2235 Ergo
1066 2200 1159 2225 erunt
1182 2195 1408 2235 corruptibilia.

398 2251 428 2272 2.
452 2241 653 2276 Punicum
684 2249 820 2280 corpora
849 2239 1075 2270 damnatorum
1103 2239 1130 2269 si
1156 2239 1410 2280 incorruptibilia

341 2291 416 2317 sunt
439 2285 559 2321 futura,
583 2285 647 2315 hoc
670 2294 738 2315 non
762 2284 820 2315 erit
842 2293 901 2324 per
923 2289 1084 2314 naturam:
1114 2293 1189 2314 cum
1213 2284 1276 2314 sint
1304 2283 1410 2314 futura

342 2329 490 2362 eiusdem
500 2335 639 2374 flaturae
663 2329 755 2359 cuius
779 2334 809 2359 et
832 2338 921 2359 nunc
944 2333 1028 2358 sunt.
1052 2328 1120 2358 Nec
1145 2328 1240 2358 etiam
1263 2337 1321 2368 per
1340 2338 1409 2368 gra-

339 2376 417 2406 tiam
446 2374 496 2405 vel
525 2374 675 2414 gloriam:
707 2374 783 2413 quia
811 2373 927 2403 talibus
957 2373 1092 2403 omnino
1121 2373 1283 2403 carebunt.
1323 2373 1409 2413 Ergo

340 2419 431 2451 nullo
454 2418 555 2449 modo
580 2423 673 2449 erunt
694 2417 959 2458 incorruptibilia.

398 2463 428 2495 3.
452 2463 649 2499 PRAETBRRA‚
670 2462 731 2493 illis
756 2462 812 2502 qui
835 2467 910 2492 sunt
932 2462 965 2492 in
989 2471 1116 2492 summa
1137 2462 1264 2492 miseria
1288 2462 1410 2492 subtra-

340 2509 416 2539 here
438 2508 612 2538 maximam
635 2516 816 2547 poenarum
839 2506 964 2537 videtur
987 2507 1229 2537 inconveniens
1257 2506 1320 2537 Sed
1343 2515 1411 2536 ma-

341 2553 427 2584 n’ma
449 2561 628 2593 poenarum
652 2557 699 2582 est
721 2560 827 2582 mors:
852 2556 888 2581 ut
911 2556 999 2591 patet
1021 2560 1079 2591 per
1101 2551 1348 2592 Philosophum,
1369 2550 1411 2580 111

340 2597 445 2628 Ethic.
462 2597 479 2613 ⁴*
502 2596 588 2636 Ergo
613 2606 631 2626 a
655 2595 828 2632 damnatis,
854 2596 910 2636 qui
934 2601 1008 2626 sunt
1030 2596 1064 2626 in
1086 2596 1228 2632 miseria,
1252 2605 1340 2626 mors
1363 2604 1411 2625 re-

341 2641 465 2673 moveri
480 2650 548 2671 non
565 2639 669 2671 debet.
686 2640 773 2680 Ergo
790 2649 904 2670 eorum
921 2649 1057 2680 corpora
1073 2640 1291 2680 corruptibilia
1308 2645 1410 2671 erunt.

398 2685 461 2716 San
485 2693 609 2715 coum
632 2694 686 2715 nsi·
711 2683 800 2724 quod
824 2683 939 2715 dicitur
954 2686 1052 2724 Apoc.
1069 2694 1101 2714 1x
1113 2685 1147 2715 ἐ
1164 2684 1203 2715 In
1220 2684 1331 2715 diebus
1347 2684 1412 2714 illis

342 2734 499 2771 quaerent
520 2729 665 2759 homines
688 2733 824 2759 mortem
846 2733 878 2759 et
898 2738 963 2759 non
988 2729 1151 2759 invenient
1173 2736 1262 2766 eam;
1289 2728 1412 2760 deside—

343 2774 462 2805 rabunt
484 2773 579 2810 mori,
604 2778 635 2804 et
647 2773 764 2815 fugiet
786 2782 875 2803 mors
897 2773 937 2803 ab
961 2773 1016 2803 eis.

401 2828 429 2849 2.
454 2818 651 2853 memza,
672 2817 812 2848 damnati
835 2818 1011 2857 punientur
1033 2818 1067 2847 in
1091 2817 1197 2847 anima
1221 2823 1252 2848 et
1276 2827 1412 2858 corpore

342 2873 450 2904 poena
473 2867 646 2903 perpetua:
670 2861 784 2892 Matth.
800 2871 861 2892 xxv
876 2862 910 2898 *,
933 2861 1033 2892 Ibunt
1049 2861 1084 2891 hi
1102 2861 1134 2892 in
1151 2862 1342 2902 supplicium
1359 2871 1412 2892 ae·
1425 2867 1453 2887 6ο

343 2913 480 2939 ternum.
505 2906 568 2938 Sed
587 2907 652 2937 hoc
673 2916 741 2937 esse
760 2915 829 2936 non
848 2911 959 2946 posset
974 2906 1000 2936 si
1016 2915 1130 2936 eorum
1152 2915 1288 2946 corpora
1303 2915 1412 2937 corru-

342 2952 466 2993 ptibilia
489 2957 603 2982 essent.
627 2950 713 2991 Ergo
738 2959 852 2981 eorum
876 2959 1013 2990 corpora
1037 2955 1130 2981 erunt
1147 2950 1411 2991 incorruptibilia.

398 2997 589 3027 Rnsponmzo
613 3005 774 3026 nmmum«
790 2994 890 3035 quod,
908 3004 983 3025 curn
999 2995 1033 3024 in
1049 2995 1139 3025 omni
1154 2999 1248 3025 motu
1264 2999 1413 3035 oporteat

1464 2017 1650 2048 delectabile
1665 2027 1741 2054 esse,
1759 2027 1796 2048 eo
1813 2018 1900 2058 quod
1916 2018 2025 2048 omnia
2042 2027 2110 2048 esse
2125 2023 2297 2058 appetunt:
2321 2028 2385 2049 non
2407 2025 2533 2059 oportet

1463 2067 1580 2098 autem,
1598 2068 1634 2092 ut
1656 2062 1776 2093 ibidem
1792 2063 1809 2079 ⁴*
1832 2062 1956 2098 dicitur,
1981 2063 2127 2102 accipere
2150 2063 2269 2093 malam
2293 2063 2405 2099 vitam,
2431 2073 2532 2104 neque

1463 2111 1662 2147 corruptam,
1688 2116 1789 2148 neque
1811 2116 1894 2147 quae
1917 2112 1964 2137 est
1986 2107 2018 2137 in
2043 2107 2191 2137 tristitiis.
2217 2106 2306 2137 Sicut
2329 2117 2405 2148 ergo
2426 2109 2531 2139 vivere

1464 2151 1650 2191 simpliciter
1673 2157 1720 2181 est
1744 2151 1941 2187 delectabile,
1961 2161 2029 2182 non
2052 2157 2160 2182 autem
2183 2152 2244 2181 vita
2267 2161 2350 2192 quae
2367 2158 2413 2182 est
2428 2153 2460 2182 in
2477 2153 2530 2183 tri-

1424 2206 1447 2225 45
1464 2196 1574 2232 stitiis;
1599 2197 1641 2226 ita
1666 2202 1696 2226 et
1712 2205 1809 2231 mom,
1832 2205 1915 2235 quae
1939 2201 1986 2226 est
2009 2197 2144 2236 privatio
2167 2197 2260 2232 vitae,
2284 2197 2469 2236 simpliciter
2484 2203 2531 2227 est

1463 2250 1609 2281 poenosa
1633 2245 1663 2270 et
1685 2241 1823 2271 maxima
1850 2250 2044 2280 poenarum,
2069 2241 2262 2280 inquantum
2290 2241 2444 2271 subtrahit
2467 2242 2529 2281 pri-

1464 2294 1554 2315 mum
1579 2285 1718 2321 bonum,
1743 2285 1863 2315 scilicet
1891 2295 1973 2321 esse,
1998 2294 2074 2315 cum
2101 2294 2168 2325 quo
2192 2285 2302 2315 omnia
2325 2285 2384 2315 alia
2407 2286 2530 2316 subtra-

1464 2330 1603 2366 huntur;
1628 2329 1684 2360 sed
1712 2330 1904 2369 inquantum
1932 2330 2034 2369 privat
2061 2330 2177 2360 malam
2201 2330 2299 2359 vitam
2323 2335 2354 2360 et
2377 2339 2459 2370 quae
2484 2336 2530 2360 est

1464 2375 1498 2404 in
1512 2374 1653 2410 tristitiis,
1670 2379 1717 2404 est
1739 2374 1772 2404 in
1796 2373 1975 2404 remedium
1997 2384 2186 2414 poenarum,
2211 2383 2289 2414 quas
2312 2375 2469 2405 terminat.
2490 2375 2531 2405 Et

1425 2426 1451 2447 50
1464 2428 1522 2459 per
1545 2427 1747 2458 consequens
1770 2419 1882 2449 mortis
1905 2419 2078 2449 subtractio
2103 2424 2150 2449 est
2167 2419 2201 2449 in
2219 2424 2427 2458 augmentum
2451 2428 2529 2459 poe-

1464 2473 1589 2499 narum,
1615 2472 1694 2503 quas
1717 2468 1888 2503 perpetuas
1910 2462 1995 2493 facit.

1520 2507 1554 2539 Si
1569 2513 1678 2538 autem
1694 2506 1816 2538 dicatur
1831 2517 1919 2537 mors
1935 2517 2003 2538 esse
2018 2507 2164 2547 poenalis
2184 2513 2315 2548 propter
2330 2507 2530 2547 corporalem

1466 2552 1613 2583 dolorem
1637 2561 1735 2592 quem
1759 2552 1900 2582 sentiunt
1922 2552 2106 2588 morientes,
2122 2562 2190 2583 non
2215 2557 2261 2582 est
2284 2551 2418 2582 dubium
2442 2551 2531 2592 quod

1465 2597 1569 2627 multo
1599 2597 1756 2629 maiorem
1787 2596 1934 2627 dolorem
1964 2596 2104 2627 damnati
2134 2597 2287 2627 continue
2319 2597 2530 2627 sustinebunt.

1427 2651 1449 2672 55
1465 2641 1560 2672 Unde
1576 2642 1610 2672 in
1625 2646 1780 2681 perpetua
1802 2646 1907 2671 morte
1931 2650 1999 2671 esse
2023 2640 2189 2672 dicuntur:
2214 2642 2296 2671 sicut
2315 2641 2469 2681 scripturn
2486 2646 2531 2671 est

1465 2687 1499 2716 in
1522 2686 1651 2716 Psalmo
1667 2686 1703 2716 ἐ
1729 2686 1823 2716 Mors
1845 2685 1995 2726 depascet
2017 2695 2081 2716 eos.

1617 2760 1716 2790 ART.
1742 2760 1793 2790 111.
1818 2770 1923 2790 UTRUM
1946 2769 2067 2790 rurum
2091 2769 2159 2790 smr
2182 2769 2381 2789 nrmssmruA

1466 2811 1487 2832 11
1501 2811 1575 2838 Sent„
1591 2810 1644 2832 dist.
1660 2817 1741 2833 xxxin.
1752 2816 1792 2838 qu.
1806 2817 1829 2836 ιι,
1841 2814 1881 2832 art.
1899 2817 1918 2836 ι,
1929 2810 1957 2831 ad
1971 2816 1992 2838 3,
2025 2817 2031 2835 ς
2046 2809 2088 2836 1v,
2099 2810 2151 2831 dist.
2163 2816 2184 2835 ι,
2212 2816 2234 2831 u.
2250 2816 2274 2836 ιι,
2290 2813 2334 2830 an.
2344 2816 2364 2837 3,
2376 2810 2420 2837 qu*
2437 2817 2454 2836 ι,
2467 2809 2494 2830 ad
2505 2816 2529 2838 3:

1588 2837 1709 2891 Ῑὲεξξῗᾞ
1718 2836 1868 2885 ἕῖἳῗενῖἓὲ·
1882 2842 1979 2888 ζῗέἲέξ
1990 2836 2297 2890 κῃῗῖιῖῗᾶῗᾶῧϊιέἒέᾁ
2308 2842 2412 2887 3²:²2¹?

1736 2890 1819 2917 Quodl.
1835 2880 1886 2916 Vfl,
1902 2896 1940 2917 qu.
1956 2896 1977 2914 v,
1992 2893 2034 2911 art.
2050 2896 2073 2914 ις
2089 2889 2150 2915 VIII,
2162 2895 2201 2917 qu.
2216 2895 2264 2910 vin.

1531 2960 1552 2980 n
1581 2959 1716 2980 marum
1746 2959 1792 2980 su:
1819 2959 2023 2979 Paocznrrmz.
2054 2948 2189 2979 Videtur
2219 2948 2308 2989 quod
2336 2949 2442 2980 futura
2469 2950 2531 2979 sint

1467 2961 1747 3034 Aimpassibilia.
1778 2993 1864 3031 Quia
1886 2993 2065 3024 secundum
2088 2993 2338 3033 Philosophum,
2357 2994 2390 3023 in
2406 2993 2449 3023 VI
2469 2994 2530 3024 To-

345 3050 413 3072 oese
436 3039 569 3080 aliquod
590 3040 787 3081 principium
814 3044 938 3075 motus,
963 3038 1131 3079 dupliciter
1158 3044 1268 3070 motus
1298 3039 1412 3079 aliquis
1460 3039 1527 3079 pic.
1543 3040 1571 3074 *,
1592 3038 1695 3069 omnis
1711 3038 1835 3078 passio,
1852 3038 1959 3079 magis
1971 3038 2079 3079 facta,
2097 3038 2206 3068 abiicit
2220 3047 2240 3067 a
2255 3038 2444 3068 substantia.
2469 3037 2531 3069 Sed

344 3085 395 3116 vel
409 3085 546 3116 mutatio
563 3095 582 3115 a
597 3084 711 3115 mobili
732 3089 930 3114 removetur:
956 3093 1023 3114 uno
1042 3082 1154 3119 modo,
1170 3092 1228 3123 per
1242 3083 1306 3114 hoc
1323 3082 1413 3123 quod
1426 3087 1450 3113 65
1467 3093 1487 3113 a
1493 3083 1594 3124 finito
1611 3083 1639 3113 si
1654 3092 1779 3123 semper
1801 3082 1926 3123 aliquid
1947 3082 2129 3117 abiiciatur,
2147 3091 2273 3113 necesse
2295 3087 2343 3112 est
2365 3082 2447 3113 illud
2461 3087 2531 3113 tan-

346 3128 434 3160 deest
456 3129 651 3170 principium
673 3134 802 3165 motus;
827 3128 890 3158 alio
912 3127 1025 3164 modo,
1042 3137 1099 3168 per
1117 3128 1181 3158 hoc
1198 3127 1288 3168 quod
1309 3128 1412 3168 impe-

346 3172 430 3204 ditur
451 3173 646 3213 principium
668 3178 788 3204 motus.
823 3172 998 3212 Corruptio
1023 3177 1130 3202 autem
1153 3172 1290 3202 mutatio
1314 3181 1412 3212 quae-

346 3216 420 3248 dam
435 3222 492 3247 est.
516 3217 610 3248 Unde
626 3217 795 3258 dupliciter
810 3222 917 3257 potest
937 3217 1122 3256 contingere
1137 3221 1173 3247 ut
1189 3225 1307 3256 corpus
1323 3215 1413 3257 quod

347 3270 385 3291 ex
408 3260 593 3292 conditione
615 3271 750 3292 suorum
776 3262 1011 3302 principiorum
1035 3260 1333 3301 corruptibilitatem
1357 3261 1412 3291 ha-

345 3305 409 3341 bet,
425 3305 666 3345 incorruptibile
685 3305 843 3337 reddatur.
866 3306 941 3337 Uno
957 3305 1069 3341 modo,
1087 3315 1124 3335 ex
1140 3305 1204 3335 hoc
1221 3305 1310 3345 quod
1325 3305 1412 3345 prin-
1426 3313 1453 3334 70

346 3349 468 3389 cipium
491 3348 531 3379 ad
554 3351 795 3390 corruptionem
817 3359 953 3381 movens
976 3350 1116 3380 totaliter
1138 3349 1268 3380 tollitur.
1293 3350 1334 3380 Et
1349 3350 1412 3379 hoc

346 3393 446 3424 modo
479 3402 615 3432 corpora
646 3393 870 3426 damnatorum
902 3394 1156 3434 incorruptibilia
1189 3399 1291 3425 erunt.
1325 3393 1412 3425 Cum

347 3438 434 3468 enim
457 3437 583 3468 caelum
605 3437 645 3467 sit
667 3438 808 3478 primum
830 3439 964 3470 alterans
983 3448 1041 3479 per
1055 3444 1183 3469 motum
1206 3448 1302 3469 suum
1325 3438 1412 3468 loca-

346 3481 427 3517 lem3
452 3486 483 3511 et
498 3480 557 3511 alia
574 3482 683 3512 omnia
706 3483 830 3522 agentia
853 3482 993 3514 secunda
1008 3484 1042 3514 in
1056 3484 1172 3514 virtute
1191 3484 1290 3523 ipsius
1307 3488 1410 3523 agant,

1467 3127 1537 3158 dem
1561 3127 1729 3158 consumi:
1752 3132 1788 3157 ut
1811 3126 1926 3157 dicitur
1948 3127 1981 3156 in
2005 3126 2018 3156 1
2040 3126 2167 3166 Plgrsic.
2185 3127 2202 3143 ⁴*
2225 3127 2322 3166 Ergo,
2346 3127 2372 3156 si
2397 3136 2532 3167 corpora

1466 3171 1691 3202 damnatorum
1720 3176 1813 3202 erunt
1839 3170 1999 3211 passibilia
2023 3176 2054 3201 et
2077 3180 2203 3211 semper
2229 3171 2405 3211 patientur,
2430 3180 2531 3211 quan-

1466 3215 1576 3256 doque
1599 3214 1749 3246 deficient
1765 3220 1796 3246 et
1812 3220 2076 3255 corrumpentur:
2103 3214 2192 3255 quod
2208 3214 2323 3246 falsum
2340 3224 2407 3245 esse
2424 3221 2531 3246 osten-

1466 3270 1539 3291 sum
1562 3265 1608 3290 est
1623 3261 1650 3290 ’.
1674 3260 1760 3300 Ergo
1784 3265 1877 3290 erunt
1898 3259 2112 3299 impassibilia.

1524 3314 1553 3335 2.
1577 3304 1780 3340 Pium-nam,
1810 3313 1907 3334 omne
1938 3313 2034 3344 agens
2064 3305 2214 3335 assimilat
2243 3304 2303 3334 sibi
2332 3304 2465 3343 patiens.
2497 3303 2529 3335 Si

1466 3358 1543 3389 ergo
1568 3358 1703 3388 corpora
1726 3348 1950 3379 damnatorum
1973 3348 2133 3389 patientur
2156 3349 2194 3379 ab
2217 3349 2302 3389 igne,
2320 3349 2402 3388 ignis
2419 3357 2456 3378 ea
2471 3348 2530 3378 sibi

1467 3393 1659 3424 assimilabit.
1692 3392 1757 3424 Sed
1786 3402 1854 3423 non
1884 3393 2046 3423 consumit
2075 3394 2164 3424 aliter
2193 3394 2274 3434 ignis
2304 3402 2440 3432 corpora
2469 3393 2529 3423 nisi

1466 3439 1660 3478 inquantum
1688 3447 1724 3467 ea
1752 3438 1811 3467 sibi
1841 3437 2015 3468 assimilans
2045 3438 2182 3468 resolvit.
2215 3437 2318 3478 Ergo,
2346 3437 2371 3467 si
2394 3446 2529 3477 corpora

1467 3482 1691 3513 damnatorum
1715 3487 1807 3512 erunt
1830 3482 2005 3522 passibilia,
2029 3482 2068 3512 ab
2091 3483 2164 3522 igne
2193 3481 2389 3522 quandoque
2413 3490 2529 3511 consu-

347 3531 378 3557 et
395 3526 485 3566 quasi
501 3525 539 3555 ab
555 3525 627 3565 ipso
645 3531 753 3562 mota;
777 3532 906 3566 oportet
929 3527 1028 3567 quod,
1046 3533 1188 3558 cessante
1211 3533 1305 3558 motu
1322 3527 1410 3563 caeli,
1426 3537 1450 3558 75
1466 3532 1604 3558 mentur.
1629 3526 1670 3557 Et
1693 3527 1737 3557 sic
1760 3525 1846 3557 idem
1870 3526 1959 3567 quod
1982 3526 2079 3566 prius.

488 3587 598 3612 Sunium
617 3587 720 3613 Timor..
739 3588 769 3612 D.
784 3587 899 3612 Tnoiure
917 3589 950 3614 T.
963 3589 1005 3614 lx.

2332 3586 2381 3612 26*

2550 607 2557 614 '
2572 606 2624 626 Art.
2645 610 2708 632 seq.:
2725 611 2765 633 qu.

2549 636 2612 657 xcix,
2627 635 2669 652 art.
2688 639 2704 653 ι.

2553 824 2561 832 ·
2569 822 2628 844 Part.
2634 822 2651 849 l,
2657 828 2766 850 qu.xcvn‚

2554 852 2595 870 81¹1.
2613 855 2631 871 ί-

2556 1442 2566 1452 ·
2580 1441 2605 1462 In
2621 1445 2727 1468 corpore.

2558 1752 2567 1761 ‘
2582 1750 2618 1772 Cf.
2633 1756 2698 1778 corp.
2713 1753 2754 1771 art.

2656 1984 2692 2005 lx,
2708 1985 2731 2000 n.
2746 1985 2769 2006 7,

2558 1980 2567 1990 ·
2582 1979 2615 2001 Ca
2634 1994 2638 1999 .

2557 2011 2603 2053 196·-
2614 1985 2638 2027 ἕ.
2654 2004 2700 2026 Th.
2716 2005 2767 2027 lect.

2558 2069 2569 2079 '¹
2582 2067 2654 2089 Num.
2669 2068 2690 2090 8.

2560 2660 2569 2669 ·
2579 2658 2615 2680 Pa.
2624 2663 2701 2685 avrti,
2710 2663 2770 2679 vers.

2560 2691 2590 2713 ¹5·

2557 3042 2568 3052 ·
2583 3040 2639 3068 cap.
2653 3046 2685 3068 vi,
2697 3046 2720 3061 n.
2735 3045 2767 3061 21.

2557 3126 2692 3174 ἑῆρηὲἕε
2707 3125 2768 3173 ῗὶὸὶ

2557 3179 2594 3202 Cf.
2607 3179 2648 3201 lib.
2661 3179 2701 3206 m,
2717 3184 2767 3226 cap.

2556 3212 2593 3233 vr,
2609 3212 2632 3227 n.
2646 3212 2674 3232 4:
2693 3212 2712 3227 s.
2723 3205 2743 3226 T
2761 3221 2767 3227 .

2556 3234 2608 3255 lect.
2622 3239 2645 3254 x.

2560 3263 2568 3271 ·
2585 3260 2641 3281 Art.
2658 3257 2763 3288 praeced.
