2918 4088
65 339 78 351 ·
92 338 157 361 Vm.
171 343 192 367 3.

63 763 76 776 ¹
87 763 140 786 Art.
155 762 262 791 pmeed.

35 846 207 894 .·Vu=.¹4.

974 206 1237 254 QUAESTIO
1266 206 1404 254 LXVI,
1434 204 1726 243 ARTICULUS
1755 207 1820 243 XII

308 286 390 324 sine
422 285 615 336 baptismo
649 285 836 334 flaminis,
873 286 941 336 qui
974 293 1028 323 est
1059 298 1129 335 per
1156 285 1370 322 caritatem:

307 339 446 377 dicitur
482 338 587 376 enim
621 340 636 376 I
666 340 752 376 Cor.
780 351 838 376 xm
861 338 898 376 *z
938 340 980 376 Si
1013 338 1201 376 tradidero
1237 349 1372 386 corpus

307 404 432 430 meum
467 393 517 429 ita
545 398 583 429 ut
610 392 784 438 ardeam,
821 393 1014 429 caritatem
1047 397 1170 428 autem
1202 403 1277 427 non
1305 391 1371 427 ha-

306 446 434 492 buero,
464 445 556 482 nihil
573 445 667 482 mihi
677 445 841 494 prodest.
871 444 948 482 Sed
966 443 1180 494 baptismus
1203 441 1372 480 flaminis

305 499 407 535 valet
442 497 524 535 sine
557 497 750 547 baptismo
786 496 998 545 sanguinis:
1041 507 1123 533 non
1159 494 1264 532 enim
1301 494 1372 532 soli

305 558 492 600 martyres
507 551 712 587 salvantur.
733 550 836 598 Ergo
850 549 1064 599 baptismus
1079 547 1273 596 sanguinis
1290 559 1371 584 non

306 611 362 641 est
389 602 624 653 potissimus.

360 655 395 693 3.
424 657 656 703 PRAETEREA,
686 655 783 693 sicut
810 632 1023 704 baptismus
1042 665 1166 702 aquae
1186 652 1301 690 habet
1320 653 1371 690 ef-

304 708 480 747 ficaciam
499 722 522 746 a
540 708 719 758 passione
740 706 892 755 Christi,
922 706 996 754 cui,
1026 706 1243 743 secundum
1261 717 1370 755 prae-

304 761 441 800 dieta*
443 791 453 809 ‚
482 761 689 811 respondet
706 760 920 810 baptismus
939 758 1145 807 sanguinis,
1166 758 1216 795 ita
1242 758 1370 808 passio

305 814 447 852 Christi
473 813 685 852 efficaciam
713 813 830 850 habet
847 825 870 850 a
889 811 1032 862 Spiritu
1052 812 1214 849 Sancto:
1235 823 1370 848 secun-

303 866 402 914 dum
437 866 531 904 illud
566 867 667 904 Heb.
691 877 726 903 rx
750 865 791 902 *.
829 866 994 915 Sanguis
1023 865 1177 910 Christi,
1210 866 1275 914 qui
1299 875 1372 912 per

303 910 480 971 Spiritum
508 921 686 957 Sanctum
720 918 847 956 obtulit
881 919 1116 966 semetipsum
1147 929 1224 967 pro
1253 918 1369 964 nobis,

303 972 517 1010 emundabit
534 970 550 1002 β
577 972 819 1010 conscientias
847 976 992 1008 nostras
1010 972 1059 1008 ab
1078 971 1252 1029 operibus
1269 981 1371 1007 mor-

302 1026 383 1072 tuis,
399 1032 469 1062 etc.
489 1025 592 1073 Ergo
611 1023 826 1074 baptismus
843 1022 1013 1060 flaminis
1030 1023 1158 1073 potior
1175 1030 1232 1060 est
1250 1034 1370 1072 quam

302 1076 518 1128 baptismus
544 1076 750 1126 sanguinis.
793 1077 887 1114 Non
915 1087 1005 1125 ergo
1037 1076 1252 1126 baptismus
1284 1087 1370 1113 san·

301 1130 428 1180 guinis
456 1137 512 1168 est
538 1130 773 1180 potissimus.

304 1208 305 1212 =
355 1184 431 1222 sm>
455 1195 601 1222 CONTRA
619 1194 690 1222 EST*
705 1182 814 1233 quod
832 1181 1082 1231 Augustinus,
1111 1182 1163 1220 ad
1183 1183 1369 1220 Fortuna-

300 1242 379 1274 tum
397 1236 418 1258 ¹⁸
427 1238 631 1286 ,loquens
662 1236 712 1274 de
748 1235 1038 1286 comparatione
1071 1234 1368 1285 baptismatum,

302 1289 406 1328 dicit·
435 1291 649 1340 Baptizatus
675 1291 871 1338 confitetur
885 1289 1008 1338 fidem
1026 1301 1134 1326 suam
1162 1300 1292 1325 coram
1310 1300 1369 1325 sa-

286 1343 468 1385 cet-dote.-
494 1348 645 1392 martyr
671 1355 802 1380 coram
819 1348 1066 1392 persecutore.
1093 1341 1164 1379 Ille
1175 1347 1263 1391 post
1280 1353 1370 1379 con-

297 1397 499 1444 sessionem
525 1408 634 1433 suam
652 1401 668 1424 Υ
696 1397 909 1446 aspergitur
936 1407 1051 1445 aqua.
1085 1395 1145 1431 hic
1171 1406 1367 1444 sanguine.

300 1449 373 1487 Ille
393 1461 468 1500 per
493 1450 764 1499 impositionem
782 1461 918 1486 manus
929 1449 1119 1498 pontificis
1146 1449 1274 1497 recipit
1292 1448 1370 1497 Spi-

302 1503 416 1540 ritum
456 1503 657 1540 Sanctum.-
695 1503 756 1539 hic
795 1502 973 1554 templum
1014 1501 1175 1549 efficitur
1215 1501 1371 1550 Spiritus

272 1577 275 1580 >
301 1556 440 1594 Sancti.

47 1610 260 1651 &mv-*¹-
304 1641 322 1645 ,,

182 1947 251 1961 .......

348 1608 582 1647 -ΒΕεΡοΝῡΕο
609 1618 793 1646 mesanum
820 1606 941 1656 quod,
961 1606 1059 1644 sicut
1085 1605 1233 1643 dictum
1260 1612 1317 1642 est
1336 1605 1367 1653 ²⁸²,

303 1660 443 1705 effusio
471 1659 678 1708 sanguinis.
691 1671 764 1710 pro
793 1659 967 1707 Christo,
1006 1666 1043 1696 et
1070 1657 1242 1708 operatio
1275 1658 1370 1695 inte·

303 1712 384 1758 rior
410 1711 574 1763 Spiritus
593 1711 734 1759 Sancti,
763 1711 945 1751 dicuntur
962 1711 1191 1761 baptismata
1209 1711 1370 1760 inquan-

301 1773 389 1809 mm
406 1765 579 1804 efficiunt
596 1765 779 1804 effectum
797 1764 978 1815 baptismi
992 1776 1128 1814 aquae.
1149 1764 1369 1814 Baptismus

303 1826 436 1865 autem
461 1830 588 1869 aquae
610 1818 823 1857 efficaciam
848 1818 965 1857 habet
983 1831 1006 1856 a
1024 1817 1204 1868 passione
1230 1817 1370 1855 Christi

397 1951 599 1978 mundalia-
615 1951 685 1983 PF1;
704 1950 862 1978 emundavit
879 1950 964 1981 1³0,oe
981 1950 1138 1976 emundavit
1155 1951 1242 1976 ceteri.

349 1987 588 2030 tongrensium
612 1987 856 2017 suam.—CEGa,·
875 1986 1318 2020 professionem1‚consessionem
1338 1985 1367 2018 P,

291 1995 368 2059 μ”οτ
360 2022 490 2051 eudonem
507 2030 584 2049 suam
604 2022 692 2049 ceteri.

2434 222 2484 258 79

1426 291 1462 320 et
1489 296 1512 321 a
1541 283 1683 333 Spiritu
1713 285 1865 332 Sancto,
1895 293 1936 323 ut
1964 286 2109 323 dictum
2129 295 2183 324 est
2201 289 2232 325 ³⁸.
2263 289 2374 335 Quae
2401 289 2484 338 qui-

1425 336 1516 373 dem
1544 337 1645 374 duae
1673 349 1810 374 causae
1839 346 2047 387 operantur
2078 339 2116 376 in
2145 318 2314 389 quolibet
2342 342 2485 379 horum

1424 389 1542 426 trium
1561 389 1854 438 baptismatum:
1881 391 2191 429 excellentissime
2211 401 2340 430 autem
2360 394 2400 430 in
2418 394 2484 431 ba-

1423 441 1566 491 ptismo
1595 441 1799 489 sanguinis.
1843 443 1947 479 Nam
1978 443 2105 492 passio
2135 444 2274 481 Christi
2306 454 2485 494 operatur

1424 493 1585 543 quidem
1622 494 1663 531 in
1690 494 1882 553 baptismo
1910 507 2034 544 aquae
2067 508 2138 544 per
2164 498 2362 545 quandam
2389 498 2484 546 figu-

1424 549 1545 584 ralem
1563 547 1973 606 repraesentationem3
2004 548 2042 584 in
2062 548 2252 598 baptismo
2273 558 2402 586 autem
2420 551 2484 588 fla-

1424 599 1540 637 minis
1558 601 1621 637 vel
1639 599 1895 649 poenitentiae
1908 612 1986 659 per
2004 601 2201 649 quandam
2221 602 2483 648 affectionem;

1425 652 1552 690 sedin
1571 652 1764 711 baptismo
1784 652 1978 701 sanguinis
1997 665 2067 702 per
2080 653 2332 692 imitationem
2347 655 2483 704 operis.

1425 705 1607 743 Similiter
1641 705 1756 742 etiam
1790 705 1911 742 virtus
1947 706 2108 755 Spiritus
2143 707 2270 744 Sancti
2307 716 2487 756 operatur

1424 758 1464 795 in
1491 758 1684 808 baptismo
1710 770 1833 807 aquae
1861 770 1931 808 per
1958 758 2156 808 quandam
2174 758 2354 797 virtutem
2373 762 2485 797 laten-

1423 818 1521 857 tem;
1551 811 1591 848 in
1619 810 1811 860 baptismo
1831 818 1963 848 autem
1989 811 2246 860 poenitentiae
2273 824 2342 861 per
2361 813 2485 850 cordis

1424 863 1749 909 commotionem
1788 864 1855 901 sed
1890 863 1930 901 in
1960 864 2153 913 baptismo
2190 864 2384 913 sanguinis
2417 878 2486 915 per
2513 880 2516 887 ·

1423 916 1671 966 potissimum
1708 916 1920 954 dilectionis
1957 923 1994 953 et
2030 916 2241 954 affectionis
2274 918 2484 964 fervorem,

1423 969 1640 1007 secundum
1667 969 1761 1006 illud
1788 970 1892 1006 Ioan.
1917 982 1966 1007 xv
1982 969 2020 1006 *ε
2050 971 2242 1007 Maiorem
2269 971 2340 1007 hac
2358 968 2371 992 ὅ
2399 970 2485 1007 dile-

1423 1024 1581 1060 ctionem
1611 1035 1720 1060 nemo
1748 1023 1867 1069 habet,
1888 1029 1925 1059 ut
1951 1024 2119 1060 animam
2136 1035 2244 1060 suam
2266 1029 2385 1072 ponat
2408 1025 2487 1072 quis

1417 1088 1492 1126 pro
1521 1077 1652 1113 amicis
1677 1077 1763 1112 suis.

1477 1130 1534 1165 An
1550 1141 1686 1166 PRIMUM
1700 1141 1799 1166 ERGO
1814 1140 1997 1166 memnon
2016 1128 2124 1177 quod
2138 1129 2334 1165 character
2352 1136 2408 1165 est
2427 1140 2485 1165 res

1424 1189 1460 1219 et
1478 1189 1763 1219 sacramentum
1781 1181 1812 1218 *.
1841 1182 1936 1219 Non
1954 1188 2084 1218 autem
2112 1180 2276 1218 dicimus
2295 1181 2402 1230 quod
2420 1180 2485 1218 ba-

1422 1234 1587 1285 ptismus
1606 1233 1800 1283 sanguinis
1827 1233 2171 1284 praeeminentiam
2194 1234 2333 1271 habeat
2352 1246 2486 1271 secun-

1423 1288 1521 1325 dum
1548 1287 1738 1325 rationem
1766 1287 2010 1325 sacramenti:
2041 1287 2109 1324 sed
2136 1294 2327 1336 quantum
2355 1287 2404 1324 ad
2431 1299 2486 1324 sa-

1423 1340 1609 1384 cramenti
1637 1341 1831 1378 effectum.

1476 1395 1534 1431 An
1562 1406 1752 1431 SECUNDUM
1779 1406 1962 1431 DICENDUM
1990 1393 2099 1442 quod
2127 1391 2264 1430 effusio
2293 1391 2486 1440 sanguinis

1423 1458 1504 1484 non
1532 1446 1648 1484 habet
1676 1446 1865 1484 rationem
1886 1445 2067 1496 baptismi
2094 1444 2125 1483 si
2146 1445 2192 1483 sit
2219 1444 2301 1483 sine
2322 1445 2484 1482 caritate.

1423 1500 1484 1537 Ex
1501 1511 1582 1548 quo
1610 1507 1713 1549 patet
1740 1500 1848 1549 quod
1875 1499 2090 1549 baptismus
2116 1497 2311 1547 sanguinis
2330 1497 2488 1535 includit

1422 1552 1661 1602 baptismum
1688 1552 1873 1599 flaminis,
1907 1560 1944 1589 et
1975 1564 2057 1589 non
2084 1564 2105 1588 e
2134 1558 2334 1589 converso.
2374 1551 2486 1589 Unde

1424 1618 1472 1643 ex
1498 1605 1576 1642 hoc
1594 1610 1607 1627 ⁸
1634 1605 1822 1655 probatur
1847 1604 2059 1654 perfectior.

1477 1659 1535 1695 An
1553 1670 1714 1696 Tannum
1731 1670 1914 1696 memnon
1933 1658 2041 1707 quod
2060 1657 2274 1707 baptismus
2292 1655 2486 1705 sanguinis

1423 1710 1769 1761 praeeminentiam
1796 1711 1912 1749 habet
1939 1723 2020 1748 non
2048 1712 2176 1748 solum
2204 1723 2251 1748 ex
2269 1717 2376 1760 parte
2402 1722 2486 1760 pas-

1424 1763 1543 1802 sionis
1572 1763 1724 1811 Christi,
1752 1764 1821 1802 sed
1849 1764 1964 1802 etiam
1991 1776 2039 1802 ex
2065 1771 2171 1814 parte
2201 1763 2363 1813 Spiritus
2391 1763 2485 1801 San-

1423 1816 1483 1866 cti,
1511 1825 1555 1854 ut
1581 1817 1728 1855 dictum
1755 1825 1812 1854 est
1827 1817 1859 1855 ²¹⁸.

1473 1949 1499 1984 ὃ)
1518 1950 1578 1976 hac.
1594 1963 1614 1969 —
1631 1949 1693 1976 Om.
1713 1950 1736 1980 1;
1754 1957 1802 1983 pro
1822 1953 1859 1979 ut,
1879 1956 1958 1982 quam
1979 1952 2009 1975 ut
2027 1949 2066 1975 ΡΙ.

1473 1985 1496 2020 ε)
1515 1986 1572 2012 hoc.
1590 2000 1610 2005 -
1626 1985 1677 2011 hoc
1694 1985 1752 2018 ipso
1770 1986 1781 2011 1
1799 1990 1826 2011 et
1843 1985 1977 2011 editiones.

2512 290 2596 312 ‘Ibid.

2513 979 2523 988 ·
2537 978 2603 1000 Vers.
2619 985 2650 1007 ¹3-

2513 1185 2524 1195 ·
2537 1184 2589 1206 Art.
2606 1191 2624 1206 ι.

2513 1815 2523 1825 ·
2536 1815 2562 1837 Ιιι
2577 1820 2683 1843 corpore.
