2918 4088
983 171 1246 217 QUAESTIO
1274 169 1435 217 LXXV,
1463 169 1755 207 ARTICULUS
1783 172 1798 207 Ι
2409 172 2480 218 159

75 251 87 263 '
99 249 136 272 Εἰ·
150 254 213 272 num.
228 254 259 271 Ν·
312 254 459 279 mentum
475 254 523 279 est
537 248 640 280 facere
656 250 832 280 novitatem
851 250 1065 280 continentiae
1082 250 1108 279 *.
1125 249 1188 280 Sed
1204 247 1370 279 conversio
1425 252 1499 277 sunt
1514 246 1714 277 advertenda.
1739 248 1881 278 Primum
1897 253 1943 277 est
1960 248 2048 298 quod
2072 258 2184 279 omnes
2200 249 2346 281 videntur
2362 250 2479 291 fugisse

312 293 544 323 sacramentalis
569 299 615 323 est
637 294 716 324 ratio
741 293 950 325 confectionis
972 294 1168 324 sacramenti.
1192 292 1276 332 Ergo
1293 300 1372 321 con·
1425 300 1532 321 veram
1555 291 1920 321 transubstantiationem
1943 292 2033 330 panis
2055 293 2088 322 in
2111 301 2227 332 corpus
2259 293 2375 325 Christi
2405 297 2480 335 quia

311 337 415 366 versio
431 337 664 367 sacramentalis
681 343 727 368 est
738 339 817 369 ratio
834 339 982 368 novitatis
998 337 1223 367 continentiae.
1234 353 1258 358 -
1269 335 1372 365 Maior
1424 343 1492 364 non
1507 334 1631 365 videtur
1645 334 1841 374 intelligibile
1864 335 1983 374 absque
2007 335 2111 375 aliqua
2134 337 2272 367 novitate
2288 339 2321 368 in
2337 340 2480 374 substan-

311 381 491 420 propositio
515 386 562 411 est
584 390 642 421 per
664 391 697 412 se
721 388 815 418 nota,
840 383 930 422 quasi
953 392 971 411 a
994 380 1125 411 definito
1150 379 1190 410 ad
1213 378 1370 409 definitio-
1425 378 1467 407 tia
1491 378 1618 408 Christi.

311 433 404 454 nem:
435 425 510 464 quia
532 425 596 455 hoc
619 432 853 457 sacramentum
875 425 1031 466 significat
1054 430 1202 454 constans
1229 432 1266 452 ex
1290 422 1371 452 acci·
1480 422 1666 452 Secundum
1694 427 1740 452 est
1768 422 1857 462 quod
1887 422 2004 462 duplex
2035 432 2180 453 excessus
2210 431 2338 463 apparet
2364 427 2396 456 in
2424 428 2478 457 eis.

313 466 460 498 dentibus
483 470 573 508 panis
597 474 628 500 et
651 479 786 510 corpore
811 470 937 501 Christi.
961 487 984 491 -
1007 468 1114 498 Minor
1130 477 1207 498 vero
1230 471 1318 506 patet
1334 475 1372 496 ex
1424 465 1531 502 Alter,
1555 466 1738 496 recurrendi
1761 466 1800 496 ad
1822 467 1973 506 possibile
2004 466 2182 496 secundum
2205 466 2343 498 divinam
2366 475 2479 509 poten-

313 512 498 542 auctoritate
518 512 667 549 Concilii,
691 514 850 544 reddentis
865 523 923 554 pro
940 522 1034 543 causa
1057 521 1155 551 quare
1177 511 1273 541 verba
1293 519 1371 540 con·
1425 510 1515 540 tiam:
1540 519 1615 540 cum
1638 509 1820 540 debuissent
1843 511 1930 540 suavi
1953 515 2086 540 tractatu
2109 509 2280 541 discurrere
2303 513 2480 543 secundum

312 554 425 586 ficiunt
447 556 510 587 hoc
534 563 776 594 sacramentum,
801 558 876 598 quia
891 558 1035 598 ipsorum
1050 556 1165 586 virtute
1187 554 1224 584 fit
1239 563 1371 585 conver·
1425 554 1602 593 potentiam
1618 559 1889 584 sacramentorum
1913 563 2090 594 eorumque
2109 554 2254 584 ordinem
2266 556 2292 585 ’ἃ
2309 556 2349 585 Et
2365 565 2402 586 ex
2417 557 2479 587 hoc

313 599 371 630 sio.
407 599 448 630 Et
470 600 545 631 hinc
568 601 683 632 habere
707 611 840 642 quoque
863 605 956 641 potes
979 599 1068 640 quod
1090 599 1215 629 novitas
1239 607 1371 629 conver·
1425 606 1555 627 excessu
1579 603 1648 628 orta
1671 602 1718 628 est
1739 598 1792 628 illa
1814 598 1940 638 repulsa
1962 598 2073 637 opinio
2097 597 2223 628 Ioannis
2238 598 2418 630 Parisiensis
2441 600 2480 631 de

313 643 412 674 sionis
440 653 509 675 non
541 646 702 676 concurrit
730 655 788 686 per
818 644 964 676 accidens
994 643 1034 674 ad
1063 643 1238 674 novitatem
1269 642 1371 672 conti-
1425 642 1643 682 assumptione
1675 642 1841 682 paneitatis
1862 642 1908 678 ¹ad
1935 643 2089 672 unitatem
2116 643 2293 682 hypostasis
2322 643 2438 674 Christi
2453 645 2479 680 ἡ

312 688 458 724 ιιειιιιειε,
494 698 532 719 ex
563 698 629 728 quo
660 699 679 719 a
708 699 797 720 sacro
829 688 979 719 Concilio
1009 697 1069 727 pro
1100 696 1195 717 causa
1225 685 1370 716 affertur:
1426 695 1523 725 quam
1539 696 1557 715 a
1572 686 1716 726 pluribus
1732 685 1917 716 doctoribus
1933 686 2094 716 recitatam
2110 686 2215 716 videre
2232 691 2333 726 potes,
2351 688 2376 717 si
2391 688 2482 717 vis.—

99 730 197 761 Afl'stss’t·
208 729 286 752 um·
313 740 427 762 causae
450 733 536 763 enim
558 742 616 772 per
638 733 784 764 accidens
808 733 846 763 ab
863 738 927 763 arte
949 732 1214 771 relinquuntur.
1188 731 1204 746 ⁴*
1238 748 1261 752 -
1283 730 1372 760 Haec
1425 729 1514 760 Alter
1537 739 1682 760 excessus
1706 735 1762 766 est,
1786 730 1880 760 nimis
1903 730 2065 760 metiendo
2084 739 2133 760 res
2148 729 2222 760 fidei
2241 730 2417 761 secundum
2433 732 2481 761 lu-

137 772 143 779 '
280 772 286 804 1
313 774 354 806 de
375 776 492 816 primo.
1425 783 1500 804 men
1523 774 1656 804 humani
1677 774 1798 813 ingenii
1820 775 1879 804 sibi
1901 774 2050 814 praestiti.
2074 774 2122 804 Ex
2144 774 2207 804 hoc
2231 774 2316 805 enim
2338 776 2481 805 transub-

100 824 288 864 fimjmqwi
369 819 421 850 IX.
445 819 564 858 Quoad
586 820 765 851 secundum
779 821 806 856 *,
830 819 997 851 sciendum
1020 824 1067 849 est
1090 818 1189 859 quod,
1213 818 1295 848 sicut
1318 827 1372 848 ne—
1425 818 1661 848 stantiationem
1681 818 1852 848 evitarunt:
1878 827 1953 848 curn
1967 818 2071 848 multo
2087 818 2202 848 melius
2218 828 2254 848 ac
2269 819 2482 859 perspicacius

312 864 488 894 cessarium
510 863 625 895 dicitur
648 864 816 906 dupliciter
838 865 873 895 in
890 864 1096 899 naturalibus,
1119 863 1170 893 vel
1193 861 1372 893 secundum
1397 875 1399 900 l
1426 862 1596 892 sensissent
1618 862 1657 898 si,
1682 862 1868 902 Magistrum
1891 862 2126 893 Sententiarum
2144 863 2160 879 ³*
2183 863 2298 898 secuti,
2331 872 2406 893 curn
2428 863 2482 894 ad-

311 913 443 944 naturae
465 907 626 944 ordinem,
649 914 686 939 ut
709 908 799 949 quod
820 909 921 939 homo
944 913 1113 948 generetur
1135 917 1173 937 ex
1196 906 1372 938 concubitu
1425 906 1593 936 miratione
1615 906 1702 936 illam
1725 907 1887 936 verissime
1910 906 2094 937 tenuissent.

311 952 407 983 maris
429 957 462 982 et
483 951 631 989 feminae,
647 953 698 984 vel
721 952 899 983 secundum
914 951 1134 983 habitudinem
1149 951 1370 987 terminorum,
1479 950 1547 980 XII.
1570 950 1666 980 Nunc
1682 949 1721 980 ad
1736 956 1936 991 praesentem
1948 951 2116 981 articulum
2132 949 2308 986 redeamus,
2321 960 2387 991 quo
2404 961 2482 982 con-

311 1001 349 1026 ut
371 996 527 1027 circulum
551 1005 618 1027 esse
641 996 827 1033 rotundum,
851 998 894 1028 ita
916 998 950 1027 in
974 996 1192 1027 ecclesiasticis
1215 995 1371 1036 mysteriis
1426 994 1551 1025 clusum
1571 999 1617 1025 est
1633 1004 1750 1034 corpus
1767 994 1883 1025 Christi
1899 995 2050 1025 veraciter
2065 1004 2132 1025 esse
2147 995 2181 1024 in
2196 995 2259 1025 hoc
2275 1001 2482 1032 sacramento,

312 1038 480 1080 dupliciter
502 1045 609 1081 potest
631 1041 694 1072 dici
708 1042 938 1072 necessarium:
962 1041 1014 1072 vel
1032 1039 1210 1071 secundum
1226 1038 1371 1070 ordinem
1425 1038 1551 1069 dicente
1573 1039 1655 1079 ipso,
1678 1038 1755 1069 Hoc
1770 1044 1817 1070 est
1839 1049 1957 1079 corpus
1972 1049 2085 1069 meum.
2110 1039 2160 1075 Et,
2177 1044 2213 1069 ut
2228 1039 2291 1069 iam
2303 1039 2320 1056 ⁴*
2335 1039 2481 1076 diximus,

312 1084 589 1121 sacramentalem,
619 1091 657 1116 ut
685 1084 840 1116 infantem
863 1086 1059 1126 baptizatum
1081 1083 1240 1115 mundum
1264 1093 1331 1114 esse
1354 1094 1372 1114 a
1425 1083 1459 1113 in
1481 1083 1545 1113 hoc
1569 1092 1681 1113 omnes
1704 1082 1814 1114 fideles
1837 1084 2049 1114 conveniunt:
2074 1083 2129 1113 sed
2151 1082 2267 1113 modus
2291 1092 2357 1124 quo
2377 1089 2433 1120 est,
2449 1085 2483 1114 in

313 1127 408 1168 culpa
430 1134 463 1159 et
484 1137 608 1169 poena;
631 1129 683 1160 vel
707 1130 783 1170 quia
804 1130 1003 1170 impossibile
1026 1134 1072 1160 est
1094 1130 1191 1159 etiam
1213 1138 1271 1168 per
1293 1127 1372 1158 divi·
1425 1126 1675 1167 disputationem
1697 1128 1836 1158 vertitur.

311 1181 388 1203 nam
417 1174 594 1212 potentiam
625 1174 714 1205 aliter
736 1173 820 1210 fieri,
854 1180 891 1205 ut
913 1174 1003 1214 quod
1033 1174 1128 1204 altare
1151 1177 1372 1204 consecratum
1479 1171 1594 1202 Scotus
1606 1172 1623 1188 ἢ*
1638 1172 1761 1211 putavit
1776 1181 1892 1212 corpus
1905 1170 2031 1207 Christi,
2044 1172 2163 1211 absque
2179 1171 2396 1212 deperditione
2408 1181 2483 1212 pro-

311 1225 380 1247 non
394 1215 490 1248 fuerit
508 1223 740 1248 consecratum.
765 1219 800 1249 In
816 1219 983 1259 proposito
999 1228 1067 1248 non
1083 1223 1130 1248 est
1145 1216 1372 1257 disputandum
1426 1216 1486 1256 prii
1501 1216 1575 1252 loci,
1592 1217 1755 1256 acquirere
1779 1215 1940 1256 quandam
1961 1216 2171 1255 praesentiam
2187 1215 2226 1246 ad
2241 1216 2362 1256 species
2382 1217 2482 1256 panis,

313 1259 354 1291 de
376 1259 483 1291 divina
503 1263 657 1302 potentia,
684 1263 739 1293 ubi
763 1262 802 1293 de
825 1263 1028 1293 sacramentis
1050 1267 1215 1292 tractatur.
1247 1260 1303 1291 sed
1326 1266 1373 1292 est
1427 1269 1509 1300 quae
1524 1261 1700 1300 praesentia
1717 1265 1763 1290 est
1779 1260 1909 1303 quidam
1925 1265 2096 1300 respectus,
2113 1261 2203 1300 quasi
2227 1259 2265 1290 de
2289 1269 2404 1300 genere
2420 1260 2482 1291 ubi.

313 1303 543 1337 attendendum
566 1306 645 1347 quid
667 1307 899 1338 sacramentalis
922 1305 1002 1337 ordo
1026 1306 1138 1346 exigat.
1172 1305 1214 1336 Et
1236 1306 1318 1336 sicut
1339 1306 1373 1336 in
1481 1304 1652 1334 Durandus
1667 1305 1684 1321 ³
1706 1305 1830 1344 putavit
1859 1313 1976 1344 corpus
2007 1303 2141 1340 Christi,
2171 1304 2291 1344 absque
2317 1314 2443 1335 recessu
2466 1314 2484 1334 a

286 1382 289 1383 ⁷
312 1348 518 1381 amicalibus
530 1348 706 1382 necessaria
735 1350 915 1387 secundum
937 1356 1068 1381 naturae
1091 1349 1238 1380 ordinem
1264 1349 1374 1390 appel·
1426 1349 1557 1389 proprio
1573 1348 1658 1384 loco,
1675 1358 1743 1378 esse
1758 1358 1906 1388 praesens
1921 1347 2136 1378 accidentibus
2152 1347 2242 1378 dictis
2257 1349 2339 1379 sicut
2354 1349 2484 1388 angelus

312 1392 419 1423 lantur
440 1395 616 1425 necessaria
638 1396 706 1426 sine
729 1395 892 1426 additione
915 1395 1031 1435 aliqua,
1054 1396 1097 1425 ita
1115 1395 1149 1424 in
1165 1399 1374 1424 sacramenta·
1428 1398 1474 1423 est
1503 1402 1652 1432 praesens
1681 1393 1809 1432 corpori
1837 1393 1924 1432 prius
1953 1398 2065 1422 natura
2095 1401 2193 1432 quam
2215 1398 2344 1423 moveat
2365 1393 2482 1432 ipsum,

313 1436 397 1471 tibus
418 1438 608 1478 appellanda
622 1445 697 1470 sunt
711 1440 886 1470 necessaria
905 1449 988 1480 quae
1003 1438 1182 1470 secundum
1196 1447 1373 1468 sacramen·
1428 1436 1522 1468 dante
1537 1437 1609 1467 Deo
1625 1436 1743 1467 Christi
1758 1437 1885 1476 corpori
1901 1435 2079 1467 secundum
2099 1437 2305 1467 substantiam
2320 1436 2484 1467 immedia-

312 1480 410 1517 talm
433 1481 579 1514 ordinem
601 1489 676 1514 sunt
697 1485 889 1515 necessaria:
918 1483 1013 1514 debet
1035 1484 1122 1514 enim
1145 1482 1306 1522 quaelibet
1327 1481 1374 1512 di-
1392 1496 1394 1499 ·
1427 1486 1498 1511 turn
1521 1480 1667 1511 ordinem
1691 1480 1731 1511 ad
1753 1480 1926 1511 accidentia
1948 1481 2038 1520 panis
2063 1481 2207 1511 conversi
2229 1482 2263 1511 in
2285 1481 2401 1521 ipsum,
2418 1490 2486 1511 non

312 1522 446 1564 sciplina
468 1526 516 1556 uti
539 1528 720 1558 necessario
745 1533 777 1559 et
798 1527 1014 1569 contingenti,
1034 1526 1183 1567 possibili
1205 1531 1236 1556 et
1258 1525 1374 1566 impos·
1428 1525 1535 1555 minus
1560 1534 1657 1564 quam
1682 1525 1708 1554 si
1738 1525 1858 1564 absque
1890 1525 2064 1564 quantitate
2087 1534 2167 1564 pura
2198 1525 2371 1555 substantia
2394 1530 2484 1555 esset.

312 1568 415 1604 sibili,
439 1570 618 1601 secundum
639 1572 808 1612 proprium
831 1571 978 1602 ordinem
1001 1572 1050 1602 sui
1072 1570 1205 1611 generis.
1237 1569 1278 1599 Et
1300 1579 1375 1609 pro-
1483 1568 1547 1599 Sed
1569 1573 1681 1598 neutra
1703 1568 1816 1598 harum
1839 1569 2031 1608 opinionum
2055 1568 2214 1599 sufficiens
2233 1573 2362 1608 apparet
2378 1568 2418 1598 ad
2432 1578 2486 1599 ve-

312 1611 432 1653 pterea,
444 1613 521 1654 quia
534 1615 659 1645 novitas
675 1616 903 1652 conversionis,
920 1614 1098 1645 secundum
1114 1613 1375 1644 sacramentalem
1428 1611 1618 1642 rificandum
1640 1612 1673 1642 id
1689 1612 1778 1652 quod
1794 1613 2008 1642 communiter
2022 1612 2168 1648 fatemur,
2185 1613 2313 1648 scilicet,
2330 1611 2486 1643 sumendo

313 1656 462 1687 ordinem
483 1667 503 1687 a
525 1658 597 1689 Deo
619 1660 800 1690 institutum
824 1664 855 1689 et
877 1659 916 1689 ab
940 1659 1084 1699 Ecclesia
1101 1658 1308 1697 explicatum,
1329 1662 1376 1687 est
1429 1657 1567 1687 hostiam
1591 1661 1808 1686 consecratam
1838 1666 1964 1686 sumere
1985 1666 2046 1686 nos
2069 1666 2182 1686 verum
2212 1656 2329 1686 Christi
2353 1665 2486 1696 corpus:

311 1701 490 1733 amassai-ia
512 1701 552 1732 ad
573 1699 750 1734 novitatem
773 1703 1007 1739 continentiae,
1036 1702 1209 1732 dicendum
1232 1706 1279 1731 est
1300 1702 1375 1731 sim-
1429 1699 1486 1731 sed
1507 1700 1615 1730 solum
1638 1706 1719 1730 esset
1741 1709 1854 1730 verum
1882 1710 1943 1730 nos
1965 1709 2091 1730 sumere
2114 1699 2289 1731 accidentia
2311 1701 2488 1740 praesentia

311 1743 439 1786 pliciter
460 1750 492 1776 et
514 1746 660 1778 absolute
690 1747 780 1788 quod
803 1747 970 1778 conversio
994 1745 1227 1777 sacramentalis
1250 1750 1297 1776 est
1318 1755 1375 1775 ne-
1430 1745 1559 1785 corpori
1582 1743 1709 1774 Christi.
1733 1744 1823 1775 Patet
1845 1745 1931 1774 enim
1954 1745 2034 1775 haec
2056 1745 2196 1784 sequela,
2215 1745 2332 1785 primo,
2348 1745 2487 1775 ratione:

313 1789 447 1844 cessaria
470 1789 511 1820 ad
528 1791 760 1822 continentiam
775 1791 919 1831 corporis
935 1790 1054 1822 Christi
1076 1791 1135 1821 sub
1151 1790 1257 1830 specie
1273 1790 1374 1830 panis.
1430 1789 1506 1829 quia
1528 1798 1657 1819 sumens
1683 1798 1786 1819 unum
1811 1798 1960 1829 praesens
1983 1788 2088 1824 alteri,
2118 1798 2185 1819 non
2210 1793 2337 1829 oportet
2364 1797 2488 1819 sumere

337 1828 523 1864 Probatur
553 1840 661 1866 autem
690 1836 859 1866 necessitas
890 1834 1069 1866 secundum
1100 1833 1246 1865 ordinem
1277 1843 1376 1864 sacra·
1430 1833 1574 1863 alterum.
1595 1832 1719 1863 Deinde
1734 1833 1866 1873 proprio
1884 1832 2031 1872 exemplo
2047 1832 2205 1863 secundae
2222 1833 2397 1873 opinionis:
2415 1832 2490 1872 quia

99 1888 101 1890 ·
146 1895 148 1900 ,
180 1876 287 1912 buno-d.
312 1878 486 1918 mentalem
509 1887 547 1909 ex
563 1889 658 1920 supra
673 1880 690 1897 ⁹
713 1879 814 1916 dictis,
836 1889 875 1910 ex
890 1880 1007 1920 quibus
1027 1884 1158 1919 apparet
1181 1878 1263 1908 clare
1287 1877 1376 1918 quod
1430 1886 1559 1908 sumens
1582 1886 1700 1917 panem
1730 1877 1782 1907 cui
1805 1882 1852 1907 est
1874 1886 2023 1917 praesens
2049 1877 2196 1917 angelus,
2227 1886 2295 1907 non
2321 1881 2490 1917 propterea

314 1915 482 1953 conversio
497 1932 555 1963 per
569 1933 604 1954 se
619 1925 782 1955 concurrit
796 1924 836 1955 ad
850 1923 1080 1955 verificandum
1095 1923 1172 1953 Hoc
1194 1927 1242 1953 est
1259 1932 1377 1963 corpus
1430 1922 1528 1952 sumit
1550 1921 1710 1961 angelum.
1745 1921 1787 1952 Et
1816 1921 1958 1952 similiter
1988 1921 2097 1961 quoad
2122 1922 2258 1961 primam
2281 1921 2488 1961 opinionem:

313 1975 436 2003 mm,
467 1976 524 1998 seu
547 1967 588 1999 ad
613 1968 853 2000 confectionem
878 1969 975 1999 huius
1001 1968 1198 1998 sacramenti.
1234 1966 1267 1998 Si
1290 1967 1376 1997 enim
1431 1967 1507 2006 quia
1529 1975 1659 1996 sumens
1681 1975 1799 2006 panem
1821 1965 1974 2001 locatum,
1999 1966 2094 1996 etiam
2117 1966 2143 1996 si
2165 1965 2240 1996 inde
2260 1974 2328 1995 non
2345 1974 2490 1996 movere-

315 2017 519 2042 concurreret
540 2021 598 2053 per
618 2012 775 2050 accidens,
798 2022 866 2044 non
882 2013 1076 2053 oportuisset
1091 2011 1239 2042 doctores
1255 2012 1376 2051 priscos
1430 2015 1498 2046 tur,
1524 2020 1593 2040 non
1615 2015 1786 2050 propterea
1809 2015 1948 2040 sumeret
1970 2009 2081 2040 locum
2105 2010 2191 2046 eius3
2227 2014 2258 2040 et
2280 2015 2387 2040 tamen
2409 2010 2491 2040 inter

313 2059 440 2089 tantum
469 2065 529 2097 pro
556 2056 625 2096 ipsa
654 2057 813 2094 laborare;
845 2066 906 2088 nec
935 2057 1076 2088 licuisset
1106 2065 1195 2086 sacro
1227 2055 1375 2086 Concilio
1429 2064 1548 2095 panem
1572 2059 1603 2084 et
1626 2055 1694 2084 eius
1716 2054 1827 2084 locum
1851 2059 1898 2084 est
1918 2058 2031 2084 mutua
2054 2054 2240 2094 praesentia.
2268 2053 2343 2083 Non
2365 2052 2490 2084 videtur

313 2096 425 2146 {psam
431 2109 492 2141 pro
507 2101 630 2132 ratione
647 2101 859 2132 confectionis
874 2101 1062 2132 sacramenti
1073 2099 1221 2136 reddere;
1238 2109 1275 2130 ea
1290 2100 1377 2130 enim
1431 2108 1507 2139 ergo
1530 2097 1723 2128 sufficienter
1745 2098 1856 2128 salvari
1878 2098 1992 2128 veritas
2014 2098 2109 2128 huius
2132 2107 2170 2127 ex
2192 2098 2256 2128 hoc
2271 2097 2377 2128 solum
2401 2097 2489 2137 quod

0 2148 2 2159 ¹
51 2146 222 2186 juti-‚fln-
314 2150 399 2184 quae
422 2149 497 2175 sunt
518 2154 576 2185 per
598 2144 755 2182 accidens,
779 2150 817 2176 ut
831 2145 953 2187 dictum
969 2149 1016 2176 est
1030 2145 1057 2181 *,
1082 2154 1100 2174 a
1115 2143 1259 2174 doctrina
1274 2144 1377 2184 repel-
1431 2143 1562 2183 ponitur
1584 2142 1718 2182 simplex
1742 2142 1860 2173 Chi-isa·
1883 2142 2025 2182 corporis
2047 2142 2224 2182 praesentia
2254 2141 2294 2172 ad
2316 2141 2490 2172 accidentia

43 2191 62 2203 Ἰ
314 2187 434 2219 luatur.
458 2187 594 2219 Constat
612 2194 720 2220 autem
743 2189 843 2230 quod,
860 2190 886 2220 si
901 2190 1069 2220 conversio
1084 2198 1142 2239 per
1156 2197 1191 2219 se
1206 2188 1376 2223 concurrit,
1430 2188 1531 2227 panis,
1556 2187 1701 2227 quamvis
1716 2195 1828 2217 verum
1844 2187 1883 2216 sit
1906 2195 2023 2227 corpus
2039 2185 2157 2216 Christi
2172 2195 2240 2216 esse
2254 2186 2315 2217 illis
2330 2195 2488 2226 praesens.

313 2233 493 2264 necessario
516 2234 693 2266 concurrit:
718 2239 755 2264 ut
775 2238 896 2265 norunt
918 2234 1078 2264 exercitati
1092 2234 1127 2263 in
1140 2232 1378 2263 Posterior-ibus
1486 2231 1568 2261 XIII.
1593 2230 1686 2262 Unde
1709 2231 1961 2266 convenientius,
1987 2239 2062 2260 cum
2077 2230 2258 2270 Augustino
2274 2235 2305 2260 et
2321 2229 2488 2270 Gregorio,

146 2273 290 2324 {ug-⁹733
313 2277 499 2318 Analyticis
513 2278 540 2308 *.
563 2295 587 2300 —
609 2278 700 2308 Haec
722 2278 762 2309 de
785 2277 940 2309 secundo.
1431 2276 1568 2306 recitatis
1596 2285 1614 2305 a
1636 2275 1787 2316 Magistro
1811 2274 2046 2305 Sententiarum
2061 2275 2095 2310 ⁴²,
2125 2274 2260 2305 dicimus
2290 2284 2328 2305 ex
2354 2283 2490 2314 corpore

135 2317 142 2324 ’
182 2359 207 2376 n
227 2353 291 2383 ρω-
369 2320 409 2352 Χ.
433 2318 553 2359 Quoad
575 2322 705 2352 tertium
720 2323 746 2358 *‚
766 2321 891 2353 videtur
906 2322 985 2352 mihi
1001 2321 1246 2352 conversionem
1261 2321 1377 2352 habere
1432 2319 1549 2350 Christi
1572 2324 1604 2349 et
1622 2318 1837 2350 accidentibus
1852 2319 1942 2359 panis
1966 2323 2111 2349 constare
2127 2328 2229 2349 unum
2245 2323 2488 2355 sacramentum,

208 2370 216 2382 1

315 2373 350 2396 se
376 2364 418 2396 ad
437 2365 502 2396 hoc
524 2372 758 2397 sacramentum
789 2367 871 2397 sicut
900 2365 970 2397 fieri
999 2365 1039 2396 ad
1066 2364 1186 2395 factum
1213 2374 1299 2396 esse:
1334 2365 1378 2395 ita
1431 2374 1500 2395 ιιοιι
1522 2364 1662 2404 praecise
1685 2363 1766 2394 sicut
1787 2373 1825 2393 ex
1840 2364 1931 2402 signo
1956 2368 1987 2393 et
2009 2363 2143 2402 signato,
2167 2362 2223 2393 sed
2245 2362 2387 2402 quodam
2409 2362 2490 2393 inef-

315 2408 424 2440 tamen
442 2415 479 2440 ut
492 2409 562 2440 iton
575 2411 718 2451 requiras
733 2411 786 2442 hic
802 2409 1024 2441 omnimodam
1039 2408 1290 2440 similitudinem.
1315 2409 1378 2440 Sed
1432 2407 1519 2439 fabili
1534 2407 1652 2438 modo:
1669 2408 1727 2447 qui
1741 2417 1759 2437 a
1774 2416 1864 2437 sacro
1877 2406 2026 2438 Concilio
2042 2406 2246 2437 Lateranensi
2261 2407 2278 2423 ⁴*
2292 2411 2426 2437 vocatus
2444 2412 2491 2437 est

317 2459 356 2483 ea
376 2453 500 2484 ratione
522 2463 666 2491 moveor,
690 2456 766 2495 quia
789 2459 985 2486 sacramenta
1006 2463 1110 2484 novae
1133 2453 1210 2493 legis
1233 2453 1379 2494 efficiunt
1432 2462 1474 2483 ex
1497 2452 1679 2483 continente
1701 2456 1732 2482 et
1753 2456 1901 2482 contento
1912 2458 1925 2488 ;
1954 2460 2020 2491 quo
2044 2451 2139 2481 etiam
2161 2451 2293 2481 nomine
2322 2450 2492 2502 appellavit

316 2497 404 2538 quod
417 2497 613 2539 significant.
629 2499 678 2530 Ac
693 2509 750 2539 per
764 2499 838 2536 hoc,
853 2499 950 2530 verba
964 2498 1092 2534 Christi,
1107 2497 1185 2528 Hoc
1200 2503 1247 2528 est
1261 2507 1379 2538 corpus
1433 2506 1508 2527 eum
1532 2497 1680 2536 Magister
1703 2495 1939 2526 Sententiarum
1954 2496 1987 2532 *3
2020 2504 2117 2535 quem
2147 2495 2282 2526 modum
2310 2495 2432 2525 Auctor
2457 2496 2491 2526 ιιι

317 2550 432 2585 meram,
457 2542 532 2582 quia
554 2541 696 2574 efficiunt
713 2548 884 2584 utramque
898 2543 1085 2578 novitatem,
1109 2542 1230 2572 scilicet
1245 2551 1378 2573 conver·
1431 2542 1491 2572 hac
1514 2541 1625 2576 littera,
1648 2541 1683 2571 in
1705 2540 1914 2580 responsione
1930 2539 1969 2570 ad
1985 2544 2171 2579 argumenta
2185 2540 2212 2576 ἕ,
2237 2539 2406 2580 appellavit
2427 2539 2491 2580 spi-

78 2585 91 2598 '
107 2584 225 2612 merent,
243 2585 292 2626 ⁰²7
317 2585 416 2616 sionis
439 2591 470 2617 et
493 2586 725 2623 continentiae,
749 2593 786 2618 ut
815 2597 960 2628 expresse
984 2586 1068 2617 dicta
1097 2587 1176 2616 sacri
1199 2585 1339 2617 Concilii
1362 2587 1378 2603 ⁴*
1432 2585 1593 2621 ritucdem,
1617 2590 1649 2614 et
1671 2583 1801 2614 modum
1817 2583 1992 2624 proprium
2014 2583 2090 2613 huic
2111 2589 2324 2614 sacramento.

76 2636 110 2662 d.
122 2643 188 2663 uum.
201 2644 250 2662 m.
275 2628 290 2640 ‘'
317 2630 488 2660 auctoritas
510 2635 657 2667 testatum
682 2641 884 2672 consequens
907 2637 954 2662 est
971 2636 1008 2661 ut
1023 2630 1135 2661 eadem
1151 2629 1268 2661 Christi
1282 2631 1379 2661 verba
1487 2629 1681 2660 Monstratur
1703 2634 1811 2658 autem
1834 2627 2020 2659 huiusmodi
2035 2628 2258 2659 convenientia
2281 2637 2318 2658 ex
2333 2628 2410 2669 ipsis
2424 2627 2492 2658 Do-

317 2673 497 2715 significent
518 2680 688 2715 utramque
710 2676 902 2711 novitatem;
927 2675 1080 2715 alioquin,
1104 2674 1196 2714 plura
1219 2673 1380 2705 efficerent
1431 2674 1511 2704 mini
1532 2673 1646 2704 verbis.
1681 2672 1765 2702 Nam
1787 2678 1820 2702 et
1841 2672 1944 2703 forma
1967 2672 2170 2708 sacramenti,
2200 2672 2278 2703 Hoc
2299 2677 2347 2703 est
2375 2681 2492 2712 corpus

318 2727 417 2758 quam
432 2718 655 2758 significarent,
671 2720 773 2750 immo
790 2719 950 2750 efficerent
966 2718 1055 2759 quod
1069 2728 1138 2749 non
1156 2717 1378 2758 significarent.
1431 2727 1546 2753 meum,
1562 2717 1653 2753 idest,
1672 2717 1863 2747 Contentum
1885 2716 1943 2747 sub
1964 2716 2025 2746 hac
2046 2716 2149 2756 specie
2171 2721 2219 2747 est
2239 2726 2356 2756 corpus
2377 2726 2490 2752 meum,

318 2762 527 2802 Intelligendo
551 2768 659 2794 autem
689 2764 934 2794 conversionem
963 2763 1079 2793 habere
1102 2772 1136 2793 se
1163 2762 1203 2792 ad
1224 2762 1288 2793 hoc
1311 2772 1379 2793 esse
1432 2767 1468 2792 ut
1491 2762 1706 2792 communiter
1728 2761 1908 2800 exponitur,
1931 2765 2087 2790 monstrat
2109 2769 2226 2800 corpus
2250 2760 2367 2791 Christi
2390 2761 2491 2790 conti-

318 2815 436 2847 corpus
460 2806 578 2838 Christi
600 2808 683 2838 sicut
704 2807 772 2838 fieri
799 2807 839 2838 ad
861 2807 982 2838 factum
1005 2816 1090 2842 esse,
1119 2807 1242 2846 optime
1264 2807 1379 2837 intelli·
1431 2806 1500 2836 neri
1522 2806 1581 2836 sub
1606 2804 1822 2836 accidentibus
1845 2805 1927 2835 istis:
1958 2804 2143 2844 praesertim
2167 2804 2257 2844 quod
2278 2804 2311 2844 ly
2333 2804 2395 2834 hoc
2423 2813 2491 2834 non

286 2878 288 2881 ,
317 2850 422 2891 gimus
445 2851 541 2881 verba
564 2850 682 2882 Christi
703 2851 879 2892 significare
894 2856 1064 2891 utramque
1079 2850 1264 2887 novitatem,
1281 2850 1380 2891 expli·
1433 2849 1629 2880 demonstrat
1643 2849 1850 2879 substantiam
1866 2848 2050 2888 simpliciter
2065 2852 2096 2878 et
2112 2848 2266 2884 absolute,
2286 2847 2341 2878 sed
2360 2853 2396 2878 ut
2414 2857 2491 2878 con-

318 2893 422 2926 cando
445 2895 656 2935 posteriorem
678 2901 715 2926 ut
737 2897 770 2926 in
793 2896 941 2926 termino.
976 2895 1066 2926 Sicut
1088 2894 1174 2924 enirn
1197 2894 1231 2924 in
1253 2900 1379 2925 natura-
1432 2899 1522 2924 notat
1537 2894 1636 2933 ipsius
1653 2892 1882 2923 continentiam
1898 2892 2039 2922 subistis
2054 2891 2279 2922 accidentibus.
2299 2890 2398 2929 Quod
2414 2900 2491 2921 con-

317 2937 401 2970 libus
425 2938 572 2975 dicendo,
596 2938 672 2970 Hoc
695 2945 742 2970 est
764 2940 870 2970 lumen
895 2949 1023 2974 novum,
1048 2938 1242 2978 significatur
1261 2939 1380 2969 illumi-
1432 2938 1570 2968 vincitur
1593 2946 1631 2967 ex
1647 2946 1687 2967 eo
1707 2935 1796 2976 quod
1812 2941 1949 2976 oportet,
1966 2935 2151 2966 durantibus
2167 2935 2391 2972 accidentibus,
2407 2943 2491 2965 sem-

317 2984 406 3014 natio
430 2989 462 3014 et
483 2983 700 3014 illuminatum
724 2993 791 3014 esse
814 2989 850 3015 ut
871 2984 906 3014 in
928 2984 1076 3018 termino,
1099 2983 1144 3012 ita
1161 2983 1194 3013 in
1210 2982 1379 3013 Salvatoris
1432 2991 1490 3022 per
1511 2980 1667 3011 verificari
1690 2985 1879 3010 contentum
1901 2980 1960 3010 sub
1983 2980 2032 3010 his
2054 2979 2270 3010 accidentibus
2288 2989 2355 3010 esse
2374 2988 2491 3019 corpus

318 3028 422 3058 verbis
444 3028 595 3058 virtutem
617 3029 807 3058 habentibus
830 3027 977 3058 factivarn
1001 3027 1218 3057 conversionis
1234 3027 1324 3067 panis
1347 3027 1380 3057 in
1434 3025 1561 3056 Christi.

319 3081 436 3112 corpus
452 3071 579 3109 Christi,
597 3073 814 3103 conversionis
830 3073 963 3112 inquam
979 3072 1118 3102 unientis
1134 3080 1251 3111 corpus
1264 3070 1381 3101 Christi
1488 3069 1536 3100 Ex
1559 3069 1627 3099 aliis
1650 3073 1758 3099 autem
1781 3068 1883 3098 verbis
1906 3067 2056 3103 Domini,
2080 3067 2168 3097 Ioan.
2185 3077 2216 3097 vr
2231 3067 2258 3103 *,
2287 3067 2387 3098 Verba
2409 3076 2492 3107 quae

319 3120 352 3146 et
373 3115 548 3147 accidentia
570 3117 662 3157 panis
685 3116 724 3147 ad
746 3126 850 3147 unum
873 3121 1116 3151 sacramentum,
1140 3114 1334 3155 significatur
1350 3121 1381 3146 et
1434 3114 1560 3144 locutus
1581 3122 1652 3143 sum
1668 3113 1765 3147 vobis,
1789 3112 1921 3152 spiritus
1937 3116 1968 3142 et
1982 3112 2048 3142 vita
2063 3116 2146 3147 sunt,
2171 3116 2301 3151 apparet
2323 3111 2492 3151 spiritualis

320 3161 488 3199 conversio
510 3162 602 3201 panis
625 3161 659 3191 in
683 3170 800 3201 corpus
825 3160 952 3197 Christi,
976 3166 1008 3190 et
1031 3169 1147 3199 corpus
1164 3159 1281 3190 Christi
1304 3168 1381 3190 con-
1435 3158 1621 3188 coniunctio
1647 3166 1740 3187 verae
1771 3156 1872 3186 carnis
1896 3155 2014 3187 Christi
2044 3165 2119 3185 cum
2149 3155 2365 3186 accidentibus
2390 3155 2491 3195 panis.

319 3204 412 3235 tineri
434 3205 494 3236 sub
517 3204 733 3236 accidentibus
757 3205 848 3245 panis
870 3210 907 3235 ut
928 3205 962 3235 in
984 3204 1132 3235 termino.
1156 3203 1198 3234 Et
1220 3203 1264 3233 sic
1286 3204 1382 3234 verba
1435 3202 1655 3232 Intellexerant
1683 3200 1842 3241 siquidem
1865 3199 2013 3240 discipuli
2036 3198 2153 3230 Christi
2179 3209 2308 3230 carnem
2329 3198 2493 3230 carnaliter

321 3245 439 3279 Christi
461 3254 636 3290 utrumque
659 3249 847 3290 significant,
872 3254 903 3279 et
925 3254 1099 3288 utrumque
1123 3247 1274 3278 efficiunt.
1435 3244 1678 3281 comedendam,
1702 3254 1739 3275 ac
1762 3253 1818 3284 per
1841 3245 1914 3280 hoc,
1938 3249 2042 3274 morte
2057 3243 2287 3274 intercedente:
2311 3253 2378 3274 non
2393 3243 2492 3274 vesci-

375 3291 533 3324 Suadetur
555 3298 663 3324 autem
681 3293 908 3324 rationabiliter
922 3293 986 3323 hoc
1002 3292 1074 3329 dici,
1092 3301 1129 3322 ex
1145 3301 1185 3322 eo
1202 3290 1292 3331 quod
1306 3291 1382 3322 huic
1435 3300 1508 3321 mur
1530 3289 1688 3330 siquidem
1712 3289 1858 3319 carnibus
1880 3289 1942 3318 nisi
1963 3288 2108 3318 mortuis.
2139 3287 2282 3319 Salvator
2304 3292 2411 3318 autem
2433 3296 2493 3318 no-

321 3335 407 3367 dicto
431 3337 541 3368 omnia
556 3343 736 3369 consonant
751 3337 834 3368 dicta
849 3337 1050 3373 Sanctorum,
1068 3341 1099 3367 et
1114 3345 1277 3366 sacrorum
1293 3335 1382 3366 Con·
1435 3340 1498 3365 ster
1519 3339 1694 3374 utrumque
1715 3342 1854 3364 errorem
1878 3332 2014 3368 abstulit,
2038 3331 2174 3362 dicendo
2199 3331 2288 3372 quod
2310 3331 2441 3372 spiritus
2463 3335 2495 3361 et

321 3380 479 3412 ciliorum.
503 3381 545 3412 Et
559 3382 634 3412 hinc
649 3381 740 3413 facile
756 3382 924 3412 solvuntur
940 3381 1147 3417 obiectiones,
1171 3379 1382 3410 manifestior·
1436 3379 1502 3410 vita
1525 3383 1620 3409 sunt:
1642 3377 1717 3412 vita,
1742 3382 1852 3407 contra
1874 3382 2028 3412 mortem3
2057 3376 2197 3416 spiritus,
2223 3381 2331 3406 contra
2355 3384 2492 3411 carnem,

34 3463 35 3466 Ἴ
321 3434 386 3465 que
408 3424 444 3455 fit
467 3425 611 3456 doctrina
633 3426 825 3462 communis,
847 3431 883 3457 ut
897 3431 1005 3466 patere
1021 3430 1127 3465 potest
1142 3423 1344 3464 applicando.
1359 3442 1383 3446 —
1435 3423 1517 3454 idest
1539 3422 1698 3453 carnalem
1720 3421 1872 3457 modum:
1901 3430 1937 3451 ac
1960 3421 1986 3451 si
2009 3426 2116 3460 aperte
2139 3419 2280 3450 dixisset:
2304 3419 2400 3450 Dicta
2423 3428 2493 3449 mea

59 3491 151 3515 ,W
84 3465 220 3515 'mm
232 3467 295 3496 <2⁸⁰-
320 3469 412 3500 Haec
435 3468 474 3500 de
497 3471 602 3501 tertio.
1434 3467 1481 3498 sic
1504 3466 1675 3507 intelligite
1697 3465 1783 3506 quod
1806 3466 1878 3496 viva
1901 3474 1971 3496 mea
1995 3474 2073 3495 caro
2097 3464 2310 3504 spiritualiter
2331 3463 2419 3494 vobis
2442 3463 2493 3504 os-

44 3524 47 3558 ]
84 3518 157 3543 ··(;ι.
171 3525 235 3543 num.
251 3526 273 3543 v.
375 3513 430 3544 XI.
451 3513 570 3552 Quoad
593 3519 744 3554 quartum
759 3515 785 3550 ⁴⁴,
810 3515 892 3544 circa
914 3513 1050 3544 aliorum
1074 3513 1243 3553 opiniones
1258 3513 1292 3529 *⁴*
1316 3511 1382 3542 duo
1427 3512 1564 3553 feretur
1586 3511 1618 3541 in
1644 3510 1757 3541 cibum.

53 3833 58 3850 l

37 4058 52 4088 ,ge
31 3954 50 4042 «Μὰ-ᾖε

2509 562 2519 571 ·
2531 561 2566 583 Cf.
2582 568 2645 584 num.
2659 568 2690 585 ιιι.

2507 648 2518 657 “
2539 646 2575 668 cf.
2595 646 2721 675 D'Argen—

2508 673 2563 699 tree,
2575 672 2668 695 Collecl.
2679 673 2717 695 Iu-

2509 699 2558 720 dic.
2587 699 2616 720 de
2647 699 2719 721 Novis

2509 724 2595 746 Error.
2616 729 2668 753 etc„
2690 727 2717 747 nd

2509 757 2561 772 ann.
2579 757 2641 779 ¹⁸99-

2510 869 2520 879 ·
2534 868 2567 889 1v
2580 868 2652 894 sent„
2666 869 2719 890 dist.

2510 900 2542 920 xi,
2557 900 2607 922 cap.
2624 895 2653 916 St
2665 901 2720 917 vero

2510 921 2615 948 quaer-is.

2510 1044 2520 1054 ¹
2541 1042 2611 1065 Num.
2627 1049 2650 1070 v,
2672 1043 2694 1065 in

2510 1070 2608 1097 princip.

2509 1177 2520 1187 ·
2534 1175 2566 1196 iv
2580 1175 2653 1202 Sene„
2668 1174 2722 1196 dist.

2509 1208 2541 1228 xi,
2557 1207 2595 1229 qu.
2610 1207 2642 1223 iv.

2511 1308 2522 1318 ·
2535 1306 2568 1328 lv
2580 1306 2653 1333 sent„
2669 1306 2723 1328 dist.

2510 1339 2544 1360 ιι,
2559 1339 2598 1360 qu.
2613 1338 2630 1354 ι.

2516 2277 2527 2287 ·
2541 2275 2574 2297 lv
2586 2275 2660 2302 sent„
2672 2275 2728 2297 dist.

2516 2308 2615 2354 2³:223:
2644 2307 2729 2350 ’ἕὲἒὲἓῖ

2516 2355 2567 2380 λεὶ·
2576 2344 2630 2377 dist.
2637 2360 2668 2381 xi,
2677 2360 2728 2383 cap.

2518 2381 2618 2409 Quidam
2636 2371 2702 2403 νει-ο.

2517 2411 2577 2433 ·Cf.
2596 2417 2660 2434 num.
2679 2417 2728 2438 vm,

2517 2437 2632 2460 Secundo.

2517 2494 2575 2516 *lv
2588 2494 2661 2521 sent„
2675 2494 2728 2516 dist.

2517 2526 2607 2568 {isc-p·
2626 2510 2702 2542 Haec
2708 2523 2732 2542 et

2518 2573 2605 2602 ·;Ad3
2614 2573 2643 2595 cf.
2653 2577 2701 2596 not.
2705 2579 2727 2602 ρ.

2518 3071 2528 3081 ·
2543 3069 2609 3092 vm.
2625 3069 2663 3096 ⁶4·
