2918 4088
202 378 211 387 ·
222 376 268 396 Leo
277 375 304 399 X.
312 375 333 396 in
344 374 416 400 Bulla,

203 402 314 429 Exsurge
334 401 414 422 Domi-

204 435 240 455 ne,
256 435 293 449 an.
311 434 376 455 :5203
395 431 416 447 et

204 456 226 476 in
254 454 361 475 decretali
388 454 416 474 ad

204 482 271 503 Cur-1.
281 481 385 502 Caietan.
394 480 416 501 in

204 508 328 530 Germania
352 507 415 534 lega-

203 539 252 556 tum
274 534 338 558 *vide
357 534 417 554 Part.

268 567 306 588 qu.
330 566 400 581 xr-vm
411 576 416 585 ,

204 592 246 609 arr.
255 593 274 615 5,
283 587 417 608 comment.

205 620 268 635 num.
286 616 325 638 ιιιΙ.

207 867 216 876 ·
241 865 325 886 Psalm.
350 870 421 890 xxiv,

206 898 266 913 vers.
284 898 318 913 ιο.

210 1517 220 1526 ·
236 1516 270 1536 Cf.
294 1515 421 1542 quaesitum

211 1548 226 1567 ι,
242 1542 324 1563 introd.

212 1915 222 1924 ·
236 1913 344 1940 Quaesit.
360 1918 426 1939 prae-

212 1941 271 1965 ced..
288 1945 351 1961 num.
365 1946 396 1961 vi.

444 204 517 240 360

442 284 528 318 tiam,
555 288 711 322 quantum
730 281 816 322 apud
832 276 966 312 eandem
990 281 1169 322 aequivalet
1184 280 1381 320 indulgentia
1397 280 1505 319 acqui-

1241 201 1551 238 CARDINALIS
1582 199 1826 237 CAlETANI

1561 280 1636 319 quia
1659 278 1841 319 plenissime
1865 277 2079 308 commoritur
2094 282 2124 307 et
2139 277 2355 316 consepelitur
2374 276 2502 307 Christo
2524 277 2626 317 bapti-

443 328 509 357 sita.
534 327 575 357 Et
598 328 675 357 haec
700 328 779 356 ratio
802 336 870 356 non
894 332 965 366 eget
988 326 1135 366 ampliori
1152 325 1406 359 confirmatione,
1431 333 1505 354 cum
1532 344 1534 358 ‚
1560 329 1649 353 zatus
1666 325 1691 353 ὓ.

443 372 506 401 iarn
526 371 770 401 determinatum
795 371 832 400 sit
855 380 912 410 per
935 371 1110 400 Ecclesiam
1130 371 1310 400 Romanam
1326 370 1342 385 ᾗ
1362 368 1393 398 id
1418 367 1506 407 quod
1532 364 1534 400 ἶ

444 416 626 446 eommunis
650 415 822 446 doctorum
842 415 953 455 opinio
978 415 1141 450 sentiebat,
1158 414 1277 444 scilicet
1294 412 1443 443 effectum
1459 413 1507 442 in-

444 460 680 499 dulgentiarum
697 469 765 490 esse
782 459 1002 490 remissionem
1014 468 1142 499 poenae
1158 457 1345 498 temporalis
1355 465 1420 497 pro
1431 465 1507 496 pec-

445 510 516 535 cato
542 505 664 535 actuali
680 504 804 535 debitae
819 504 906 544 apud
929 504 1070 534 divinam
1089 503 1254 533 iustitiam.
1279 501 1342 532 Sed
1364 501 1439 531 hinc
1456 510 1508 530 su-

445 549 561 579 menda
585 555 631 579 est
654 549 823 579 necessitas
848 548 982 588 quaesiti
1005 548 1153 578 thesauri.

500 593 593 624 Unde
618 592 886 623 considerandum
903 598 949 622 est
969 592 1057 631 quod
1073 592 1216 622 remissio
1237 595 1455 630 peccatorum,
1474 593 1508 618 ut

445 643 512 668 tota
542 638 657 668 clamat
685 638 861 677 Scriptura,
894 637 1024 667 effectus
1049 642 1095 666 est
1121 635 1277 675 passionis
1302 634 1434 664 Christi:
1467 634 1509 663 ita

447 681 535 722 quod
559 683 754 721 cuicumque
778 682 945 711 remittitur
968 686 1147 720 peccatum,
1172 680 1236 709 sive
1257 677 1365 718 quoad
1381 677 1509 717 culpam

445 727 510 756 sive
535 726 643 766 quoad
665 736 814 766 poenam,
840 736 876 755 ex
893 726 1007 755 virtute
1024 724 1179 764 passionis
1196 723 1314 753 Christi
1330 722 1508 752 remittitur.

447 770 616 801 Credimus
639 776 747 800 autem
769 771 803 800 in
826 769 1011 800 huiusmodi
1027 769 1224 803 remissione,
1242 768 1323 797 sicut
1340 772 1371 796 et
1388 767 1419 796 in
1438 766 1510 796 uni-

446 815 547 845 versis
570 815 630 845 viis
653 815 796 849 Domini,
821 823 888 844 non
911 814 1017 843 solum
1041 812 1307 847 misericordiam,
1336 810 1391 841 sed
1415 811 1510 840 etiam

447 859 601 890 iustitiam
624 859 759 889 inveniri
775 860 807 888 ἐ
842 857 1091 888 misericordiam
1119 856 1250 896 quidem
1273 857 1304 886 in
1330 856 1393 886 hoc
1421 854 1511 894 quod

447 904 606 934 miseriam
629 904 804 943 peccatoris
829 907 995 942 computat
1011 901 1155 931 Christus
1179 901 1269 940 quasi
1293 909 1397 935 suam;
1422 899 1511 929 iusti-

447 949 524 978 tiam
547 957 623 978 vero
648 948 679 977 in
704 948 767 977 hoc
800 946 889 986 quod
912 947 1062 976 meritum
1087 954 1123 975 ac
1146 945 1252 984 passio
1277 944 1394 974 Christi
1421 953 1511 973 corn—

447 993 629 1022 municatur
652 992 812 1031 peccatori
836 991 925 1030 quasi
950 995 1100 1030 peccator
1122 989 1190 1028 ipse
1214 994 1383 1028 pateretur,
1408 993 1443 1017 ut
1467 988 1511 1017 sic

447 1042 597 1076 peccator
624 1035 767 1066 debitum
796 1035 866 1064 Deo
890 1034 992 1063 solvat
1015 1033 1054 1063 de
1078 1043 1157 1068 suo,
1182 1042 1249 1062 non
1273 1042 1330 1072 per
1353 1032 1510 1071 seipsum,

448 1080 503 1110 sed
526 1089 583 1119 per
605 1079 722 1110 Christi
746 1079 1012 1108 communionem
1035 1078 1209 1117 acquisit0;
1234 1082 1270 1106 ut
1293 1081 1379 1116 patet
1402 1076 1435 1105 in
1457 1076 1511 1105 ba-

446 1125 575 1164 ptismo,
600 1124 632 1153 in
649 1133 715 1163 quo
739 1128 908 1162 propterea
924 1121 959 1151 fit
975 1121 1115 1161 plenaria
1136 1126 1343 1160 peccatorum
1366 1120 1511 1149 remissio

1616 368 1663 397 Ex
1688 367 1804 407 quibus
1829 365 1983 395 formatur
2006 365 2075 394 talis
2094 365 2184 394 ratio.
2209 364 2260 394 Ad
2276 365 2497 395 remissionem
2513 374 2627 405 pecca-

1561 418 1679 446 torum,
1704 412 1769 441 sive
1794 409 1902 450 quoad
1918 410 2047 449 culpam
2070 410 2135 439 sive
2155 408 2263 448 quoad
2279 418 2430 449 poenam,
2454 419 2511 450 per
2527 418 2627 439 sacra-

1562 461 1669 486 menta
1681 454 1870 489 habendam,
1885 454 2019 493 exigitur
2034 453 2200 483 thesaurus
2213 453 2337 493 aliquis,
2350 458 2428 493 puta
2439 453 2628 483 meritorum

1562 500 1717 540 passionis
1731 499 1848 529 Christi
1864 498 2098 528 remanentium
2114 498 2147 527 in
2164 497 2270 527 divina
2286 497 2516 537 acceptatione.
2541 497 2628 537 Ergo

1563 554 1580 574 a
1603 543 1726 574 fortiori
1750 542 1790 573 ad
1805 543 2026 573 remissionem
2042 547 2249 581 peccatorum
2274 541 2383 581 quoad
2401 551 2542 581 poenam
2560 547 2629 572 tan-

1562 594 1632 618 tum
1656 597 1712 627 per
1735 587 1976 627 indulgentiam,
2002 586 2135 626 exigitur
2158 585 2272 625 aliquis
2289 585 2398 615 similis
2414 586 2591 616 thesaurus.
2607 604 2630 608 -

1563 632 1765 663 Antecedens
1789 637 1875 671 patet
1899 630 2104 661 discurrendo
2130 639 2186 670 per
2207 635 2403 660 sacramenta
2422 635 2453 660 et
2468 630 2630 660 Ecclesiae

1564 677 1758 712 doctrinam,
1784 685 1881 716 quam
1905 674 2052 705 diximus.
2076 692 2099 696 -
2123 674 2336 714 Consequens
2359 683 2436 704 vero
2465 683 2503 704 ex
2527 683 2560 704 se
2585 679 2632 704 est

1564 722 1636 751 satis
1660 720 1803 751 evidens:
1829 720 1984 760 quoniam
2008 719 2113 749 omnis
2137 720 2217 749 ratio
2242 719 2386 758 exposcit
2410 717 2501 758 quod
2525 717 2632 748 divina

1563 765 1774 806 providentia,
1798 765 1824 794 si
1846 764 2086 794 subiicientibus
2103 773 2136 793 se
2155 763 2358 793 sacramentis
2383 762 2541 793 ordinavit
2563 771 2632 792 non

1564 810 1681 840 remitti
1691 818 1831 849 poenam
1842 813 2049 849 peccatorum
2059 808 2119 837 nisi
2130 806 2350 848 computando
2362 817 2503 847 poenam
2514 806 2634 838 Christi

1564 864 1624 894 pro
1647 855 1696 884 his
1720 854 1836 893 quibus
1860 853 2039 888 remittitur,
2064 852 2167 882 multo
2191 852 2292 892 magis
2316 851 2474 882 ordinavit
2496 861 2564 882 non
2583 861 2633 882 re-

1565 899 1648 929 mitti
1670 907 1792 938 poenas
1807 902 2016 937 peccatorum
2031 905 2089 936 per
2104 896 2318 936 indulgentias
2333 897 2394 926 nisi
2411 895 2632 936 computando

1565 943 1682 973 alienas
1699 951 1820 982 poenas
1843 951 1902 982 pro
1920 941 2157 981 acquirentibus
2174 940 2402 980 indulgentias;
2428 940 2633 981 quandoqui-

1565 987 1639 1017 dem
1663 987 1848 1016 submittere
1865 995 1897 1016 se
1913 985 2120 1025 indulgentiis
2136 985 2240 1015 multo
2256 985 2364 1015 minus
2381 990 2427 1015 est
2444 994 2542 1026 quam
2558 986 2633 1016 sub-

1565 1032 1689 1061 mittere
1713 1040 1746 1060 se
1770 1030 1984 1060 sacramentis.
2009 1030 2065 1060 Est
2087 1030 2183 1069 igitur
2205 1029 2245 1059 ad
2267 1029 2441 1060 efficaciam
2463 1029 2634 1070 indulgen-

1566 1076 1682 1105 tiarum
1705 1075 1870 1104 thesaurus
1894 1074 2008 1114 aliquis
2031 1074 2237 1110 necessarius,
2261 1083 2329 1104 non
2345 1074 2452 1104 minus
2476 1083 2574 1114 quam
2595 1072 2635 1105 ad

1567 1118 1741 1148 efficaciam
1765 1123 2048 1148 sacramentorum.

1199 1283 1534 1345 QUAESITUM
1566 1293 1894 1353 SECUNDUM*

835 1400 893 1430 Ex
916 1399 1076 1438 Quissus
1100 1397 1306 1429 CONsTET
1331 1396 1592 1427 THESAURUS
1614 1394 1736 1426 UNDE
1759 1396 1893 1427 FIUNT
1917 1394 2249 1427 INDULGENTIAE

518 1518 590 1538 ch
604 1505 785 1538 secundum
798 1506 979 1546 quaesitum
989 1506 1015 1541 ὕ,
1029 1515 1067 1535 ex
1079 1505 1197 1545 quibus
1213 1509 1338 1535 constet
1350 1504 1516 1534 thesaurus

455 1519 604 1583 Cunde
627 1551 710 1582 fiunt
742 1550 970 1590 indulgentiae,
995 1550 1074 1580 ratio
1096 1549 1262 1580 dubitandi
1279 1554 1335 1584 est,
1360 1549 1517 1588 quoniam

449 1596 610 1628 interdum
632 1596 754 1631 merita,
779 1594 940 1625 interdum
955 1595 1130 1635 passiones,
1154 1593 1314 1624 interdum
1331 1592 1517 1623 satisfactio-

449 1651 506 1672 nes
523 1641 672 1672 dicuntur
695 1650 763 1670 esse
788 1650 824 1670 ea
848 1649 931 1679 quae
955 1644 1029 1669 sunt
1052 1639 1085 1668 in
1108 1639 1171 1668 hoc
1194 1638 1343 1668 thesauro
1367 1637 1516 1677 reposita.

505 1684 627 1716 Veritas
650 1690 769 1720 autem,
785 1690 821 1714 ut
843 1684 972 1724 patebit,
990 1682 1164 1714 formaliter
1188 1682 1362 1723 explicatur
1385 1691 1442 1722 per
1465 1691 1517 1711 sa-

451 1730 652 1772 tiffactiones
674 1729 867 1769 superfluas.

507 1774 545 1805 11.
569 1774 620 1804 Ad
644 1774 735 1804 cuius
759 1772 961 1808 evidentiam,
978 1781 1046 1802 non
1070 1771 1198 1802 aliunde
1223 1780 1320 1811 quam
1344 1780 1381 1801 ex
1405 1769 1518 1800 funda-

451 1824 561 1850 mento
578 1819 665 1859 prius
688 1818 794 1858 posito
818 1815 1060 1857 procedendum
1077 1821 1133 1852 est,
1151 1826 1188 1846 ex
1203 1816 1266 1845 hoc
1286 1815 1406 1845 seilicet
1430 1814 1519 1854 quod

451 1863 667 1903 indulgentiae
700 1861 877 1892 succedunt
908 1861 983 1891 loco
1016 1860 1294 1900 poenitentialium
1333 1858 1518 1889 satisfactio-

451 1918 531 1939 num
547 1909 573 1938 ’ἢ
598 1906 672 1938 Hoc
689 1906 775 1937 enim
791 1905 913 1936 dictum
929 1910 1057 1945 oportet
1075 1914 1147 1935 cum
1162 1913 1271 1946 grano
1287 1903 1366 1934 salis
1381 1913 1518 1934 sumere.

452 1952 488 1983 In
511 1951 733 1992 poenitentiali
753 1949 912 1990 siquidem
935 1948 1149 1979 satisfactione
1169 1949 1263 1989 digne
1283 1953 1425 1980 executa.
1442 1953 1518 1988 puta

452 1997 591 2032 ieiunio,
622 1994 892 2026 considerandum
923 1999 970 2024 est
999 1993 1197 2033 quadruplex
1228 1991 1388 2022 officium:
1424 1992 1519 2022 habet

453 2042 539 2072 enim
562 2038 750 2071 huiusmodi
773 2049 855 2079 opus
880 2043 1017 2078 quatuor
1037 2037 1151 2073 officia,
1176 2037 1296 2067 scilicet
1310 2035 1517 2072 bonificandi,

452 2084 617 2121 medendi,
642 2082 784 2114 merendi
810 2088 840 2113 et
864 2081 1086 2112 satisfaciendi.
1121 2081 1204 2111 Nam
1229 2091 1267 2111 ex
1291 2090 1330 2111 eo
1358 2080 1448 2120 quod
1472 2086 1519 2110 est

453 2139 536 2170 opus
558 2130 698 2164 bonum,
723 2126 876 2158 bonificat
900 2131 1106 2166 operantem,
1139 2131 1170 2156 et
1193 2125 1334 2165 disponit
1357 2124 1448 2155 illum
1479 2124 1519 2155 ad

453 2174 513 2204 alia
528 2174 614 2204 bona
639 2182 752 2213 opera;
778 2181 816 2202 ex
832 2181 871 2201 eo
888 2180 964 2201 vero
982 2170 1072 2210 quod
1088 2175 1135 2200 est
1150 2170 1211 2200 tale
1234 2179 1328 2210 opus,
1345 2175 1423 2209 puta
1438 2169 1518 2199 ieiu-

452 2219 558 2254 nium,
582 2217 775 2248 medicinam
798 2216 928 2256 praebet
952 2220 1063 2245 contra
1086 2215 1188 2245 carnis
1211 2214 1518 2254 concupiscentiam,

453 2264 534 2293 sicut
553 2262 758 2302 eleemosyna
773 2266 885 2291 contra
900 2259 1073 2295 avaritiam,
1090 2264 1167 2295 etc.;
1193 2268 1231 2288 ex
1248 2268 1287 2289 eo
1304 2264 1412 2289 autem
1429 2257 1519 2298 quod

453 2317 471 2337 a
495 2307 622 2337 caritate
645 2303 807 2346 procedit,
832 2305 1032 2335 meritorium
1055 2309 1102 2334 est
1124 2303 1207 2333 vitae
1231 2308 1394 2338 aeternae;
1427 2307 1458 2333 et
1481 2311 1518 2332 ex

454 2361 493 2382 eo
518 2351 651 2382 demum
674 2349 764 2391 quod
779 2348 916 2390 poenale
933 2354 989 2384 est,
1006 2347 1250 2379 satisfactorium
1267 2352 1313 2378 est
1333 2357 1393 2388 pro
1413 2356 1520 2387 poena

453 2396 622 2436 temporali
638 2405 697 2435 pro
717 2399 850 2435 peccato
868 2393 990 2429 debita;
1014 2393 1146 2424 solvitur
1162 2393 1248 2423 enim
1264 2401 1381 2432 poena,
1398 2392 1519 2432 absque

454 2441 545 2471 omni
569 2439 832 2474 contradictione,
857 2447 913 2478 per
936 2447 1019 2478 opus
1035 2437 1172 2477 poenale
1188 2442 1224 2467 ut
1240 2437 1294 2467 sic.
1319 2435 1520 2476 Indulgentia

454 2491 562 2516 autem
592 2493 660 2515 non
683 2482 825 2514 succedit
851 2482 926 2512 loco
951 2481 1172 2512 satisfactionis
1195 2479 1433 2521 poenitentialis
1458 2481 1520 2510 nisi

454 2529 563 2570 quoad
586 2529 736 2559 ultimum
761 2527 914 2563 officium,
940 2524 1029 2567 quod
1053 2531 1099 2556 est
1122 2524 1317 2556 satisfacere:
1342 2534 1417 2555 nam
1434 2534 1472 2555 ex
1487 2525 1519 2554 vi

454 2573 671 2614 indulgentiae
694 2582 762 2603 non
785 2570 821 2602 fit
835 2571 937 2602 homo
954 2571 1070 2606 bonus,
1094 2580 1154 2600 nec
1170 2569 1356 2606 medicatur,
1375 2578 1436 2599 nec
1451 2578 1520 2599 me-

454 2624 550 2654 retur,
574 2617 629 2648 sed
653 2615 860 2647 solummodo
877 2615 971 2646 solvit
986 2624 1127 2655 poenam
1150 2624 1249 2655 quam
1271 2623 1328 2654 per
1351 2613 1519 2654 poeniten-

455 2664 531 2694 tiam
555 2662 708 2693 solvisset.
733 2661 774 2691 Et
797 2666 965 2701 propterea
988 2659 1135 2690 doctores
1152 2658 1326 2690 consulunt
1349 2667 1520 2698 assequen-

455 2708 539 2738 tibus
556 2706 767 2747 indulgentias
784 2704 957 2745 adimplere
973 2703 1184 2734 nihilominus
1200 2713 1272 2734 suas
1288 2702 1518 2743 poenitentias:

457 2758 487 2782 et
510 2752 659 2782 meritum
683 2751 779 2790 longe
803 2749 917 2780 melius
941 2759 1008 2780 esse
1032 2747 1216 2789 praedicant
1239 2757 1336 2788 quam
1352 2747 1520 2788 indulgen-

455 2797 542 2826 tiam.
577 2795 645 2826 Nec
672 2800 803 2835 propter
826 2795 889 2824 hoc
912 2799 1020 2824 tamen
1048 2791 1291 2833 vilipendendae
1318 2798 1392 2823 sunt
1415 2791 1520 2822 indul-

456 2841 597 2881 gentiae:
633 2840 787 2880 quoniam
814 2838 964 2868 salutares
991 2843 1065 2868 sunt
1097 2836 1241 2867 tollendo
1268 2846 1409 2876 poenam
1438 2846 1520 2876 quae

456 2884 624 2925 impediret
647 2885 824 2924 ingressum
849 2883 995 2914 coelestis
1018 2882 1147 2922 patriae.

512 2929 667 2959 Notanter
691 2933 798 2958 autem
822 2927 895 2963 dixi,
913 2937 954 2957 ex
977 2927 1008 2957 νί
1031 2925 1264 2968 indulgentiae.
1289 2925 1471 2963 Quoniam,
1496 2925 1522 2955 si

457 2973 672 3013 indulgentiae
695 2973 832 3002 mixtum
855 2971 1090 3011 cointelligatur
1113 2981 1196 3011 opus
1219 2976 1366 3001 sanctum
1387 2980 1454 3011 quo
1471 2980 1521 3000 ac—

459 3018 593 3058 quiritur
615 3017 829 3056 indulgentia,
858 3022 935 3056 puta
959 3016 1163 3056 eleemosyna
1192 3020 1247 3046 aut
1269 3014 1390 3056 aliquid
1413 3015 1522 3046 huius-

458 3061 564 3097 modi,
597 3062 640 3092 sic
663 3061 760 3091 mixta
783 3061 943 3091 intellecta
966 3060 1165 3100 indulgentia
1187 3060 1302 3090 melior
1326 3069 1394 3090 esse
1417 3065 1524 3100 potest

459 3115 556 3146 quam
587 3105 758 3136 satisfactio
789 3105 1042 3145 poenitentialis:
1078 3114 1152 3135 nam
1183 3104 1310 3135 nullum
1340 3103 1523 3135 officiorum

459 3150 663 3180 inventorum
696 3150 728 3179 in
753 3149 966 3180 satisfactione
989 3149 1210 3190 poenitentiali
1237 3149 1296 3179 sibi
1320 3147 1436 3180 deficit.
1467 3148 1525 3179 Est

460 3194 547 3224 enim
575 3193 668 3233 digne
699 3193 769 3224 data
793 3194 997 3234 eleemosyna
1027 3204 1086 3234 pro
1111 3193 1303 3234 acquirenda
1326 3193 1524 3233 indulgentia

1571 1501 1706 1533 reddens
1729 1503 1871 1539 bonum,
1900 1508 1931 1533 et
1955 1502 2128 1543 disponens
2151 1501 2191 1533 ad
2214 1503 2300 1533 bona
2323 1511 2422 1542 opera
2448 1501 2578 1533 dantem
2601 1502 2639 1533 il-

1571 1547 1652 1583 lam;
1677 1553 1708 1578 et
1731 1548 1861 1588 praebet
1884 1547 2078 1578 medicinam
2101 1553 2212 1578 contra
2236 1546 2444 1587 cupiditatem
2466 1547 2638 1587 pecuniae;

1572 1598 1603 1622 et
1626 1598 1673 1623 est
1696 1592 1858 1623 meritoria
1876 1592 1959 1622 vitae
1982 1597 2145 1628 aeternae;
2171 1597 2202 1622 et
2220 1597 2267 1622 est
2286 1590 2492 1622 satisfactoria
2509 1601 2548 1622 ex
2562 1601 2639 1632 pro-

1571 1637 1639 1677 pria
1662 1637 1864 1676 poenalitate.
1889 1636 1931 1666 Et
1945 1636 2027 1666 ultra
2042 1636 2130 1672 haec,
2151 1636 2335 1676 supervenit
2350 1636 2409 1666 sibi
2424 1635 2544 1666 solutio
2558 1645 2640 1676 poe-

1571 1691 1642 1717 nae,
1667 1691 1724 1711 seu
1747 1680 1929 1717 satisfactio,
1953 1690 2010 1721 per
2033 1679 2284 1720 indulgentiam.-

1628 1726 1680 1756 111.
1705 1726 1752 1756 Ex
1775 1726 1838 1756 hoc
1854 1725 1949 1765 igitur
1969 1724 2059 1765 quod
2077 1724 2275 1765 indulgentia
2289 1735 2370 1766 pura
2392 1725 2535 1756 succedit
2550 1725 2640 1756 satis-

1572 1769 1703 1800 factioni
1727 1769 1949 1811 poenitentiali
1972 1768 2180 1800 solummodo
2197 1769 2307 1810 quoad
2321 1770 2388 1800 vim
2403 1768 2638 1807 satisfactivam,

1571 1814 1738 1845 manifeste
1762 1815 1906 1854 sequitur
1930 1813 2020 1854 quod
2035 1814 2202 1844 thesaurus
2217 1813 2488 1854 indulgentiarum
2510 1814 2639 1845 thesau-

1544 1889 1546 1897 ,
1572 1869 1625 1890 rus
1649 1865 1695 1890 est
1718 1857 1981 1890 satisfactionum.
2016 1858 2109 1896 Quae
2133 1859 2208 1898 quia
2234 1868 2292 1898 per
2315 1866 2413 1898 opera
2435 1858 2585 1898 poenalia
2599 1863 2640 1890 ·et

1571 1903 1733 1934 meritoria
1756 1902 1848 1939 fiunt,
1872 1902 1946 1933 ideo
1969 1902 2056 1933 idem
2080 1902 2194 1933 dicitur
2209 1903 2376 1934 thesaurus
2396 1903 2586 1943 passionum
2603 1908 2640 1934 ‘et

1571 1949 1760 1979 meritorum
1789 1953 1947 1988 quatenus
1970 1946 2175 1978 satisfactoria
2197 1953 2281 1978 sunt.

1626 1992 1828 2023 Rationabile
1852 1997 1971 2027 autem,
1987 1991 2070 2022 ultra
2085 1990 2169 2022 dicta
2184 1991 2217 2022 in
2231 1990 2436 2032 praecedenti
2459 1991 2595 2022 articulo
2611 1992 2639 2028 ”’,

1571 2042 1766 2067 monstratur
1795 2046 1863 2067 esse
1894 2035 2010 2066 debere
2034 2045 2102 2066 esse
2129 2036 2314 2066 thesaurum
2336 2036 2424 2066 hunc
2453 2036 2641 2068 thesaurum

1571 2081 1841 2117 satisfactionum,
1866 2089 1923 2110 seu
1946 2080 2136 2110 meritorum
2167 2085 2325 2120 quatenus
2347 2079 2571 2118 satisfactoria,
2601 2090 2641 2112 ex

1572 2135 1612 2156 eo
1637 2125 1726 2166 quod
1750 2135 1834 2155 unus
1857 2134 1916 2165 pro
1941 2124 2003 2154 alio
2028 2129 2060 2154 et
2082 2125 2116 2154 in
2138 2124 2370 2165 temporalibus
2393 2129 2426 2155 et
2443 2125 2478 2155 in
2493 2125 2640 2166 spiritua-

1571 2170 1655 2200 libus
1679 2169 1856 2200 satisfacere
1880 2174 2003 2210 potest;
2027 2178 2095 2199 non
2118 2168 2295 2200 medicatur
2318 2174 2436 2204 autem,
2451 2179 2514 2200 nec
2529 2168 2566 2200 fit
2579 2170 2640 2201 bo-

1571 2225 1643 2251 nus,
1667 2224 1728 2245 nec
1751 2219 1891 2244 meretur
1914 2223 1999 2244 unus
2021 2222 2081 2254 pro
2102 2213 2176 2245 alio.
2201 2213 2283 2244 Sunt
2298 2213 2394 2254 igitur
2410 2223 2447 2245 ea
2465 2223 2550 2255 quae
2564 2219 2640 2246 sunt

1571 2260 1711 2300 reposita
1733 2259 1766 2289 in
1789 2259 1853 2289 hoc
1875 2258 2024 2289 thesauro
2049 2257 2290 2289 satisfactiones.

1628 2303 1680 2334 IV.
1706 2302 1805 2342 Quod
1829 2308 1937 2333 autem
1965 2312 2032 2333 non
2055 2311 2282 2343 quaecumque
2305 2302 2553 2340 satisfactiones,
2584 2301 2642 2334 sed

1572 2348 1659 2379 solae
1690 2347 1871 2388 superfluae
1900 2347 1935 2377 in
1963 2346 2079 2378 eodem
2105 2346 2290 2378 reconditae
2316 2347 2396 2383 sint,
2427 2356 2465 2378 ex
2489 2356 2529 2378 eo
2551 2352 2641 2388 patet

1573 2391 1663 2433 quod
1686 2391 1916 2423 satisfactiones
1938 2391 2011 2422 illae
2041 2391 2158 2432 quibus
2182 2390 2408 2422 satisfacientes
2434 2391 2643 2432 indiguerunt

1572 2447 1632 2478 pro
1655 2437 1776 2477 seipsis,
1800 2436 1864 2466 iam
1888 2441 2050 2466 cesserunt
2072 2436 2107 2466 in
2127 2435 2324 2466 solutionem
2347 2445 2528 2476 poenarum
2551 2435 2641 2467 debi-

1572 2488 1677 2512 tarum
1700 2490 1759 2521 pro
1779 2480 1916 2522 propriis
1931 2480 2087 2520 peccatis:
2114 2486 2144 2511 et
2160 2486 2330 2521 propterea
2345 2489 2413 2510 non
2429 2486 2566 2520 possunt
2579 2489 2642 2521 pro

1573 2527 1641 2557 aliis
1657 2525 1789 2556 solvere.
1809 2525 1851 2555 Et
1865 2524 1968 2555 simile
1984 2530 2032 2555 est
2046 2523 2201 2555 iudicium
2218 2524 2258 2555 de
2273 2523 2542 2555 satisfactionibus
2557 2533 2643 2566 quae

1572 2580 1632 2611 pro
1656 2568 1848 2611 quibusdam
1880 2568 2087 2599 determinate
2119 2569 2244 2600 oblatae
2267 2574 2358 2599 sunt:
2390 2574 2465 2600 sunt
2492 2569 2579 2600 enim
2609 2574 2643 2601 et

1572 2616 1660 2656 ipsae
1684 2614 1812 2647 sortitae
1828 2623 1929 2654 suum·
1948 2613 2108 2644 effectum.
2144 2613 2229 2651 Quia
2251 2614 2347 2654 igitur
2366 2619 2496 2654 oportet
2521 2612 2642 2645 satisfa-

1573 2660 1696 2690 ctiones
1719 2659 1753 2689 in
1775 2658 1925 2689 thesauro
1948 2658 2103 2698 repositas
2125 2667 2185 2698 pro
2209 2658 2319 2688 alienis
2342 2658 2458 2698 poenis
2481 2657 2644 2689 solvendis

1574 2703 1679 2734 offerri
1702 2712 1808 2743 posse.
1833 2708 1961 2743 oportet
1983 2702 2171 2733 huiusmodi
2193 2701 2423 2733 satisfactiones
2445 2712 2515 2733 esse
2531 2711 2643 2744 super-

1573 2748 1663 2784 fluas,
1687 2748 1730 2778 ita
1753 2746 1843 2787 quod
1866 2756 1927 2777 nec
1950 2757 2009 2787 pro
2025 2747 2074 2777 his
2091 2747 2147 2787 qui
2163 2747 2232 2777 illas
2249 2753 2392 2787 egerunt,
2409 2757 2470 2778 nec
2485 2756 2545 2788 pro
2561 2746 2640 2784 aliis,

1574 2794 1729 2823 hactenus
1752 2790 1974 2822 satisfecerint:
1998 2792 2062 2822 hoc
2078 2792 2164 2822 enim
2188 2797 2235 2822 est
2258 2792 2371 2822 merita
2385 2801 2443 2822 seu
2458 2801 2557 2832 opera
2572 2800 2642 2822 osse

1575 2836 1736 2878 superflua
1764 2835 1873 2876 quoad
1896 2835 2040 2866 officium
2063 2835 2284 2867 satisfaciendi.

1630 2881 1668 2911 V.
1694 2881 1902 2911 Obiectiones
1926 2886 2034 2911 autem
2058 2890 2141 2921 quae
2167 2881 2310 2921 ingerere
2333 2880 2481 2911 videntur
2502 2879 2577 2920 plus
2591 2889 2642 2910 re-

1575 2926 1658 2966 quiri
1681 2925 1721 2956 ad
1744 2924 1909 2956 recondita
1931 2926 1965 2955 in
1988 2925 2051 2955 hoc
2067 2925 2227 2962 thesauro,
2251 2930 2330 2965 puta
2345 2924 2435 2965 quod
2449 2933 2518 2955 non
2533 2923 2642 2955 solum

1575 2971 1637 3001 sint
1660 2969 1889 3000 satisfactiones
1913 2968 2093 3010 superfluae
2120 2968 2176 3000 sed
2200 2969 2295 3000 etiam
2321 2978 2389 3000 non
2411 2967 2507 3009 plene
2533 2977 2642 2999 remu-

1575 3020 1712 3050 neratae,
1732 3015 1766 3044 in
1782 3015 1930 3055 sequenti
1945 3013 2079 3044 articulo
2095 3014 2359 3044 monstrabuntur
2373 3022 2482 3043 vanae.
2506 3012 2547 3043 Et
2565 3012 2641 3044 ideo

1575 3058 1837 3089 concludendum
1857 3064 1904 3089 est
1926 3059 2112 3089 thesaurum
2128 3057 2398 3097 indulgentiarum
2422 3066 2489 3087 esse
2513 3057 2642 3088 thesau-

1576 3113 1647 3134 rum
1671 3103 1905 3143 superfluarum
1924 3102 2186 3137 satisfactionum,
2206 3111 2263 3132 seu
2278 3102 2467 3132 meritorum
2483 3106 2643 3142 quatenus

1576 3147 1809 3188 supereffluunt
1822 3146 1930 3188 quoad
1946 3146 2090 3178 officium
2102 3145 2315 3177 satisfaciendi
2331 3155 2391 3186 pro
2411 3155 2517 3186 poena
2533 3151 2642 3176 actua—

1575 3192 1659 3222 libus
1683 3193 1821 3232 peccatis
1846 3191 1961 3222 debita.

1425 3332 1471 3340 ,xlm
1483 3335 1489 3337 <
1496 3333 1534 3338 W
1542 3332 1682 3339 *VC-dxxvi-

2653 319 2663 328 ·
2678 316 2716 339 Aa
2733 316 2798 338 Rom.
2815 322 2866 344 cap.

2654 350 2688 392 2¹&
2699 349 2870 397 Ἔὲἳὸέἶὲἓρἰ

2654 402 2680 424 ιι,
2695 402 2756 419 vers.
2772 402 2804 419 η.

2666 1993 2677 2003 ·
2684 1991 2870 2020 quatit-praee.
2875 2008 2886 2019 ,

2666 2024 2732 2041 num.
2745 2023 2778 2040 π.

2906 3513 2918 3631 ..v—nn.-.-
2916 3487 2918 3492 .
2916 3443 2918 3470 ...
2915 3426 2918 3429 .
