2918 4088
4 3136 7 3140 ,
48 3119 65 3142 “->,
88 3115 208 3148 „lecum

33 457 45 468 ¹
57 455 83 478 In
99 461 203 484 corpore.

931 219 1193 265 QUAESTIO
1221 221 1412 266 LXXVII,
1441 220 1733 258 ARTICULUS
1762 221 1795 257 v
2377 238 2447 276 199

274 304 356 330 non
383 301 482 330 esset
508 294 548 331 in
575 295 745 342 materia,
775 296 898 334 simile
926 305 1055 335 tamen
1085 298 1119 335 ei
1147 299 1255 347 quod
1283 306 1339 335 est
1408 314 1410 316 ·
1444 299 1501 335 AD
1524 310 1682 336 TERTIUM
1710 312 1891 337 DlCENDUM
1919 304 2026 350 quod
2054 305 2246 354 corruptio
2275 306 2335 344 illa
2363 319 2447 356 spe-

274 345 315 382 in
333 346 502 393 materia,
522 355 652 396 posset
669 360 739 397 per
758 350 1043 399 corruptionem
1065 351 1203 388 auferri
1223 351 1338 388 etiam
1391 350 1538 387 eierum
1566 363 1646 388 non
1674 359 1730 388 est
1756 352 1995 400 miraculosa,
2026 357 2092 392 sed
2114 358 2310 395 naturalis:
2339 372 2447 408 prae-

274 398 434 436 materia
459 411 542 436 non
561 400 762 438 existente:
793 402 889 439 sicut
907 403 1043 440 accidit
1061 403 1101 440 in
1120 404 1196 440 hoc
1215 416 1336 441 sacra·
1391 403 1574 452 supponit
1601 411 1731 440 tamen
1755 404 1985 442 miraculum
2003 407 2023 428 ²¹*
2050 410 2156 456 quod
2176 418 2230 446 est
2248 411 2389 448 sactum
2408 412 2448 448 in

274 458 419 498 ment0,
449 459 492 488 ut
519 465 566 490 ex
593 453 702 490 dictis
720 454 740 476 ’¹‘
767 462 882 503 patet.
1390 455 1688 500 consecratione,
1727 456 1865 493 scilicet
1902 459 2008 505 quod
2046 459 2128 496 illae
2158 462 2301 510 species
2329 476 2447 500 sacra-

325 505 384 540 ΑΙ)
411 517 602 543 SECUNDUM
620 519 802 544 meramnum
821 508 928 556 quod
956 508 1102 557 species
1121 520 1336 545 sacramen·
1390 509 1574 545 mentales
1602 508 1787 546 retineant
1815 521 1896 546 esse
1917 510 1996 546 sine
2023 512 2192 549 subiecto
2218 516 2324 562 quod
2343 516 2448 564 prius

273 557 386 603 tales,
415 557 502 594 licet
529 558 603 595 sint
629 559 776 597 formae
809 572 890 597 non
913 560 957 597 rin
982 561 1160 607 materia,
1193 561 1337 597 habent
1390 560 1583 598 habebant
1610 560 1649 597 in
1677 561 1869 607 subiect03
1899 562 1995 599 sicut
2014 571 2050 600 et
2068 576 2203 602 caecus
2222 566 2447 605 miraculose

273 616 405 647 tamen
433 622 515 647 esse
544 612 653 660 quod
679 612 786 662 prius
814 613 854 650 in
882 613 1040 660 materia
1067 613 1272 650 habebant.
1390 613 1626 650 illuminatus
1654 613 1874 651 naturaliter
1900 614 2004 651 videt
2021 615 2051 652 ³³⁶.

947 710 1284 742 commentaria
1306 708 1559 741 Cardinalis
1581 709 1784 742 Caietam

277 796 324 858 ΙΝ
348 787 481 818 articulo
505 793 636 827 quarto,
660 787 717 818 ubi
745 787 784 818 de
809 788 1015 828 corruptione
1042 788 1160 817 horum
1190 786 1336 817 acciden-
1360 786 1364 850 l
1390 788 1569 818 annectitur
1591 787 1675 818 dicta
1697 789 1853 828 separatio
1878 789 2090 829 deperditioni
2114 793 2162 822 sui
2179 803 2245 823 esse
2261 795 2295 824 in
2310 797 2449 826 materia.

304 831 386 861 tium
409 832 530 871 agitur,
558 832 703 871 perspice
727 836 819 861 caute
841 831 1020 861 Auctorem
1044 831 1136 870 loqui
1159 830 1198 861 de
1223 840 1336 861 eorum
1390 831 1476 860 Hinc
1500 832 1587 861 enim
1610 833 1710 872 surgit
1732 832 1832 872 quod,
1857 834 1932 872 quia
1956 843 2023 864 esse
2047 835 2135 871 illud,
2158 838 2252 867 etiam
2276 845 2451 878 sequestra-

272 875 486 906 accidentium
508 875 715 914 corruptione
738 884 795 914 per
809 874 945 905 modum
961 875 1097 905 termini.
1121 875 1163 904 Et
1184 875 1248 904 hoc
1270 879 1336 904 tam
1390 880 1460 904 tum
1476 884 1494 904 a
1509 876 1649 911 materia,
1674 881 1721 905 est
1744 877 1949 916 corruptibile
1966 884 2002 908 ut
2016 880 2113 918 pn'us,
2131 881 2206 920 quia
2225 882 2338 912 retinet
2361 889 2452 913 natu-

272 926 348 949 cum
371 923 621 958 corrumpuntur
651 919 741 958 quasi
764 917 804 948 ad
827 919 1068 958 corruptionem
1091 918 1242 954 subiecti,
1273 918 1337 948 hoe
1390 928 1457 948 ram
1472 919 1629 958 priorem:
1646 938 1669 941 —
1684 925 1720 950 ut
1735 921 1903 951 terminare
1928 923 2168 962 corruptionem
2191 926 2291 964 possit
2315 927 2381 957 sine
2405 936 2452 957 se-

271 967 328 1002 est‚
352 962 435 992 sicut
455 967 735 1002 corrumperentur
750 961 790 992 ad
806 963 1048 1002 corruptionem
1063 961 1214 997 subiecti;
1238 971 1336 1002 quam
1389 962 1552 1001 paratione
1568 961 1690 993 formae
1706 973 1724 993 a
1739 965 1879 1000 materia,
1896 975 1979 1005 quae
1994 976 2062 996 non
2078 973 2134 997 est.
2154 968 2195 998 Et
2211 969 2360 1006 similiter,
2378 972 2454 1010 quia

271 1015 347 1036 cum
370 1011 620 1046 corrumpuntur
643 1005 771 1042 directe,
795 1015 852 1036 seu
875 1015 932 1046 per
955 1015 998 1036 se.
1022 1006 1096 1036 Hoc
1113 1005 1199 1035 enim
1214 1006 1336 1045 perspi·
1389 1006 1575 1036 huiusmodi
1595 1016 1661 1037 esse
1685 1008 1730 1037 sic
1746 1014 1917 1048 separatur,
1935 1015 1966 1039 et
1982 1017 2161 1050 separatum
2185 1019 2397 1050 conservatur,
2417 1020 2454 1045 ut

243 1086 247 1089 .
271 1048 405 1087 ciendo,
434 1049 517 1080 clara
545 1049 695 1080 reddetur
720 1049 839 1089 litterar,
863 1055 929 1080 tam
956 1050 990 1080 in
1018 1058 1154 1089 corpore
1181 1059 1279 1090 quam
1302 1049 1335 1079 in
1391 1050 1558 1090 proprium
1582 1056 1647 1080 erat
1666 1056 1697 1081 et
1721 1051 1888 1083 conforme
1911 1054 2065 1091 subiecto,
2089 1061 2166 1095 puta
2184 1058 2265 1098 pani
2287 1058 2338 1087 vel
2361 1059 2451 1095 vino;

50 3087 109 3116 '⁹4-
121 3094 156 3117 ιιι,
174 3095 198 3112 ιι.
211 3096 236 3119 7;

115 3157 119 3165 t
168 3157 176 3166 .
195 3143 238 3166 ub.

107 3173 179 3198 πα,
186 3175 209 3192 ιι.
217 3177 238 3197 ι,

4 3183 9 3226 i
49 3200 77 3232 gl
114 3195 168 3218 ¹00(-
181 3202 238 3224 :uu

6 3232 21 3287 J]
59 3274 61 3276 .
78 3246 100 3276 1.
104 3239 239 3299 52⁹⁶ssssAE

123 3306 175 3330 ap.
189 3308 206 3325 ι.

121 3365 138 3392 Υ

265 2779 345 2818 qua
372 2767 583 2804 substantia
609 2779 796 2816 corporea
823 2776 1035 2815 generetur.

202 2998 210 3008 ·
263 2979 376 3027 fiant;
405 2981 468 3017 vel
495 2981 697 3030 pulverem
717 2979 743 3027 β,
773 2979 804 3016 si
831 2988 1087 3018 conterantur.

270 1094 481 1134 responsione
505 1093 545 1124 ad
562 1094 713 1134 primum,
729 1094 785 1124 ubi
808 1094 1042 1135 separationem
1065 1093 1188 1124 formae
1204 1103 1222 1123 a
1237 1099 1337 1124 mate·
1392 1094 1435 1123 ita
1464 1099 1570 1133 potest
1598 1096 1796 1126 terminative
1830 1099 1993 1138 corrumpi
2023 1100 2113 1138 quasi
2142 1100 2182 1130 ad
2213 1103 2452 1141 corruptionem

270 1137 318 1169 ria
333 1138 425 1178 quasi
446 1147 505 1178 per
527 1137 675 1168 accidens
693 1138 727 1168 in
742 1139 880 1168 termino
905 1138 1120 1178 corruptionis
1142 1138 1246 1178 ponit,
1263 1137 1339 1177 quia
1392 1137 1536 1174 subiecti,
1560 1139 1643 1168 sicut
1665 1140 1763 1179 prius,
1789 1146 1824 1170 ut
1846 1142 1880 1171 in
1904 1151 2040 1182 corpore
2063 1144 2186 1174 articuli
2209 1145 2332 1176 dicitur.

1058 1291 1377 1334 ARTICULUS
1408 1293 1667 1344 QUINTUS

580 1386 739 1418 UTRUM
754 1386 820 1416 ἘΧ
843 1385 1075 1417 SPECIEBUS
1098 1385 1523 1417 SACRAMENTALIBUS
1546 1387 1727 1425 ALIQun)
1751 1388 1899 1419 possrr
1923 1390 2142 1422 GENERARI

422 1465 457 1491 lv
476 1465 561 1495 8ου·η
580 1465 702 1495 disum.
721 1472 768 1498 qu.
787 1472 804 1494 ι,
823 1470 871 1490 art.
891 1472 915 1495 2,
935 1464 984 1497 qu·
1002 1471 1020 1496 4
1027 1472 1035 1495 ;
1055 1464 1089 1489 IV
1110 1465 1187 1490 Cont.
1209 1466 1301 1493 Gent„
1321 1472 1378 1498 cap.
1390 1472 1470 1500 ⁴1.xv1;
1491 1465 1589 1496 Quodl.
1608 1466 1650 1496 1X,
1670 1472 1718 1492 art.
1739 1467 1762 1497 5,
1781 1468 1811 1492 ad
1833 1468 1861 1498 3;
1881 1469 1889 1493 1
1908 1469 1946 1494 ad
1966 1470 2040 1499 Cor„
2059 1479 2115 1503 cap.
2132 1479 2165 1501 xi,
2185 1472 2242 1498 lect.
2261 1480 2296 1499 xv.

382 1566 390 1580 .
428 1569 455 1575 η
480 1559 503 1583 D
518 1557 681 1589 Quinum
695 1557 748 1582 sm
762 1557 989 1582 PROCEDrrUR
999 1544 1030 1581 ⁹¹³.
1051 1544 1215 1581 Videtur
1228 1545 1336 1594 quod
1444 1545 1659 1592 Quomodo
1688 1555 1819 1584 autem
1847 1561 1892 1585 ex
1913 1549 1965 1586 eis
1993 1550 2136 1599 aliquid
2163 1554 2335 1600 generari
2362 1566 2451 1603 pos-

481 1611 528 1636 ex
549 1598 756 1648 speciebus.
772 1597 1112 1635 sacramentalibus
1134 1597 1229 1637 nihil
1247 1610 1336 1647 pos·
1389 1597 1445 1646 sit,
1466 1598 1618 1636 difficile
1639 1607 1694 1636 est
1712 1600 1854 1638 videre.
1875 1603 2122 1641 Manifestum
2142 1613 2197 1642 est
2216 1605 2320 1643 enim
2343 1607 2451 1656 quod

420 1646 446 1699 {5
462 1651 466 1654 ’
480 1651 527 1689 sit
553 1651 737 1703 generari.
782 1651 912 1689 Omne
946 1650 1047 1688 enim
1087 1651 1194 1701 quod
1222 1663 1335 1699 gene-
1389 1663 1436 1688 ex
1464 1663 1626 1701 corpore
1648 1661 1684 1690 et
1703 1654 1886 1702 sanguine
1907 1655 2056 1700 Christi,
2078 1669 2178 1706 quae
2197 1658 2249 1695 ibi
2267 1659 2452 1697 veraciter

347 1697 595 1751 '1<**÷=&ratur‚
625 1717 672 1742 ex
699 1704 828 1754 aliqua
855 1704 1015 1741 materia
1035 1712 1257 1753 generatur:
1288 1716 1336 1741 ex
1389 1712 1495 1751 sunt,
1524 1717 1605 1742 non
1633 1715 1835 1754 generatur
1862 1708 2022 1757 aliquid:
2061 1721 2152 1747 cum
2180 1710 2253 1748 sint
2279 1711 2450 1750 incorru-

267 1757 389 1796 nihilo
418 1758 523 1795 enim
549 1757 646 1794 nihil
672 1754 892 1806 generatur,
931 1757 1110 1806 quamvis
1138 1769 1185 1794 ex
1213 1757 1333 1794 nihilo
1388 1757 1544 1806 ptibilia.
1590 1758 1630 1796 Si
1659 1767 1789 1797 autem
1821 1761 2028 1799 substantia
2055 1763 2166 1811 panis
2194 1772 2259 1801 aut
2286 1764 2366 1802 vini
2393 1778 2450 1802 re-

266 1811 336 1849 fiat
361 1810 507 1860 aliquid
528 1822 598 1860 per
616 1810 862 1848 creationem.
893 1811 971 1848 Sed
990 1810 1192 1860 speciebus
1211 1823 1333 1848 sacra·
1388 1819 1563 1848 maneret
1591 1811 1630 1849 in
1659 1813 1734 1850 hoc
1762 1822 2011 1861 sacramento,
2040 1817 2102 1852 vel
2121 1829 2260 1854 eorum
2278 1818 2449 1865 materia,

267 1863 499 1903 mentalibus
530 1875 612 1901 non
640 1863 771 1901 subest
798 1863 927 1913 aliqua
954 1864 1114 1901 materia
1150 1864 1223 1913 nisi
1250 1876 1333 1901 cor-
1387 1863 1494 1901 facile
1523 1873 1620 1902 esset
1648 1866 1836 1914 assignare
1865 1868 1970 1915 quod
1999 1880 2044 1904 ex
2065 1868 2118 1905 eis·
2136 1878 2340 1917 generatur
2357 1871 2450 1909 illud

266 1917 372 1968 poris
401 1916 557 1965 Christi,
586 1917 694 1967 quod
723 1925 778 1954 est
805 1916 1104 1967 incorruptibile.
1147 1919 1249 1966 Ergo
1277 1916 1333 1954 vi·
1388 1917 1564 1955 sensibile
1602 1919 1708 1968 quod
1746 1920 1928 1967 succedit,
1965 1929 2007 1957 ut
2034 1921 2196 1970 quidam
2222 1932 2448 1972 posuerunt.

267 1971 380 2008 detur
412 1970 521 2020 quod
555 1982 602 2007 ex
630 1970 831 2020 speciebus
863 1970 1202 2008 sacramentalibus
1238 1970 1333 2007 nihil
1389 1970 1466 2007 Sed
1495 1972 1571 2008 hoc
1599 1979 1655 2008 est
1681 1972 1830 2020 falsum,
1859 1980 1901 2009 ut
1928 1986 2044 2022 supra
2062 1974 2082 1996 ’¹‘
2109 1975 2286 2013 habitum
2314 1985 2380 2014 est.

266 2023 387 2074 possit
413 2023 597 2072 generari.
1441 2024 1489 2060 Et
1517 2024 1604 2062 ideo
1633 2025 1792 2075 quidam
1819 2025 1995 2063 dixerunt
2018 2027 2125 2076 quod
2145 2040 2189 2065 ea
2208 2041 2308 2078 quae
2335 2042 2448 2078 gene—

323 2089 358 2114 2.
388 2078 621 2124 PRAETEREA,
647 2089 692 2114 ea
711 2088 811 2126 quae
830 2089 911 2113 non
930 2083 1019 2113 sunt
1036 2076 1153 2114 unius
1171 2075 1330 2126 generis,
1387 2084 1530 2123 rantur,
1561 2090 1642 2115 non
1669 2078 1768 2115 fiunt
1796 2091 1842 2115 ex
1869 2079 2070 2128 speciebus
2098 2083 2447 2130 sacramentalibuS,

267 2142 349 2168 non
375 2137 539 2179 possunt
565 2142 612 2166 ex
639 2129 808 2166 invicem
834 2129 939 2167 fieri:
968 2142 1050 2167 non
1077 2129 1183 2167 enim
1210 2142 1257 2167 ex
1281 2131 1332 2167 al·
1387 2130 1456 2166 sed
1475 2142 1522 2167 ex
1541 2143 1627 2168 aere
1647 2131 1924 2168 circumstante.
1940 2154 1964 2159 -
1986 2133 2104 2179 Quod
2133 2133 2293 2182 quidem
2320 2136 2448 2173 multi-

266 2183 407 2221 bedine
435 2182 479 2220 fit
505 2182 616 2220 linea.
652 2183 729 2220 Sed
757 2182 934 2220 accidens
962 2190 999 2220 et
1026 2182 1236 2226 substantia
1264 2182 1332 2220 dif-
1386 2183 1533 2232 pliciter
1560 2192 1717 2234 apparet
1741 2197 1822 2221 esse
1841 2184 2086 2234 impossibile.
2115 2186 2246 2224 Primo
2275 2187 2446 2236 quidem,

265 2237 394 2274 ferunt
419 2247 587 2284 genere·
614 2236 718 2274 Cum
745 2247 836 2284 ergo
864 2235 1011 2285 species
1039 2237 1332 2273 sacramentales
1387 2236 1479 2285 quia
1507 2249 1554 2274 ex
1574 2250 1620 2274 eo
1648 2245 1849 2285 generatur
1876 2238 2019 2287 aliquid
2047 2239 2154 2287 quod
2180 2239 2287 2288 prius
2316 2242 2447 2278 altera-

267 2288 342 2328 'sint
368 2289 595 2336 accidentia,
623 2287 782 2326 'videtur
809 2288 917 2338 quod
946 2301 992 2326 ex
1020 2289 1074 2326 eis
1106 2301 1187 2326 non
1213 2289 1334 2339 possit
1386 2297 1471 2326 tum
1499 2298 1535 2326 et
1554 2298 1778 2339 corruptum
1798 2298 1964 2340 apparet.
1993 2292 2109 2328 Nulla
2128 2300 2258 2329 autem
2277 2294 2446 2331 alteratio

266 2342 396 2392 aliqua
423 2341 634 2380 substantia
661 2342 844 2391 generari.
1387 2350 1423 2379 et
1451 2343 1645 2393 corruptio
1673 2343 1779 2392 prius
1807 2343 1982 2392 apparuit
2000 2343 2040 2380 in
2059 2355 2146 2381 aere
2165 2344 2445 2384 circumstante.

322 2395 357 2432 3.
385 2396 625 2445 ΡκΑΕ-ξΕκΕΑ,
656 2394 687 2432 si
714 2407 762 2432 ex
789 2394 844 2432 eis
870 2403 1074 2444 generatur
1094 2395 1223 2445 aliqua
1242 2395 1332 2433 sub·
1387 2396 1499 2433 Unde
1519 2409 1565 2433 ex
1585 2409 1631 2433 eo
1651 2409 1802 2433 vermes
1821 2404 1886 2433 aut
1904 2396 2049 2433 cineres
2068 2409 2149 2434 non
2167 2406 2408 2445 generantur.
2420 2422 2446 2426 —

267 2448 403 2487 stantia
437 2460 642 2498 corporea,
677 2460 759 2485 non
779 2453 796 2470 α
824 2448 894 2485 erit
928 2448 1008 2486 sine
1041 2448 1248 2486 accidente.
1291 2448 1332 2486 Si
1388 2449 1590 2496 Secundo,
1629 2450 1719 2498 quia
1746 2457 1882 2486 natura
1909 2449 2005 2486 aeris
2033 2462 2112 2486 non
2141 2458 2197 2487 est
2223 2451 2306 2488 talis
2338 2453 2445 2501 quod

234 2505 242 2510 '
267 2513 357 2551 ergo
386 2513 434 2539 ex
461 2501 661 2551 speciebus
681 2501 1019 2539 sacramentalibus
1046 2509 1249 2551 generatur
1267 2502 1332 2539 ali·
1387 2514 1433 2538 ex
1462 2514 1508 2539 eo
1544 2514 1614 2551 per
1640 2504 1730 2539 tales
1763 2502 1999 2539 alterationes
2031 2503 2119 2540 talia
2152 2512 2391 2551 generentur.
2420 2527 2446 2532 -

266 2567 346 2605 qua
372 2553 583 2592 substantia
609 2566 817 2604 corporea,
847 2562 998 2604 oportet
1025 2555 1132 2605 quod
1161 2567 1208 2592 ex
1236 2555 1331 2593 acci·
1387 2555 1539 2601 Tertio,
1575 2555 1665 2604 quia
1691 2563 1816 2605 potest
1843 2555 2060 2603 contingere
2089 2555 2128 2592 in
2156 2568 2296 2605 magna
2324 2570 2445 2607 quan-

265 2608 380 2646 dente
408 2615 611 2656 generetur
637 2607 847 2645 substantia
875 2615 911 2645 et
938 2607 1127 2655 accidens,
1157 2609 1237 2646 duo
1262 2608 1331 2646 sci·
1386 2608 1487 2645 titate
1516 2608 1658 2645 hostias
1686 2615 1924 2645 consecratas
1952 2608 2128 2645 comburi
2149 2610 2211 2646 vel
2228 2610 2443 2658 putrefieri:

265 2660 352 2699 licet
379 2673 426 2697 ex
453 2673 551 2698 uno:
582 2661 690 2710 quod
709 2668 764 2698 est
783 2660 1031 2710 impossibile.
1061 2663 1163 2710 Ergo
1187 2663 1331 2712 impos·
1386 2673 1458 2698 nec
1492 2669 1589 2698 esset
1624 2661 1802 2710 possibile
1837 2668 1986 2698 tantum
2018 2661 2066 2697 de
2094 2673 2255 2711 corpore
2288 2670 2412 2700 terreo
2431 2662 2445 2685 ὃ

265 2713 373 2752 sibile
401 2721 458 2751 est
485 2714 592 2763 quod
612 2726 659 2751 ex
677 2714 879 2764 speciebus
898 2715 1238 2753 sacramentalibus
1266 2715 1331 2752 ali·
1386 2726 1431 2751 ex
1460 2727 1545 2751 aere
1573 2713 1754 2763 generari,
1783 2713 1855 2750 nisi
1883 2725 2022 2762 magna
2041 2721 2077 2750 et
2095 2714 2210 2751 etiam
2228 2716 2340 2752 valde
2360 2728 2444 2753 sen-

1386 2767 1482 2804 sibili
1517 2766 1781 2816 inspissatione
1819 2766 1915 2803 aeris
1948 2767 2055 2803 facta.
2091 2789 2117 2793 -
2152 2767 2319 2814 Quarto,
2353 2769 2445 2817 quia

319 2821 394 2858 SED
422 2832 568 2858 CONTRA
595 2832 662 2858 EST
690 2821 796 2870 quod
821 2821 870 2858 ad
889 2833 1048 2858 sensum
1066 2821 1188 2859 videri
1207 2829 1332 2871 potest
1385 2820 1489 2856 idem
1516 2827 1639 2869 potest
1667 2819 1836 2856 accidere
1870 2819 2097 2868 corporibus
2125 2820 2254 2857 solidis
2282 2821 2444 2859 circum-

265 2885 313 2912 ex
326 2873 528 2924 speciebus
547 2873 886 2911 sacramentalibus
900 2874 1044 2924 aliquid
1058 2874 1248 2923 generari:
1269 2875 1330 2911 vel
1385 2873 1580 2919 stantibus,
1610 2880 1702 2921 puta
1720 2872 1819 2910 ferro
1848 2880 1913 2909 aut
1940 2871 2151 2921 lapidibus:
2182 2885 2281 2922 quae
2300 2874 2445 2923 integra

265 2925 447 2973 cinerem,
477 2927 509 2964 si
536 2927 835 2973 comburantur3
864 2929 927 2964 vel
949 2940 1113 2975 vermes,
1143 2927 1174 2964 si
1201 2935 1329 2977 putre·
1385 2933 1584 2962 remanent
1624 2932 1711 2974 post
1751 2925 2037 2973 praedictorum
2077 2925 2375 2973 generationem.
2418 2949 2445 2954 —

1386 2979 1494 3016 Unde
1523 2979 1619 3015 haec
1636 2977 1774 3026 positio
1799 2985 1896 3014 stare
1915 2990 1996 3014 non
2014 2985 2156 3027 potest:
2186 2978 2277 3028 quia
2296 2987 2444 3017 contra-

317 3034 542 3071 Rnspounsso
562 3045 744 3072 DICENDUM
763 3033 882 3083 quod,
903 3046 993 3071 cum
1014 3036 1202 3083 corruptio
1222 3035 1330 3070 unius
1384 3031 1500 3068 riatur
1528 3031 1561 3067 ei
1590 3031 1695 3080 quod
1725 3030 1773 3067 ad
1802 3043 1956 3067 sensum
1987 3038 2155 3079 apparet.

263 3087 308 3124 sit
324 3088 519 3138 generatio
539 3088 701 3134 alterius,
731 3094 773 3124 ut
792 3086 930 3124 dicitur
947 3087 988 3125 in
1007 3088 1022 3124 Ι
1041 3088 1086 3124 de
1109 3087 1280 3124 Generat.
1297 3086 1328 3133 ²¹⁶,
1436 3085 1484 3120 Et
1512 3083 1598 3120 ideo
1632 3083 1692 3120 alii
1711 3083 1732 3105 ²¹³
1760 3083 1937 3120 dixerunt
1969 3084 2076 3132 quod
2108 3083 2204 3120 redit
2235 3085 2445 3123 substantia

264 3138 420 3177 necesse
447 3147 503 3177 est
539 3141 647 3190 quod
682 3153 729 3178 ex
757 3139 958 3189 speciebus
992 3139 1328 3177 sacramentalibus
1382 3137 1491 3186 panis
1519 3144 1555 3173 et
1582 3136 1662 3173 vini
1689 3136 1729 3173 in
1757 3135 1839 3185 ipsa
1867 3136 2113 3185 corruptione
2142 3137 2378 3186 specierum,
2408 3146 2444 3176 et

264 3191 410 3242 aliquid
430 3201 643 3241 generetur,
664 3206 756 3232 cum
775 3201 1083 3243 corrumpantur,
1113 3201 1155 3230 ut
1183 3192 1325 3229 dictum
1383 3190 1436 3227 sic
1463 3202 1509 3226 ex
1537 3189 1746 3226 substantia
1769 3189 1879 3239 panis
1898 3197 1935 3226 et
1953 3189 2033 3226 vini
2052 3189 2236 3227 redeunte
2263 3203 2443 3239 generan-

265 3252 322 3282 est
338 3244 370 3283 ².
412 3246 507 3284 Non
541 3246 647 3284 enim
680 3247 734 3285 sic
761 3254 1064 3296 corrumpuntur
1095 3254 1138 3283 ut
1165 3245 1327 3282 omnino
1382 3251 1444 3280 tur
1462 3243 1607 3279 cineres
1635 3250 1700 3279 aut
1727 3251 1880 3280 vermes
1906 3250 1971 3280 aut
1990 3242 2134 3291 aliquid
2161 3242 2397 3281 huiusmodi.
2418 3267 2443 3272 —

231 3344 233 3347 .
264 3297 484 3348 dispareant
506 3305 540 3346 Υ,
579 3300 689 3349 quasi
717 3300 757 3338 in
785 3300 951 3338 nihilum
986 3299 1221 3347 redigantur:
1261 3298 1327 3334 sed
1383 3296 1458 3333 Sed
1487 3296 1582 3332 haec
1603 3295 1742 3344 positio
1761 3307 1842 3332 non
1860 3295 2013 3332 videtur
2031 3307 2112 3332 esse
2131 3295 2332 3345 possibilis.
2363 3297 2441 3334 Pri-

264 3351 463 3390 manifeste
491 3352 635 3403 aliquid
663 3353 840 3391 sensibile
869 3353 923 3390 eis
951 3351 1130 3389 succedit.
1382 3361 1448 3386 mo
1477 3348 1637 3397 quidem
1664 3348 1766 3400 quia,
1789 3348 1820 3385 si
1840 3348 2050 3386 substantia
2067 3348 2177 3398 panis
2197 3357 2233 3386 et
2250 3349 2332 3387 vini
2353 3362 2443 3387 con-

268 3454 269 3457 *
317 3470 334 3487 α
365 3469 428 3488 non.
445 3477 465 3482 -
482 3464 529 3489 illa
547 3465 697 3490 substantia
715 3472 768 3490 non
788 3466 833 3497 Pl;
853 3466 1024 3490 Praeterea...
1042 3463 1179 3489 accidente
1193 3470 1246 3488 om.
1259 3463 1292 3488 H.
1434 3459 1459 3494 ὃ)
1479 3464 1575 3486 terreo.
1593 3474 1613 3479 —
1631 3464 1737 3486 terreno
1760 3460 1801 3486 Da
1824 3466 1850 3486 et
1872 3461 2005 3492 editiones,
2029 3464 2119 3487 terrea
2137 3462 2155 3492 l,
2174 3469 2229 3487 om.
2253 3461 2330 3495 HpG.
2352 3476 2372 3481 -
2393 3462 2443 3486 Pro

317 3497 332 3531 β
361 3499 503 3526 cinerem...
517 3501 663 3532 pulverem.
681 3514 701 3519 -
717 3501 846 3526 cineres...
860 3501 984 3532 pulveres
1004 3499 1136 3524 editiones.
1381 3500 1407 3521 et
1425 3497 1514 3525 etiam,
1533 3500 1559 3522 et
1578 3495 1631 3528 1³³1,
1650 3504 1703 3521 om.
1722 3496 1758 3529 pl,
1777 3496 1818 3521 vel
1836 3497 1916 3522 etiam
1935 3497 2020 3522 ceteri.

316 3542 334 3568 γ
364 3534 528 3568 dispareant.
546 3550 566 3554 —
583 3535 619 3560 Ita
637 3536 714 3568 plene
732 3543 778 3565 ac;
799 3536 952 3567 dispereant
971 3535 1014 3564 Pb.
1034 3534 1147 3566 ambigui
1166 3533 1276 3558 codices.

2474 414 2484 425 ⁶
2499 414 2526 435 D.
2542 420 2577 443 ²3·

2475 1985 2486 1994 '¹
2501 1984 2549 2011 Qu.
2563 1990 2630 2012 mv,
2644 1988 2687 2006 nrt.

2475 2016 2496 2036 2,
2511 2017 2534 2037 4,
2549 2011 2571 2033 8.

2470 3092 2480 3102 ·
2487 3091 2523 3113 Cf.
2529 3091 2649 3119 1nnoc.111‚
2654 3094 2684 3115 de

2471 3117 2576 3140 sanor.
2583 3119 2682 3147 Myster.

2471 3144 2511 3165 lib.
2522 3144 2562 3170 IV,
2578 3151 2681 3195 capdmxtff

2471 3170 2557 3193 ualens
2562 3188 2567 3193 .

2470 3196 2510 3218 lib.
2519 3197 2560 3224 lv,
2571 3204 2610 3226 qu.
2618 3205 2641 3225 x,
2650 3205 2682 3221 m.

2470 3229 2491 3251 7,
2497 3225 2602 3251 art.2,52;
2610 3225 2634 3247 S.
2641 3225 2685 3247 Bo—

2471 3251 2683 3279 nuvent„1VSent.‚

2471 3276 2524 3298 dist.
2547 3283 2593 3303 ιιι,

2470 3306 2512 3325 art.
2527 3309 2547 3331 2,
2563 3310 2601 3331 qu.
2618 3310 2632 3325 ι.

2615 3284 2638 3305 Ρ·
2661 3284 2684 3305 ¹»
