2918 4088
88 287 100 298 ·
113 284 180 306 vm.

91 2439 146 2463 ⁶1).
162 2447 184 2464 n

94 2867 186 2891 ῬΨ

10 2879 45 2899 ff:
93 2899 174 2923 αι’-,7

196 289 218 311 7.

975 194 1239 240 QUAESTIO
1267 182 1465 242 LXXXV,
1495 194 1789 232 ARTICULUS
1817 195 1865 232 Vl

329 283 376 322 et,
405 276 540 312 Matth.
561 287 594 312 111
612 275 642 322 ²⁸,
672 276 834 312 Ioannes
862 273 1030 323 Baptista
1058 272 1223 310 dicebat:
1252 273 1392 321 Proge-

329 330 407 366 nies
433 330 661 378 viperarum,
692 329 771 377 quis
799 327 1062 364 demonstravit
1089 326 1192 364 vobis
1208 325 1352 375 sugere
1370 337 1394 361 a

328 387 487 419 ventura
515 381 601 418 ira?

383 436 441 472 An
469 446 628 472 TERTmM
655 445 838 471 morannum
871 433 978 482 quod
1007 431 1122 468 etiarn
1155 430 1236 480 ipse
1265 437 1395 467 motus

329 487 477 525 timoris
514 487 687 537 procedit
720 499 766 524 ex
795 494 883 523 actu
910 485 982 523 Dei
1017 482 1272 522 convertentis
1307 495 1394 520 cor:

2434 199 2507 237 305

1448 272 1552 308 unde
1581 271 1719 309 dicitur
1745 274 1946 310 Deuteron.
1971 287 1994 310 v
2019 275 2055 311 *ς
2099 277 2188 318 Quis
2222 278 2279 314 det
2313 290 2374 314 eos
2401 279 2548 315 talem·

1448 326 1586 362 habere
1627 331 1786 362 mentem
1828 332 1865 362 ut
1901 328 2052 363 timeant
2088 329 2181 365 me?
2227 330 2274 366 Et
2315 330 2402 367 ideo
2443 344 2513 380 per

1449 378 1525 414 hoc
1553 377 1660 426 quod
1687 377 1922 426 poenitentia
1950 392 1972 415 a
1990 379 2127 416 timore
2146 382 2329 429 procedit,
2350 395 2430 420 non
2450 397 2512 421 ex-

1449 430 1616 467 cluditur
1653 429 1748 479 quin
1775 431 1959 479 procedat
1996 444 2042 468 ex
2070 441 2156 469 actu
2185 434 2256 470 Dei
2289 445 2513 474 converten-

1448 482 1496 520 tis
1523 495 1601 520 cor.

1142 665 1464 708 ARTICULUS
1493 665 1709 707 SEXTUS

929 768 1086 799 UTRUM
1109 767 1410 799 POENITENTIA
1433 767 1500 799 srr
1524 767 1659 798 PRIMA
1681 767 1916 800 VIRTUTUM

1115 855 1150 880 1v
1169 855 1253 885 Seni„
1274 855 1333 881 dist.
1351 863 1402 886 xm,
1422 864 1467 889 qu.
1486 863 1504 886 1,
1524 862 1571 882 art.
1591 863 1615 886 2,
1634 857 1685 889 qu·
1705 863 1729 882 2.

326 1171 397 1208 per
417 1160 687 1209 poenitentiam
709 1159 848 1208 punire
872 1163 1030 1195 veterem
1049 1159 1238 1195 hominem
1258 1164 1291 1194 et
1309 1159 1398 1195 vitia

331 1212 437 1250 odire
456 1217 484 1248 ⁶.

386 1278 420 1303 2.
450 1266 688 1312 PRAETEREA‚
725 1264 902 1302 recedere
930 1277 954 1302 a
979 1263 1146 1301 termino
1180 1263 1286 1314 prius
1314 1276 1396 1301 esse

330 1319 621 1368 videaturquam
640 1317 822 1355 accedere
842 1317 891 1355 ad
909 1317 1131 1354 terminum.
1162 1317 1240 1355 Sed
1259 1329 1397 1354 omnes

330 1371 425 1411 aliae
452 1371 611 1409 virtutes
638 1370 827 1420 pertinere
854 1370 1036 1407 videntur
1062 1371 1111 1407 ad
1130 1382 1329 1408 accessum
1348 1371 1397 1408 ad

330 1425 560 1463 terminum:
590 1425 682 1474 quia
709 1435 780 1473 per
806 1434 943 1460 omnes
971 1424 1093 1460 homo
1121 1423 1321 1460 ordinatur
1348 1423 1397 1461 ad

330 1479 482 1516 bonum
510 1478 716 1526 agendum.
746 1476 984 1514 Poenitentia
1012 1484 1143 1514 autem
1163 1476 1318 1513 videtur
1336 1486 1404 1514 or-·

275 1571 278 1574 Δ
330 1531 455 1570 dinari
489 1531 539 1568 ad
575 1540 771 1568 recessum
808 1542 830 1567 a
865 1531 981 1567 ma10.
1024 1530 1126 1578 Ergo
1163 1529 1398 1579 poenitentia

187 2446 223 2469 77.

187 2873 240 2917 1³qu.
232 2873 308 2895 ..em

330 1585 483 1623 videtur
509 1584 615 1634 prior
641 1596 724 1621 esse
753 1582 936 1620 omnibus
964 1581 1045 1619 aliis
1071 1582 1287 1619 virtutibus.

385 1637 420 1675 3.
450 1638 683 1683 ΡιιΑΕτΕκΕΑ,
712 1643 799 1672 ante
818 1635 1094 1684 poenitentiam
1115 1643 1171 1672 est
1193 1643 1397 1684 peccatum

330 1690 371 1728 in
399 1689 540 1728 anima.
580 1689 658 1726 Sed
679 1688 801 1725 ‘simul
833 1700 925 1725 cum
952 1695 1111 1737 peccato
1144 1689 1250 1725 nulla
1276 1688 1397 1725 virtus

330 1743 482 1781 animae
511 1742 618 1779 inest.
652 1742 754 1790 Ergo
783 1742 888 1778 nulla
915 1740 1036 1778 virtus
1064 1749 1120 1778 est
1147 1749 1234 1778 ante
1261 1741 1396 1791 poeni-

329 1795 500 1843 tentiam,
529 1795 598 1832 sed
625 1794 708 1844 ipsa
734 1793 888 1831 videtur
915 1806 997 1830 esse
1025 1794 1161 1843 prima,
1191 1807 1292 1843 quae
1316 1794 1398 1832 aliis

330 1847 512 1888 aditumss
539 1847 659 1897 aperit
686 1847 927 1884 excludendo
955 1855 1168 1897 peccatum.

384 1903 458 1940 San
488 1913 632 1940 CONTRA
659 1912 726 1938 EsT
754 1900 861 1950 quod
889 1899 1123 1950 poenitentia
1150 1900 1323 1950 procedit
1351 1913 1397 1948 ex

329 1955 420 2003 fide,
450 1967 517 2005 spe
546 1962 583 1992 et
610 1954 774 2000 caritate,
795 1953 892 1990 sieut
910 1953 988 1990 iam
1002 1953 1022 1975 ’¹‘
1041 1954 1188 1991 dictum
1207 1962 1273 1991 est.
1304 1955 1397 1991 Non

331 2021 422 2058 ergo
449 2006 684 2058 poenitentia
711 2015 766 2044 est
793 2006 918 2057 prima
945 2006 1143 2044 virtutum.

384 2063 609 2100 RESPONDEO
644 2073 826 2098 DICENDUM
858 2060 967 2108 quod
1001 2059 1042 2096 in
1075 2060 1280 2097 virtutibus
1317 2073 1398 2098 non

332 2114 539 2153 attenditur
573 2114 670 2152 ordo
702 2112 887 2162 temporis
925 2120 1115 2162 quantum
1148 2114 1196 2150 ad
1225 2113 1396 2150 habitus:

331 2168 435 2219 quia,
465 2180 557 2205 cum
583 2166 742 2203 virtutes
770 2166 843 2203 sint
871 2178 1080 2213 connexae,
1100 2173 1143 2203 ut
1161 2166 1200 2203 in
1221 2167 1399 2204 Secunda

297 2244 304 2256 ,
332 2223 443 2260 Parte
462 2221 483 2243 ’¹‘
510 2219 685 2258 habitum
715 2227 782 2266 est,
812 2231 949 2256 omnes
977 2218 1093 2256 simul
1111 2219 1298 2268 incipiunt
1317 2232 1399 2257 esse

332 2274 373 2312 in
401 2274 542 2312 anima.
573 2272 651 2311 Sed
679 2271 817 2309 dicitur
844 2284 923 2309 una
942 2284 1075 2309 earum
1105 2284 1187 2310 esse
1215 2272 1321 2322 prior
1349 2275 1399 2311 al-

331 2336 412 2366 tera
440 2326 575 2364 ordine
603 2333 774 2373 naturae,
804 2325 872 2374 qui
899 2325 1163 2362 consideratur
1190 2338 1237 2363 ex
1265 2326 1399 2364 ordine

333 2388 511 2419 actuum:
524 2378 760 2429 ⁶secundum
779 2378 918 2415 scilicet
937 2378 1044 2427 quod
1064 2386 1171 2415 actus
1190 2379 1306 2416 unius
1325 2379 1400 2416 vir-

332 2433 423 2471 tutis
450 2431 728 2482 praesupponit
756 2439 886 2469 actum
914 2431 1066 2468 alterius
1094 2431 1242 2469 virtutis
1261 2432 1291 2469 ²¹⁶.

388 2486 612 2524 Secundum
633 2485 710 2523 hoc
736 2497 827 2533 ergo
854 2484 1064 2522 dicendum
1084 2492 1139 2521 est
1166 2485 1275 2534 quod
1293 2493 1400 2523 actus

333 2539 495 2589 quidam
514 2538 723 2576 laudabiles
741 2537 856 2575 etiam
874 2545 1049 2587 tempore
1067 2538 1297 2587 praecedere
1314 2551 1400 2589 pos-

333 2600 423 2630 sunt
450 2599 579 2629 actum
608 2599 644 2628 et
671 2590 847 2628 habitum
874 2591 1148 2640 poenitentiae:
1178 2590 1276 2629 sicut
1293 2600 1400 2630 actus

332 2645 426 2683 fidei
453 2653 490 2682 et
517 2644 599 2694 spei
627 2643 864 2690 informium,
893 2651 930 2681 et
949 2652 1054 2682 actus
1073 2644 1222 2682 timoris
1241 2645 1398 2683 servilis.

334 2700 452 2736 Actus
480 2706 611 2735 autem
639 2705 675 2734 et
694 2697 847 2734 habitus
865 2697 1027 2734 caritatis
1055 2697 1170 2734 simul
1189 2706 1278 2735 sunt
1304 2706 1400 2736 tem·

333 2764 429 2802 pore
466 2763 558 2789 cum
586 2758 672 2788 actu
707 2758 744 2787 et
770 2750 904 2788 habitu
931 2750 1208 2800 poenitentiae,
1244 2759 1280 2788 et
1307 2764 1399 2789 011111

334 2804 528 2843 habitibus
556 2804 718 2841 aliarum
745 2803 950 2840 virtutum:
994 2815 1103 2850 nam,
1140 2804 1236 2841 sicut
1264 2804 1303 2841 in
1333 2806 1399 2843 Se-

334 2858 463 2896 cunda
482 2859 593 2896 Parte
612 2857 632 2879 *
660 2856 836 2894 habitum
855 2864 922 2902 est,
947 2856 987 2893 in
1005 2856 1271 2894 iustificatione
1291 2857 1400 2907 impii

334 2911 451 2949 simul
478 2918 534 2948 est
561 2918 691 2947 motus
718 2909 826 2946 liberi
854 2908 996 2946 arbitrii
1020 2909 1059 2946 in
1078 2910 1220 2958 Deum,
1250 2910 1317 2960 qui
1345 2919 1401 2948 est

334 2972 441 3002 actus
468 2964 560 3001 fidei
588 2976 658 3013 per
684 2962 879 3002 caritatem
906 2963 1104 3008 formatus,
1138 2971 1174 3000 et
1202 2972 1331 3001 motus
1359 2964 1400 3001 li-

334 3017 418 3055 beri
444 3017 586 3055 arbitrii
623 3017 662 3054 in
697 3024 917 3066 peccatum,
955 3016 1022 3065 qui
1050 3024 1106 3053 est
1133 3024 1239 3054 actus
1266 3017 1400 3066 poeni-

334 3070 485 3108 tentiae.
514 3071 669 3108 Horum
696 3077 826 3107 tamen
854 3070 1026 3107 duorum
1060 3077 1218 3106 actuum
1251 3070 1401 3119 primus

390 3206 418 3235 α)
437 3203 520 3228 odire.
537 3217 558 3222 —
574 3202 662 3228 odisse
680 3203 708 3232 P,
726 3202 804 3228 odire
821 3209 886 3235 ergo
905 3205 954 3228 etc.
973 3203 1013 3228 ed.
1032 3210 1058 3228 a.

391 3237 418 3271 β)
436 3238 549 3264 aditum.
567 3252 587 3257 -
604 3239 638 3268 P;
658 3238 767 3263 ianuam
787 3238 816 3270 F,
835 3238 954 3263 animam
974 3239 1060 3263 ceteri.

388 3274 416 3307 γ)
430 3273 612 3305 poenitentiae
631 3273 747 3299 virtutis.
765 3288 784 3292 —
802 3273 910 3299 virtutis
925 3274 1107 3306 poenitentiae
1125 3274 1154 3299 Ρ.

480 3563 590 3588 Summa
608 3562 711 3589 Tutor.
730 3563 760 3589 D.
773 3564 888 3589 Tnoimx
904 3564 936 3590 Τ.
955 3565 998 3590 lx.

1451 945 1671 982 naturaliter
1696 945 1891 995 praecedit
1918 945 2155 982 secundum:
2186 958 2275 983 narn
2297 954 2407 984 actus
2424 959 2516 996 poe-

1451 998 1630 1036 nitentiae
1658 998 1805 1035 virtutis
1823 1004 1839 1026 Υ
1867 1006 1923 1036 est
1941 1006 2074 1035 contra
2091 1007 2295 1048 peccatum
2318 1012 2365 1037 ex
2384 1012 2516 1037 amore

1451 1052 1543 1099 Dei,
1582 1052 1686 1089 unde
1720 1051 1869 1101 primus
1902 1059 2011 1093 actus
2045 1059 2101 1088 est
2128 1052 2223 1089 ratio
2252 1060 2288 1089 et
2315 1065 2431 1090 causa
2459 1066 2516 1090 se-

1451 1105 1579 1142 cundi.
1615 1105 1678 1142 Sic
1705 1105 1818 1153 igitur
1844 1104 2078 1154 poenitentia
2106 1117 2186 1142 non
2213 1113 2269 1142 est
2297 1106 2517 1156 simpliciter

1451 1158 1576 1207 prima
1603 1158 1800 1205 virtutum,
1821 1169 1894 1195 nec
1913 1157 2047 1195 ordine
2074 1158 2258 1208 temporis
2287 1171 2358 1196 nec
2381 1157 2516 1197 ordine

1451 1219 1625 1248 naturae:
1656 1211 1747 1260 quia
1775 1211 1909 1248 ordine
1938 1218 2096 1248 naturae
2125 1211 2345 1261 simpliciter
2361 1225 2515 1262 praece-

1451 1264 1548 1301 dunt
1575 1264 1700 1314 ipsam
1727 1264 1886 1301 virtutes
1913 1264 2148 1313 theologicae
2168 1265 2199 1301 ³¹².

1506 1318 1582 1355 Sed
1611 1325 1801 1367 quantum
1821 1318 1869 1354 ad
1889 1317 2033 1366 aliquid
2062 1325 2117 1354 est
2143 1318 2270 1367 prima
2294 1318 2392 1356 inter
2419 1327 2516 1356 cete-

1451 1383 1512 1407 ras
1530 1370 1690 1408 virtutes
1718 1370 1853 1408 ordine
1881 1370 2078 1419 temporis,
2099 1379 2290 1420 quantum
2318 1372 2367 1409 ad
2387 1377 2516 1409 actum

1452 1423 1534 1461 eius
1562 1423 1629 1473 qui
1661 1423 1810 1473 primus
1845 1423 1990 1460 occurit
2023 1423 2062 1460 in
2094 1424 2362 1462 iustificatione
2395 1425 2514 1474 impii.

1453 1477 1530 1514 Sed
1562 1476 1696 1522 ordine
1729 1483 1886 1514 naturae
1914 1476 2095 1514 videntur
2127 1489 2209 1514 esse
2237 1477 2331 1514 aliae
2357 1474 2516 1515 ‘virtutes

1450 1529 1608 1579 priores,
1630 1530 1725 1567 sicut
1753 1529 1860 1579 quod
1880 1537 1935 1566 est
1953 1542 2023 1578 per
2041 1542 2082 1566 se
2101 1530 2207 1579 prius
2227 1539 2282 1567 est
2300 1529 2313 1552 ὅ
2342 1543 2390 1568 eo
2409 1532 2516 1580 quod

1451 1590 1507 1619 est
1534 1595 1604 1631 per
1636 1582 1832 1620 accidens:
1870 1594 1959 1619 narn
1989 1582 2085 1619 aliae
2112 1583 2270 1620 virtutes
2297 1596 2366 1633 per
2394 1596 2433 1620 se
2461 1584 2516 1621 vi-

2564 284 2630 306 vers.
2645 290 2682 312 29.

2543 1274 2553 1284 ·
2568 1273 2595 1295 D.
2613 1273 2675 1295 1018.

1451 1636 1592 1672 dentur
1610 1648 1692 1672 esse
1712 1635 1947 1672 necessariae
1975 1635 2024 1671 ad
2045 1635 2196 1672 bonum
2224 1636 2404 1684 hominis⁷
2424 1649 2516 1686 poe·
2557 1638 2565 1668 ’-

1452 1688 1609 1725 nitentia
1641 1695 1771 1725 autem
1805 1687 2005 1737 supposito
2039 1689 2225 1736 quodam,
2259 1689 2398 1726 scilicet
2429 1701 2516 1738 pec-

1452 1749 1536 1778 cato
1556 1741 1840 1791 praeexistenti;
1870 1741 1966 1777 sicut
1994 1740 2110 1777 etiam
2138 1741 2284 1779 dictum
2303 1750 2358 1778 est
2376 1742 2396 1764 '¹‘
2419 1743 2518 1779 circa
2543 1748 2553 1758 ‘

1452 1794 1630 1831 ordinem
1662 1793 1890 1831 sacramenti
1924 1793 2180 1842 poenitentiae
2214 1795 2263 1831 ad
2295 1795 2367 1832 alia
2395 1808 2517 1832 sacra-

1452 1855 1583 1885 menta
1609 1846 1815 1896 praedicta.

1505 1902 1563 1938 An
1584 1913 1719 1937 PR1MUM
1747 1912 1845 1937 ERGO
1871 1912 2055 1937 111οΕΝοοΜ
2083 1900 2191 1949 quod
2218 1902 2343 1948 glossa
2374 1901 2436 1938 illa
2464 1903 2518 1939 lo-

1452 1954 1583 2003 quitur
1610 1961 1802 2003 quantum
1821 1953 1870 1990 ad
1889 1954 1965 1990 hoc
1993 1949 2100 2002 quod
2128 1961 2234 1990 actus
2262 1954 2518 2003 poenitentiae

1452 2007 1601 2057 primus
1637 2014 1691 2043 est
1723 2014 1898 2055 tempore
1935 2006 2033 2044 inter
2067 2014 2172 2043 actus
2207 2006 2369 2044 aliarum
2400 2007 2519 2045 virtu-

1452 2068 1539 2098 tum
1557 2066 1581 2096 ⁵.
2383 2073 2387 2075 ’

1506 2115 1563 2150 As
1596 2125 1786 2150 SECUNDUM
1818 2125 2000 2150 DICENDUM
2029 2113 2136 2162 quod
2169 2112 2208 2149 in
2236 2113 2406 2150 motibus
2435 2127 2519 2151 suc-

1453 2166 1608 2203 cessivis
1646 2166 1824 2203 recedere
1861 2178 1883 2202 a
1911 2166 2076 2203 termino
2112 2173 2167 2202 est
2200 2166 2307 2215 prius
2343 2174 2519 2216 tempore

1453 2232 1574 2269 quam
1601 2218 1802 2268 pervenire
1831 2219 1880 2255 ad
1908 2219 2138 2264 terminum;
2178 2227 2213 2256 et
2240 2219 2347 2268 prius
2383 2228 2520 2258 natura

1453 2280 1645 2322 quantum
1673 2279 1728 2309 est
1762 2284 1809 2308 ex
1836 2280 1942 2321 parte
1975 2271 2152 2316 subiecti,
2189 2271 2269 2309 sive
2303 2274 2519 2310 secundum

1453 2326 1632 2363 ordinem
1660 2337 1798 2362 causae
1826 2324 2041 2362 materialis.
2073 2325 2150 2362 Sed
2178 2326 2396 2362 secundum
2418 2327 2520 2363 ordi-

1453 2392 1546 2417 nem
1574 2391 1712 2415 causae
1745 2378 1889 2426 agentis
1917 2386 1953 2414 et
1980 2378 2125 2425 finalis,
2164 2378 2271 2427 prius
2299 2386 2355 2415 est
2382 2381 2517 2428 perve-

1455 2432 1536 2470 nire
1565 2432 1615 2469 ad
1642 2431 1872 2468 terminum:
1917 2432 1992 2468 hoc
2029 2431 2133 2468 enim
2166 2439 2221 2467 est
2253 2432 2360 2480 quod
2392 2432 2519 2481 primo

1454 2497 1570 2535 agens
1598 2484 1769 2522 intendit.
1799 2485 1847 2521 Et
1875 2484 1938 2521 hic
1965 2484 2062 2521 ordo
2090 2484 2297 2533 praecipue
2317 2485 2522 2522 attenditur

1453 2539 1495 2576 in
1531 2538 1678 2576 actibus
1712 2537 1864 2575 animae
1891 2537 1923 2584 ζ,
1962 2545 2004 2574 111
2038 2537 2176 2574 dicitur
2211 2537 2251 2574 in
2284 2539 2314 2574 II
2342 2539 2520 2587 Physico-
2562 2558 2565 2561 ·

1455 2604 1541 2630 rum
1559 2591 1591 2628 ²¹⁸.

1507 2646 1565 2682 AD
1596 2656 1756 2682 TERTmM
1788 2656 1971 2681 DICENDUM
1999 2644 2107 2693 quod
2139 2643 2374 2693 poenitentia
2401 2645 2522 2694 aperit

1455 2698 1604 2736 aditum
1631 2697 1835 2735 virtutibus
1864 2697 2091 2746 expellendo
2119 2705 2323 2746 peccatum
2350 2710 2420 2747 per
2446 2698 2520 2735 vir-

1454 2759 1573 2789 tutem
1594 2750 1687 2788 fidei
1706 2758 1742 2787 et
1761 2750 1935 2797 caritatis,
1956 2763 2056 2800 quae
2076 2758 2164 2787 sunt
2183 2750 2402 2788 naturaliter
2419 2752 2520 2800 prio-

1455 2817 1526 2842 res.
1556 2806 1609 2841 Ita
1627 2811 1758 2841 tamen
1778 2803 1898 2853 aperit
1916 2803 1970 2840 eis
1989 2803 2137 2840 aditum
2157 2804 2264 2853 quod
2282 2803 2386 2852 ipsae
2407 2804 2521 2841 simul

1455 2858 1595 2895 intrant
1632 2869 1724 2894 cum
1758 2856 1859 2906 ipsa:
1904 2869 1996 2894 nam
2033 2856 2072 2893 in
2108 2856 2374 2893 iustificatione
2412 2856 2520 2906 impii

1455 2911 1571 2948 simul
1607 2922 1700 2947 cum
1727 2917 1838 2946 motu
1875 2909 1982 2946 liberi
2010 2909 2150 2946 arbitrii
2188 2909 2227 2946 in
2255 2910 2385 2946 Deum
2417 2918 2453 2947 et
2481 2910 2519 2946 in

1454 2971 1670 3014 peccatum,
1700 2970 1755 2999 est
1783 2963 1957 3000 remissio
1977 2964 2112 3012 culpae
2142 2970 2177 2999 et
2205 2962 2343 2999 infusio
2367 2963 2519 3011 gratiae,

1455 3029 1547 3054 cum
1575 3029 1654 3065 qua
1681 3015 1796 3053 simul
1823 3015 2079 3053 infunduntur
2111 3028 2248 3053 omnes
2275 3015 2448 3061 virtutes,
2478 3024 2520 3052 ut

1454 3070 1494 3107 in
1523 3069 1704 3107 Secunda
1731 3069 1875 3106 Parte*
1902 3069 2078 3106 habitum
2107 3076 2172 3106 est.

1507 3201 1532 3235 δ)
1549 3204 1627 3233 prius
1646 3205 1693 3227 est.
1710 3215 1730 3220 -
1748 3202 1797 3226 Fla
1804 3210 1811 3233 ;
1831 3205 1870 3227 est
1885 3202 1964 3234 prius
1987 3208 2070 3227 cetera
2092 3202 2173 3230 tertia,
2189 3201 2268 3233 prius
2287 3201 2372 3226 ceteri.
2390 3215 2409 3219 -
2424 3208 2475 3233 per
2492 3208 2520 3226 se

1455 3242 1513 3262 ante
1532 3243 1558 3262 et
1576 3242 1636 3269 post
1655 3237 1781 3262 videntur
1799 3245 1854 3262 esse
1873 3237 1967 3262 habent
1985 3238 2060 3262 ΑΒΕ.

1508 3271 1530 3304 ε)
1550 3273 1690 3299 virtutum.
1707 3287 1726 3291 —
1745 3273 1886 3298 moralium
1907 3274 2003 3298 addunt
2022 3273 2041 3297 F
2061 3278 2086 3297 et
2104 3273 2186 3298 tertia.

1507 3308 1533 3342 ζ’)
1552 3309 1667 3333 animae.
1684 3322 1704 3327 —
1723 3309 1744 3332 D
1764 3314 1789 3332 et
1808 3309 1948 3339 editiones;
1966 3317 2020 3334 orn.
2040 3309 2068 3338 C,
2086 3308 2171 3333 animi
2190 3308 2276 3332 ceteri.

2619 1753 2672 1772 nv,
2682 1751 2723 1769 art.
2732 1755 2755 1774 4.

2547 3043 2648 3068 ‘1¹1122.
2659 3050 2697 3071 qu.
2706 3050 2757 3070 va,

2546 3075 2588 3092 art.
2602 3077 2623 3099 3,
2637 3077 2657 3098 5.
