2918 4088
394 167 468 204 326

1015 166 1276 214 QUAESTIO
1305 166 1550 211 LXXXVIII,
1579 164 1871 202 ARTICULUS
1899 165 1950 201 IV

392 245 439 282 tis
467 245 704 294 quandoque
739 253 795 282 est
831 229 993 295 speciale
1029 253 1248 295 peccatum,
1278 246 1344 282 sed
1373 257 1453 282 non
1508 244 1681 282 cundum
1701 255 1740 280 se
1769 242 1814 279 sit
1842 242 2035 292 quaedam
2067 242 2212 292 species
2243 243 2399 292 peccati.
2429 243 2570 282 Ultima

394 310 558 347 semper.

1507 305 1637 334 autern
1657 295 1751 333 ratio
1771 295 1964 332 concludit
1983 296 2090 344 quod
2104 295 2334 343 ingratitudo
2354 297 2570 334 secundum

446 351 494 388 Et
521 362 590 400 per
617 352 693 388 hoc
720 359 822 400 patet
850 351 1048 400 responsio
1077 352 1125 389 ad
1154 351 1312 389 obiecta.
1349 352 1453 388 Nam
1507 350 1614 399 quod
1642 348 1836 386 invenitur
1862 347 1902 384 in
1922 347 2030 385 omni
2049 356 2218 397 peccato,
2239 361 2319 386 non
2339 348 2385 386 sit
2408 348 2570 399 speciale

392 403 540 453 primae
567 403 733 441 rationes
752 405 988 442 concludunt
1013 405 1120 453 quod
1139 404 1368 452 ingratitudo
1398 416 1453 441 se-

1507 409 1720 452 peccatum.

1066 508 1400 540 Commentaria
1423 507 1672 540 Cardinalis
1695 506 1895 539 Caietani

424 607 444 627 N
467 598 600 628 articulo
625 603 738 638 quarto
763 597 905 628 eiusdem
929 597 1134 638 quaestionis,
1158 596 1295 632 adverte,
1315 597 1455 634 Novitie‚

396 609 682 682 Iingratitudinem
705 641 744 672 de
760 651 824 682 qua
848 649 895 672 est
917 651 1033 677 serm0‚
1056 651 1124 671 non
1140 650 1208 671 esse
1228 641 1364 681 speciale
1380 651 1455 681 pec-

394 691 501 716 catum
523 695 591 716 non
614 686 720 716 solum
744 695 781 716 ea
804 687 926 716 ratione
950 686 1025 726 quia
1043 686 1112 725 ipsa
1127 690 1158 715 et
1173 690 1353 725 peccatum,
1377 690 1455 725 puta

393 729 562 760 fornicatio
585 735 659 770 post
676 730 917 770 poenitentiam,
933 739 1000 760 non
1017 730 1216 760 constituunt
1232 729 1297 760 duo
1314 735 1454 769 peccata,

393 773 513 804 scilicet
530 773 762 814 ingratitudinis
779 779 810 804 et
825 773 1060 810 fornicationis;
1085 773 1141 803 sed
1157 783 1193 804 ea
1208 774 1316 813 potius
1332 774 1454 804 ratione

393 818 468 858 quia
494 817 679 848 huiusmodi
702 817 934 857 ingratitudinis
967 818 1201 848 circumstantia
1230 827 1297 848 non
1321 818 1455 858 apponit

394 862 476 891 circa
507 867 676 901 peccatum
705 867 779 902 post
801 862 1033 902 poenitentiam
1063 861 1297 892 deformitatem
1327 862 1454 892 alterius

392 906 511 945 speciei
534 906 572 935 ab
595 906 666 945 ipso
690 911 838 945 peccato;
862 906 964 936 immo
980 905 1173 945 ingratitudo
1189 906 1247 935 ista
1268 906 1399 936 trahitur
1415 905 1454 935 ad

392 950 533 989 speciem
555 950 678 989 peccati
694 949 783 989 quod
799 950 989 983 circumstat.
1006 954 1084 989 puta
1099 948 1318 979 fornicationis
1334 950 1359 979 si
1378 959 1453 989 pec-

393 997 500 1022 catum
531 999 605 1032 post
634 994 866 1033 poenitentiam
896 998 943 1023 est
970 993 1155 1028 fornicatio,
1187 998 1218 1023 et
1241 993 1286 1023 sic
1312 993 1351 1023 de
1375 993 1453 1023 aliis.

392 1036 502 1067 Simile
532 1042 578 1067 est
608 1037 694 1067 enirn
727 1036 766 1067 de
794 1037 949 1067 similibus
979 1037 1252 1076 consequentibus
1284 1036 1323 1067 ad
1346 1037 1455 1067 omnia

1507 602 1639 637 peccata
1661 597 1816 633 mortalia,
1840 602 1918 637 puta
1933 595 2010 626 odio
2027 596 2088 626 D‘ei
2112 601 2143 626 et
2162 601 2351 636 contemptu
2367 596 2466 627 divini
2480 606 2572 637 prae-

1508 642 1601 681 cepti.
1634 641 1777 679 Quilibet
1805 642 1892 671 enim
1922 650 2058 680 peccans
2081 639 2256 670 monaliter
2281 640 2517 680 interpretative
2540 646 2573 672 et

1508 686 1685 716 contemnit
1708 684 1852 715 divinum
1875 690 2083 725 praeceptum
2107 683 2196 724 quod
2219 684 2459 724 transgreditur,
2484 690 2515 716 et
2537 685 2572 716 in

1507 729 1620 760 odium
1647 730 1831 760 inimicitiae
1854 728 1979 759 divinae
2003 729 2122 759 caritati
2145 729 2333 768 oppositum
2356 728 2476 759 incidit.
2500 729 2572 760 Hae

1506 779 1614 804 tamen
1630 774 1884 804 circumstantiae
1908 773 1948 803 ad
1963 772 2099 803 eandem
2114 773 2275 813 pertinent
2290 773 2432 813 speciem
2447 774 2572 813 peccati

1507 819 1540 848 in
1564 827 1628 858 qua
1655 823 1702 848 est
1731 823 1900 857 peccatum
1930 818 2021 848 cuius
2052 823 2127 848 sunt
2155 817 2425 853 circumstantiae,
2450 822 2482 848 et
2503 826 2572 848 non

1507 862 1635 892 trahunt
1663 867 1834 902 peccatum
1863 862 1896 892 in
1919 862 2059 902 speciem
2088 860 2153 892 odii
2177 860 2275 892 divini
2305 866 2336 891 et
2358 861 2500 901 speciem
2522 862 2572 892 in-

1507 905 1708 936 obedientiae
1726 911 1823 946 prout
1838 905 2016 936 secundum
2032 915 2066 936 se
2081 906 2159 936 haec
2175 910 2250 936 sunt
2266 905 2414 946 specialia
2429 911 2571 946 peccata.

1507 949 1558 980 Ad
1582 959 1661 989 quas
1683 955 1791 980 tamen
1818 950 1940 990 species
1962 950 2121 980 traherent
2144 950 2170 980 si
2194 949 2266 990 quis
2290 959 2327 980 ex
2350 949 2411 980 Dei
2439 949 2516 980 odio
2540 955 2572 980 et

1508 998 1698 1034 contemptu
1721 994 1882 1034 praecepti
1905 993 2124 1024 fornicaretur.
