2918 4088
1013 194 1277 241 QUAESTIO
1305 193 1518 240 Lxxx1v‚
1547 191 1841 230 ARTICULUS
1869 194 1904 230 x
2470 207 2545 243 297

364 273 418 311 ibi
458 271 635 310 subditur
675 271 783 320 quod
824 277 875 308 est
915 283 1056 308 merces
1097 273 1203 321 operi
1240 277 1314 308 tuo.
1362 271 1430 307 Est
1483 270 1623 307 eodem
1656 277 1692 306 et
1720 271 1938 307 secundum
1966 270 2092 319 idem,
2127 273 2194 309 sed
2222 274 2284 309 vel
2312 273 2360 309 de
2388 273 2548 310 diversis

363 334 496 364 autem
523 336 671 362 merces
699 323 827 373 operis
854 324 1084 373 poenitentis
1111 326 1226 373 plena
1253 323 1429 360 remissio
1482 324 1545 360 vel
1563 323 1611 360 de
1631 323 1772 359 eodem
1791 323 2008 360 secundum
2028 324 2190 371 diversa,
2211 325 2264 361 sic
2283 338 2363 362 non
2383 334 2438 362 est
2456 338 2548 363 con-

363 378 510 434 peccati
544 385 581 415 et
615 386 808 426 quantum
835 378 884 414 ad
913 379 1069 427 culpam
1097 386 1134 414 et
1160 385 1352 426 quantum
1380 376 1429 412 ad
1482 376 1653 412 trarietas
1680 375 1809 423 gaudii
1838 384 1874 412 et
1900 376 2079 413 tristitiae.
2110 378 2221 414 Unde
2250 378 2343 415 nihil
2370 379 2550 427 prohibet

364 444 554 482 poenam:
584 439 671 480 post
699 430 813 468 cuius
837 430 1153 468 consecutionem
1181 442 1262 467 non
1290 437 1345 466 est
1363 440 1430 465 ne·
1482 429 1686 466 hominem
1714 428 1829 465 simul
1856 429 2024 477 gaudere
2053 437 2089 466 et
2116 430 2270 467 tristari:
2300 439 2404 480 puta,
2434 432 2465 468 si
2492 432 2549 468 vi-

364 497 470 523 cesse
498 485 606 534 quod
634 485 756 521 homo
784 484 943 521 ulterius
975 483 1204 520 exteriorem
1230 481 1430 531 poeniten·
1484 482 1647 518 deamus
1682 481 1827 518 iustum
1856 481 1991 530 affligi,
2027 482 2143 519 simul
2177 485 2300 532 placet
2327 484 2439 520 nobis
2468 485 2550 521 eius

364 539 458 576 tiam
481 546 576 586 agat.
605 538 680 574 Per
698 538 775 574 hoc
801 545 933 574 tamen
960 549 1042 574 non
1069 535 1284 573 excluditur
1310 534 1430 572 conti-
1482 535 1635 581 iustitia,
1664 542 1701 571 et
1729 535 1902 584 displicet
1929 534 2094 572 afflictio.
2124 537 2173 572 Et
2192 537 2267 573 hoc
2286 537 2406 573 modo
2426 546 2551 586 potest

124 600 174 622 '1¹¹
189 605 296 628 corpore·
364 591 490 629 nuitas
517 590 775 640 poenitentiae
803 590 927 639 qualis
954 589 1055 626 dicta
1082 597 1138 626 est
1156 589 1187 625 *.
1483 587 1596 625 alicui
1624 587 1824 637 displicere
1852 589 1959 637 quod
1987 589 2172 637 peccavit,
2201 597 2238 625 et
2265 591 2415 638 placere
2443 591 2550 638 quod

417 646 476 682 An
503 656 695 682 SECUNDUM
717 655 900 680 mCENDUM
928 642 1035 691 quod
1064 642 1112 678 de
1131 642 1264 678 dolore
1284 648 1320 677 et
1338 652 1430 688 gau·
1483 643 1560 678 hoc
1587 641 1622 678 ei
1650 641 1823 690 displicet
1850 653 1942 678 curn
1975 653 2042 690 spe
2070 642 2225 689 veniae,
2256 642 2306 679 ita
2333 643 2441 691 quod
2470 643 2552 691 ipsa

365 698 429 735 dio
458 697 660 746 dupliciter
685 695 792 745 loqui
819 708 1042 745 possumus.
1084 695 1173 732 Uno
1202 694 1340 739 modo,
1373 705 1430 730 se-
1482 693 1628 731 tristitia
1655 694 1702 731 sit
1728 694 1888 731 materia
1915 694 2056 743 gaudii.
2099 695 2212 732 Unde
2250 703 2286 732 et
2314 696 2551 743 Augustinus

364 751 540 788 cundum
567 750 675 799 quod
703 757 792 786 sunt
818 748 1017 798 passiones
1040 747 1230 797 appetitus
1249 746 1428 784 sensitivi.
1482 747 1584 794 dicit,
1605 747 1644 784 in
1663 747 1761 784 libro
1781 748 1827 784 de
1844 749 2074 785 Poenitentia
2093 748 2130 785 *ε
2152 750 2308 798 Semper
2325 749 2448 786 doleat
2462 762 2551 799 poe-

364 805 413 841 Et
441 803 495 841 sic
522 804 628 840 nullo
657 802 778 839 modo
805 809 969 851 possunt
989 813 1071 838 esse
1091 800 1224 838 simul:
1255 812 1302 837 eo
1322 801 1430 849 quod
1483 802 1612 847 nitens,
1642 807 1676 837 et
1703 801 1748 837 de
1775 801 1905 838 dolore
1931 801 2106 851 gaudeat.
2126 824 2151 828 -
2180 801 2220 839 Si
2248 809 2378 838 tamen
2406 802 2553 839 tristitia

364 864 454 894 sunt
471 855 634 894 omnino
653 854 877 901 contrariae,
892 855 955 891 vel
973 867 1020 891 ex
1039 861 1146 903 parte
1166 853 1431 903 obiecti‚›puta
1483 855 1590 891 nullo
1619 854 1740 891 modo
1769 862 2054 904 compateretur
2072 854 2143 891 sibi
2162 854 2360 903 gaudium.
2388 867 2458 904 per
2476 857 2553 892 hoc

364 921 456 947 cum
484 917 574 946 sunt
599 908 648 945 de
668 908 828 953 eodem;
858 909 920 944 vel
946 908 1080 944 saltem
1100 919 1146 944 ex
1165 914 1272 956 parte
1300 914 1430 944 motus
1482 919 1564 944 non
1590 909 1787 944 tolleretur
1809 907 2013 945 habitualis
2031 907 2262 945 continuitas
2281 908 2551 958 poenitentiae,

363 962 502 1009 cordis,
531 974 624 999 nam
651 961 838 1010 gaudium
866 968 922 997 est
940 972 1033 997 cum
1052 959 1271 997 dilatatione
1290 960 1430 1006 cordis,
1484 961 1553 998 sed
1581 960 1750 998 actualis.

362 1015 509 1053 tristitia
526 1027 620 1053 vero
649 1026 741 1051 cum
760 1013 1041 1051 constrictione.
1071 1014 1120 1050 Et
1138 1014 1215 1051 hoc
1233 1014 1355 1051 modo
1374 1015 1430 1050 lo-
1536 1016 1594 1051 AD
1621 1026 1781 1051 TERTmM
1809 1026 1991 1051 DICENDUM
2023 1015 2144 1064 quod,
2177 1015 2394 1052 secundum
2423 1015 2552 1052 Philo-

363 1069 496 1119 quitur
522 1068 784 1117 Philosophus
812 1067 852 1104 in
880 1068 932 1104 IX
958 1068 1189 1104 Ethicorum.
1483 1069 1666 1117 sophum,
1682 1067 1722 1104 in
1741 1069 1771 1104 ΙΙ
1790 1067 1952 1112 Ethic.*‚
1969 1068 2018 1105 ad
2036 1068 2220 1105 virtutem
2239 1067 2403 1118 pertinet
2421 1076 2551 1105 tenere
2580 1077 2590 1087 ·

417 1122 504 1159 Alio
531 1121 653 1159 modo
680 1120 789 1170 loqui
815 1133 1026 1170 possumus
1053 1120 1102 1157 de
1134 1119 1276 1168 gaudio
1304 1128 1341 1157 et
1367 1120 1431 1157 tri·
1483 1121 1659 1158 medium
1687 1120 1727 1157 in
1754 1120 2011 1180 passionibus.
2041 1121 2210 1158 Tristitia
2234 1129 2364 1159 autem
2392 1134 2493 1171 quae
2513 1122 2551 1159 in
2579 1136 2592 1150 v

364 1175 462 1213 stitia
489 1175 708 1212 secundum
735 1175 843 1223 quod
871 1174 1084 1211 consistunt
1102 1173 1142 1210 in
1161 1173 1324 1223 simplici
1343 1181 1430 1211 actu
1483 1174 1655 1224 appetitu
1682 1174 1913 1223 poenitentis
1932 1174 2114 1211 sensitivo
2143 1175 2394 1224 consequitur
2411 1188 2457 1212 ex
2476 1175 2552 1212 dis-

125 1236 179 1260 ·u·
193 1241 243 1266 ⁵³⁰·
363 1228 584 1274 voluntatis,
613 1228 677 1265 cui
704 1227 850 1277 aliquid
877 1229 1000 1276 placet
1027 1228 1089 1264 vel
1118 1226 1290 1276 displicet
1308 1226 1339 1263 *.
1383 1228 1432 1264 Et
1483 1227 1661 1277 plicentia
1687 1227 1912 1267 voluntatis.
1950 1227 2079 1276 passio
2107 1217 2301 1288 quaedam
2330 1236 2396 1265 est.
2439 1230 2551 1266 Unde

365 1282 583 1320 secundum
602 1282 689 1328 hoc,
718 1293 799 1318 non
826 1288 990 1330 possunt
1016 1280 1159 1317 habere
1187 1279 1431 1317 contrarieta-
1485 1281 1725 1318 moderanda
1752 1288 1808 1317 est
1835 1269 2053 1318 secundum
2080 1281 2278 1318 virtutem:
2315 1289 2351 1318 et
2378 1282 2461 1319 eius
2489 1295 2551 1319 su·

336 1372 340 1373 .
365 1335 545 1373 temnisi
572 1347 618 1372 ex
646 1333 930 1384 parteobiecti,
959 1341 1052 1383 puta
1079 1345 1171 1370 cum
1191 1341 1280 1370 sunt
1297 1333 1347 1370 de
1366 1345 1431 1370 eo·
1483 1333 1682 1384 perfluitas
1709 1341 1766 1370 est
1792 1333 1939 1380 vitiosa,
1968 1334 2060 1383 quia
2087 1334 2233 1371 inducit
2260 1334 2300 1371 in
2319 1335 2552 1384 desperatio-

366 1389 459 1426 dem
477 1396 515 1426 et
533 1388 751 1425 secundum
770 1387 886 1424 idem.
902 1388 950 1424 Et
964 1386 1018 1424 sic
1035 1398 1116 1423 non
1134 1394 1298 1436 possunt
1317 1386 1433 1424 simul
1483 1399 1587 1424 nem.
1609 1387 1729 1434 Quod
1744 1386 1931 1436 significat
1945 1388 2154 1437 Apostolus
2173 1388 2319 1425 ibidem
2333 1388 2483 1426 dicens:
2505 1402 2553 1426 ne

366 1454 450 1479 esse
477 1441 664 1491 gaudium
689 1449 725 1478 et
743 1440 908 1478 tristitia:
937 1440 1030 1489 quia
1057 1451 1138 1477 non
1165 1447 1290 1488 potest
1317 1439 1432 1490 simul
1484 1442 1623 1477 maiori
1639 1442 1782 1477 tristitia
1801 1442 2045 1478 absorbeatur
2063 1443 2126 1490 qui
2143 1442 2324 1478 eiusmodi
2340 1448 2402 1478 est.
2431 1442 2480 1479 Et
2498 1442 2552 1479 sic

366 1495 471 1532 idem
506 1495 724 1532 secundum
758 1494 863 1531 idem
899 1495 1050 1543 placere
1078 1501 1115 1530 et
1142 1492 1352 1542 displicere.
1391 1493 1432 1531 Si
1485 1493 1697 1531 consolatio
1722 1493 1770 1530 de
1790 1505 1868 1542 qua
1887 1493 1939 1530 ibi
1963 1494 2172 1543 Apostolus
2192 1494 2372 1543 loquitur,
2392 1503 2449 1531 est
2467 1508 2551 1532 mo-

365 1560 460 1586 vero
487 1547 675 1597 gaudium
703 1555 739 1584 et
765 1546 912 1584 tristitia
934 1546 988 1583 sic
1006 1553 1163 1595 accepta
1190 1557 1271 1583 non
1291 1545 1364 1582 sint
1383 1546 1432 1583 de
1484 1546 1654 1583 derativa
1676 1546 1856 1593 tristitiae,
1876 1558 1957 1583 non
1981 1555 2112 1584 autem
2139 1547 2302 1584 totaliter
2320 1548 2496 1585 ablativa.

1162 1709 1481 1751 ARTICULUS
1511 1709 1757 1752 DECIMUS

822 1812 980 1843 UTRUM
1004 1811 1341 1844 SACRAMENTUM
1363 1811 1692 1843 POENITENTIAE
1715 1813 1892 1843 DEBEAT
1916 1814 2092 1844 1TERAR1

944 1891 1081 1921 Ivsent„
1101 1891 1161 1916 dist.
1179 1899 1230 1921 nV,
1249 1899 1293 1924 qu.
1314 1898 1337 1923 1,
1357 1897 1406 1917 art.
1425 1899 1451 1923 4,
1470 1892 1520 1924 qu*
1540 1891 1571 1923 3;
1590 1892 1635 1917 Ad
1653 1892 1729 1922 Heb.,
1749 1900 1805 1925 cap.
1823 1900 1858 1924 vt,
1877 1893 1935 1919 lect.
1954 1901 1972 1918 1.

402 1988 456 2002 ¹„
548 1991 552 1998 f

392 1988 550 2049 saraia(

514 2060 545 2118 '6
560 2072 714 2110 iterari.
743 2072 844 2110 Dicit
861 2072 968 2109 enim
986 2074 1207 2134 ApostoluS,
1227 2073 1327 2110 Heb.
1343 2072 1430 2109 V1*:
1486 2073 1586 2127 dicit,
1615 2073 1656 2110 in
1683 2073 1782 2111 libro
1809 2074 1855 2111 de
1882 2076 2038 2111 Summo
2065 2077 2175 2112 Bono
2193 2075 2230 2112 ³⁸:
2260 2077 2404 2113 Irrisor
2430 2083 2492 2122 est,
2521 2083 2556 2114 et

384 2109 403 2135 ²¹
442 2122 506 2161 ’Ἵῖ
534 2120 564 2161 Χ
577 2126 809 2176 Impossibile
835 2131 886 2162 est
913 2138 976 2163 eos
1007 2127 1072 2175 qui
1095 2126 1210 2162 semel
1235 2102 1435 2163 illuminati
1485 2138 1560 2164 non
1584 2129 1799 2176 poenitens,
1826 2129 1893 2176 qui
1918 2128 2041 2164 adhuc
2067 2130 2147 2178 agit
2175 2129 2276 2178 quod
2294 2131 2469 2178 poenitet.
2514 2130 2555 2168 Si
2599 2120 2626 2171 {ir

362 2185 458 2226 sunt,
488 2186 522 2216 et
547 2185 791 2229 gustaverunt
817 2179 958 2216 donum
986 2179 1151 2225 caeleste,
1176 2185 1210 2216 et
1230 2181 1433 2229 participes
1486 2192 1576 2228 ergo
1605 2179 1742 2229 aliquis
1761 2192 1852 2218 vere
1871 2180 2077 2230 poeniteat,
2106 2181 2246 2219 iterum
2268 2194 2349 2219 non
2367 2184 2552 2232 peccabit.

353 2233 455 2281 facti
478 2239 564 2270 sunt
589 2235 747 2283 Spiritus
774 2234 912 2279 Sancti,
940 2238 975 2269 et
995 2232 1168 2282 prolapsi
1183 2238 1279 2278 sunt,
1304 2245 1434 2270 rursus
1486 2234 1588 2281 Ergo
1616 2245 1698 2270 non
1725 2241 1851 2282 potest
1870 2239 1888 2255 ‘²
1915 2234 2024 2283 quod
2051 2234 2287 2283 poenitentia
2314 2236 2480 2273 iteretur.

364 2288 544 2324 renovari
560 2287 612 2324 ad
622 2287 901 2336 poenitentiam.
932 2285 1009 2323 Sed
1037 2285 1277 2335 quicumque
1298 2285 1432 2334 poeni·
1543 2288 1576 2324 5.
1606 2288 1840 2333 PRAETEREA‚
1860 2286 1958 2325 sicut
1975 2287 2189 2336 baptismus
2208 2289 2324 2326 habet
2342 2289 2555 2327 efficaciam

364 2347 538 2385 metunt,
573 2347 662 2377 sunt
697 2338 920 2385 illuminati,
959 2346 996 2376 et
1023 2346 1254 2388 acceperunt
1281 2339 1432 2376 donum
1459 2337 1461 2358 ¹
1486 2352 1533 2377 ex
1560 2340 1740 2390 passione
1770 2340 1921 2387 Christi,
1951 2340 2002 2378 ita
2028 2349 2066 2378 et
2093 2341 2340 2391 poenitentia.
2383 2343 2462 2380 Sed
2489 2343 2555 2380 ba-

367 2392 534 2442 Spin'tus
549 2393 690 2430 Sancti.
711 2394 814 2441 Ergo
829 2392 1069 2442 quicumque
1083 2400 1216 2441 peccat
1234 2400 1322 2442 post
1339 2405 1433 2442 poe·
1459 2398 1461 2420 1
1485 2393 1650 2443 ptismus
1677 2406 1757 2430 non
1785 2394 1951 2441 iteratur,
1980 2402 2139 2444 propter
2161 2395 2348 2432 unitatem
2367 2396 2555 2445 passionis

366 2445 577 2492 nitentiam,
605 2458 686 2483 non
713 2453 839 2495 potest
864 2445 998 2483 iterato
1026 2445 1235 2494 poenitere.
1486 2455 1523 2484 et
1541 2446 1676 2484 mortis
1696 2447 1848 2484 Christi.
1874 2448 1977 2496 Ergo
1996 2447 2079 2497 pari
2099 2448 2246 2486 ratione
2265 2456 2302 2486 et
2319 2449 2556 2498 poenitentia

375 2523 378 2525 ψ
420 2510 455 2535 2.
476 2499 710 2545 Pmmnm,
730 2498 960 2536 Ambrosius
979 2498 1080 2546 dicit,
1100 2499 1140 2535 in
1158 2498 1256 2535 libro
1276 2499 1322 2535 de
1339 2500 1433 2535 Poe—
1486 2512 1567 2537 non
1595 2500 1764 2537 iteratur.

126 2559 242 2609 “gg-m
209 2559 239 2586 Π.
298 2565 339 2582 -x-
366 2553 519 2589 nitentia
537 2552 575 2588 *z
594 2553 850 2601 Reperiuntur
866 2554 931 2601 qui
954 2554 1102 2601 saepius
1128 2552 1318 2602 agendam
1341 2564 1434 2602 poe·
1538 2554 1575 2590 6.
1597 2554 1831 2600 PRAETEREA‚
1850 2553 2071 2603 ‚Gregorius
2085 2553 2101 2584 β
2118 2554 2146 2576 *’
2165 2554 2265 2592 dicit:
2295 2556 2472 2592 Facilitas
2495 2569 2555 2593 ve-

126 2601 302 2667 mnam
366 2606 558 2642 nitentium
565 2610 712 2655 putant.
738 2606 813 2647 Qui
824 2605 1066 2642 luxuriantur
1079 2607 1117 2642 in
1136 2606 1293 2642 Christo.
1315 2607 1432 2652 Nam,
1486 2609 1572 2644 niae
1589 2608 1814 2644 incentivum
1827 2609 1984 2656 praebet
2001 2608 2248 2658 delinquendi.
2279 2608 2319 2646 Si
2339 2621 2428 2657 ergo
2449 2609 2555 2646 Deus

575 1979 599 2004 D
617 1978 779 2004 nmmum
803 1978 855 2003 sic
874 1977 1111 2003 moen-orma.
1141 1965 1303 2003 Videtur
1323 1966 1432 2015 quod
1485 1966 1777 2015 dragesimae.
1741 1966 1777 1988 ²¹⁶·
1806 1968 2036 2005 Poenitentia
2055 1974 2106 2005 est
2133 1974 2304 2006 anteacta
2316 1975 2475 2019 peccata
2493 1971 2554 2007 de·
2583 1984 2593 1991 ·

503 2025 546 2082 ’4
577 2027 863 2057 sacramentum
894 2018 1152 2068 poenitentiae
1184 2031 1266 2056 non
1294 2019 1432 2056 debeat
1476 2022 1588 2070 flere,
1608 2026 1642 2057 et
1651 2021 1784 2069 flenda
1804 2022 1937 2058 iterum
1957 2034 2031 2058 non
2052 2024 2291 2059 committere.
2320 2023 2369 2059 Et
2387 2022 2555 2061 Isidorus
2579 2040 2612 2061 ge

2580 761 2589 770 '
2600 759 2655 781 Loc.
2664 760 2702 781 cit.
2712 765 2791 787 supra.

2582 2174 2677 2247 1·ξᾶΙῷ
2642 2193 2745 2215 Sentent.
2753 2194 2767 2215 li
2770 2194 2792 2215 b.

2582 2601 2680 2623 ·Ambr.
2756 2601 2794 2622 sit.

2583 2627 2672 2648 Psalmi
2690 2628 2708 2649 c
2732 2627 2795 2654 Vlll,

2597 2654 2611 2675 d
2619 2660 2678 2675 vers.
2684 2654 2718 2682 58.
2725 2660 2794 2675 serm.

363 2659 397 2695 si
413 2670 501 2695 vere
514 2660 781 2708 poenitentiam
799 2664 968 2708 agerent,
983 2659 1192 2695 iterandam
1205 2664 1336 2708 postea
1356 2671 1432 2696 non
1483 2660 1705 2709 frequenter
1731 2659 1888 2697 veniam
1915 2661 2074 2710 praebet
2100 2673 2170 2710 per
2188 2661 2479 2711 poenitentiam,
2499 2663 2554 2699 vi-
2582 2660 2624 2702 31...
2649 2687 2662 2702 n
2686 2681 2714 2702 2⁶

359 2717 559 2761 putarent:
586 2713 686 2761 quia,
713 2712 806 2748 sicut
833 2723 950 2748 unum
977 2716 1028 2748 est
1055 2713 1248 2760 baptisma,
1277 2714 1328 2749 ita
1357 2725 1434 2749 una
1486 2713 1600 2750 detur
1626 2713 1735 2762 quod
1762 2713 1844 2762 ipse
1872 2713 2111 2751 incentivum
2130 2715 2311 2763 praebeat
2330 2715 2556 2752 hominibus

358 2765 600 2815 poenitentia.
626 2764 704 2802 Sed
722 2763 938 2813 baptismus
955 2775 1036 2801 non
1050 2763 1217 2801 iteratur.
1239 2765 1342 2813 Ergo
1361 2777 1435 2802 nec
1485 2766 1755 2815 delinquendi:
1785 2774 1823 2803 et
1850 2766 1904 2804 sic
1925 2767 2079 2804 videtur
2105 2768 2283 2805 delectari
2310 2768 2350 2805 in
2377 2768 2553 2817 peccatis.

365 2817 616 2867 poenitentia.
1486 2820 1607 2866 Quod
1621 2819 1704 2856 eius
1723 2819 1884 2856 bonitati
1904 2831 1985 2857 non
2004 2821 2191 2868 congruit.
2212 2822 2305 2858 Non
2320 2833 2410 2869 ergo
2430 2829 2556 2870 potest

421 2870 456 2908 3.
477 2872 711 2917 PRAETEREA,
740 2869 926 2908 miracula
953 2870 1096 2919 quibus
1114 2869 1310 2907 Dominus
1329 2870 1434 2907 infir·
1485 2872 1726 2921 poenitentia
1753 2871 1892 2909 iterari.

364 2924 515 2961 mitates
542 2925 761 2973 corporales
788 2923 948 2970 sanavit,
977 2922 1191 2972 significant
1218 2923 1434 2961 sanationes
1541 2926 1615 2962 SED
1644 2937 1791 2962 CONTRA
1809 2937 1876 2962 Esr
1896 2926 2004 2974 quod
2032 2926 2155 2963 homo
2183 2926 2379 2964 inducitur
2405 2928 2456 2964 ad
2483 2928 2554 2964 mi-

365 2977 622 3027 spiritualium
640 2976 921 3023 infirmitatum,
937 2976 1079 3026 quibus
1097 2976 1237 3014 scilicet
1255 2977 1434 3014 homines
1460 2993 1462 3007 ι
1486 2977 1735 3014 sericordiam
1763 2980 1942 3027 exemplo
1971 2978 2124 3015 divinae
2152 2979 2458 3017 misericordiae:
2497 2993 2554 3017 se-

365 3030 576 3068 liberantur
602 3042 625 3067 a
651 3030 828 3079 peccatis.
859 3030 937 3067 Sed
956 3042 1037 3067 non
1055 3029 1192 3078 legitur
1218 3030 1327 3079 quod
1355 3031 1434 3067 Do·
1460 3037 1462 3053 ¹
1487 3031 1660 3068 cundum
1686 3030 1780 3067 illud
1800 3032 1896 3068 Luc.
1916 3043 1951 3068 vl
1973 3031 2004 3068 *ε
2032 3034 2157 3069 Estote
2174 3033 2444 3080 misericordes,
2462 3036 2556 3071 sicut
2581 3046 2591 3056 ·

366 3083 498 3121 minus
523 3083 695 3133 aliquem
722 3095 883 3120 caecum
902 3083 960 3120 bis
978 3082 1261 3130 illuminaverit,
1281 3085 1344 3120 vel
1370 3083 1434 3120 ali-
1460 3114 1462 3132 ,
1486 3090 1520 3121 et
1546 3085 1660 3121 Pater
1677 3089 1796 3121 vester
1822 3086 2034 3122 misericors
2051 3091 2113 3122 est.
2144 3085 2222 3122 Sed
2242 3085 2436 3123 Dominus
2454 3087 2555 3124 hanc

366 3149 487 3186 quem
506 3138 705 3186 leprosum
718 3136 777 3173 bis
791 3136 1048 3183 mundaverit,
1064 3144 1130 3173 aut
1143 3135 1314 3185 aliquem
1333 3149 1434 3173 mor·
1460 3153 1462 3168 ι
1486 3136 1793 3174 misericordiam
1820 3136 2016 3186 discipulis
2043 3138 2219 3187 imponit,
2247 3146 2291 3175 ut
2317 3139 2471 3188 saepius
2499 3153 2554 3177 re-

366 3197 480 3227 tuum
516 3189 575 3226 bis
609 3189 859 3227 suscitaverit.
902 3190 1005 3238 Ergo
1033 3189 1186 3226 videtur
1219 3189 1328 3238 quod
1362 3202 1435 3227 nec
1460 3194 1462 3197 ’
1487 3190 1638 3227 mittant
1655 3195 1671 3218 Υ
1698 3189 1875 3227 fratribus
1907 3198 2040 3228 contra
2067 3203 2108 3228 se
2136 3192 2402 3241 peccantibus:
2435 3194 2553 3242 unde,

367 3242 480 3280 alicui
506 3242 700 3292 peccatori
726 3243 785 3280 bis
803 3255 873 3292 per
890 3242 1168 3292 poenitentiam
1187 3242 1343 3279 veniam
1362 3244 1434 3280 lar·
1460 3269 1461 3290 ³
1487 3243 1585 3280 sicut
1612 3242 1751 3280 dicitur
1777 3244 1912 3280 Matth.
1933 3243 2060 3291 xvn1*,
2085 3245 2199 3281 Petro
2218 3246 2428 3294 quaerenti,
2455 3248 2554 3289 Quo·
2582 3258 2590 3267 ·
2629 3262 2666 3277 ers

368 3295 502 3343 giatur.
702 3316 710 3323 ·
1460 3291 1461 3339 J
1486 3299 1552 3333 ties
1574 3298 1786 3346 peccaverit
1820 3298 1857 3333 in
1886 3309 1947 3334 me
1970 3298 2099 3345 frater
2125 3310 2247 3345 meus,
2280 3299 2493 3337 dimittam⁶
2521 3303 2557 3337 ei

421 3361 458 3396 4.
480 3349 712 3396 ptumam,
733 3349 942 3398 Gregorius
961 3349 1061 3397 dicit,
1082 3348 1122 3386 in
1141 3348 1312 3386 Homilia
1327 3349 1433 3396 Qua·
1487 3362 1602 3399 usque
1627 3349 1784 3399 septies?
1812 3350 2009 3399 respondit
2036 3352 2160 3388 Iesus:
2190 3352 2282 3389 Non
2302 3352 2384 3390 dico
2403 3354 2470 3390 tibi
2495 3367 2553 3391 us-

423 3479 451 3550 ιιζ
465 3483 563 3512 potest.
581 3494 600 3499 —
613 3484 704 3513 potest
720 3488 775 3506 esse
793 3482 832 3506 Fa
849 3487 876 3506 et
893 3482 975 3512 tertia,
995 3485 1100 3515 oportet
1119 3483 1199 3508 Vatic.
1218 3482 1298 3508 Palat.
1319 3482 1378 3508 358.
1459 3482 1463 3547 ἱ
1540 3482 1568 3515 γ)
1589 3483 1735 3507 remittant.
1752 3496 1772 3502 -
1789 3483 1856 3507 DEF
1876 3488 1901 3507 et
1920 3482 2007 3513 tertia;
2028 3484 2156 3509 remittat.

425 3514 439 3548 β
472 3516 629 3548 Gregorius.
645 3530 665 3534 -
681 3517 836 3542 Ambrosius
854 3517 882 3542 P.
1542 3517 1567 3553 δ)
1582 3518 1762 3550 peccaverit...
1780 3518 1924 3544 dimittam.
1941 3533 1961 3537 -
1974 3519 2121 3550 peccabit...
2139 3522 2166 3544 et
2183 3519 2323 3544 demittam
2341 3520 2424 3544 tertia.

510 3569 622 3594 struma
638 3569 744 3594 Tnsox..
763 3570 793 3594 D.
807 3570 923 3595 ‘sumum
936 3571 969 3596 T.
989 3571 1031 3596 1x.
2379 3572 2411 3597 38

2607 3045 2673 3067 Vers.
2687 3046 2724 3074 36.
