2878 4088
479 220 547 245 XXII

478 290 586 330 ignem
606 301 632 317 ι».
658 284 905 321 Halensis,10co
930 283 1025 313 citato
1049 282 1082 312 in
1105 286 1182 311 nota
1204 278 1423 321 praecedenti,
1448 275 1539 310 dicit,

479 332 568 374 quod
593 331 703 372 (opera
726 330 812 360 bona
835 327 916 358 facta
933 333 1017 357 extra
1041 326 1214 365 caritatem)
1241 324 1348 354 valent
1363 322 1405 352 ad
1421 321 1540 369 tolera-

478 378 624 408 biliorem
649 373 886 405 damnationem
910 376 1063 413 quantum
1088 370 1130 400 ad
1154 377 1289 399 vermem
1298 374 1310 403 ;
1334 366 1409 406 quia
1434 371 1540 393 minus

480 420 678 452 cruciabitur
693 417 883 460 (peccator),
897 421 927 446 et
942 415 1097 445 minorem
1114 413 1237 443 habebit
1253 418 1430 441 remorsum
1444 415 1539 448 quam

479 466 508 496 si
528 474 626 505 opera
641 461 824 494 huiusmodi
841 460 970 491 omnino
989 458 1189 500 neglexisset.
1215 455 1302 485 Idem
1318 458 1405 483 tenet
1428 451 1458 482 S.
1476 450 1539 479 Bo-

480 514 664 544 naventura,
681 507 755 537 loco
778 505 923 546 proxime
947 504 1053 533 citato.

536 553 596 591 Qu.
614 562 664 588 xv,
681 556 736 581 art.
756 559 785 586 2,
802 548 841 579 ad
866 558 901 578 2:
931 561 943 574 κ
963 547 1052 578 Sicut
1068 555 1105 574 ex
1122 542 1235 574 eodem
1259 542 1342 580 igne,
1359 544 1394 568 ut
1418 537 1540 576 Grego-

481 598 545 628 rius
569 596 655 632 dicit,
673 604 785 626 aurum
809 593 914 623 rutilat
938 597 968 621 et
990 590 1079 631 palea
1105 587 1220 621 fumat,
1244 585 1286 614 ita
1310 584 1404 613 etiam
1427 581 1540 611 iisdem

481 641 612 682 flagellis
637 645 667 670 et
690 639 767 669 boni
790 641 980 678 purgantur,
1009 639 1038 663 et
1061 632 1135 662 mali
1159 629 1258 668 magis
1282 627 1461 657 infitiuntur
1483 633 1540 664 per

481 685 711 726 impatientiam
725 696 752 712 ».
773 682 812 711 D.
826 681 978 714 Thomas,
993 678 1033 707 IV
1045 677 1140 710 Sent.‚
1159 674 1228 703 dist.
1248 682 1309 707 xx1‚
1324 680 1377 710 qu.
1398 679 1418 704 1,
1439 674 1494 699 art.
1513 676 1539 703 1,

483 732 540 771 qu·
553 739 580 764 2,
599 738 661 768 arg.
672 727 735 757 Sed
750 730 832 756 cont.
850 732 876 760 1,
889 724 962 753 citat
979 720 1179 760 Gregorium.
1198 715 1295 756 Apud
1312 715 1342 745 S.
1357 714 1534 743 Bonavent.

483 775 525 805 IV
538 773 634 809 Sent.‚
649 771 717 802 dist.
731 780 780 805 xx,
792 774 847 799 art.
862 767 891 803 6,
909 767 1058 806 legimus:
1073 767 1210 804 propter
1222 759 1302 789 illud
1318 758 1446 788 verbum
1461 757 1541 787 Gre-

481 818 580 860 gorii.
598 815 683 857 quod
698 814 755 845 sub
779 812 886 843 eodem
904 811 979 852 igne
1002 809 1118 838 electus
1128 809 1305 846 purgatur,
1324 807 1354 832 et
1369 801 1541 831 damnatus

483 850 654 895 crematur,
669 859 700 889 in
714 856 999 896 IVDialogorum.
1020 853 1055 882 B.
1069 851 1227 883 Albertus‚
1241 848 1283 876 IV
1295 846 1392 881 Sent.‚
1407 846 1476 876 dist.
1490 855 1540 880 xx,

483 911 538 936 art.
556 915 592 944 7:
617 903 704 933 Dicit
729 899 917 941 Gregorius,
935 896 1020 938 quod
1035 896 1117 926 sicut
1133 894 1164 923 in
1179 893 1325 934 fornace
1349 890 1407 920 suh
1431 889 1541 920 eodem

483 950 559 991 igne
582 956 698 978 aurum
728 945 841 975 rutilat
864 947 893 972 et
910 941 1008 982 palea
1023 941 1156 981 fumat;
1181 938 1224 966 ita
1257 936 1287 965 in
1323 935 1453 976 inferno
1483 934 1542 964 sub

483 993 591 1024 eodem
616 991 691 1032 igne
714 988 883 1019 damnatus
906 989 1068 1016 crematur
1091 988 1121 1012 et
1144 982 1260 1011 electus
1273 984 1451 1020 purgatur.

538 1035 720 1074 Gregorius,
737 1032 779 1062 IV
795 1030 938 1071 Dialog.,
957 1038 1024 1068 cap.
1042 1036 1124 1061 XL111,
1142 1025 1217 1055 dicit
1239 1033 1342 1054 unum
1365 1024 1473 1063 ignem
1494 1023 1543 1052 in-

482 1079 562 1109 ferni
585 1075 794 1108 diversimode
811 1075 949 1104 cruciare
962 1076 1155 1113 peccatores,
1180 1069 1388 1108 Augustinus,
1405 1068 1455 1098 De
1474 1067 1542 1097 Civ.

481 1123 552 1159 Dei,
569 1122 622 1152 lib.
640 1122 662 1157 1,
680 1130 748 1160 cap.
764 1129 829 1154 vm,
846 1128 876 1147 n.
897 1127 930 1147 2:
957 1117 1041 1146 Nam
1065 1115 1148 1144 sicut
1161 1114 1218 1143 sub
1243 1122 1307 1143 uno
1326 1112 1402 1154 igne
1425 1121 1543 1142 aurum

482 1167 610 1202 rutilat,
629 1165 727 1207 palea
748 1164 862 1205 fumat
874 1184 952 1191 .....
978 1161 1022 1190 ita
1054 1169 1118 1189 una
1149 1157 1320 1197 eademque
1344 1157 1391 1187 vis
1415 1157 1544 1187 irruens

481 1212 580 1242 bonos
589 1209 718 1250 probat,
730 1207 894 1249 purificat,
912 1205 1032 1246 eliquat
1038 1211 1050 1240 ‚·
1074 1203 1177 1233 malos
1192 1202 1334 1237 damnat,
1357 1206 1471 1238 vastat,
1489 1210 1544 1231 ex-

482 1255 640 1286 terminat.
664 1252 844 1292 Augustino
868 1250 963 1290 igitur
992 1246 1258 1282 adiudicandum,
1283 1255 1350 1276 non
1376 1245 1543 1286 Gregorio.

536 1298 624 1333 Ibid.‚
642 1302 696 1328 art.
715 1296 744 1332 3,
761 1297 794 1326 in
818 1303 921 1334 corp.:
950 1307 963 1319 «
984 1293 1103 1323 Contra
1125 1291 1419 1331 concupiscentiam
1444 1290 1545 1321 carnis

483 1343 644 1374 ordinatur
667 1341 832 1375 ieiunium,
850 1343 959 1369 contra
983 1336 1277 1377 concupiscentiam
1302 1336 1474 1366 oculorum
1495 1344 1545 1365 or-

482 1388 606 1418 dinatur
630 1386 842 1425 eleemosyna,
860 1388 969 1413 contra
986 1382 1166 1422 superbiam
1187 1381 1269 1410 vitae
1294 1380 1458 1411 ordinatur
1475 1389 1546 1410 ora-

481 1433 537 1468 tio,
554 1437 590 1461 ut
611 1430 808 1470 Augustinus
833 1427 918 1463 dicit,
935 1436 1032 1467 super
1055 1426 1255 1456 Nlatthaeum
1276 1438 1303 1455 ».

538 1475 702 1510 Halensis,
728 1473 877 1503 Summae
900 1481 931 1512 p.
959 1471 1016 1506 IV,
1041 1480 1094 1510 qu.
1118 1480 1197 1505 xxv,
1215 1479 1258 1499 m.
1280 1478 1312 1499 1:
1348 1468 1433 1505 Quia
1465 1477 1545 1510 ergo

483 1520 546 1550 tria
569 1524 644 1550 sunt
661 1523 798 1559 propter
813 1526 895 1558 quae
918 1516 1099 1545 necessaria
1116 1520 1162 1545 est
1181 1513 1373 1556 satisfactio,
1390 1523 1433 1543 sc.
1451 1513 1547 1543 absti-

483 1565 591 1595 nentia
607 1563 718 1594 ieiunii
733 1566 847 1592 contra
864 1560 1151 1601 concupiscentiam
1167 1559 1286 1595 carniS,
1300 1558 1449 1599 erogatio
1467 1558 1547 1588 elee-

483 1618 639 1650 mosynae
654 1612 768 1638 contra
784 1605 1073 1646 concupiscentiam
1095 1604 1274 1639 oculorum,
1291 1603 1456 1633 humilitas
1472 1613 1548 1633 ora-

484 1654 580 1684 tionis
603 1657 716 1683 contra
739 1650 919 1691 superbiam
951 1650 1053 1680 vitae:
1077 1649 1161 1678 unde
1191 1648 1414 1690 Augustinus:
1437 1647 1473 1677 Si
1500 1648 1548 1678 vis

485 1698 664 1728 orationem
689 1701 775 1727 tuam
799 1695 911 1726 volare
935 1694 966 1724 in
992 1694 1131 1729 caelum,
1147 1693 1213 1735 sac
1236 1693 1265 1723 ei
1288 1693 1370 1723 duas
1393 1693 1478 1729 alas,
1503 1702 1546 1723 sc.

485 1743 637 1773 ieiunium
661 1746 692 1771 et
710 1741 954 1778 eleemosynam.
980 1738 1078 1776 Quod
1101 1738 1196 1768 habet
1212 1738 1411 1778 Augustinus
1433 1738 1465 1768 in
1483 1736 1547 1767 fine

484 1787 640 1817 Enarrat.
664 1786 696 1815 in
720 1785 771 1815 Ps.
787 1784 882 1814 XLII.
908 1783 997 1819 Item,
1015 1783 1115 1813 Serm.
1132 1782 1228 1818 LXII,
1253 1783 1292 1812 al.
1314 1780 1444 1818 XXXV,
1469 1782 1548 1812 olim

485 1832 523 1862 de
550 1832 654 1871 Temp.
679 1829 749 1860 LIX
781 1829 882 1870 (inter
906 1828 1030 1869 Opp.),
1060 1828 1115 1857 ubi
1147 1827 1283 1868 explicat
1306 1827 1418 1857 Matth.
1442 1836 1491 1863 vr,
1518 1827 1547 1863 5,

485 1876 576 1906 dicit:
613 1875 677 1911 Qui
700 1882 775 1904 vero
800 1874 868 1903 vult
900 1873 1080 1903 orationem
1104 1882 1196 1902 suam
1221 1872 1334 1902 volare
1357 1871 1401 1902 ad
1423 1871 1548 1908 Deum,

475 1921 588 1963 saciat
610 1920 659 1950 illi
688 1919 768 1949 duas
798 1918 887 1954 alas,
914 1917 946 1948 id
970 1922 1033 1953 est,
1061 1917 1298 1957 eleemosynam
1323 1921 1354 1947 et
1384 1916 1549 1946 ieiunium.

486 1965 597 1996 Sermo
630 1965 687 1994 iste
720 1963 896 1993 intitulatur
919 1962 969 1992 De
1003 1962 1106 1993 verbis
1137 1961 1313 2004 Evangelii
1336 1961 1496 1991 Matthaei
1531 1971 1551 1990 v

484 2010 558 2051 Ego
571 2014 677 2039 autem
689 2007 760 2038 dico
771 2007 867 2044 vobis,
879 2007 1015 2049 Diligite
1029 2012 1087 2037 etc.
1108 2006 1140 2037 S.
1151 2007 1387 2042 Bonaventura,
1399 2005 1442 2035 IV
1452 2005 1550 2041 Sent.‚

486 2054 556 2084 dist.
573 2064 622 2090 xv,
639 2063 671 2094 p.
687 2062 719 2088 11,
737 2057 792 2082 art.
813 2061 840 2088 1,
862 2061 916 2092 qu.
943 2062 974 2092 4,
992 2052 1066 2082 citat
1096 2051 1314 2093 Augustinum
1339 2051 1372 2081 in
1397 2049 1553 2080 Sermone

485 2098 618 2128 Domini
642 2098 673 2127 in
698 2102 813 2127 monte.

542 2143 602 2181 Qu.
619 2152 680 2178 xvr,
698 2147 752 2171 art.
772 2150 801 2177 2,
819 2150 881 2181 arg.
906 2140 969 2170 Sed
992 2145 1075 2170 cont.
1095 2149 1129 2169 2:
1159 2152 1172 2166 «
1193 2139 1228 2170 In
1250 2139 1327 2169 Vitis
1349 2139 1483 2169 Patrum
1507 2139 1552 2169 le—

486 2189 569 2228 gitur
593 2197 610 2217 a
634 2185 775 2226 quodam
798 2186 888 2215 Patre
912 2185 1043 2221 dictum,
1062 2183 1150 2224 quod
1174 2185 1269 2214 etiam
1289 2184 1450 2214 Abraham
1473 2193 1552 2224 poe-

486 2233 597 2263 nitebit
621 2231 660 2262 de
683 2231 757 2266 hoc,
775 2230 863 2270 quod
886 2239 953 2260 non
977 2230 1068 2270 plura
1092 2230 1178 2259 bona
1201 2228 1310 2259 fecerit
1330 2242 1356 2259 ».
1390 2228 1553 2259 Invenitur

487 2278 520 2307 in
548 2277 624 2306 Vitis
647 2276 789 2310 Patrum,
806 2275 860 2305 lib.
877 2274 916 2311 V,
938 2275 1038 2304 Verba
1062 2274 1244 2310 Seniorum,
1269 2273 1378 2303 libello
1403 2274 1552 2314 septimo,

487 2332 518 2352 n.
539 2331 578 2361 29
604 2321 726 2361 (Migne
748 2319 830 2349 Patr.
855 2319 924 2349 Lat.
948 2319 1088 2349 LXXIII.
1106 2317 1195 2358 900).

543 2365 631 2400 Ibid..
648 2370 703 2394 art.
723 2364 752 2400 3,
769 2373 831 2404 arg.
848 2373 886 2404 4:
915 2377 928 2390 α
948 2363 984 2393 In
1006 2363 1172 2393 animabus
1188 2362 1339 2402 separatis
1362 2367 1469 2402 potest
1485 2371 1553 2392 esse

489 2410 694 2451 poenitentia,
706 2414 742 2439 ut
758 2408 888 2449 quidam
901 2407 1011 2438 dicunt
1024 2421 1052 2438 ι».
1073 2408 1232 2448 Magister,
1244 2407 1286 2437 IV
1298 2407 1395 2442 Sent.‚
1407 2407 1477 2437 dist.
1490 2416 1552 2442 xxx,

490 2464 558 2495 cap.
575 2465 596 2490 1,
613 2454 688 2484 dicit
710 2459 839 2494 peccata
854 2453 988 2483 venialia
1004 2459 1078 2493 post
1101 2453 1184 2482 hanc
1199 2452 1297 2482 vitam
1313 2461 1409 2492 posse
1425 2451 1552 2482 remitti.

490 2499 569 2529 Item
591 2499 628 2529 B.
644 2498 802 2534 Albertus‚
819 2498 862 2527 IV
876 2497 972 2533 Sent.‚
990 2498 1060 2527 dist.
1078 2507 1139 2533 xxr,
1154 2501 1208 2526 art.
1227 2505 1253 2526 1.
1274 2496 1401 2534 Quibus
1418 2505 1553 2526 consen-

490 2544 527 2573 tit
550 2543 581 2573 S.
597 2544 718 2573 Bonav.
736 2542 778 2572 IV
794 2542 890 2578 Sent.‚
908 2542 977 2572 dist.
995 2552 1056 2578 xxi,
1073 2551 1105 2582 p.
1122 2551 1142 2577 1,
1161 2546 1216 2571 art.
1236 2550 1265 2577 2,
1283 2551 1336 2582 qu.
1358 2548 1386 2577 1,
1406 2541 1464 2571 etsi
1486 2541 1553 2570 Ha-

491 2588 595 2623 lensis,
612 2587 761 2617 Summae
783 2596 814 2627 p.
833 2587 885 2623 IV,
909 2595 963 2627 qu.
987 2597 1037 2622 xv,
1054 2596 1097 2616 m.
1117 2586 1146 2622 3,
1171 2591 1225 2615 art.
1245 2585 1274 2621 3,
1298 2586 1494 2616 contrarium
1517 2589 1554 2615 ut

490 2632 684 2672 probabilius
707 2636 822 2667 teneat,
838 2631 944 2671 plures
968 2631 1117 2671 antiquos
1142 2635 1280 2660 secutus.

547 2676 607 2713 Qu.
624 2686 708 2711 xvm,
721 2681 776 2705 art.
793 2685 824 2715 4,
842 2685 904 2716 arg.
923 2683 932 2705 1
948 2686 954 2705 :
980 2689 993 2702 «
1010 2676 1229 2717 Hieronymus
1246 2675 1333 2705 enim
1349 2674 1440 2705 dicit:
1462 2674 1553 2704 Men-

493 2729 598 2750 suram
629 2720 782 2760 temporis
809 2720 842 2750 in
865 2719 985 2760 agenda
1009 2720 1206 2760 poenitentia
1239 2728 1307 2749 non
1340 2719 1413 2749 satis
1446 2724 1553 2759 aperte

493 2764 670 2805 praefigunt
693 2774 831 2795 canones
847 2774 906 2804 pro
929 2774 1130 2805 unoquoque
1148 2764 1290 2799 crimine,
1307 2769 1344 2793 ut
1367 2763 1406 2794 de
1422 2763 1554 2803 singulis

493 2809 598 2839 dicant
614 2809 747 2849 qualiter
769 2809 1027 2849 unumquodque
1046 2810 1085 2839 sit
1108 2808 1357 2844 emendandum,
1374 2807 1430 2838 sed
1453 2808 1553 2848 magis

493 2854 620 2883 arbitrio
651 2853 821 2883 sacerdotis
850 2854 1052 2893 intelligentis
1082 2852 1330 2893 relinquendum
1364 2857 1508 2883 statuunt
1526 2865 1553 2882 ».

494 2898 529 2927 In
552 2898 752 2938 Hieronymo
775 2907 842 2927 non
865 2898 1034 2934 invenitur,
1060 2899 1117 2928 etsi
1141 2898 1201 2938 ipsi
1225 2898 1257 2927 in
1282 2897 1500 2928 Decretalibus
1524 2902 1556 2927 et

494 2952 511 2971 a
535 2942 683 2982 Magistro
708 2942 901 2972 attribuatur.
926 2943 961 2972 In
985 2943 1038 2973 lib.
1063 2943 1113 2972 De
1136 2942 1265 2972 Divinis
1297 2941 1423 2983 Officiis
1447 2940 1556 2983 (Inter

496 2985 580 3026 Opp.
597 2986 749 3026 Alcuini),
767 2996 835 3026 cap.
852 2996 916 3023 xm,
933 2987 977 3017 sic
993 2987 1144 3027 legimus:
1171 2988 1361 3017 Mensuram
1378 2996 1454 3017 vero
1480 2991 1556 3016 tem-

489 3030 583 3070 poris
598 3031 630 3060 in
654 3030 782 3072 agenda
792 3031 992 3071 poenitentia
1008 3031 1128 3062 idcirco
1146 3041 1210 3061 non
1234 3031 1313 3061 satis
1329 3035 1448 3061 attente
1457 3040 1557 3071 prae-

484 3075 599 3115 figunt
621 3084 761 3105 canones
778 3084 842 3115 pro
868 3085 1059 3117 unoquoque
1082 3076 1225 3112 crimine,
1242 3076 1298 3106 sed
1315 3075 1422 3117 magis
1445 3075 1478 3105 in
1502 3084 1557 3106 ar-

495 3119 589 3149 bitrio
613 3119 763 3149 antistitis
782 3120 997 3160 relinquunt...
1022 3126 1092 3156 etc.,
1109 3120 1199 3150 nullo
1217 3126 1346 3151 auctore
1371 3121 1477 3150 citato.

551 3163 611 3200 Qu.
628 3173 700 3198 xxn,
718 3169 772 3193 art.
795 3172 821 3199 ι,
837 3165 869 3194 in
894 3174 999 3204 corp.:
1028 3178 1041 3191 «
1061 3165 1237 3205 Presbyteri
1253 3164 1450 3205 parochiales
1474 3173 1557 3194 non-

497 3207 557 3236 nisi
581 3216 618 3236 ex
641 3208 867 3238 commissione
891 3209 935 3238 eis
958 3207 1049 3245 facta,
1066 3209 1116 3239 vel
1139 3210 1171 3238 in
1196 3210 1288 3239 certis
1312 3209 1435 3240 casibus
1461 3207 1556 3250 (pos-

499 3256 571 3280 sunt
588 3251 889 3291 excommunicare),
902 3253 983 3282 sicut
997 3253 1030 3282 in
1043 3251 1128 3282 furto
1146 3259 1176 3283 et
1191 3254 1301 3294 rapina
1317 3259 1348 3284 et
1359 3252 1556 3290 huiusmodi,

499 3295 531 3324 in
553 3296 668 3334 quibus
685 3300 730 3325 est
746 3295 790 3325 eis
814 3306 831 3325 a
848 3297 916 3326 iure
932 3306 1120 3327 concessum
1141 3310 1167 3327 ».
1192 3297 1280 3327 Idem
1296 3302 1383 3328 tenet
1403 3298 1434 3329 S.
1451 3297 1557 3328 Bona-

499 3344 640 3374 ventura,
665 3339 707 3368 IV
724 3339 820 3375 Sent.‚
845 3339 913 3370 dist.
938 3350 1022 3376 xvm,
1045 3350 1078 3380 p.
1101 3351 1133 3377 ιι,
1157 3347 1213 3371 art.
1236 3342 1333 3378 unic.,
1358 3351 1411 3383 qu.
1436 3351 1479 3372 m.
1505 3341 1556 3372 Cf.

500 3382 639 3417 Halens..
653 3382 801 3412 Summae
812 3393 843 3423 p.
856 3383 908 3420 IV,
920 3393 974 3424 qu.
985 3394 1046 3419 xx1,
1057 3394 1100 3414 m.
1113 3392 1124 3414 1
1133 3409 1140 3421 ,
1151 3390 1206 3415 art.
1217 3395 1248 3425 4.
1261 3387 1278 3424 §
1293 3395 1321 3422 2,
1335 3391 1366 3416 et
1377 3386 1414 3416 B.
1425 3386 1556 3423 Albert.‚

501 3426 544 3455 IV
560 3426 656 3461 Sent.‚
673 3426 743 3456 dist.
759 3436 843 3462 xvm,
861 3432 916 3457 art.
938 3435 986 3467 19.

557 3469 617 3507 Qu.
634 3480 704 3506 xxv,
721 3475 775 3500 art.
797 3478 824 3506 ι,
841 3480 903 3510 arg.
923 3481 957 3501 2:
986 3484 999 3497 «
1018 3471 1105 3501 Deus
1121 3472 1316 3503 absolvendo
1333 3483 1351 3504 a
1367 3473 1461 3514 culpa
1477 3474 1558 3505 obli-

502 3519 554 3553 gat
569 3513 609 3544 ad
624 3523 763 3553 poenam
778 3515 998 3554 temporalem,
1016 3521 1052 3545 ut
1068 3515 1143 3545 dicit
1165 3517 1263 3556 Hugo
1280 3517 1320 3547 de
1335 3517 1366 3548 S.
1383 3518 1513 3549 Victore
1529 3532 1556 3549 ».

501 3557 607 3587 Etiam
629 3557 666 3588 B.
683 3558 841 3594 Albertus‚
866 3558 908 3588 IV
929 3559 1025 3595 Sent.‚
1051 3559 1120 3589 dist.
1144 3569 1194 3596 xx,
1218 3565 1273 3590 art.
1295 3568 1344 3601 19,
1369 3561 1402 3591 id
1424 3562 1559 3603 Hugoni

1592 272 1741 303 attribuit.
1767 269 1798 300 S.
1814 270 2050 302 Bonaventura,
2067 266 2110 297 IV
2126 265 2225 302 Sent.‚
2249 265 2319 297 dist.
2343 276 2428 303 xvm,
2451 275 2484 306 p.
2508 277 2529 303 1,
2551 272 2607 299 art.
2627 278 2657 305 2,

1594 326 1647 356 qu.
1672 325 1710 351 11,
1736 323 1776 344 ex
1807 313 1911 343 verbis
1933 311 2090 353 Hugonis
2118 311 2150 341 in
2175 310 2258 340 libro
2282 311 2322 342 de
2343 311 2504 342 Potestate
2534 312 2661 354 ligandi

1594 361 1800 398 desumptum
1817 357 1902 388 dicit.
1924 356 1984 386 Iste
1999 356 2079 386 liber
2095 360 2142 385 est
2156 355 2306 386 Richardi
2323 365 2342 386 a
2357 355 2388 386 S.
2400 355 2540 393 Victore,
2556 362 2593 388 ut
2607 367 2661 388 su-

1593 413 1649 444 pra
1666 402 1812 433 diximus.
1831 401 1881 431 Cf.
1898 406 1967 431 not.
1985 400 2024 430 ad
2041 409 2094 440 qu.
2107 409 2149 436 xv,
2166 405 2221 430 art.
2239 406 2266 430 1.
2290 399 2326 430 In
2344 400 2425 431 locis
2441 410 2459 430 a
2474 401 2568 432 nobis
2585 402 2661 433 cita-

1594 449 1632 478 tis
1655 448 1687 476 in
1712 446 1865 485 margine,
1882 445 2012 475 nonnisi
2031 444 2140 485 quoad
2162 445 2352 475 sententiam
2376 445 2462 486 apud
2484 445 2662 486 Hugonem

1595 497 1625 521 et
1648 490 1844 520 Richardum
1867 490 2037 520 invenitur.

1651 534 1740 570 Ibid.‚
1757 534 1790 563 in
1815 543 1921 574 corp.:
1951 547 1964 560 «
1984 533 2126 571 Quidam
2149 532 2261 563 dicunt
2276 532 2366 574 quod
2388 542 2456 564 non
2479 533 2586 566 valent
2602 535 2664 575 (in-

1595 578 1790 618 dulgentiae)
1816 577 1855 608 ad
1871 577 2103 608 absolvendum
2127 587 2145 608 a
2167 583 2257 608 reatu
2275 586 2402 618 poenae
2425 587 2523 619 quam
2542 580 2614 620 quis
2629 580 2664 610 in

1595 623 1780 663 purgatorio
1805 621 1983 653 secundum
2000 622 2156 653 iudicium
2180 622 2239 652 Dei
2256 628 2406 660 meretur,
2423 621 2479 654 sed
2501 624 2608 655 valent
2623 623 2664 654 ad

1595 667 1828 697 absolvendum
1851 667 1890 697 ab
1910 667 2106 708 obligatione
2123 676 2187 707 qua
2209 666 2357 698 sacerdos
2377 668 2529 708 obligavit
2550 669 2664 710 poeni-

1594 717 1715 741 tentem
1740 711 1779 742 ad
1802 720 1943 752 poenam
1967 712 2117 752 aliquam,
2133 712 2185 742 vel
2209 711 2248 742 ad
2272 721 2370 752 quam
2386 713 2482 743 etiam
2505 713 2665 754 obligatur

1596 765 1634 786 ex
1658 755 1832 786 canonum
1855 756 1979 787 statutis
1999 770 2026 787 ›.
2052 756 2104 788 Sic
2134 755 2260 787 videtur
2282 757 2417 788 sensisse
2447 756 2665 789 Cancellarius

1595 800 1789 838 Parisiensis,
1806 801 1911 838 Extra,
1929 801 1967 832 cle
1989 801 2112 832 Poenit.
2130 806 2162 832 et
2174 800 2320 838 Remiss„
2339 811 2408 843 cap.
2428 800 2525 838 Quod
2546 807 2664 839 autem,

1594 850 1675 874 teste
1691 845 1891 876 Postillatore
1907 845 1938 876 S.
1951 845 2136 887 Raymundi
2152 846 2313 881 Summae,
2326 846 2380 877 lib.
2394 845 2446 883 111,
2458 847 2505 877 tit.
2518 846 2663 884 XXXIV,

1596 889 1635 920 de
1657 889 1782 920 Poenit.
1800 895 1871 927 etc.,
1887 891 1905 929 §
1923 891 1952 921 5.

1652 933 1714 971 Qu.
1731 945 1838 971 xxvm,
1855 940 1910 965 art.
1930 934 1958 971 3,
1976 944 2039 975 arg.
2061 942 2094 965 1:
2123 948 2137 962 ‹
2155 935 2314 966 Voluntas
2341 944 2401 976 pro
2425 934 2510 966 sacto
2539 940 2666 976 reputa-

1596 982 1648 1008 tur
1667 991 1695 1008 ».
1721 978 1772 1009 Cf.
1788 985 1856 1010 not.
1874 978 1913 1009 ad
1937 989 1991 1020 qu.
2008 989 2038 1017 x,
2056 986 2111 1010 art.
2131 989 2161 1016 2,
2178 989 2242 1020 arg.
2261 989 2290 1010 2.

1654 1021 1715 1060 Qu.
1729 1033 1811 1060 xxxx,
1825 1029 1880 1054 art.
1893 1033 1931 1064 7:
1960 1037 1973 1050 α
1993 1025 2027 1055 in
2043 1025 2194 1055 omnibus
2210 1025 2414 1055 sacramentis
2432 1023 2546 1055 Novae
2561 1025 2667 1066 Legis,

1599 1075 1681 1106 quae
1706 1067 1848 1142 efljlciunt
1872 1068 1963 1108 quod
1985 1067 2123 1109 figurant
2138 1082 2165 1099 ›.
2191 1068 2242 1100 Cf.
2259 1074 2327 1100 not.
2345 1065 2384 1099 ad
2399 1069 2434 1099 P.
2452 1068 2504 1106 111,
2521 1079 2576 1110 qu.
2593 1079 2666 1104 an,

1599 1116 1655 1141 art.
1677 1120 1703 1147 1,
1721 1122 1738 1142 a
1788 1121 1814 1143 1.

1654 1156 1716 1193 Qu.
1733 1166 1815 1193 xxxx,
1842 1161 1897 1186 art.
1925 1164 1952 1193 1,
1977 1166 2041 1197 arg.
2060 1167 2096 1187 2:
2132 1170 2146 1184 «
2170 1157 2220 1188 De
2244 1157 2436 1197 quibusdam
2465 1158 2611 1189 Patribus
2633 1158 2668 1188 in

1599 1199 1749 1241 Aegypto
1772 1201 1897 1241 legitur,
1914 1200 2004 1242 quod
2029 1201 2139 1232 oleum
2162 1201 2202 1232 ad
2224 1200 2370 1232 infirmos
2397 1203 2668 1238 transmittebant,

1600 1249 1631 1274 et
1654 1246 1847 1275 sanabantur
1865 1258 1892 1276 ι».
1917 1245 2013 1276 Locis
2037 1247 2138 1276 citatis
2161 1247 2194 1277 in
2217 1246 2360 1286 margine
2384 1245 2515 1288 adiungi
2541 1251 2666 1288 potest:

1599 1289 1672 1319 Vita
1696 1289 1727 1320 S.
1749 1289 1915 1321 Pachomii
1939 1290 2022 1321 Abb.
2047 1289 2193 1321 Tabenn.
2219 1290 2335 1331 (Vitae
2357 1291 2511 1330 Patrum,
2535 1292 2589 1322 lib.
2614 1288 2669 1334 1),

1601 1343 1670 1374 cap.
1696 1344 1808 1364 xxxvr:
1833 1335 1920 1371 item,
1937 1335 2010 1365 Vita
2034 1334 2065 1365 S.
2083 1335 2212 1366 Macarii
2235 1335 2397 1376 Aegyptii,
2417 1336 2560 1368 Palladii
2581 1336 2670 1367 Lau·

1599 1378 1700 1414 siaca,
1717 1388 1786 1419 cap.
1804 1389 1835 1409 rx
1852 1379 2016 1420 (Append.
2033 1379 2073 1410 ad
2093 1380 2182 1411 Vitas
2203 1379 2363 1421 Patrum).

1655 1423 1717 1460 Qu.
1742 1433 1851 1460 xxxrv,
1876 1429 1932 1454 art.
1958 1423 1994 1461 3,
2019 1433 2082 1465 arg.
2110 1432 2144 1455 1:
2173 1438 2187 1452 ‹
2207 1423 2296 1455 Ordo
2321 1429 2368 1456 est
2390 1434 2463 1466 pars
2484 1424 2667 1466 potestatis,

1599 1467 1779 1498 secundum
1810 1467 1967 1499 Isidorum
1987 1482 2015 1499 ».
2044 1469 2131 1510 Lege
2158 1469 2374 1500 Priscianum.
2394 1488 2417 1492 -
2439 1469 2477 1500 B.
2501 1469 2668 1506 Albertus,

1600 1512 1643 1541 IV
1659 1512 1757 1548 Sent.‚
1782 1511 1852 1543 dist.
1876 1523 1980 1550 xxxiv,
2005 1519 2060 1544 art.
2088 1513 2121 1550 3,
2149 1527 2163 1540 ι
2186 1513 2276 1544 Ordo
2300 1513 2401 1551 enim,
2425 1514 2547 1555 inquit,
2572 1513 2669 1546 etiam

1598 1556 1774 1587 secundum
1792 1557 2039 1594 Grammaticos,
2057 1558 2224 1589 reducitur
2246 1558 2290 1590 ad
2305 1563 2507 1600 potestatem,
2523 1558 2600 1600 quia
2623 1563 2672 1599 αξξ

1594 1611 1677 1643 pars
1686 1603 1859 1642 potestatis
1877 1616 1904 1633 ›.
1929 1603 2004 1634 Non
2021 1613 2089 1634 esse
2105 1602 2217 1634 Isidori
2233 1609 2373 1634 constat:
2398 1602 2472 1634 vide
2488 1599 2669 1645 IEtrmo‘l..

1600 1656 1670 1687 cap.
1693 1657 1735 1681 iv,
1759 1657 1850 1678 num.
1879 1647 1928 1684 16,
1957 1655 2011 1688 17,
2036 1649 2092 1679 ubi
2115 1647 2155 1678 de
2178 1653 2335 1689 potestate
2360 1653 2391 1679 et
2414 1647 2526 1679 ordine
2548 1653 2670 1686 tractat.

1599 1691 1778 1722 Priscianus
1802 1691 2048 1730 Grammaticus,
2072 1692 2127 1723 lib.
2149 1692 2172 1729 1,
2196 1702 2265 1734 cap.
2290 1692 2329 1724 de
2351 1693 2492 1729 Litteris,
2516 1692 2612 1725 habet
2634 1697 2671 1732 ut

1601 1737 1715 1767 citatur
1737 1746 1755 1766 a
1778 1736 1818 1767 D.
1836 1736 1965 1768 Thoma
1987 1737 2020 1768 'et
2042 1737 2079 1768 B.
2096 1737 2240 1768 Alberto.

1601 1825 1623 1855 d
1657 1780 1719 1819 Qu,
1736 1790 1827 1817 xxxv,
1845 1787 1900 1812 art.
1920 1782 1949 1818 5,
1967 1791 2030 1823 arg.
2050 1791 2080 1818 2,
2096 1782 2131 1812 in
2153 1782 2306 1823 margine,
2323 1791 2382 1822 pro
2406 1781 2478 1813 dist.
2502 1785 2578 1809 xm
2597 1779 2670 1823 lege

1624 1825 1673 1856 ist.
1697 1831 1779 1856 xxm.

1658 1869 1720 1908 Qu.
1736 1880 1852 1906 xxxvn,
1869 1875 1925 1901 art.
1944 1880 1973 1907 2,
1989 1871 2022 1901 in
2047 1879 2153 1912 corp.:
2182 1883 2196 1898 «
2215 1869 2357 1909 Quidam
2372 1869 2596 1901 sufficientiam
2619 1876 2672 1901 or-

1604 1913 1717 1945 dinum
1747 1920 1914 1946 assumunt
1944 1921 2002 1956 per
2031 1915 2193 1956 quandam
2223 1914 2462 1956 adaptationem
2489 1913 2529 1944 ad
2557 1911 2672 1954 gratias

1604 1959 1698 1999 gratis
1723 1958 1819 1995 datas,
1837 1959 1877 1990 de
1901 1960 2018 2000 quibus
2041 1960 2176 1991 habetur
2200 1960 2212 1990 Ι
2238 1960 2315 1990 Cor.
2338 1969 2382 1990 xn
2400 1972 2428 1989 ι.
2452 1957 2485 1990 S.
2501 1958 2672 1991 Bonaven-

1604 2009 1684 2040 tura,
1702 2004 1745 2034 IV
1761 2003 1858 2040 Sent.‚
1876 2003 1946 2034 dist.
1963 2014 2046 2041 xxrv,
2062 2014 2094 2045 p.
2111 2015 2144 2041 ιι,
2162 2009 2217 2035 art.
2237 2013 2266 2041 2,
2289 2013 2343 2045 qu.
2360 2013 2402 2040 ιν,
2426 2002 2513 2040 dicit,
2534 2001 2673 2034 modum

1605 2048 1692 2079 hunc
1725 2048 1902 2089 accipiendi
1935 2048 2149 2089 pluralitatem
2177 2048 2328 2080 ordinum
2359 2047 2485 2079 desumi
2508 2056 2547 2078 ex
2578 2044 2671 2082 dictis

1606 2092 1727 2124 Isidori.
1752 2093 1874 2124 Revera
1896 2094 1965 2130 iste,
1981 2093 2040 2124 VII
2058 2093 2215 2135 Εςγηιοιυ
2237 2102 2306 2134 cap.
2327 2102 2381 2130 xn,
2402 2101 2522 2123 novem
2545 2091 2674 2126 ordines

1607 2143 1782 2174 enumerat,
1799 2138 1881 2169 inter
1905 2147 1987 2178 quos
2010 2138 2244 2180 Episcopatum
2265 2143 2297 2169 et
2318 2137 2573 2169 Psalmistatum:
2595 2131 2675 2168 atm-

1607 2192 1683 2213 men
1712 2192 1773 2214 nec
1796 2183 1850 2219 ibi,
1867 2192 1928 2213 nec
1950 2183 1984 2214 in
2001 2182 2028 2213 11
2052 2183 2092 2214 de
2110 2182 2245 2225 Officiis,
2263 2191 2332 2223 cap.
2348 2191 2369 2212 v
2384 2190 2466 2222 sqq.,
2482 2181 2540 2212 ubi
2555 2179 2597 2214 de
2610 2179 2675 2213 dn-

1606 2227 1688 2268 gulis
1711 2232 1832 2263 tractat,
1850 2227 2087 2268 adaptationem
2108 2227 2148 2258 ad
2171 2228 2285 2268 gratias
2308 2227 2403 2267 gratis
2418 2225 2506 2258 datas
2519 2225 2675 2257 invenies.

1662 2271 1758 2302 lbid.:
1786 2285 1800 2299 ‹
1819 2272 1861 2302 Et
1876 2271 1950 2303 ideo
1975 2272 2026 2302 alii
2043 2272 2203 2313 assignant
2225 2270 2405 2303 secundum
2421 2269 2584 2311 quandam
2599 2270 2675 2302 assi-

1607 2316 1807 2347 milationem
1831 2316 1871 2347 ad
1895 2317 2062 2348 caelestem
2086 2316 2294 2348 hierarchiam
2313 2328 2340 2346 ».
2370 2315 2463 2346 Hanc
2491 2314 2677 2356 assignatio-

1607 2370 1693 2397 nem,
1710 2366 1790 2391 teste
1815 2360 1846 2392 S.
1864 2361 2108 2398 Bonaventura,
2132 2361 2196 2392 loc.
2220 2361 2272 2392 cit.
2295 2360 2330 2391 in
2351 2365 2430 2390 nota
2452 2358 2676 2402 praecedente,

1607 2406 1736 2436 trahunt
1760 2415 1798 2436 ex
1822 2405 1913 2436 dictis
1930 2406 2092 2447 Dionysii:
2119 2406 2240 2446 quippe
2264 2405 2320 2445 qui
2335 2413 2455 2435 novem
2477 2403 2605 2435 ordines
2619 2412 2677 2435 an-

1607 2451 1754 2490 gelorum
1779 2459 1846 2480 esse
1869 2450 1974 2487 docet,
1994 2450 2082 2481 Cael.
2098 2449 2205 2486 Hier„
2223 2458 2292 2490 cap.
2307 2459 2341 2479 vx
2363 2458 2452 2490 sqq.;
2477 2458 2515 2479 ex
2539 2457 2606 2489 quo
2625 2449 2676 2479 in-

1607 2495 1714 2525 ferunt
1735 2504 1855 2526 novem
1879 2505 1948 2526 esse
1978 2494 2105 2525 ordines
2128 2495 2160 2524 in
2184 2493 2328 2525 Ecclesia
2356 2493 2513 2524 militante
2535 2494 2618 2524 sieut
2639 2493 2674 2524 in

1607 2540 1750 2570 Ecclesia
1765 2540 1992 2580 triumphante.
2011 2538 2187 2570 Autissiod.
2204 2538 2356 2570 Summae
2369 2538 2424 2569 lib.
2441 2538 2494 2574 lv,
2510 2536 2676 2568 tractando

1608 2584 1647 2615 de
1670 2584 1880 2615 sacramento
1905 2585 1938 2615 in
1961 2593 2024 2624 quo
2049 2583 2221 2625 confertur
2241 2582 2354 2625 gratia
2371 2581 2604 2624 prerogativa,
2627 2591 2673 2613 sc.

1608 2628 1648 2660 de
1672 2628 1807 2665 Ordine,
1833 2638 1902 2669 cap.
1918 2639 1940 2665 1,
1966 2627 2057 2659 dicit:
2082 2628 2232 2658 Aliorum
2255 2632 2303 2658 est
2325 2626 2454 2668 opinio,
2480 2635 2563 2668 quae
2586 2626 2677 2658 nobis

1608 2674 1714 2715 magis
1731 2673 1856 2714 placet,
1873 2672 1961 2714 quod
1983 2677 2031 2703 tot
2046 2677 2124 2703 sunt
2146 2672 2276 2703 ordines
2299 2671 2332 2702 in
2348 2671 2495 2703 Ecclesia
2519 2670 2674 2702 militanti

1608 2723 1687 2759 quot
1700 2723 1777 2749 sunt
1791 2718 1824 2748 in
1848 2717 1987 2753 caelesti,
2003 2726 2047 2748 sc.
2062 2722 2179 2758 septem
2192 2715 2356 2758 praedicti
2371 2721 2402 2747 et
2409 2721 2584 2757 praeterea
2598 2714 2678 2758 Epi-

1608 2768 1758 2803 scopatus
1781 2767 1813 2793 et
1833 2762 2134 2803 Archiepiscopatus
2150 2760 2244 2802 (falso
2267 2761 2397 2802 legitur:
2422 2759 2677 2792 Archidiacona-

1609 2807 1684 2847 tus).
1709 2807 1834 2838 Tamen
1849 2807 1972 2838 nullam
1995 2806 2232 2846 adaptationem
2252 2806 2370 2837 horum
2394 2804 2434 2836 ad
2454 2804 2582 2836 ordines
2605 2812 2677 2835 eae-

1608 2853 1702 2883 lestes
1726 2851 1813 2893 apud
1836 2852 1943 2893 ipsum
1966 2851 2113 2892 legimus,

1665 2896 1761 2927 Ibid.:
1782 2910 1795 2923 ‹
1815 2896 1856 2927 Et
1879 2895 1953 2926 ideo
1978 2895 2030 2926 alii
2046 2895 2254 2936 appropriant
2277 2893 2405 2925 ordines
2425 2898 2550 2934 septem
2571 2891 2676 2929 donis,

1610 2946 1647 2971 ut
1661 2940 1841 2972 sacerdotio
1857 2940 2050 2981 respondeat
2065 2939 2189 2970 donum
2205 2938 2379 2980 sapientiae
2393 2951 2408 2965 »
2433 2943 2492 2968 etc.
2517 2936 2677 2977 Magister,

1611 2984 1681 3016 dist.
1694 2996 1777 3022 xxiv,
1791 2994 1860 3026 cap.
1873 2995 1894 3022 1,
1908 2990 1939 3016 et
1953 2985 2053 3025 Hugo
2066 2984 2106 3015 de
2118 2983 2149 3015 S.
2160 2983 2255 3020 vict„
2266 2983 2318 3014 De
2332 2981 2560 3018 Sarmatis,
2570 2981 2625 3012 lib.
2638 2980 2677 3018 11,

1610 3039 1642 3070 p.
1659 3040 1703 3067 ιιι,
1721 3039 1790 3071 cap.
1809 3030 1839 3066 5,
1856 3035 1979 3071 septem
2003 3030 2071 3060 esse
2090 3028 2218 3059 ordines
2241 3027 2353 3058 dicunt
2374 3031 2507 3068 propter
2529 3024 2677 3066 septifor-

1610 3084 1698 3104 mem
1713 3074 1847 3115 gratiam
1862 3074 1893 3105 S.
1911 3074 2062 3115 Spiritus:
2082 3072 2138 3103 sed
2153 3071 2446 3113 appropriationem
2462 3080 2480 3101 a
2495 3070 2535 3101 D.
2548 3069 2678 3101 Thoma

1610 3119 1736 3149 allatam
1758 3127 1826 3149 non
1849 3117 1986 3149 tradunt.
2011 3117 2174 3148 Invenitur
2196 3114 2283 3157 apud
2305 3115 2482 3156 Hugonem
2497 3115 2676 3146 Rothoma-

1611 3172 1751 3203 gensem,
1768 3162 1886 3193 saeculi
1906 3162 1974 3199 XII,
1990 3161 2064 3192 loco
2081 3171 2099 3192 a
2113 3160 2208 3192 nobis
2223 3160 2256 3191 in
2272 3160 2415 3200 margine
2437 3160 2543 3190 citato.
2566 3158 2604 3190 B.
2620 3158 2678 3190 Al-

1611 3208 1738 3245 bertus‚
1762 3207 1806 3238 IV
1829 3206 1933 3243 Sent.‚
1958 3206 2028 3237 dist.
2052 3215 2141 3242 xxxv,
2165 3209 2221 3235 art.
2240 3204 2276 3241 6,
2300 3203 2396 3235 refert
2418 3203 2517 3235 alium
2539 3202 2678 3235 modum

1612 3252 1822 3293 adaptationis
1845 3250 1885 3282 ad
1907 3256 2032 3292 septem
2062 3249 2161 3286 dona,
2185 3258 2284 3290 quem
2306 3254 2415 3279 tamen
2445 3248 2679 3290 expositionem

1611 3301 1773 3328 extortam
1795 3301 1899 3327 vocat.

1667 3340 1762 3372 1bid.:
1791 3354 1805 3367 «
1824 3340 1866 3371 Et
1887 3338 1962 3370 ideo
1986 3338 2075 3370 aliter
2097 3337 2288 3375 dicendum,
2312 3336 2402 3378 quod
2425 3335 2554 3368 Ordinis
2577 3344 2680 3367 sacra-

1612 3390 1759 3416 mentum
1782 3384 1822 3416 ad
1845 3387 2078 3415 sacramentum
2094 3382 2312 3414 Eucharistiae
2335 3381 2500 3413 ordinatur
2517 3393 2545 3411 ».
2569 3380 2606 3411 B.
2622 3378 2679 3411 AJ-

1611 3430 1730 3466 bertus,
1747 3429 1791 3460 IV
1806 3429 1903 3464 Sent.‚
1921 3427 1991 3459 dist.
2007 3437 2090 3464 xxiv,
2107 3432 2163 3458 art.
2182 3427 2212 3464 5,
2229 3431 2261 3458 et
2283 3425 2315 3457 S.
2330 3426 2566 3461 Bonaventura,
2590 3423 2679 3461 ibid..

1613 3474 1683 3505 dist.
1700 3484 1782 3510 xxiv,
1799 3483 1830 3514 p.
1847 3483 1880 3510 n,
1897 3477 1952 3503 art.
1972 3481 2001 3509 2,
2019 3481 2073 3512 qu.
2089 3481 2131 3508 tv,
2148 3470 2347 3512 distinguunt
2369 3469 2505 3501 Ordines
2520 3478 2578 3511 per
2598 3467 2679 3499 rela-

1611 3519 1735 3549 tionem
1759 3517 1799 3549 ad
1822 3517 1951 3558 Corpus
1975 3516 2093 3548 Christi
2119 3525 2232 3546 verum
2255 3520 2287 3546 et
2309 3514 2439 3555 Corpus
2467 3513 2585 3545 Christi
2607 3521 2678 3554 my-

1613 3563 1745 3594 sticum:
1769 3563 1852 3593 inter
1874 3572 1907 3593 se
1930 3567 2038 3592 tamen
2058 3560 2239 3591 discordant
2260 3559 2295 3590 in
2308 3558 2419 3590 *modo
2443 3555 2635 3599 exponendi.
