2878 4088
384 94 458 130 258
786 132 788 134 v

692 171 884 205 QUAESTIO
908 171 1135 209 DUODECIMA

749 221 797 250 De
819 220 1074 250 satisfactione.

379 297 448 318 ΛΚΤ.
469 297 488 317 Ι.
550 288 652 315 Utrum
669 286 822 314 satisfactio
838 286 873 314 sit
887 285 985 319 virtus,
1001 287 1045 314 vel
1060 293 1139 314 actus
1155 285 1274 313 virtutis.
1312 294 1386 323 pag.

423 341 437 355 »
470 337 500 357 11.
552 329 654 356 Utrum
677 326 831 355 satisfactio
858 326 894 354 sit
915 333 995 354 actus
1021 326 1144 354 iustitiae
1148 346 1272 354 .....
1328 336 1342 350 »

422 381 437 395 »
470 378 511 397 111.
552 369 654 396 Utrum
677 366 807 395 definitio
830 366 1029 395 satisfactionis
1047 366 1075 393 in
1092 366 1183 394 littera
1205 374 1273 393 con—

589 408 736 436 venienter
758 414 882 443 ponatur
903 408 939 435 ab
956 406 1117 443 Augustino
1121 426 1272 433 ......
1328 415 1342 429 ιν

661 472 855 506 QUAESTIO
879 469 1167 498 DECIMATERTIA

617 524 665 552 De
685 522 921 559 possibilitate
942 517 1208 548 satisfactionis.

380 591 448 611 ΛΚΤ.
470 591 489 611 1.
550 582 651 609 Utrum
675 582 764 608 homo
788 579 875 615 possit
898 579 958 604 Deo
981 575 1142 603 satisfacere
1145 596 1272 603 .....
1328 585 1343 601 »

421 633 436 649 2
468 631 499 651 11.
551 622 652 650 Utrum
681 629 804 657 poenam
834 616 1051 646 satisfactoriam
1080 614 1174 652 possit
1199 625 1274 643 unus

590 671 643 698 pro
672 661 729 688 alio
758 659 868 694 explere
872 676 1273 685 ..............
1326 666 1342 681 »

650 721 841 758 QUAESTIO
866 720 1174 754 DECIMAQUARTA

639 775 688 802 De
719 772 885 808 qualitate
915 770 1182 799 satisfactionis.

380 845 447 866 ΛΒΤ.
469 845 479 863 1
551 835 651 862 Utrum
681 832 770 859 homo
798 828 888 865 possit
916 829 952 856 de
974 838 1034 856 uno
1062 835 1182 865 peccato
1211 828 1272 856 sine

587 872 644 900 alio
667 871 826 899 satisfacere
830 888 1271 897 ................
1327 879 1341 894 »

420 927 434 942 »
468 923 498 942 11.
551 914 651 941 Utrum
682 910 785 947 aliquis
816 910 852 936 de
882 908 1006 945 peccatis
1038 908 1116 944 prius
1147 907 1273 936 dimissis

376 1379 443 1400 ΛΒΤ.
466 1378 484 1397 1.

417 1876 432 1891 ι
466 1872 495 1892 11.

417 1957 432 1972 »
465 1953 506 1973 111.

429 3184 443 3199 xo
476 3181 515 3200 VI.

474 3366 522 3394 De
543 3365 599 3393 his
620 3365 655 3393 in
677 3371 765 3400 quos
787 3370 875 3392 usus
897 3362 1043 3391 clavium
1065 3362 1220 3391 exerceri
1240 3362 1370 3398 potest.

389 3431 458 3453 ΛΚΤ.
478 3431 497 3451 1.

586 952 747 980 satisfacere
769 949 861 986 possit
878 955 955 976 extra
970 949 1116 977 caritatem
1139 948 1271 976 existens.

466 1003 506 1023 m.
548 994 659 1026 Utrum,
675 997 829 1027 postquam
850 989 941 1017 homo
962 989 1110 1018 caritatem
1132 988 1273 1024 habuerit,

586 1033 680 1060 valere
702 1030 819 1066 incipiat
844 1029 998 1058 satisfactio
1026 1030 1211 1066 praecedens.
1234 1050 1240 1056 .
1263 1051 1270 1057 .

557 1074 657 1101 Utrum
681 1080 770 1107 opera
791 1077 868 1098 extra
890 1069 1037 1098 caritatem
1060 1070 1133 1099 facta
1152 1069 1209 1097 sint
1222 1068 1275 1097 ali-

584 1113 664 1141 cuius
686 1111 756 1139 boni
782 1110 944 1144 meritoria,
967 1111 1067 1138 saltem
1095 1109 1272 1147 temporalis.

546 1155 648 1182 Utrum
675 1161 764 1188 opera
790 1150 937 1187 praedicta
964 1150 1076 1179 valeant
1103 1151 1140 1178 ad
1161 1159 1273 1187 poenae

587 1192 731 1221 infernalis
752 1191 961 1228 mitigationem
965 1212 1273 1220 ...........

653 1255 846 1292 QUAESTIO
872 1255 1167 1289 DECIMAQUINTA

602 1308 651 1337 De
671 1307 728 1335 his
749 1313 811 1342 per
833 1312 922 1341 quae
943 1304 1144 1335 satisfactio
1165 1304 1214 1334 fit.

546 1368 649 1395 Utrum
661 1363 884 1393 satisfactionem
901 1369 1034 1399 oporteat
1048 1362 1109 1390 fieri
1121 1372 1172 1399 per
1184 1371 1274 1399 opera

586 1405 719 1443 poenalia
722 1424 1271 1434 ...................

546 1448 648 1476 Utrum
677 1445 789 1483 flagella
818 1444 922 1481 quibus
949 1453 966 1471 a
988 1445 1050 1471 Deo
1078 1443 1107 1471 in
1136 1444 1190 1472 hac
1215 1443 1273 1471 vita

585 1487 732 1524 punimur,
754 1485 866 1521 possint
893 1483 1083 1512 satisfactoria
1111 1493 1182 1512 esse.
1207 1506 1213 1512 .
1237 1506 1243 1511 .
1267 1505 1273 1513 .

549 1529 650 1557 Utrum
672 1526 878 1555 convenienter
899 1531 1107 1553 enumerentur
1124 1533 1214 1560 opera
1227 1533 1272 1552 sa-

586 1567 755 1602 tisfactoria,
778 1575 843 1594 cum
874 1565 978 1593 dicitur
1006 1566 1086 1602 quod
1113 1572 1180 1593 sunt
1205 1565 1273 1593 tria:

587 1610 781 1644 eleemosyna,
804 1606 943 1635 ieiunium
969 1613 997 1634 et
1018 1605 1111 1633 oratio
1115 1627 1273 1634 ......

665 1670 857 1706 QUAESTIO
881 1670 1158 1698 DECIMASEXTA

550 1723 600 1751 De
621 1720 892 1757 suscipientibus
913 1719 981 1748 hoc
1002 1720 1270 1747 sacramentum.

549 1783 650 1810 Utrum
688 1779 717 1807 in
753 1777 955 1806 innocentibus
997 1777 1174 1813 poenitentia
1212 1786 1273 1806 esse

587 1827 678 1857 possn
680 1838 1272 1848 .....................

548 1863 650 1890 Utrum
680 1859 770 1888 sancti
796 1858 930 1886 homines
957 1857 1006 1894 qui
1032 1864 1099 1885 sunt
1120 1857 1150 1885 in
1170 1857 1272 1894 gloria,

586 1902 712 1930 habeant
733 1899 940 1936 poenitentiam
945 1918 1273 1926 ............

548 1944 651 1971 Utrum
673 1941 759 1969 etiam
782 1940 910 1976 angelus,
931 1939 1026 1966 bonus
1047 1947 1098 1966 seu
1121 1938 1223 1972 malus,
1238 1937 1273 1966 sit

588 1981 765 2018 susceptivus
793 1979 989 2017 poenitentiae
993 1998 1272 2007 ..........

645 2045 840 2082 QUAESTIO
863 2043 1177 2071 DECIMASEPTIMA

695 2097 744 2125 De
765 2096 922 2125 clavibus
942 2093 1131 2122 Ecclesiae.

548 2157 651 2185 Utrum
673 2155 766 2183 claves
788 2153 817 2181 in
840 2151 968 2180 Ecclesia
994 2160 1055 2179 esse
1081 2152 1214 2179 debeant.
1237 2172 1244 2180 .
1267 2173 1274 2180 .

548 2198 651 2225 Utrum
666 2194 755 2224 clavis
770 2194 805 2221 sit
820 2199 947 2230 potestas
968 2191 1075 2229 ligandi
1091 2199 1119 2219 et
1133 2192 1273 2220 solvendi.

466 2247 507 2267 m.
549 2239 652 2266 Utrum
675 2236 732 2264 sint
753 2235 827 2262 duae
853 2234 954 2266 claves,
976 2233 1020 2260 vel
1041 2239 1153 2260 tantum
1176 2241 1244 2260 una.
1268 2254 1274 2260 .

647 2302 842 2339 QUAESTIO
864 2301 1175 2330 DECIMAOCTAVA

725 2354 773 2383 De
794 2352 919 2383 effectu
941 2351 1100 2382 clavium.

549 2423 653 2451 Utrum
674 2426 802 2457 potestas
823 2418 946 2446 clavium
969 2427 999 2445 se
1021 2418 1154 2446 extendat
1175 2419 1212 2446 ad
1232 2427 1276 2446 re-

590 2461 758 2490 missionem
781 2460 882 2496 culpae
885 2479 1276 2487 ..............

551 2504 653 2531 Utrum
675 2501 810 2530 sacerdos
839 2499 930 2536 possit
955 2498 1100 2526 remittere
1126 2505 1277 2536 peccatum

590 2542 689 2580 quoad
715 2550 852 2578 poenam.

905 2559 1276 2567 .............

503 2605 510 2612 .
552 2584 654 2612 Utrum
676 2581 812 2610 sacerdos
833 2589 884 2617 per
905 2585 1076 2616 potestatem
1100 2578 1223 2608 clavium
1245 2578 1278 2606 li-

591 2633 658 2660 gare
679 2621 771 2659 possit
774 2640 1277 2649 ..................

502 2687 509 2693 .
550 2665 653 2692 Utrum
675 2663 810 2690 sacerdos
831 2659 923 2697 possit
943 2659 1031 2696 ligare
1053 2666 1080 2688 et
1102 2660 1212 2688 solvere
1234 2668 1277 2688 se-

590 2704 718 2733 cundum
740 2701 891 2739 proprium
912 2699 1062 2728 arbitrium
1067 2721 1277 2728 ........

678 2772 872 2807 QUAESTIO
895 2771 1152 2799 DEC1MANONA

565 2825 614 2853 De
634 2823 803 2852 ministris
825 2821 972 2850 clavium
995 2822 1031 2850 et
1051 2828 1118 2850 usu
1139 2828 1268 2850 earum.

554 2892 656 2920 Utrum
679 2890 812 2918 sacerdos
834 2888 932 2925 legalis
958 2888 1051 2916 claves
1077 2887 1219 2915 habuerit.
1242 2908 1249 2916 .
1273 2910 1278 2915 .

555 2932 657 2960 Utrum
681 2929 809 2957 Christus
830 2928 963 2957 habuerit
983 2929 1094 2956 clavem
1098 2948 1279 2956 .......

509 2994 515 3000 .
557 2972 660 3000 Utrum
683 2969 737 2998 soli
760 2969 923 2997 sacerdotes
946 2968 1039 2996 claves
1054 2969 1189 2996 habeant.
1211 2988 1219 2996 .
1243 2989 1248 2995 .
1272 2989 1279 2995 .

555 3013 657 3040 Utrum
680 3010 765 3038 etiam
788 3008 877 3037 sancti
892 3008 1025 3036 homines
1041 3017 1102 3037 non
1117 3009 1281 3036 sacerdotes

593 3060 677 3080 usum
700 3049 822 3078 clavium
845 3050 969 3077 habeant
972 3068 1278 3077 ...........

554 3092 656 3120 Utrum
688 3089 754 3118 mali
783 3090 946 3117 sacerdotes
974 3098 1059 3116 usum
1086 3088 1208 3117 clavium
1231 3088 1281 3116 ha-

595 3133 682 3159 beant
685 3149 1278 3158 .....................

557 3172 660 3199 Utrum
682 3169 854 3198 schismatici
877 3175 904 3197 et
924 3169 1068 3203 haeretici,
1083 3167 1281 3197 excommuni-

595 3211 651 3239 cati
671 3218 698 3238 et
720 3209 850 3246 suspensi
879 3215 906 3236 et
928 3209 1088 3245 degradati,
1111 3218 1197 3236 usum
1225 3209 1282 3236 cla-

597 3251 675 3279 vium
697 3252 820 3278 habeant
823 3269 1282 3278 ................

722 3313 915 3349 QUAESTlO
937 3313 1119 3340 VIGESIMA

558 3423 660 3450 Utrum
683 3423 816 3450 sacerdos
838 3421 929 3457 possit
943 3420 984 3448 uti
999 3421 1076 3448 clave
1095 3429 1183 3457 quam
1198 3420 1285 3448 habet

600 3462 629 3489 in
651 3461 807 3498 quemlibet
828 3460 977 3488 hominem
983 3480 1282 3488 ...........

1332 3138 1347 3154 t

1337 3258 1351 3274 ὓ

1337 3469 1352 3484 ὶ

1501 177 1569 196 ART.

1542 258 1557 273 t

1409 284 1443 311 25

1408 324 1445 350 26

1407 403 1444 432 ib.

1499 461 1568 481 ΛΒΤ.

1406 583 1443 612 27

1541 624 1557 640 D

1407 655 1443 683 28

1541 704 1556 720 ὶ

1541 785 1556 801 2

1404 870 1443 898 ib.

1590 622 1620 644 11.

1589 703 1630 722 111.

1588 783 1628 803 lv.

1674 169 1777 195 Utrum
1799 169 1935 196 sacerdos
1956 169 2048 204 possit
2068 178 2183 206 semper
2203 180 2286 199 suum
2302 172 2399 201 subdi-

1711 214 1773 235 tum
1795 209 1944 237 absolvere
1947 230 2396 240 ................

1674 248 1777 275 Utrum
1799 248 1909 293 ⁴aliquis
1938 249 2028 285 possit
2053 250 2094 277 uti
2115 250 2242 278 clavibus
2264 251 2293 279 in
2315 261 2400 279 suum

1711 297 1900 323 superiorem.
1933 310 2395 319 ................

1775 353 1970 386 QUAESTIO
1997 354 2295 384 VlGESlMAPRlMA

1816 403 1865 432 De
1887 404 2254 434 excommunicatione.
2333 402 2335 404 ’

1674 454 1778 482 Utrum
1799 461 1968 490 competens
1989 455 2024 483 sit
2039 456 2110 484 haec
2131 456 2261 484 definitio
2283 465 2398 484 excom-

1711 494 1932 523 municationis:
1959 495 2231 524 Excommunicatio
2253 503 2296 525 est
2317 506 2399 534 sepa·

1711 535 1786 562 ratio
1800 544 1818 563 a
1832 536 2033 564 communione
2047 537 2198 564 Ecclesiae
2218 537 2312 573 quoad
2326 538 2399 575 fru-

1712 580 1788 602 ctum
1810 581 1838 603 et
1854 576 2002 614 suffragia
2021 577 2177 615 generalia
2180 597 2396 606 ........

1671 615 1774 660 Utrum
1802 615 1929 644 Ecclesia
1954 615 2080 653 aliquem
2107 617 2211 645 debeat
2232 626 2398 645 excommu-

1712 665 1808 683 meare
1811 676 2398 685 ....................

1673 696 1775 723 Utrum
1797 696 1900 741 aliquis
1920 697 2140 742 protemporali
2163 692 2273 725 damno
2295 698 2399 726 debeat

1712 745 1956 765 excommunicari
1959 757 2396 765 ...............

1670 776 1773 804 Utrum
1796 777 2057 805 excommunicatio
2085 777 2189 806 iniuste
2218 778 2275 806 lata
2298 777 2398 814 aliquo

1711 817 1801 844 modo
1823 817 1956 845 effectum
1978 818 2082 846 habeat
2084 837 2396 846 ...........

1741 898 1936 931 QUAESTIO
1965 897 2326 926 VlGESIMASECUNDA

2434 222 2509 252 pag.
2530 222 2564 249 41

2450 302 2465 318 »
2528 291 2568 320 ib.

2451 587 2466 603 ι
2528 584 2568 612 42

2450 666 2467 683 s
2529 656 2566 692 43

2451 747 2466 763 2
2529 736 2569 766 ib.

2450 827 2466 843 2
2527 816 2566 845 ib.

1406 957 1443 986 29
1499 945 1549 974 De
1569 945 1627 974 his
1649 946 1706 981 qui
1726 948 1878 982 possunt
1898 947 2195 977 excommunicare
2216 949 2251 976 et
2267 945 2568 976 excommunicari.

1403 1029 1442 1058 ib
1499 1020 1568 1041 ART.

1407 1110 1444 1138 30
1542 1104 1556 1119 ’

1405 1190 1443 1219 ib.
1542 1185 1557 1200 ’

1407 1404 1439 1432 31

1405 1485 1443 1513 ib.

1408 1605 1442 1633 32

1405 1817 1444 1846 ib.

1407 1897 1421 1924 3
1428 1897 1441 1924 3

1405 1977 1443 2005 ib.

1406 2192 1443 2221 ib.

1409 2233 1442 2261 35

1506 2814 1574 2835 ART-

1589 1021 1610 1041 1.

1589 1100 1619 1122 Π.

1589 1182 1632 1203 m.

1588 1263 1620 1282 1v

1588 1343 1616 1363 V.

1589 1425 1628 1445 VX.

1561 1640 1610 1661 .1.

1589 1719 1619 1739 Π.

1590 1800 1631 1820 111.

1562 2051 1610 2071 .1·

1590 2131 1620 2151 11.

1589 2172 1631 2192 m.

1595 2814 1615 2835 1.

1596 2975 1637 3036 ,εξ

1598 3307 1638 3366 aa

1599 3464 1638 3484 tv.

1671 1013 1775 1040 Utrum
1805 1012 1926 1049 quilibet
1952 1013 2089 1040 sacerdos
2115 1013 2206 1048 possit
2229 1023 2397 1042 excommu-

1711 1061 1806 1081 meare
1810 1073 2062 1081 .........
2080 1075 2081 1078 ,
2086 1072 2396 1080 ...........

1671 1093 1775 1121 Utrum
1796 1093 2037 1121 non-sacerdotes
2058 1091 2308 1120 excommunicare
2329 1100 2398 1128 pos-

1710 1140 1767 1161 sint
1770 1152 2396 1161 ......................

1673 1174 1777 1202 Utrum
1805 1173 2072 1202 excommunicatus
2097 1172 2142 1200 vel
2169 1181 2326 1208 suspensus
2351 1179 2399 1200 ex-

1710 1213 1927 1242 communicare
1948 1213 2041 1250 possit
2042 1232 2397 1242 .............

1621 1275 1628 1283 .
1671 1255 1773 1283 Utrum
1794 1254 1898 1293 aliquis
1919 1253 2010 1290 possit
2031 1253 2167 1290 seipsum,
2182 1252 2228 1281 vel
2246 1251 2398 1289 aequalem

1709 1296 1753 1323 vel
1775 1294 1954 1331 superiorem
1983 1294 2235 1323 excommunicare
2237 1313 2396 1321 ......

1669 1336 1771 1364 Utrum
1801 1335 1831 1363 in
1859 1334 1986 1372 aliquam
2015 1333 2230 1362 universitatem
2258 1332 2399 1362 sententia

1711 1374 2019 1404 excommunicationis
2040 1374 2106 1403 ferri
2127 1374 2220 1410 possit
2222 1393 2398 1403 .......

1671 1417 1774 1445 Utrum
1798 1416 1844 1444 ille
1865 1416 1915 1453 qui
1937 1416 2026 1444 semel
2051 1421 2094 1443 est
2122 1413 2398 1450 excommunicatus,

1710 1457 1829 1485 ulterius
1854 1455 2099 1485 excommunicari
2125 1455 2217 1492 possit
2239 1475 2398 1483 ......

1763 1521 1957 1556 QUAESTIO
1981 1519 2308 1551 VIGESIMATEWIA

1647 1573 1697 1601 De
1718 1571 1984 1608 participatione
2005 1578 2082 1599 cum
2103 1569 2425 1599 excommunicatis.

1671 1631 1773 1658 Utrum
1796 1629 1879 1658 liceat
1905 1627 2155 1657 excommunicato
2183 1626 2400 1655 communicare

1710 1670 1740 1698 in
1762 1679 1832 1706 pure
1853 1668 2054 1705 corporalibus
2057 1688 2398 1696 ............

1671 1711 1775 1738 Utrum
1805 1708 1979 1745 participans
2007 1706 2259 1735 excommunicato
2288 1707 2324 1734 sit
2350 1715 2399 1735 ex-

1710 1748 1942 1778 communicatus
1945 1767 2396 1776 ................

1673 1791 1775 1819 Utrum
1805 1789 1976 1826 participare
2002 1797 2069 1816 cum
2095 1785 2347 1815 excommunicato
2367 1785 2398 1814 in

1710 1830 1824 1859 casibus
1839 1839 1899 1858 non
1914 1828 2058 1857 concessis
2072 1836 2185 1863 semper
2199 1826 2235 1854 sit
2248 1832 2398 1862 peccatum

1711 1871 1843 1898 mortale.

1753 1929 1948 1965 QUAESTIO
1970 1928 2315 1961 VIGESIMAQUARTA

1876 1887 2396 1899 -------------------

1660 1983 1711 2012 De
1732 1981 1953 2011 absolutione
1977 1980 2021 2008 ab
2043 1977 2408 2007 excommunicatione.

1672 2042 1774 2069 Utrum
1810 2039 1930 2076 quilibet
1965 2038 2100 2066 sacerdos
2134 2035 2283 2064 subditum
2315 2045 2400 2064 suum

1711 2080 1803 2117 possit
1824 2081 1860 2108 ab
1882 2077 2182 2107 excommunicatione
2209 2076 2368 2104 absolvere.
2391 2097 2397 2104 .

1673 2123 1777 2150 Utrum
1799 2119 1902 2157 aliquis
1923 2118 2014 2155 possit
2034 2117 2146 2146 absolvi
2167 2117 2282 2145 invitus.
2301 2139 2305 2144 .
2331 2138 2338 2144 .
2361 2137 2368 2145 .
2391 2137 2398 2144 .

1671 2163 1774 2190 Utrum
1797 2160 1901 2198 aliquis
1922 2159 2014 2197 possit
2035 2157 2145 2187 absolvi
2160 2159 2197 2187 ab
2211 2166 2270 2186 una
2285 2165 2400 2186 excom-

1712 2201 1908 2230 municatione
1930 2200 1991 2228 sine
2009 2200 2067 2228 hoc
2082 2199 2161 2236 quod
2183 2198 2350 2227 absolvatur
2363 2198 2400 2226 ab

1713 2242 1850 2271 omnibus
1854 2259 2400 2271 ...................

1764 2310 1960 2346 QUAESTIO
1982 2308 2313 2343 VIGESIMAQUINTA

1891 2361 1941 2390 De
1961 2359 2183 2394 indulgentia.

1673 2430 1776 2459 Utrum
1799 2438 1850 2466 per
1870 2427 2080 2464 indulgentiam
2107 2425 2199 2463 possit
2227 2424 2336 2462 aliquid
2357 2433 2401 2454 re-

1715 2469 1788 2498 mitti
1810 2470 1846 2497 de
1870 2477 1966 2505 poena
1992 2466 2179 2495 satisfactoria
2183 2486 2401 2495 ........

1674 2511 1777 2540 Utrum
1795 2508 1989 2546 indulgentiae
2004 2508 2118 2536 valeant
2131 2513 2243 2535 tantum
2260 2512 2401 2544 quantum
2444 2512 2447 2516 ·

1716 2550 1941 2587 pronuntiantur
1943 2567 2400 2577 ................

1676 2593 1778 2620 Utrum
1806 2600 1859 2627 pro
1886 2589 2039 2626 temporali
2066 2587 2196 2616 subsidio
2217 2588 2322 2616 debeat
2341 2585 2404 2615 fieri

1715 2630 1892 2668 indulgentia
1895 2648 2403 2659 ..................

1777 2694 1972 2730 QUAESTlo
1993 2692 2303 2722 VIGESIMASEXTA

1651 2747 1701 2776 De
1723 2747 1780 2775 his
1801 2746 1858 2782 qui
1877 2745 2029 2782 possunt
2048 2742 2279 2779 indulgentias
2301 2741 2427 2772 facere.

1676 2805 1780 2833 Utrum
1810 2803 1929 2841 quilibet
1950 2797 2086 2831 sacerdos
2111 2800 2285 2838 parochialis
2312 2800 2404 2837 possit

1718 2844 1912 2881 indulgentias
1937 2843 2030 2871 facere
2033 2862 2402 2871 .............

1677 2886 1780 2914 Utrum
1803 2884 1944 2913 diaconus
1965 2882 2058 2920 possit
2080 2881 2274 2920 indulgentias
2301 2881 2404 2915 facere,
2445 2910 2447 2912 ,
2476 2896 2479 2910 2

1717 2926 1762 2954 vel
1783 2925 1855 2954 alius
1879 2924 2091 2953 non-sacerdos
2094 2941 2401 2952 ...........

1678 2967 1780 2995 Utrum
1803 2965 1957 3001 episcopus
1979 2963 2070 3000 possit
2091 2962 2283 3000 indulgentias
2302 2962 2403 2990 facere.

1678 3007 1781 3035 Utrum
1803 3006 1850 3034 ille
1870 3005 1919 3042 qui
1934 3008 1977 3034 est
1991 3004 2019 3032 in
2035 3010 2155 3040 peccato
2177 3001 2292 3032 mortali
2313 2999 2403 3036 possit

1719 3047 1811 3075 facere
1839 3044 2032 3082 indulgentias
2035 3061 2402 3073 .............

1759 3108 1954 3143 QUAESTIO
1975 3103 2324 3136 VIGESIMASEPTIMA

1718 3161 1766 3189 De
1792 3159 1848 3189 his
1875 3159 2000 3195 quibus
2025 3157 2120 3186 valet
2145 3154 2364 3190 indulgentia.

1680 3219 1781 3247 Utrum
1817 3215 1996 3253 indulgentia
2029 3214 2121 3242 valeat
2155 3211 2339 3240 existentibus
2373 3210 2403 3239 in

1717 3264 1837 3294 peccato
1859 3254 1973 3284 mortali
1976 3270 2402 3283 ...............

1680 3299 1784 3326 Utrum
1804 3294 1999 3331 indulgentiae
2020 3293 2134 3321 valeant
2163 3291 2312 3329 religiosis.
2335 3312 2343 3320 .
2364 3311 2372 3319 .
2395 3310 2402 3318 .

1679 3338 1783 3366 Utrum
1798 3336 1823 3364 ei
1839 3334 1887 3372 qui
1909 3343 1969 3362 non
1992 3333 2056 3362 facit
2076 3333 2132 3361 hoc
2154 3342 2206 3368 pro
2228 3341 2288 3369 quo
2309 3330 2403 3359 indul-

1718 3375 1814 3414 gentia
1845 3376 1945 3408 datur,
1978 3373 2068 3409 possit
2102 3373 2279 3409 quandoque
2308 3370 2403 3399 indul·

1719 3415 1814 3452 gentia
1835 3413 1896 3442 dari
1900 3430 2402 3442 ..................

1681 3457 1782 3484 Utrum
1806 3453 1983 3490 indulgentia
2007 3454 2098 3480 valeat
2119 3451 2145 3481 ei
2167 3451 2217 3489 qui
2240 3450 2313 3480 facit.
2335 3472 2342 3479 .
2366 3472 2372 3478 .
2395 3471 2403 3478 .

2451 1675 2467 1692 ἱ

2451 1755 2467 1771 2

2450 1875 2465 1891 Ὢ

2452 2086 2468 2142 ,Ὀ

2455 2473 2471 2492 b

2454 2556 2470 2572 '

2454 3048 2470 3064 θ

2450 3411 2472 3435 's

2456 3459 2472 3475 ἱ

2527 1061 2568 1088 44

2529 1130 2567 1159 ib.

2529 1210 2568 1240 ib.

2528 1291 2567 1328 45

2501 1396 2504 1398 .
2529 1371 2569 1401 ib.

2530 1451 2569 1481 ib.

2529 1665 2569 1694 ib.

2529 1862 2568 1892 ib.

2529 2084 2568 2113 47

2530 2114 2570 2145 ib.

2530 2235 2571 2264 ib.

2533 2544 2572 2574 ib.

2536 2625 2573 2653 50

2533 2838 2572 2867 ib.

2532 2915 2571 2945 ib.

2535 2957 2550 2985 5
2558 2965 2567 2984 x

2534 3036 2573 3064 ib.
