2878 4088
663 196 927 243 QUAESTIO
957 196 1019 242 ΧΙ,
1040 193 1332 232 ARTICULUS
1360 193 1395 229 V
1422 213 1448 218 -
1477 192 1740 238 QUAESTIO
1770 193 1848 238 XII⁷
1870 194 2160 232 ARTICULUS
2189 196 2202 231 I

347 319 447 350 ART.
463 319 503 350 V.
527 329 632 349 u'rmm
655 329 747 350 11.1.un
772 328 858 349 ouon
879 328 949 349 oms
973 328 1037 348 serr
1061 327 1119 347 PER
1138 324 1370 347 eourrrssromm

460 373 498 394 m·
514 373 609 394 antor
631 373 704 393 Auo
729 373 828 399 nono,
845 372 948 393 rossrr
971 371 1081 392 Atrum
1101 370 1259 392 awanam:

2462 193 2509 228 25

1447 270 1620 301 sessionem
1651 270 1741 310 quod
1770 280 1837 300 non
1868 272 1985 302 revelet
2015 279 2183 312 peccatum
2218 275 2420 314 simpliciter:
2457 274 2512 304 sed

1447 320 1544 354 prout
1560 315 1655 345 estin
1672 314 1874 344 confessione
1898 315 2052 346 auditum.
2077 317 2175 347 Nullo
2200 319 2285 348 enirn
2309 328 2384 348 casu
2408 318 2512 349 dicere

1448 358 1542 389 debet
1565 368 1598 389 se
1622 358 1778 389 audivisse
1802 359 1834 388 in
1859 359 2070 390 confessione.

1503 403 1555 433 An
1579 412 1714 433 ram-mu
1736 412 1896 432 memnon
1923 403 2012 442 quod
2042 404 2105 434 hoc
2135 405 2376 445 intelligendum
2404 413 2450 437 est
2473 406 2512 436 de

327 461 412 524 An
438 461 577 482 numum
605 461 651 482 sm
680 461 884 482 paoeznrrun.
915 450 1049 481 Videtur
1079 449 1168 489 quod
1198 447 1277 479 illud
1305 447 1393 488 quod
1416 456 1425 476 ς
1449 446 1576 477 duobus
1600 456 1683 487 quae
1706 447 1825 477 habent
1851 448 2102 486 oppositionem.
2132 448 2194 478 Sed
2217 451 2346 480 scientia
2369 460 2432 490 qua
2456 452 2513 480 scit

393 496 464 535 quis
488 496 546 526 scit
568 505 626 536 per
649 494 886 526 confessionem
906 499 937 525 et
960 495 1056 524 etiam
1072 493 1134 523 alio
1157 492 1276 528 modo,
1302 492 1393 522 nullo

327 539 428 570 modo
451 540 663 580 possit'alteri
686 539 834 570 revelare.
858 538 934 569 Non
962 538 1048 568 enim
1071 537 1224 576 frangitur
1256 536 1394 576 sigillum

328 583 539 614 confessionis
554 584 615 614 nisi
639 583 716 614 dum
732 588 902 623 peccatum
926 581 1015 622 quod
1030 582 1127 611 scitur
1142 581 1175 611 in
1192 579 1395 610 confessione

327 628 493 658 revelatur.
518 628 552 659 Si
575 637 650 668 ergo
674 628 733 658 iste
755 627 874 658 revelat
896 631 1066 666 peccatum
1099 624 1188 665 quod
1211 625 1245 654 in
1269 623 1394 654 confes-

1449 491 1562 531 aliquis
1586 496 1755 531 peccatum
1778 496 1814 521 ut
1837 491 1934 527 Deus,
1960 496 1990 521 et
2013 491 2065 521 illa
2089 501 2152 531 qua
2175 494 2232 523 scit
2256 500 2291 523 ut
2314 495 2424 530 homo,
2446 504 2512 524 non

1449 541 1524 566 sunt
1546 536 1706 575 opposita.
1731 534 1806 565 Ideo
1830 536 1911 565 ratio
1934 544 2002 565 non
2025 535 2177 575 procedit.

1504 580 1554 609 An
1580 589 1727 609 ananum
1750 589 1910 609 mmmmm
1934 579 2024 619 quod
2046 589 2114 609 non
2131 579 2224 610 debet
2239 581 2282 610 ita
2297 582 2385 611 vitari
2402 591 2513 621 pecca-

1450 629 1520 653 tum
1537 633 1575 653 ex
1590 633 1655 654 una
1673 629 1762 663 parte
1779 623 1868 663 quod
1884 633 1922 653 ex
1938 623 1998 653 alia
2021 624 2138 653 iustitia
2161 625 2371 664 relinquatur:
2397 626 2514 656 veritas

328 673 419 702 sione
443 672 572 708 audivit,
589 672 865 712 qualitercumque
892 671 968 701 alias
991 670 1078 705 sciat,
1101 668 1240 708 sigillum
1270 667 1395 698 confes-
1412 680 1436 694 ιο
1450 668 1537 697 enim
1561 677 1626 698 non
1651 672 1698 698 est
1717 672 1856 708 propter
1877 667 2067 698 scandalum
2098 667 2285 699 dimittenda
2301 670 2327 699 ἦ
2360 669 2401 699 Et
2423 669 2513 706 ideo,

328 717 426 747 sionis
450 716 593 756 frangere
615 715 750 746 videtur.

385 770 415 791 2.
439 760 636 795 Pium-mna,
659 760 858 800 quicumque
881 757 1119 788 confessionem
1142 756 1275 786 alicuius
1298 754 1395 790 audit,

329 805 358 835 ei
382 804 540 844 obligatur
563 803 603 835 ad
625 804 689 834 hoc
705 802 794 843 quod
817 807 948 842 peccata
966 802 1066 841 ipsius
1088 809 1157 830 non
1180 799 1307 829 revelet.
1333 798 1395 830 Sed

329 849 356 879 si
378 849 492 888 aliquis
514 848 714 888 promitteret
730 846 825 877 alicui
847 851 956 876 tenere
974 845 1134 885 privatum
1157 843 1247 883 quod
1271 844 1300 873 ei
1319 842 1396 873 dici-

328 898 390 928 tur,
407 897 707 932 quantumcumque
729 895 803 930 post
826 890 929 925 sciret,
946 888 1075 919 deberet
1094 888 1254 928 privatum
1277 892 1395 918 tenere.
1414 899 1435 919 ις

328 936 414 976 Ergo
439 935 529 976 quod
552 936 623 975 quis
646 935 680 965 in
704 933 907 964 confessione
935 932 1072 968 audivit,
1096 937 1397 972 quantumcumque

328 980 403 1010 alias
426 980 514 1015 sciat,
531 978 626 1010 debet
647 979 808 1019 privatum
831 978 950 1008 haberi.

386 1023 416 1054 3.
439 1020 636 1059 Pmmam,
653 1022 793 1053 duorum
816 1021 906 1062 quod
929 1026 976 1052 est
999 1021 1098 1051 altero
1117 1020 1281 1060 potentius
1303 1020 1397 1050 trahit

328 1067 369 1099 ad
391 1077 425 1098 se
447 1067 618 1107 reliquum.
643 1066 707 1098 Sed
730 1066 861 1097 scientia
884 1075 948 1106 qua
971 1066 1029 1096 scit
1051 1070 1222 1105 peccatum
1237 1070 1274 1095 ut
1296 1065 1394 1100 Deus,

329 1117 376 1143 est
390 1111 554 1151 potentior
569 1116 601 1142 et
616 1110 742 1151 dignior
757 1111 888 1141 scientia
900 1119 964 1150 qua
979 1110 1038 1140 scit
1052 1114 1222 1149 peccatum
1233 1114 1270 1139 ut
1284 1109 1395 1139 homo.
1412 1120 1438 1134 20

329 1156 415 1196 Ergo
437 1155 532 1186 trahit
547 1155 587 1186 ad
611 1165 644 1186 se
668 1165 748 1186 earn.
772 1155 813 1185 Et
827 1155 872 1185 ita
893 1164 961 1185 non
981 1154 1099 1194 poterit
1113 1153 1258 1184 revelari:
1283 1162 1397 1183 secun-

329 1199 408 1231 dum
432 1199 522 1240 quod
545 1200 676 1230 scientia
699 1208 764 1239 qua
782 1199 844 1229 ‘scit
866 1204 902 1229 ut
925 1199 1023 1233 Deus,
1041 1198 1145 1237 exigit.

384 1253 416 1283 4.
439 1244 637 1280 Pruna-nam,
653 1249 812 1274 secretum
843 1242 1053 1273 confessionis
1082 1242 1264 1272 institutum
1288 1246 1335 1271 est
1358 1240 1397 1271 ad

329 1288 495 1319 vitandum
519 1287 714 1324 scandalum,
738 1293 769 1318 et
791 1297 833 1318 ne
856 1287 1004 1318 homines
1028 1297 1045 1316 a
1069 1285 1325 1316 confessionibus
1348 1295 1397 1316 re-

330 1333 513 1365 trahanmr:
527 1331 592 1363 Sed
614 1333 640 1363 si
655 1332 770 1372 aliquis
793 1337 902 1372 posset
924 1331 1029 1362 dicere
1051 1330 1130 1361 illud
1149 1329 1239 1370 quod
1261 1331 1295 1360 in
1319 1339 1397 1360 con·
1412 1340 1435 1360 ις

330 1376 469 1407 fessione
493 1375 622 1413 audivit,
640 1373 784 1407 etiamsi
808 1376 896 1406 aliter
919 1376 1021 1411 sciret,
1038 1375 1247 1405 nihilominus
1267 1373 1397 1404 scanda-

331 1421 400 1452 lum
422 1426 617 1461 sequeretur.
642 1421 727 1460 Ergo
751 1420 842 1451 nullo
865 1419 966 1450 modo
990 1424 1096 1460 potest
1119 1418 1234 1449 dicere.

386 1465 448 1496 San
473 1474 606 1501 corz-rm,
630 1465 738 1495 nullus
760 1469 867 1505 potest
890 1464 987 1494 alium
1010 1463 1150 1503 obligare
1166 1463 1206 1493 ad
1222 1462 1312 1503 quod
1329 1472 1398 1493 non

332 1514 397 1540 erat
424 1509 599 1549 obligatus,
622 1510 684 1539 nisi
713 1509 753 1539 sit
780 1518 856 1539 suus
886 1507 1060 1548 praelatus,
1086 1508 1142 1547 qui
1172 1507 1293 1546 obliget
1322 1516 1398 1537 eum

330 1558 513 1594 praecepto.
538 1552 601 1583 Sed
623 1553 676 1583 ille
700 1553 756 1593 qui
780 1553 898 1583 sciebat
920 1552 1054 1582 alicuius
1079 1556 1249 1591 peccatum
1273 1560 1329 1590 per
1351 1551 1397 1580 vi-
1413 1560 1438 1580 30

331 1606 420 1632 sum,
444 1606 512 1627 non
536 1602 601 1627 erat
631 1597 788 1636 obligatus
812 1595 852 1626 ad
875 1595 1055 1626 celandum.
1089 1595 1174 1635 Ergo
1205 1595 1258 1625 ille
1289 1595 1344 1634 qui
1369 1595 1397 1625 ei

331 1640 519 1676 confitetur,
544 1649 619 1671 cum
642 1650 710 1670 non
733 1641 772 1670 sit
794 1640 951 1680 praelatus
985 1649 1077 1674 suus,
1101 1648 1169 1669 non
1193 1643 1299 1679 potest
1322 1648 1398 1668 eum

331 1685 473 1725 obligare
495 1684 535 1714 ad
558 1684 728 1715 celandum
751 1693 808 1724 per
830 1684 894 1714 hoc
917 1682 1007 1723 quod
1031 1683 1060 1713 ei
1084 1682 1264 1713 confitetur.

387 1738 417 1759 2.
441 1728 644 1764 Pium-naun,
668 1727 848 1758 secundum
874 1728 939 1757 hoc
965 1732 1074 1767 posset
1103 1726 1251 1767 impediri
1280 1727 1399 1756 iustitia

331 1772 503 1808 Ecclesiae,
527 1773 554 1802 si
577 1772 700 1812 aliquis,
725 1777 761 1802 ut
785 1771 931 1802 evaderet
959 1771 1148 1802 sententiam
1177 1771 1399 1801 excommuni-

332 1817 465 1848 cationis
489 1825 572 1857 quae
594 1817 629 1847 in
651 1817 759 1856 ipsum
782 1815 912 1846 ferenda
935 1821 1000 1846 erat
1022 1820 1153 1855 propter
1176 1815 1308 1855 aliquod
1323 1824 1399 1855 pec-

332 1866 439 1892 catum
463 1860 502 1891 de
526 1869 593 1900 quo
617 1861 783 1891 convictus
807 1865 863 1896 est,
883 1859 1054 1890 confitetur
1078 1860 1107 1890 ei
1130 1859 1187 1899 qui
1209 1860 1399 1890 sententiam

331 1904 412 1936 ferre
435 1904 540 1935 debet.
563 1904 627 1936 Sed
649 1905 786 1935 iustitiae
810 1904 956 1941 executio
981 1909 1028 1935 est
1050 1905 1083 1934 in
1106 1909 1289 1944 praecepto.
1313 1904 1399 1943 Ergo

330 1959 399 1980 non
425 1954 551 1980 tenetur
581 1949 682 1979 celare
711 1954 881 1989 peccatum
911 1947 1001 1988 quod
1031 1949 1103 1988 quis
1133 1949 1166 1979 in
1197 1947 1399 1978 confessione

332 1992 462 2030 audivit,
486 1994 513 2023 si
535 1993 610 2024 alias
633 1994 740 2033 ipsum
763 1993 830 2023 scit.

387 2038 576 2068 Rnsronnno
600 2047 760 2068 mmmmm
783 2036 873 2077 quod
897 2038 979 2067 circa
997 2037 1061 2067 hoc
1077 2042 1124 2066 est
1139 2036 1252 2076 triplex
1275 2037 1398 2077 opinio.

298 2097 304 2104 ·
332 2081 474 2120 Quidam
488 2083 505 2099 ⁴*
528 2081 616 2112 enirn
647 2081 758 2112 dicunt
788 2080 878 2121 quod
907 2080 987 2111 illud
1016 2080 1106 2120 quod
1134 2081 1168 2111 in
1197 2080 1400 2111 confessione

201 2150 212 2162 ,
247 2123 270 2157 '.
294 2161 299 2166 ⁸
333 2126 448 2166 aliquis
477 2125 614 2162 audivit,
638 2135 706 2156 non
735 2130 841 2166 potest
871 2125 980 2165 aliquo
1010 2124 1111 2155 modo
1141 2124 1247 2155 dicere
1263 2118 1300 2155 *si
1323 2125 1401 2155 sciat

299 2177 305 2182 ·
333 2170 418 2206 alias,
442 2170 508 2200 sive
532 2175 605 2200 ante
628 2170 693 2200 sive
717 2175 800 2210 post.
816 2188 838 2191 -
854 2168 995 2206 Quidam
1011 2178 1087 2199 vero
1112 2168 1223 2199 dicunt
1238 2168 1328 2209 quod
1343 2179 1401 2209 per

333 2214 571 2246 confessionem
594 2213 809 2254 praecluditur
832 2213 892 2243 sibi
906 2214 957 2243 via
971 2223 1013 2244 ne
1028 2214 1129 2253 possit
1152 2212 1272 2253 aliquid
1295 2213 1400 2243 dicere

334 2258 424 2299 quod
446 2258 534 2298 prius
558 2258 664 2288 scivit:
695 2267 763 2288 non
786 2262 894 2288 autem
917 2258 996 2298 quin
1024 2258 1124 2298 possit
1152 2257 1255 2287 dicere
1279 2258 1304 2287 si
1328 2262 1402 2297 post

334 2303 397 2333 alio
420 2302 520 2332 modo
544 2302 631 2332 sciat.

389 2346 533 2386 Utraque
556 2351 664 2376 autem
683 2346 805 2385 opinio,
823 2345 901 2376 dum
917 2346 1054 2376 nimium
1070 2345 1173 2385 sigillo
1191 2345 1401 2376 confessionis

335 2391 486 2426 attribuit,
502 2389 742 2430 ,praeiudicium
765 2390 887 2420 veritati
911 2395 942 2420 et
962 2390 1098 2420 iustitiae
1121 2389 1292 2420 servandae
1316 2389 1400 2419 facit.

334 2435 447 2465 Posset
477 2435 563 2464 enim
592 2434 706 2474 aliquis
734 2433 773 2464 ad
801 2433 1001 2474 peccandum
1032 2443 1100 2464 esse
1129 2434 1262 2474 pronior
1286 2434 1310 2464 si
1335 2443 1402 2464 non

335 2479 461 2510 timeret
483 2479 522 2508 ab
545 2478 601 2509 illo
625 2478 764 2509 accusari
795 2479 848 2509 cui
878 2477 1043 2508 confessus
1073 2483 1135 2514 est,
1160 2479 1186 2508 si
1210 2487 1318 2508 coram
1346 2478 1401 2508 illo

335 2528 506 2563 peccatum
528 2523 662 2553 iteraret.
688 2522 837 2553 Similiter
860 2523 955 2552 etiam
977 2522 1117 2553 multum
1140 2523 1276 2553 iustitiae
1299 2523 1402 2562 perire

336 2567 454 2607 poterit
469 2567 496 2596 si
511 2567 732 2597 testimonium
755 2566 836 2597 ferre
859 2567 973 2606 aliquis
994 2576 1061 2597 non
1076 2572 1186 2606 posset
1201 2566 1240 2597 de
1257 2576 1296 2597 eo
1314 2566 1403 2606 quod

335 2610 423 2647 vidit,
439 2616 514 2651 post
532 2610 769 2642 confessionem
785 2610 825 2641 de
840 2611 903 2640 hoc
919 2610 1044 2642 factam.
1063 2629 1087 2633 —
1109 2611 1177 2641 Nec
1193 2611 1298 2641 obstat
1313 2610 1403 2650 quod

337 2654 468 2696 quidam
492 2654 618 2691 dicunt,
644 2654 733 2695 quod
756 2654 850 2685 debet
872 2655 1039 2694 protestari
1062 2664 1095 2685 se
1118 2665 1186 2685 non
1209 2660 1317 2685 tenere
1339 2655 1403 2695 pri-

336 2704 447 2730 vatum
469 2699 543 2729 hoc.
568 2698 654 2736 Quia
676 2699 740 2729 hoc
755 2708 823 2729 non
839 2704 947 2739 posset
965 2700 1132 2739 protestari
1154 2700 1214 2730 nisi
1230 2704 1403 2739 postquam

336 2749 506 2784 peccatum
530 2748 611 2773 esset
626 2743 685 2772 sibi
701 2742 832 2773 dictum.
858 2743 898 2773 Et
913 2748 990 2773 tunc
1011 2743 1144 2783 quilibet
1166 2743 1313 2774 sacerdos
1329 2753 1404 2783 pos-

336 2793 385 2818 set
410 2787 548 2817 revelare
578 2792 764 2827 peccatum,
795 2788 1058 2827 protestationem
1088 2787 1253 2823 faciendo,
1284 2788 1311 2818 si
1340 2788 1403 2817 hoc

337 2833 444 2872 ipsum
467 2831 506 2861 ad
529 2831 735 2862 revelandum
758 2831 893 2862 liberum
916 2830 1069 2862 redderet.

392 2876 434 2907 Et
448 2875 522 2906 ideo
539 2875 599 2905 alia
615 2876 726 2915 opinio
744 2881 800 2911 est,
818 2881 849 2906 et
864 2876 978 2911 verior,
995 2875 1084 2915 quod
1103 2875 1182 2906 illud
1198 2875 1288 2916 quod
1302 2877 1403 2907 homo

338 2920 414 2951 alias
437 2921 511 2956 scit,
536 2920 601 2950 sive
624 2925 697 2950 ante
721 2919 959 2950 confessionem
986 2920 1052 2950 sive
1075 2925 1165 2960 post,
1189 2930 1256 2951 non
1279 2926 1405 2951 tenetur

338 2964 440 2995 celare
464 2969 622 3004 quantum
645 2964 685 2994 ad
707 2963 740 2994 id
764 2964 854 3004 quod
882 2964 941 2994 scit
971 2970 1006 2994 ut
1033 2965 1151 2994 homo:
1183 2970 1288 3004 potest
1318 2966 1405 2995 enim

338 3008 452 3044 dicere,
465 3008 551 3038 Scio
575 3008 657 3038 illud
679 3008 755 3048 quia
780 3008 854 3038 vidi.
888 3008 1031 3038 Tenetur
1060 3014 1167 3039 tamen
1197 3009 1299 3039 celare
1325 3009 1405 3040 illud

338 3054 531 3093 inquantum
553 3053 612 3082 scit
627 3058 663 3083 ut
679 3053 784 3083 Deus:
809 3062 877 3082 non
896 3052 983 3082 enim
998 3058 1104 3092 potest
1118 3053 1182 3083 hoc
1198 3052 1313 3089 dicere,
1329 3053 1404 3095 Ego

338 3096 450 3128 audivi
471 3097 533 3127 hoc
556 3097 588 3127 in
613 3097 825 3138 confessione.
849 3114 872 3119 —
895 3097 1036 3132 Tamen,
1060 3102 1192 3137 propter
1221 3097 1406 3128 scandalum
1420 3105 1444 3131 ες

339 3140 515 3176 vitandum,
532 3137 627 3171 debet
649 3142 805 3172 abstinere
829 3151 870 3171 ne
894 3140 932 3171 de
955 3141 1018 3171 hoc
1042 3141 1203 3181 loquatur,
1219 3141 1280 3172 nisi
1300 3142 1406 3172 immi-

340 3190 414 3216 neat
435 3185 615 3216 necessitas.

395 3229 446 3259 An
469 3239 586 3259 emirum
609 3239 692 3260 anuo
711 3239 871 3260 mmmmm
887 3229 987 3269 quod,
1005 3229 1134 3270 quando
1152 3229 1266 3270 aliquis
1282 3229 1358 3260 dicit
1373 3240 1406 3261 se

341 3272 456 3303 vidisse
478 3272 568 3313 quod
590 3274 624 3304 in
647 3273 850 3304 confessione
877 3273 1006 3308 audivit,
1030 3283 1099 3304 non
1120 3274 1351 3314 revelatvquod
1373 3275 1407 3305 in

1451 711 1581 751 quando
1605 712 1751 742 imminet
1773 712 1954 751 periculum
1977 712 2123 748 iustitiae,
2140 722 2207 742 non
2224 712 2317 743 debet
2339 713 2451 743 dimitti
2467 723 2515 744 re-

1450 755 1566 786 velatio
1591 756 1659 785 eius
1683 755 1773 795 quod
1792 756 1864 796 quis
1879 756 1913 786 in
1929 755 2132 786 confessione
2157 756 2286 793 audivit,
2303 758 2328 787 si
2344 757 2432 787 aliter
2447 759 2514 794 scit,

1450 804 1582 839 propter
1605 799 1806 829 scandalum:
1838 799 1916 830 dum
1939 805 2047 830 tamen
2077 800 2278 837 scandalum,
2303 807 2460 841 quantum
2483 803 2515 832 in

1451 853 1484 873 se
1508 849 1564 879 est,
1590 844 1705 873 evitare
1728 844 1856 874 nitatur.

1637 929 1938 972 QUAESTIO
1970 930 2320 965 DUODECIMA

1815 997 1860 1022 DE
1879 997 2148 1023 SATlsFACTIONE

1455 1073 1606 1136 Damna
1641 1063 1907 1094 considerandum
1939 1070 1984 1094 est
2015 1063 2054 1094 de
2085 1064 2297 1096 satisfactione
2313 1067 2339 1096 *.
2372 1066 2421 1096 De
2452 1076 2515 1106 qua

1515 1113 1653 1148 quatuor
1676 1107 1905 1138 consideranda
1921 1114 2012 1138 sunt:
2036 1110 2152 1148 primo,
2171 1109 2209 1140 de
2234 1111 2301 1140 eius
2323 1110 2514 1150 quidditate;

1451 1151 1604 1188 secundo,
1630 1151 1669 1182 de
1692 1152 1791 1192 ipsius
1813 1153 2020 1193 possibilitate
2036 1154 2072 1190 *3
2095 1154 2199 1190 tertio,
2216 1154 2255 1184 de
2279 1154 2421 1185 eiusdem
2438 1164 2515 1195 qua-

1450 1196 1537 1226 litate
1553 1197 1587 1232 *;
1611 1201 1736 1236 quarto,
1761 1196 1801 1226 de
1823 1197 1872 1227 his
1894 1206 1951 1237 per
1975 1206 2058 1237 quae
2087 1198 2188 1228 homo
2211 1198 2282 1229 Deo
2307 1198 2455 1229 satisfacit
2470 1201 2514 1230 fl.

1452 1240 1545 1271 Circa
1567 1241 1710 1280 primum
1733 1246 1930 1280 quaeruntur
1952 1242 2019 1271 tria.

1506 1285 1631 1314 Primo:
1656 1290 1764 1315 utrum
1788 1285 1958 1315 satisfactio
1975 1286 2014 1315 sit
2029 1286 2136 1322 virtus,
2153 1286 2204 1317 vel
2228 1292 2316 1317 actus
2337 1288 2470 1318 virtun's.

1507 1328 1674 1359 Secundo:
1698 1334 1807 1359 utrum
1831 1330 1870 1359 sit
1893 1335 1982 1360 actus
2003 1330 2149 1360 iustitiae.

1507 1373 1636 1403 Tertio:
1661 1379 1769 1403 utrum
1793 1373 1936 1403 definitio
1957 1373 2177 1405 satisfactionis
2194 1384 2276 1415 quae
2291 1376 2324 1405 in
2340 1376 2441 1406 littera
2456 1385 2516 1416 po-

1539 1418 1635 1453 nitur,
1660 1418 1887 1447 convenienter
1911 1418 2094 1458 assignetur.

1451 1483 1550 1513 ART.
1576 1483 1598 1513 I.
1622 1494 1727 1513 urium
1750 1493 1945 1514 SAszFAC'rlo
1969 1494 2015 1514 sn·
2038 1494 2156 1520 vrarus,
2177 1494 2236 1515 vm.
2260 1495 2355 1516 aeros
2378 1496 2516 1516 vmwns

1516 1559 1536 1578 n
1560 1559 1677 1579 ramum
1700 1559 1745 1578 src
1768 1558 1971 1579 puocanrrtm.
1992 1549 2125 1580 Videtur
2145 1550 2234 1590 quod
2256 1551 2426 1582 satisfactio
2450 1561 2517 1582 non

1453 1561 1556 1623 Asit
1584 1602 1691 1633 neque
1722 1593 1836 1628 virtus,
1866 1603 1972 1633 neque
2002 1599 2090 1624 actus
2119 1595 2252 1625 virtutis.
2288 1594 2401 1625 Omnis
2431 1597 2517 1626 enim

1451 1637 1574 1667 virtutis
1598 1642 1686 1667 actus
1710 1642 1756 1667 est
1779 1637 1969 1667 meritorius.
1994 1637 2057 1668 Sed
2080 1638 2249 1669 satisfactio
2273 1648 2340 1669 non
2362 1645 2409 1670 est
2423 1641 2517 1670 meri-

1451 1682 1542 1716 toria,
1555 1686 1592 1711 ut
1606 1680 1746 1711 videtur:
1764 1681 1840 1720 quia
1854 1682 2004 1711 meritum
2020 1683 2192 1721 gratuitum
2209 1688 2264 1718 est,
2277 1682 2332 1713 sed
2348 1683 2517 1714 satisfactio

1453 1724 1597 1755 debitum
1620 1724 1762 1755 attendit.
1787 1725 1872 1764 Ergo
1897 1725 2066 1755 satisfactio
2082 1724 2150 1756 n‘on
2167 1732 2213 1756 est
2228 1732 2317 1757 actus
2339 1728 2472 1758 virtutis.

1510 1779 1539 1799 2.
1564 1769 1760 1804 PRAETEREA,
1785 1769 1890 1799 omnis
1913 1774 2001 1800 actus
2025 1770 2147 1800 virtutis
2163 1776 2210 1800 est
2224 1771 2432 1802 voluntarius.
2457 1771 2519 1803 Sed

1454 1812 1626 1853 aliquando
1657 1812 1693 1843 fit
1723 1813 1818 1843 alicui
1848 1813 2018 1844 satisfactio
2051 1813 2089 1844 de
2121 1814 2229 1854 aliquo
2261 1824 2300 1845 eo
2332 1816 2451 1846 invito:
2485 1822 2520 1846 ut

1454 1856 1584 1898 quando
1608 1857 1723 1897 aliquis
1745 1867 1805 1897 pro
1830 1857 1951 1887 offensa
1973 1858 2007 1888 in
2031 1858 2165 1888 alterum
2189 1860 2359 1890 commissa
2382 1870 2400 1890 a
2414 1860 2519 1891 iudice

1453 1902 1594 1942 punitur.
1618 1902 1704 1942 Ergo
1729 1901 1899 1932 satisfactio
1922 1912 1990 1932 non
2014 1908 2060 1932 est
2082 1903 2205 1933 virtutis
2229 1910 2328 1934 actus.

1510 1946 1539 1976 3.
1565 1946 1767 1982 PnfflrmA,
1796 1945 1975 1976 secundum
2002 1946 2253 1987 Philosophum,
2278 1948 2350 1978 VIII
2372 1947 2476 1979 Ethic.
2493 1951 2519 1985 *‚

1414 2000 1440 2020 40
1455 1990 1487 2020 in
1504 1991 1622 2021 virtute
1645 1991 1746 2021 moris
1762 1991 1947 2031 principale
1970 1996 2017 2021 est
2038 1991 2160 2022 electio.
2185 1991 2248 2022 Sed
2266 1992 2437 2023 satisfactio
2453 2003 2521 2024 non

1454 2034 1490 2064 fit
1505 2044 1562 2075 per
1578 2035 1779 2070 electionem,
1796 2034 1852 2065 sed
1866 2035 1994 2075 respicit
2009 2035 2223 2075 principaliter
2242 2037 2396 2067 exteriora
2412 2047 2519 2077 opera.

1454 2079 1540 2119 Ergo
1564 2088 1632 2109 non
1656 2084 1704 2109 est
1724 2079 1848 2109 virtutis
1871 2084 1970 2109 actus.

1509 2123 1572 2153 San
1596 2132 1734 2159 comma,
1763 2122 1933 2153 satisfactio
1957 2122 1997 2153 ad
2019 2124 2250 2163 poenitentiam
2280 2125 2426 2164 pertinet.
2459 2125 2521 2156 Sed

1454 2168 1652 2208 poenitentia
1676 2172 1722 2197 est
1744 2167 1853 2197 virtus.
1877 2167 1962 2207 Ergo
1986 2167 2157 2198 satisfactio
2174 2174 2221 2198 est
2236 2173 2325 2198 actus
2343 2169 2475 2199 virtutis.

1511 2221 1540 2241 2.
1565 2211 1761 2247 Pium-anna,
1777 2211 1885 2242 nullus
1909 2217 1997 2242 actus
2017 2217 2166 2252 operatur
2182 2212 2221 2242 ad
2237 2212 2431 2243 deletionem
2446 2223 2522 2254 pec—

1455 2256 1516 2286 cati
1538 2256 1599 2286 nisi
1622 2256 1661 2285 sit
1683 2261 1772 2286 actus
1790 2256 1931 2286 virtutis:
1957 2256 2032 2296 quia
2048 2257 2250 2286 contrarium
2273 2257 2451 2288 destruitur
2458 2267 2523 2298 per

1454 2310 1549 2330 suum
1573 2300 1774 2330 contrarium
1790 2301 1816 2330 ⁴&
1845 2299 1908 2330 Sed
1930 2310 1987 2340 per
2010 2300 2257 2331 satisfactionem
2280 2308 2449 2341 peccatum
2472 2308 2522 2333 to-

1455 2345 1557 2375 taliter
1580 2344 1780 2374 annihilatur.
1805 2344 1890 2384 Ergo
1914 2343 2086 2375 satisfactio
2110 2350 2157 2375 est
2179 2345 2302 2375 virtutis
2325 2351 2423 2376 actus.

1510 2389 1699 2418 Rnsrorznno
1731 2398 1891 2418 mmmmm
1926 2388 2015 2428 quod
2046 2389 2159 2429 aliquis
2191 2395 2279 2419 actus
2310 2389 2424 2420 dicitur
2455 2400 2522 2422 esse

1418 2445 1442 2466 50
1456 2438 1544 2463 actus
1567 2433 1691 2463 virtun's
1719 2432 1896 2472 dupliciter.
1929 2433 2003 2463 Uno
2031 2433 2149 2469 modo,
2173 2434 2384 2464 materialiter.
2415 2435 2456 2465 Et
2479 2436 2523 2466 sic

1457 2477 1591 2517 quilibet
1613 2482 1702 2507 actus
1726 2478 1781 2517 qui
1805 2477 1958 2507 malitiam
1981 2486 2049 2507 non
2072 2478 2166 2507 habet
2188 2478 2386 2518 implicitam,
2402 2479 2453 2509 vel
2470 2479 2524 2510 de-

1457 2521 1578 2552 fectum
1602 2521 1725 2551 debitae
1749 2521 2020 2557 circumstantiae,
2045 2527 2133 2552 actus
2157 2522 2280 2552 virtutis
2308 2522 2371 2552 dici
2401 2529 2523 2563 potest,

1457 2567 1534 2606 quia
1556 2565 1702 2606 quolibet
1731 2565 1786 2595 tali
1808 2571 1881 2596 actu
1904 2571 2011 2605 potest
2033 2566 2080 2596 uti
2103 2567 2201 2596 virtus
2223 2567 2257 2596 in
2281 2576 2376 2597 suum
2407 2567 2523 2598 finem:

1457 2611 1540 2641 sicut
1563 2616 1610 2641 est
1633 2610 1806 2646 ambulare,
1830 2610 1931 2650 loqui,
1957 2615 1988 2640 et
2011 2609 2206 2640 huiusmodi.

1512 2655 1587 2685 Alio
1604 2654 1711 2684 modo
1736 2653 1850 2684 dicitur
1873 2659 1963 2684 actus
1986 2654 2100 2694 aliquis
2123 2664 2191 2685 esse
2215 2660 2303 2685 actus
2322 2655 2444 2685 virtutis
2460 2655 2524 2686 for-

1458 2699 1590 2735 maliter,
1611 2699 1686 2739 quia
1708 2699 1742 2728 in
1765 2708 1824 2728 suo
1849 2699 1982 2729 nomine
2005 2698 2142 2729 formam
2169 2704 2201 2729 et
2223 2699 2379 2730 rationem
2402 2700 2525 2730 virtutis

1457 2743 1645 2784 implicitam
1669 2743 1779 2772 habet:
1805 2743 1886 2773 sicut
1909 2742 2031 2773 fortiter
2054 2744 2208 2774 sustinere
2227 2743 2341 2774 dicitur
2356 2749 2444 2774 actus
2461 2743 2525 2774 for-

1458 2787 1611 2818 titudinis.
1635 2787 1783 2817 Formale
1807 2793 1915 2818 autem
1939 2788 2108 2818 cuiuslibet
2125 2788 2248 2818 virtutis
2271 2788 2400 2818 moralis
2416 2794 2462 2818 est
2477 2798 2525 2819 ra-

1457 2833 1503 2862 tio
1519 2831 1627 2862 medii.
1651 2831 1746 2862 Unde
1770 2832 1875 2862 omnis
1898 2837 1986 2862 actus
2002 2833 2058 2872 qui
2074 2833 2231 2862 rationem
2247 2831 2343 2862 medii
2363 2832 2524 2872 importat,

1418 2885 1445 2905 60
1459 2882 1548 2907 actus
1570 2876 1693 2906 virtutis
1723 2875 1898 2906 formaliter
1921 2881 1976 2906 est.
2010 2876 2052 2906 Et
2075 2877 2150 2916 quia
2180 2876 2351 2916 aequalitas
2381 2876 2526 2907 medium

1459 2926 1515 2957 est,
1541 2920 1630 2961 quod
1653 2930 1713 2950 suo
1737 2921 1869 2950 nomine
1893 2920 2063 2951 satisfactio
2087 2922 2254 2960 importat,
2279 2930 2346 2950 non
2370 2921 2456 2950 enirn
2479 2920 2526 2951 di-

1459 2966 1540 2996 citur
1563 2964 1684 3005 aliquid
1705 2964 1908 3006 satisfactum
1927 2966 1987 2995 nisi
2010 2965 2188 2995 secundum
2211 2965 2454 3005 proportionem
2474 2974 2526 2995 ae-

1460 3009 1617 3050 qualitatis
1634 3008 1673 3039 ad
1689 3008 1827 3049 aliquid;
1852 3015 1976 3039 constat
2000 3009 2089 3049 quod
2108 3009 2277 3039 satisfactio
2298 3009 2392 3038 etiam
2407 3008 2526 3039 forma-

1459 3054 1530 3084 liter
1553 3059 1600 3083 est
1624 3058 1712 3083 actus
1735 3054 1868 3083 virtutis.

1515 3098 1566 3128 An
1589 3107 1707 3127 mmm
1729 3107 1812 3127 mmo
1836 3107 1996 3128 nreaunum
2012 3097 2114 3138 quod,
2132 3098 2277 3137 quamvis
2300 3096 2476 3127 satisfacere
2492 3097 2526 3127 in

1460 3152 1494 3172 se
1518 3143 1557 3172 sit
1583 3141 1743 3177 debitum,
1767 3147 1891 3178 tamen,
1920 3143 2112 3183 inquantum
2142 3141 2333 3172 satisfaciens
2361 3141 2525 3171 voluntate

1460 3187 1523 3217 hoc
1540 3195 1623 3226 opus
1639 3186 1815 3226 exequitur,
1833 3186 1989 3216 rationem
2012 3187 2139 3226 gratuiti
2160 3187 2274 3226 accipit
2290 3195 2327 3216 ex
2343 3191 2431 3225 parte
2448 3195 2526 3226 ope-

1461 3231 1573 3260 rantis:
1602 3235 1634 3260 et
1656 3230 1701 3260 sic
1724 3239 1860 3270 operans
1880 3231 1971 3272 facit
1993 3230 2032 3261 de
2055 3231 2241 3261 necessitate
2263 3230 2412 3260 virtutem
2428 3230 2454 3259 “”.
2478 3230 2526 3259 Ex

1461 3276 1524 3305 hoc
1541 3275 1625 3304 enirn
1650 3274 1794 3304 debitum
1818 3274 1995 3305 diminuere
2018 3275 2113 3305 habet
2135 3276 2295 3310 meritum,
2312 3271 2402 3314 quod
2416 3283 2527 3304 neces-

343 3316 544 3348 confessione
566 3317 661 3348 habet
682 3318 742 3348 nisi
765 3328 822 3358 per
845 3318 1002 3349 accidens.
1027 3318 1116 3349 Sicut
1139 3319 1195 3358 qui
1214 3319 1272 3349 scit
1287 3318 1408 3358 aliquid
1421 3331 1448 3352 70
1461 3319 1587 3350 sitatem
1609 3319 1770 3358 importat,
1788 3328 1870 3358 quae
1886 3319 2042 3349 voluntati
2067 3320 2282 3350 contrariatur.
2308 3317 2411 3353 Unde,
2429 3319 2454 3348 si
2469 3327 2527 3348 vo-

341 3370 399 3401 per
421 3360 566 3391 auditum
589 3367 621 3392 et
642 3362 757 3398 visum,
781 3372 850 3393 non
872 3362 990 3393 revelat
1013 3362 1103 3402 quod
1125 3362 1213 3399 vidit,
1229 3372 1287 3403 per
1310 3372 1344 3393 se
1358 3363 1407 3393 lo-

343 3403 484 3445 quendo,
501 3405 527 3434 si
550 3403 633 3436 dicat
655 3415 688 3436 se
711 3405 883 3437 audivisse:
908 3406 964 3437 sed
987 3416 1045 3447 per
1068 3406 1224 3443 accidens,
1241 3407 1316 3447 quia
1332 3407 1408 3438 dicit

343 3448 488 3479 auditum
511 3449 564 3479 cui
587 3449 701 3480 accidit
715 3451 819 3481 visum
843 3460 920 3482 esse.
944 3451 986 3482 Et
1000 3450 1074 3482 ideo
1090 3451 1159 3481 talis
1175 3451 1313 3491 sigillum
1330 3461 1407 3482 con-

342 3493 490 3524 fessionis
512 3501 580 3523 non
603 3492 727 3533 frangit.

1461 3364 1566 3394 luntas
1588 3363 1767 3393 necessitati
1790 3363 1977 3399 consentiat,
2001 3373 2069 3394 non
2092 3364 2171 3393 ratio
2195 3363 2298 3393 meriti
2321 3362 2459 3392 tolletur.

1517 3407 1568 3437 Ar>
1592 3417 1754 3437 SECUNDUM
1776 3417 1936 3437 memnon
1959 3407 2049 3448 quod
2072 3414 2160 3438 actus
2175 3407 2298 3437 virtutis
2314 3416 2381 3436 non
2397 3407 2527 3446 requirit

1462 3451 1679 3482 voluntarium
1702 3452 1736 3481 in
1760 3461 1799 3481 eo
1824 3452 1880 3491 qui
1902 3452 2029 3492 patitur,
2054 3451 2109 3482 sed
2132 3453 2164 3482 in
2188 3461 2228 3482 eo
2252 3452 2307 3491 qui
2331 3450 2423 3480 facit:
2453 3451 2527 3490 quia

1462 3496 1546 3526 illius
1565 3501 1653 3526 actus
1669 3501 1725 3525 est.
1749 3496 1790 3525 Et
1805 3495 1890 3532 ideo,
1908 3505 1983 3526 cum
1998 3496 2050 3526 ille
2067 3497 2100 3526 in
2117 3505 2214 3536 quem
2238 3495 2333 3526 iudex
2355 3494 2527 3525 vindictam

397 3537 449 3567 An
466 3547 628 3567 secuuntur
645 3547 804 3569 mensumn
821 3539 910 3579 quod
924 3549 993 3570 non
1009 3539 1167 3579 obligatur
1182 3539 1314 3571 audiens
1330 3550 1407 3570 con—
1422 3551 1446 3571 75
1463 3546 1603 3575 exercet,
1628 3549 1661 3570 se
1684 3540 1798 3570 habeat
1828 3546 1863 3570 ut
1893 3541 2015 3580 patiens
2045 3539 2084 3570 ad
2115 3539 2377 3574 satisfactionem,
2402 3548 2468 3568 non
2491 3543 2527 3568 ut

485 3598 596 3623 Sume
614 3597 716 3623 Taum„
731 3599 762 3624 D.
774 3598 890 3624 Tamus:
908 3599 941 3625 T.
960 3600 1002 3625 IX.

2352 3600 2385 3630 4*

2541 675 2551 684 '
2569 674 2604 694 De
2624 673 2682 701 Reg.
2703 675 2752 696 lur.

2542 699 2569 719 (V
2579 699 2708 727 θητεῖαι),
2716 700 2751 722 tit.

2542 732 2622 773 {aa
2639 726 2753 780 ἐξεμεῖς

2543 785 2573 803 ix,
2589 785 2646 800 vers.
2662 786 2698 805 4¹.

2543 1073 2553 1082 ·
2560 1071 2595 1093 et.
2602 1072 2754 1099 qu.1,1ntrod.

2542 1161 2552 1171 ·
2567 1160 2614 1187 Qu.
2630 1165 2678 1181 xm.

2542 1201 2552 1210 ·
2568 1199 2615 1252 (ξι
2631 1204 2675 1220 xiv.

2543 1227 2564 1237 ··
2604 1231 2627 1247 u.
2641 1232 2679 1247 xv.

2549 1953 2678 2000 ‘Calpsnn
2686 1958 2707 1974 n.
2717 1960 2760 1974 ιι.-

2549 1979 2572 2001 S.
2609 1979 2632 2001 h.
2647 1980 2697 2000 lect.
2708 1985 2759 2000 xm.

2550 2308 2560 2319 ·
2565 2307 2662 2328 Aristot.
2669 2306 2762 2334 Phyxia.

2548 2333 2762 2360 lib.V111,cap.v1n,

2550 2366 2573 2382 n.
2598 2367 2616 2382 1.
2639 2371 2649 2376 -
2670 2359 2694 2381 S.
2716 2359 2762 2381 Th.

2550 2387 2601 2408 lect.
2615 2392 2662 2408 ππ.

2554 3235 2564 3245 ·
2578 3234 2641 3255 Hier.
2652 3233 2669 3254 E
2689 3249 2694 3254 .
2705 3232 2765 3259 LIV,

2555 3260 2654 3287 al.x,ad
2680 3260 2764 3281 uriam.
