<?xml version="1.0" encoding="UTF-8"?>
<!DOCTYPE html PUBLIC "-//W3C//DTD XHTML 1.0 Transitional//EN"
    "http://www.w3.org/TR/xhtml1/DTD/xhtml1-transitional.dtd">
<html xmlns="http://www.w3.org/1999/xhtml" xml:lang="en" lang="en">
 <head>
  <title>
</title>
<meta http-equiv="Content-Type" content="text/html;charset=utf-8" />
  <meta name='ocr-system' content='tesseract 3.04.00' />
  <meta name='ocr-capabilities' content='ocr_page ocr_carea ocr_par ocr_line ocrx_word'/>
</head>
<body>
  <div class='ocr_page' id='page_1' title='image "./operaomniaiussui12thom_0158.png"; bbox 0 0 2918 4088; ppageno 0'>
   <div class='ocr_carea' id='block_1_1' title="bbox 185 268 395 322">
    <p class='ocr_par' dir='ltr' id='par_1_1' title="bbox 185 268 395 322">
     <span class='ocr_line' id='line_1_1' title="bbox 186 268 395 294; baseline -0.01 -4"><span class='ocrx_word' id='word_1_1' title='bbox 186 271 197 281; x_wconf 81' lang='lat'>&#39;¹</span> <span class='ocrx_word' id='word_1_2' title='bbox 218 269 253 290; x_wconf 86' lang='lat' dir='ltr'>De</span> <span class='ocrx_word' id='word_1_3' title='bbox 275 268 395 294; x_wconf 60' lang='lat' dir='ltr'>Sacram„</span> 
     </span>
     <span class='ocr_line' id='line_1_2' title="bbox 185 295 395 322; baseline -0.01 -5"><span class='ocrx_word' id='word_1_4' title='bbox 185 296 224 317; x_wconf 88' lang='lat' dir='ltr'>lib.</span> <span class='ocrx_word' id='word_1_5' title='bbox 240 295 268 322; x_wconf 84' lang='lat'>11,</span> <span class='ocrx_word' id='word_1_6' title='bbox 284 298 342 322; x_wconf 84' lang='lat' dir='ltr'>part.</span> <span class='ocrx_word' id='word_1_7' title='bbox 357 300 395 320; x_wconf 83' lang='lat' dir='ltr'>vn,</span> 
     </span>
    </p>
   </div>
   <div class='ocr_carea' id='block_1_2' title="bbox 186 328 270 349">
    <p class='ocr_par' dir='ltr' id='par_1_2' title="bbox 186 328 270 349">
     <span class='ocr_line' id='line_1_3' title="bbox 186 328 270 349; baseline 0 -6"><span class='ocrx_word' id='word_1_8' title='bbox 186 328 237 349; x_wconf 81' lang='lat' dir='ltr'>cap.</span> <span class='ocrx_word' id='word_1_9' title='bbox 250 328 270 349; x_wconf 83' lang='lat'>3.</span> 
     </span>
    </p>
   </div>
   <div class='ocr_carea' id='block_1_3' title="bbox 189 1926 399 1954">
    <p class='ocr_par' dir='ltr' id='par_1_3' title="bbox 189 1926 399 1954">
     <span class='ocr_line' id='line_1_4' title="bbox 189 1926 399 1954; baseline 0 -6"><span class='ocrx_word' id='word_1_10' title='bbox 189 1930 197 1937; x_wconf 97' lang='grc'><em>“</em></span> <span class='ocrx_word' id='word_1_11' title='bbox 207 1926 256 1948; x_wconf 88' lang='lat' dir='ltr'>Lib.</span> <span class='ocrx_word' id='word_1_12' title='bbox 263 1927 337 1954; x_wconf 72' lang='lat' dir='ltr'>Leap.</span> <span class='ocrx_word' id='word_1_13' title='bbox 345 1933 399 1948; x_wconf 84' lang='lat' dir='ltr'>xxx.</span> 
     </span>
    </p>
   </div>
   <div class='ocr_carea' id='block_1_4' title="bbox 189 2086 337 2112">
    <p class='ocr_par' dir='ltr' id='par_1_4' title="bbox 189 2086 337 2112">
     <span class='ocr_line' id='line_1_5' title="bbox 189 2086 337 2112; baseline 0 -5"><span class='ocrx_word' id='word_1_14' title='bbox 189 2086 200 2097; x_wconf 69' lang='lat'><strong>⁹</strong></span> <span class='ocrx_word' id='word_1_15' title='bbox 214 2086 264 2107; x_wconf 84' lang='lat' dir='ltr'>Art.</span> <span class='ocrx_word' id='word_1_16' title='bbox 282 2092 300 2112; x_wconf 83' lang='grc' dir='ltr'>ι,</span> <span class='ocrx_word' id='word_1_17' title='bbox 314 2092 337 2111; x_wconf 88' lang='lat'>4.</span> 
     </span>
    </p>
   </div>
   <div class='ocr_carea' id='block_1_5' title="bbox 429 186 500 234">
    <p class='ocr_par' dir='ltr' id='par_1_5' title="bbox 429 186 500 234">
     <span class='ocr_line' id='line_1_6' title="bbox 429 186 500 234; baseline 0.014 -11"><span class='ocrx_word' id='word_1_18' title='bbox 429 186 500 234; x_wconf 87' lang='lat'>134</span> 
     </span>
    </p>
   </div>
   <div class='ocr_carea' id='block_1_6' title="bbox 1052 176 1961 231">
    <p class='ocr_par' dir='ltr' id='par_1_6' title="bbox 1052 176 1961 231">
     <span class='ocr_line' id='line_1_7' title="bbox 1052 176 1961 231; baseline -0.011 -10"><span class='ocrx_word' id='word_1_19' title='bbox 1052 182 1314 231; x_wconf 79' lang='lat' dir='ltr'>QUAEsTlo</span> <span class='ocrx_word' id='word_1_20' title='bbox 1343 181 1498 226; x_wconf 77' lang='lat' dir='ltr'>Lxxu,</span> <span class='ocrx_word' id='word_1_21' title='bbox 1528 176 1819 214; x_wconf 84' lang='lat' dir='ltr'><strong>ARTICULUS</strong></span> <span class='ocrx_word' id='word_1_22' title='bbox 1847 176 1961 222; x_wconf 86' lang='lat' dir='ltr'>1x‚x</span> 
     </span>
    </p>
   </div>
   <div class='ocr_carea' id='block_1_7' title="bbox 423 254 2600 525">
    <p class='ocr_par' dir='ltr' id='par_1_7' title="bbox 423 254 2600 525">
     <span class='ocr_line' id='line_1_8' title="bbox 425 254 2599 315; baseline -0.005 -13"><span class='ocrx_word' id='word_1_23' title='bbox 425 273 527 302; x_wconf 86' lang='lat' dir='ltr'>ctore</span> <span class='ocrx_word' id='word_1_24' title='bbox 556 264 644 302; x_wconf 90' lang='lat' dir='ltr'>dicit</span> <span class='ocrx_word' id='word_1_25' title='bbox 662 265 700 302; x_wconf 73' lang='grc' dir='ltr'>*τ</span> <span class='ocrx_word' id='word_1_26' title='bbox 736 265 895 302; x_wconf 86' lang='lat' dir='ltr'><em>Omnino</em></span> <span class='ocrx_word' id='word_1_27' title='bbox 913 263 1158 313; x_wconf 81' lang='lat' dir='ltr'>periculosum</span> <span class='ocrx_word' id='word_1_28' title='bbox 1178 266 1278 306; x_wconf 79' lang='lat' dir='ltr'>esset,</span> <span class='ocrx_word' id='word_1_29' title='bbox 1298 261 1330 296; x_wconf 85' lang='lat' dir='ltr'>si</span> <span class='ocrx_word' id='word_1_30' title='bbox 1347 261 1393 295; x_wconf 86' lang='lat' dir='ltr'>ab</span> <span class='ocrx_word' id='word_1_31' title='bbox 1413 258 1483 294; x_wconf 86' lang='lat' dir='ltr'>hac</span> <span class='ocrx_word' id='word_1_32' title='bbox 1538 255 1635 292; x_wconf 90' lang='lat' dir='ltr'>riam</span> <span class='ocrx_word' id='word_1_33' title='bbox 1663 262 1973 313; x_wconf 82' lang='lat' dir='ltr'>consequuntur,</span> <span class='ocrx_word' id='word_1_34' title='bbox 2010 254 2105 314; x_wconf 79' lang='lat' dir='ltr'>sicut</span> <span class='ocrx_word' id='word_1_35' title='bbox 2133 263 2169 292; x_wconf 87' lang='lat' dir='ltr'>et</span> <span class='ocrx_word' id='word_1_36' title='bbox 2196 255 2258 292; x_wconf 90' lang='lat' dir='ltr'>hic</span> <span class='ocrx_word' id='word_1_37' title='bbox 2286 255 2599 315; x_wconf 38' lang='lat' dir='ltr'>maiorem-obti-</span> 
     </span>
     <span class='ocr_line' id='line_1_9' title="bbox 423 308 2600 367; baseline -0.005 -11"><span class='ocrx_word' id='word_1_38' title='bbox 423 320 497 356; x_wconf 79' lang='lat' dir='ltr'>vita</span> <span class='ocrx_word' id='word_1_39' title='bbox 524 319 603 355; x_wconf 79' lang='lat' dir='ltr'>sine</span> <span class='ocrx_word' id='word_1_40' title='bbox 630 319 912 366; x_wconf 86' lang='lat' dir='ltr'>confirmatione</span> <span class='ocrx_word' id='word_1_41' title='bbox 939 317 1108 365; x_wconf 81' lang='lat' dir='ltr'>migrare</span> <span class='ocrx_word' id='word_1_42' title='bbox 1126 315 1376 361; x_wconf 73' lang='lat' dir='ltr'>contingeret.-</span> <span class='ocrx_word' id='word_1_43' title='bbox 1403 321 1482 346; x_wconf 91' lang='lat' dir='ltr'>non</span> <span class='ocrx_word' id='word_1_44' title='bbox 1538 315 1629 344; x_wconf 89' lang='lat' dir='ltr'>nent</span> <span class='ocrx_word' id='word_1_45' title='bbox 1660 315 1829 355; x_wconf 81' lang='lat' dir='ltr'>gratiam.</span> <span class='ocrx_word' id='word_1_46' title='bbox 1859 329 1884 333; x_wconf 90' lang='lat'>—</span> <span class='ocrx_word' id='word_1_47' title='bbox 1912 308 2127 344; x_wconf 80' lang='lat' dir='ltr'>Auctorltas</span> <span class='ocrx_word' id='word_1_48' title='bbox 2155 316 2285 367; x_wconf 71' lang='lat' dir='ltr'>autern</span> <span class='ocrx_word' id='word_1_49' title='bbox 2304 308 2365 345; x_wconf 91' lang='lat' dir='ltr'>illa</span> <span class='ocrx_word' id='word_1_50' title='bbox 2384 308 2600 357; x_wconf 77' lang='lat' dir='ltr'>intelligitur</span> 
     </span>
     <span class='ocr_line' id='line_1_10' title="bbox 425 360 2599 420; baseline -0.005 -12"><span class='ocrx_word' id='word_1_51' title='bbox 425 370 516 420; x_wconf 92' lang='lat' dir='ltr'>quia</span> <span class='ocrx_word' id='word_1_52' title='bbox 535 371 791 416; x_wconf 78' lang='lat' dir='ltr'>damnaretur,</span> <span class='ocrx_word' id='word_1_53' title='bbox 813 369 884 406; x_wconf 88' lang='lat' dir='ltr'>nisi</span> <span class='ocrx_word' id='word_1_54' title='bbox 902 369 996 406; x_wconf 85' lang='lat' dir='ltr'>forte</span> <span class='ocrx_word' id='word_1_55' title='bbox 1015 379 1084 416; x_wconf 88' lang='lat' dir='ltr'>per</span> <span class='ocrx_word' id='word_1_56' title='bbox 1103 371 1386 413; x_wconf 89' lang='lat' dir='ltr'>contemptum;</span> <span class='ocrx_word' id='word_1_57' title='bbox 1417 361 1482 397; x_wconf 87' lang='lat' dir='ltr'>sed</span> <span class='ocrx_word' id='word_1_58' title='bbox 1538 367 1728 418; x_wconf 78' lang='lat' dir='ltr'>quantum</span> <span class='ocrx_word' id='word_1_59' title='bbox 1756 360 1804 396; x_wconf 88' lang='lat' dir='ltr'>ad</span> <span class='ocrx_word' id='word_1_60' title='bbox 1833 361 1920 405; x_wconf 90' lang='lat' dir='ltr'>hoc,</span> <span class='ocrx_word' id='word_1_61' title='bbox 1950 360 2057 408; x_wconf 93' lang='lat' dir='ltr'>quod</span> <span class='ocrx_word' id='word_1_62' title='bbox 2085 368 2279 397; x_wconf 89' lang='lat' dir='ltr'>mor1tur1s</span> <span class='ocrx_word' id='word_1_63' title='bbox 2299 373 2379 420; x_wconf 82' lang='lat' dir='ltr'>non</span> <span class='ocrx_word' id='word_1_64' title='bbox 2398 368 2453 398; x_wconf 91' lang='lat' dir='ltr'>est</span> <span class='ocrx_word' id='word_1_65' title='bbox 2472 373 2599 399; x_wconf 90' lang='lat' dir='ltr'>neces-</span> 
     </span>
     <span class='ocr_line' id='line_1_11' title="bbox 426 413 2599 473; baseline -0.005 -13"><span class='ocrx_word' id='word_1_66' title='bbox 426 423 516 473; x_wconf 88' lang='lat' dir='ltr'>quia</span> <span class='ocrx_word' id='word_1_67' title='bbox 544 423 817 460; x_wconf 88' lang='lat' dir='ltr'>detrimentum</span> <span class='ocrx_word' id='word_1_68' title='bbox 853 419 1092 471; x_wconf 88' lang='lat' dir='ltr'>perfectionis</span> <span class='ocrx_word' id='word_1_69' title='bbox 1126 424 1328 467; x_wconf 88' lang='lat' dir='ltr'>pateretur.</span> <span class='ocrx_word' id='word_1_70' title='bbox 1372 414 1483 451; x_wconf 85' lang='lat' dir='ltr'><strong>Unde</strong></span> <span class='ocrx_word' id='word_1_71' title='bbox 1537 424 1678 448; x_wconf 81' lang='lat' dir='ltr'>sarium</span> <span class='ocrx_word' id='word_1_72' title='bbox 1709 413 1785 449; x_wconf 93' lang='lat' dir='ltr'>hoc</span> <span class='ocrx_word' id='word_1_73' title='bbox 1806 420 2090 471; x_wconf 72' lang='lat' dir='ltr'>sacramentum</span> <span class='ocrx_word' id='word_1_74' title='bbox 2118 421 2275 462; x_wconf 91' lang='lat' dir='ltr'>propter</span> <span class='ocrx_word' id='word_1_75' title='bbox 2292 415 2509 463; x_wconf 81' lang='lat' dir='ltr'>periculum</span> <span class='ocrx_word' id='word_1_76' title='bbox 2527 426 2599 463; x_wconf 89' lang='lat' dir='ltr'>pu-</span> 
     </span>
     <span class='ocr_line' id='line_1_12' title="bbox 426 467 1884 525; baseline -0.009 -11"><span class='ocrx_word' id='word_1_77' title='bbox 426 476 541 514; x_wconf 87' lang='lat' dir='ltr'>etiam</span> <span class='ocrx_word' id='word_1_78' title='bbox 568 476 678 525; x_wconf 91' lang='lat' dir='ltr'>pueri</span> <span class='ocrx_word' id='word_1_79' title='bbox 702 474 916 513; x_wconf 88' lang='lat' dir='ltr'>confirmati</span> <span class='ocrx_word' id='word_1_80' title='bbox 945 472 1170 510; x_wconf 86' lang='lat' dir='ltr'>decedentes</span> <span class='ocrx_word' id='word_1_81' title='bbox 1198 468 1386 505; x_wconf 82' lang='lat' dir='ltr'>maiorem</span> <span class='ocrx_word' id='word_1_82' title='bbox 1406 467 1483 514; x_wconf 85' lang='lat' dir='ltr'>glo·</span> <span class='ocrx_word' id='word_1_83' title='bbox 1538 477 1634 513; x_wconf 88' lang='lat' dir='ltr'>gnae</span> <span class='ocrx_word' id='word_1_84' title='bbox 1663 473 1884 513; x_wconf 83' lang='lat' dir='ltr'>praesentis.</span> 
     </span>
    </p>
   </div>
   <div class='ocr_carea' id='block_1_8' title="bbox 748 618 2276 751">
    <p class='ocr_par' dir='ltr' id='par_1_8' title="bbox 748 618 2276 751">
     <span class='ocr_line' id='line_1_13' title="bbox 1176 618 1842 663; baseline -0.005 -1"><span class='ocrx_word' id='word_1_85' title='bbox 1176 618 1565 663; x_wconf 88' lang='lat' dir='ltr'>ARTICULUS</span> <span class='ocrx_word' id='word_1_86' title='bbox 1602 618 1842 660; x_wconf 90' lang='lat' dir='ltr'>NONUS</span> 
     </span>
     <span class='ocr_line' id='line_1_14' title="bbox 748 710 2276 751; baseline -0.005 0"><span class='ocrx_word' id='word_1_87' title='bbox 748 718 903 751; x_wconf 87' lang='lat' dir='ltr'>UTRUM</span> <span class='ocrx_word' id='word_1_88' title='bbox 926 716 1019 747; x_wconf 84' lang='lat' dir='ltr'>Hoc</span> <span class='ocrx_word' id='word_1_89' title='bbox 1043 712 1376 746; x_wconf 82' lang='lat' dir='ltr'><strong>SACRAMENTUM</strong></span> <span class='ocrx_word' id='word_1_90' title='bbox 1400 711 1467 742; x_wconf 76' lang='lat' dir='ltr'>srr</span> <span class='ocrx_word' id='word_1_91' title='bbox 1491 710 1825 742; x_wconf 85' lang='lat' dir='ltr'>CONFERENDUM</span> <span class='ocrx_word' id='word_1_92' title='bbox 1847 711 2007 742; x_wconf 87' lang='lat' dir='ltr'>HOMINI</span> <span class='ocrx_word' id='word_1_93' title='bbox 2031 712 2074 742; x_wconf 87' lang='lat' dir='ltr'>IN</span> <span class='ocrx_word' id='word_1_94' title='bbox 2098 711 2276 743; x_wconf 87' lang='lat' dir='ltr'><strong>FRONTE</strong></span> 
     </span>
    </p>
   </div>
   <div class='ocr_carea' id='block_1_9' title="bbox 690 788 2344 857">
    <p class='ocr_par' dir='ltr' id='par_1_9' title="bbox 690 788 2344 857">
     <span class='ocr_line' id='line_1_15' title="bbox 690 788 2344 830; baseline -0.005 -5"><span class='ocrx_word' id='word_1_95' title='bbox 690 800 763 830; x_wconf 81' lang='lat' dir='ltr'>Infra,</span> <span class='ocrx_word' id='word_1_96' title='bbox 783 804 828 823; x_wconf 83' lang='lat' dir='ltr'>art.</span> <span class='ocrx_word' id='word_1_97' title='bbox 850 804 890 826; x_wconf 84' lang='lat'>11,</span> <span class='ocrx_word' id='word_1_98' title='bbox 909 797 939 820; x_wconf 85' lang='lat' dir='ltr'>ad</span> <span class='ocrx_word' id='word_1_99' title='bbox 960 794 987 825; x_wconf 83' lang='lat'>3;</span> <span class='ocrx_word' id='word_1_100' title='bbox 1007 794 1040 818; x_wconf 94' lang='lat' dir='ltr'>IV</span> <span class='ocrx_word' id='word_1_101' title='bbox 1060 793 1142 821; x_wconf 74' lang='lat' dir='ltr'>Sent„</span> <span class='ocrx_word' id='word_1_102' title='bbox 1163 792 1220 816; x_wconf 88' lang='lat' dir='ltr'>dist.</span> <span class='ocrx_word' id='word_1_103' title='bbox 1239 798 1283 818; x_wconf 85' lang='lat' dir='ltr'>vu.</span> <span class='ocrx_word' id='word_1_104' title='bbox 1303 798 1346 822; x_wconf 88' lang='lat' dir='ltr'>qu.</span> <span class='ocrx_word' id='word_1_105' title='bbox 1366 797 1403 821; x_wconf 82' lang='lat'>111,</span> <span class='ocrx_word' id='word_1_106' title='bbox 1423 795 1469 815; x_wconf 81' lang='lat' dir='ltr'>art.</span> <span class='ocrx_word' id='word_1_107' title='bbox 1490 788 1514 818; x_wconf 84' lang='lat'>3,</span> <span class='ocrx_word' id='word_1_108' title='bbox 1534 789 1583 821; x_wconf 75' lang='lat' dir='ltr'>qu⁸</span> <span class='ocrx_word' id='word_1_109' title='bbox 1605 796 1634 820; x_wconf 85' lang='lat'>2;</span> <span class='ocrx_word' id='word_1_110' title='bbox 1653 789 1687 814; x_wconf 91' lang='lat' dir='ltr'>1v</span> <span class='ocrx_word' id='word_1_111' title='bbox 1708 790 1785 814; x_wconf 83' lang='lat' dir='ltr'>Cont.</span> <span class='ocrx_word' id='word_1_112' title='bbox 1806 791 1893 819; x_wconf 75' lang='lat' dir='ltr'>Gent„</span> <span class='ocrx_word' id='word_1_113' title='bbox 1913 798 1968 824; x_wconf 83' lang='lat' dir='ltr'>cap.</span> <span class='ocrx_word' id='word_1_114' title='bbox 1987 799 2033 822; x_wconf 58' lang='grc' dir='ltr'>ιη</span> <span class='ocrx_word' id='word_1_115' title='bbox 2054 791 2150 822; x_wconf 87' lang='lat' dir='ltr'>Quodl.</span> <span class='ocrx_word' id='word_1_116' title='bbox 2169 792 2211 823; x_wconf 89' lang='lat' dir='ltr'>XI,</span> <span class='ocrx_word' id='word_1_117' title='bbox 2230 800 2274 825; x_wconf 89' lang='lat' dir='ltr'>qu.</span> <span class='ocrx_word' id='word_1_118' title='bbox 2293 800 2344 822; x_wconf 85' lang='lat' dir='ltr'>vn;</span> 
     </span>
     <span class='ocr_line' id='line_1_16' title="bbox 1199 825 1825 857; baseline -0.002 -6"><span class='ocrx_word' id='word_1_119' title='bbox 1199 827 1243 851; x_wconf 81' lang='lat' dir='ltr'>Ad</span> <span class='ocrx_word' id='word_1_120' title='bbox 1261 826 1348 854; x_wconf 70' lang='lat' dir='ltr'>Rom„</span> <span class='ocrx_word' id='word_1_121' title='bbox 1367 833 1423 857; x_wconf 82' lang='lat' dir='ltr'>cap.</span> <span class='ocrx_word' id='word_1_122' title='bbox 1442 833 1459 856; x_wconf 90' lang='lat'>1,</span> <span class='ocrx_word' id='word_1_123' title='bbox 1479 825 1538 850; x_wconf 82' lang='lat' dir='ltr'>lect.</span> <span class='ocrx_word' id='word_1_124' title='bbox 1556 831 1584 854; x_wconf 89' lang='lat' dir='ltr'>v;</span> <span class='ocrx_word' id='word_1_125' title='bbox 1604 832 1659 857; x_wconf 86' lang='lat' dir='ltr'>cap.</span> <span class='ocrx_word' id='word_1_126' title='bbox 1678 833 1702 856; x_wconf 85' lang='lat' dir='ltr'>x,</span> <span class='ocrx_word' id='word_1_127' title='bbox 1721 826 1778 851; x_wconf 87' lang='lat' dir='ltr'>lect.</span> <span class='ocrx_word' id='word_1_128' title='bbox 1797 833 1825 850; x_wconf 86' lang='lat' dir='ltr'>u.</span> 
     </span>
    </p>
   </div>
   <div class='ocr_carea' id='block_1_10' title="bbox 459 905 1485 1116">
    <p class='ocr_par' dir='ltr' id='par_1_10' title="bbox 459 905 1485 1116">
     <span class='ocr_line' id='line_1_17' title="bbox 491 905 1485 957; baseline -0.012 -4"><span class='ocrx_word' id='word_1_129' title='bbox 491 944 503 951; x_wconf 56' lang='lat'>.</span> <span class='ocrx_word' id='word_1_130' title='bbox 555 939 588 957; x_wconf 53' lang='lat' dir='ltr'><em>s</em></span> <span class='ocrx_word' id='word_1_131' title='bbox 636 929 658 952; x_wconf 90' lang='lat' dir='ltr'>D</span> <span class='ocrx_word' id='word_1_132' title='bbox 687 925 812 951; x_wconf 86' lang='lat' dir='ltr'>NONUM</span> <span class='ocrx_word' id='word_1_133' title='bbox 841 923 892 948; x_wconf 75' lang='lat' dir='ltr'>sm</span> <span class='ocrx_word' id='word_1_134' title='bbox 921 920 1156 946; x_wconf 77' lang='lat' dir='ltr'>PROCEDtTUR.</span> <span class='ocrx_word' id='word_1_135' title='bbox 1191 906 1351 943; x_wconf 87' lang='lat' dir='ltr'>Videtur</span> <span class='ocrx_word' id='word_1_136' title='bbox 1378 905 1485 954; x_wconf 91' lang='lat' dir='ltr'>quod</span> 
     </span>
     <span class='ocr_line' id='line_1_18' title="bbox 543 954 1485 1004; baseline -0.012 1.061"><span class='ocrx_word' id='word_1_137' title='bbox 543 954 615 1002; x_wconf 35' lang='lat'>⁸²⁷³:</span> <span class='ocrx_word' id='word_1_138' title='bbox 637 970 712 1004; x_wconf 92' lang='lat' dir='ltr'>hoc</span> <span class='ocrx_word' id='word_1_139' title='bbox 755 970 1037 1002; x_wconf 85' lang='lat' dir='ltr'>sacramentum</span> <span class='ocrx_word' id='word_1_140' title='bbox 1074 972 1154 997; x_wconf 92' lang='lat' dir='ltr'>non</span> <span class='ocrx_word' id='word_1_141' title='bbox 1200 960 1245 996; x_wconf 90' lang='lat' dir='ltr'>sit</span> <span class='ocrx_word' id='word_1_142' title='bbox 1289 959 1485 996; x_wconf 90' lang='lat' dir='ltr'>conferen-</span> 
     </span>
     <span class='ocr_line' id='line_1_19' title="bbox 459 1011 1485 1071; baseline -0.01 -13"><span class='ocrx_word' id='word_1_143' title='bbox 459 1025 555 1071; x_wconf 54' lang='lat' dir='ltr'>„Vh-V</span> <span class='ocrx_word' id='word_1_144' title='bbox 582 1018 733 1062; x_wconf 64' lang='lat' dir='ltr'>(dum</span> <span class='ocrx_word' id='word_1_145' title='bbox 761 1016 910 1054; x_wconf 90' lang='lat' dir='ltr'>homini</span> <span class='ocrx_word' id='word_1_146' title='bbox 938 1015 977 1052; x_wconf 90' lang='lat' dir='ltr'>in</span> <span class='ocrx_word' id='word_1_147' title='bbox 1005 1015 1139 1051; x_wconf 88' lang='lat' dir='ltr'>fronte.</span> <span class='ocrx_word' id='word_1_148' title='bbox 1176 1013 1263 1050; x_wconf 93' lang='lat' dir='ltr'>Hoc</span> <span class='ocrx_word' id='word_1_149' title='bbox 1291 1011 1395 1049; x_wconf 90' lang='lat' dir='ltr'>enim</span> <span class='ocrx_word' id='word_1_150' title='bbox 1428 1023 1485 1048; x_wconf 90' lang='lat' dir='ltr'>sa-</span> 
     </span>
     <span class='ocr_line' id='line_1_20' title="bbox 481 1051 1483 1116; baseline -0.008 -8"><span class='ocrx_word' id='word_1_151' title='bbox 481 1051 877 1109; x_wconf 42' lang='lat' dir='ltr'>N-hcramentum</span> <span class='ocrx_word' id='word_1_152' title='bbox 919 1076 974 1105; x_wconf 91' lang='lat' dir='ltr'>est</span> <span class='ocrx_word' id='word_1_153' title='bbox 1001 1066 1253 1116; x_wconf 83' lang='lat' dir='ltr'>perfectivum</span> <span class='ocrx_word' id='word_1_154' title='bbox 1285 1064 1483 1114; x_wconf 82' lang='lat' dir='ltr'>baptismi,</span> 
     </span>
    </p>
   </div>
   <div class='ocr_carea' id='block_1_11' title="bbox 439 932 625 1091">
    <p class='ocr_par' dir='ltr' id='par_1_11' title="bbox 439 932 625 1091">
     <span class='ocr_line' id='line_1_21' title="bbox 439 932 625 1091; baseline 0 0"><span class='ocrx_word' id='word_1_155' title='bbox 439 932 625 1091; x_wconf 95' lang='lat' dir='ltr'>  </span> 
     </span>
    </p>
   </div>
   <div class='ocr_carea' id='block_1_12' title="bbox 287 1116 1485 1175">
    <p class='ocr_par' dir='ltr' id='par_1_12' title="bbox 287 1116 1485 1175">
     <span class='ocr_line' id='line_1_22' title="bbox 287 1116 1485 1175; baseline -0.009 -11"><span class='ocrx_word' id='word_1_156' title='bbox 287 1143 338 1162; x_wconf 71' lang='lat' dir='ltr'>m,</span> <span class='ocrx_word' id='word_1_157' title='bbox 357 1142 370 1157; x_wconf 72' lang='lat' dir='ltr'><strong>a</strong></span> <span class='ocrx_word' id='word_1_158' title='bbox 393 1151 399 1157; x_wconf 86' lang='lat'><em>-</em></span> <span class='ocrx_word' id='word_1_159' title='bbox 426 1135 468 1164; x_wconf 92' lang='lat' dir='ltr'>ut</span> <span class='ocrx_word' id='word_1_160' title='bbox 496 1137 611 1175; x_wconf 86' lang='lat' dir='ltr'>supra</span> <span class='ocrx_word' id='word_1_161' title='bbox 629 1125 648 1146; x_wconf 65' lang='lat'>²⁸</span> <span class='ocrx_word' id='word_1_162' title='bbox 676 1124 821 1161; x_wconf 92' lang='lat' dir='ltr'>dictum</span> <span class='ocrx_word' id='word_1_163' title='bbox 850 1129 915 1158; x_wconf 89' lang='lat' dir='ltr'>est.</span> <span class='ocrx_word' id='word_1_164' title='bbox 947 1121 1023 1158; x_wconf 88' lang='lat' dir='ltr'>Sed</span> <span class='ocrx_word' id='word_1_165' title='bbox 1052 1126 1337 1157; x_wconf 86' lang='lat' dir='ltr'>sacramentum</span> <span class='ocrx_word' id='word_1_166' title='bbox 1364 1116 1485 1167; x_wconf 88' lang='lat' dir='ltr'>bapti-</span> 
     </span>
    </p>
   </div>
   <div class='ocr_carea' id='block_1_13' title="bbox 426 1171 1486 1269">
    <p class='ocr_par' dir='ltr' id='par_1_13' title="bbox 426 1171 1486 1269">
     <span class='ocr_line' id='line_1_23' title="bbox 427 1171 1485 1221; baseline -0.009 -5"><span class='ocrx_word' id='word_1_167' title='bbox 427 1179 499 1216; x_wconf 90' lang='lat' dir='ltr'>smi</span> <span class='ocrx_word' id='word_1_168' title='bbox 540 1178 732 1215; x_wconf 81' lang='lat' dir='ltr'>confertur</span> <span class='ocrx_word' id='word_1_169' title='bbox 773 1174 922 1212; x_wconf 88' lang='lat' dir='ltr'>homini</span> <span class='ocrx_word' id='word_1_170' title='bbox 963 1174 1002 1210; x_wconf 93' lang='lat' dir='ltr'>in</span> <span class='ocrx_word' id='word_1_171' title='bbox 1038 1180 1119 1210; x_wconf 92' lang='lat' dir='ltr'>toto</span> <span class='ocrx_word' id='word_1_172' title='bbox 1162 1183 1336 1221; x_wconf 88' lang='lat' dir='ltr'>corpore.</span> <span class='ocrx_word' id='word_1_173' title='bbox 1384 1171 1485 1218; x_wconf 88' lang='lat' dir='ltr'>Ergo</span> 
     </span>
     <span class='ocr_line' id='line_1_24' title="bbox 426 1223 1486 1269; baseline -0.009 0"><span class='ocrx_word' id='word_1_174' title='bbox 426 1234 502 1269; x_wconf 92' lang='lat' dir='ltr'>hoc</span> <span class='ocrx_word' id='word_1_175' title='bbox 537 1237 819 1268; x_wconf 88' lang='lat' dir='ltr'>sacramentum</span> <span class='ocrx_word' id='word_1_176' title='bbox 847 1240 927 1265; x_wconf 90' lang='lat' dir='ltr'>non</span> <span class='ocrx_word' id='word_1_177' title='bbox 960 1227 1074 1264; x_wconf 87' lang='lat' dir='ltr'>debet</span> <span class='ocrx_word' id='word_1_178' title='bbox 1101 1225 1263 1263; x_wconf 89' lang='lat' dir='ltr'>conferri</span> <span class='ocrx_word' id='word_1_179' title='bbox 1292 1225 1419 1261; x_wconf 91' lang='lat' dir='ltr'>solum</span> <span class='ocrx_word' id='word_1_180' title='bbox 1447 1223 1486 1260; x_wconf 89' lang='lat' dir='ltr'>in</span> 
     </span>
    </p>
   </div>
   <div class='ocr_carea' id='block_1_14' title="bbox 425 1286 1489 1382">
    <p class='ocr_par' dir='ltr' id='par_1_14' title="bbox 425 1286 1489 1382">
     <span class='ocr_line' id='line_1_25' title="bbox 425 1286 559 1322; baseline -0.015 0"><span class='ocrx_word' id='word_1_181' title='bbox 425 1286 559 1322; x_wconf 86' lang='lat' dir='ltr'>fronte.</span> 
     </span>
     <span class='ocr_line' id='line_1_26' title="bbox 482 1330 1489 1382; baseline -0.008 -8"><span class='ocrx_word' id='word_1_182' title='bbox 482 1349 515 1374; x_wconf 92' lang='lat'>2.</span> <span class='ocrx_word' id='word_1_183' title='bbox 537 1338 767 1382; x_wconf 81' lang='lat' dir='ltr'>PRAETEREA,</span> <span class='ocrx_word' id='word_1_184' title='bbox 786 1335 862 1372; x_wconf 91' lang='lat' dir='ltr'>hoc</span> <span class='ocrx_word' id='word_1_185' title='bbox 876 1340 1160 1371; x_wconf 87' lang='lat' dir='ltr'>sacramentum</span> <span class='ocrx_word' id='word_1_186' title='bbox 1175 1331 1287 1368; x_wconf 86' lang='lat' dir='ltr'>datur</span> <span class='ocrx_word' id='word_1_187' title='bbox 1301 1330 1349 1367; x_wconf 87' lang='lat' dir='ltr'>ad</span> <span class='ocrx_word' id='word_1_188' title='bbox 1369 1330 1489 1367; x_wconf 89' lang='lat' dir='ltr'>robur</span> 
     </span>
    </p>
   </div>
   <div class='ocr_carea' id='block_1_15' title="bbox 368 1383 1488 1485">
    <p class='ocr_par' dir='ltr' id='par_1_15' title="bbox 368 1383 1488 1485">
     <span class='ocr_line' id='line_1_27' title="bbox 368 1383 1487 1444; baseline -0.008 -16"><span class='ocrx_word' id='word_1_189' title='bbox 368 1402 398 1444; x_wconf 73' lang='lat'>¹³</span> <span class='ocrx_word' id='word_1_190' title='bbox 427 1390 630 1440; x_wconf 84' lang='lat' dir='ltr'>spirituale,</span> <span class='ocrx_word' id='word_1_191' title='bbox 659 1396 701 1425; x_wconf 93' lang='lat' dir='ltr'>ut</span> <span class='ocrx_word' id='word_1_192' title='bbox 729 1387 879 1437; x_wconf 76' lang='lat' dir='ltr'>supra*</span> <span class='ocrx_word' id='word_1_193' title='bbox 906 1387 1053 1424; x_wconf 91' lang='lat' dir='ltr'>dictum</span> <span class='ocrx_word' id='word_1_194' title='bbox 1082 1393 1147 1422; x_wconf 90' lang='lat' dir='ltr'>est.</span> <span class='ocrx_word' id='word_1_195' title='bbox 1190 1384 1266 1422; x_wconf 90' lang='lat' dir='ltr'>Sed</span> <span class='ocrx_word' id='word_1_196' title='bbox 1295 1383 1487 1432; x_wconf 86' lang='lat' dir='ltr'>spirituale</span> 
     </span>
     <span class='ocr_line' id='line_1_28' title="bbox 380 1437 1488 1485; baseline -0.008 -4"><span class='ocrx_word' id='word_1_197' title='bbox 380 1438 386 1443; x_wconf 75' lang='grc'><strong>’</strong></span> <span class='ocrx_word' id='word_1_198' title='bbox 426 1444 545 1480; x_wconf 90' lang='lat' dir='ltr'>robur</span> <span class='ocrx_word' id='word_1_199' title='bbox 572 1441 739 1479; x_wconf 87' lang='lat' dir='ltr'>maxime</span> <span class='ocrx_word' id='word_1_200' title='bbox 768 1439 937 1478; x_wconf 87' lang='lat' dir='ltr'>consistit</span> <span class='ocrx_word' id='word_1_201' title='bbox 964 1439 1003 1476; x_wconf 91' lang='lat' dir='ltr'>in</span> <span class='ocrx_word' id='word_1_202' title='bbox 1032 1439 1159 1476; x_wconf 90' lang='lat' dir='ltr'>corde.</span> <span class='ocrx_word' id='word_1_203' title='bbox 1199 1438 1300 1485; x_wconf 89' lang='lat' dir='ltr'>Ergo</span> <span class='ocrx_word' id='word_1_204' title='bbox 1330 1437 1406 1473; x_wconf 94' lang='lat' dir='ltr'>hoc</span> <span class='ocrx_word' id='word_1_205' title='bbox 1433 1448 1488 1473; x_wconf 89' lang='lat' dir='ltr'>sa-</span> 
     </span>
    </p>
   </div>
   <div class='ocr_carea' id='block_1_16' title="bbox 426 1491 1485 1543">
    <p class='ocr_par' dir='ltr' id='par_1_16' title="bbox 426 1491 1485 1543">
     <span class='ocr_line' id='line_1_29' title="bbox 426 1491 1485 1543; baseline -0.008 -10"><span class='ocrx_word' id='word_1_206' title='bbox 426 1503 666 1534; x_wconf 90' lang='lat' dir='ltr'>cramentum</span> <span class='ocrx_word' id='word_1_207' title='bbox 694 1494 814 1543; x_wconf 88' lang='lat' dir='ltr'>magis</span> <span class='ocrx_word' id='word_1_208' title='bbox 834 1494 947 1531; x_wconf 89' lang='lat' dir='ltr'>debet</span> <span class='ocrx_word' id='word_1_209' title='bbox 966 1491 1128 1530; x_wconf 74' lang='lat' dir='ltr'>conferri</span> <span class='ocrx_word' id='word_1_210' title='bbox 1148 1503 1264 1540; x_wconf 88' lang='lat' dir='ltr'>supra</span> <span class='ocrx_word' id='word_1_211' title='bbox 1283 1501 1350 1527; x_wconf 89' lang='lat' dir='ltr'>cor</span> <span class='ocrx_word' id='word_1_212' title='bbox 1368 1502 1485 1539; x_wconf 89' lang='lat' dir='ltr'>quarn</span> 
     </span>
    </p>
   </div>
   <div class='ocr_carea' id='block_1_17' title="bbox 427 1549 1489 1647">
    <p class='ocr_par' dir='ltr' id='par_1_17' title="bbox 427 1549 1489 1647">
     <span class='ocr_line' id='line_1_30' title="bbox 427 1549 627 1586; baseline 0 0"><span class='ocrx_word' id='word_1_213' title='bbox 427 1549 466 1586; x_wconf 91' lang='lat' dir='ltr'>in</span> <span class='ocrx_word' id='word_1_214' title='bbox 493 1550 627 1586; x_wconf 86' lang='lat' dir='ltr'>fronte.</span> 
     </span>
     <span class='ocr_line' id='line_1_31' title="bbox 481 1595 1489 1647; baseline -0.008 -7"><span class='ocrx_word' id='word_1_215' title='bbox 481 1603 515 1639; x_wconf 85' lang='lat'>3.</span> <span class='ocrx_word' id='word_1_216' title='bbox 546 1603 777 1647; x_wconf 79' lang='lat' dir='ltr'>PRAETEREA‚</span> <span class='ocrx_word' id='word_1_217' title='bbox 807 1601 883 1637; x_wconf 93' lang='lat' dir='ltr'>hoc</span> <span class='ocrx_word' id='word_1_218' title='bbox 902 1606 1186 1636; x_wconf 88' lang='lat' dir='ltr'>sacramentum</span> <span class='ocrx_word' id='word_1_219' title='bbox 1206 1597 1319 1634; x_wconf 89' lang='lat' dir='ltr'>datur</span> <span class='ocrx_word' id='word_1_220' title='bbox 1338 1595 1489 1633; x_wconf 92' lang='lat' dir='ltr'>homini</span> 
     </span>
    </p>
   </div>
   <div class='ocr_carea' id='block_1_18' title="bbox 427 1649 1491 2127">
    <p class='ocr_par' dir='ltr' id='par_1_18' title="bbox 427 1649 1489 1864">
     <span class='ocr_line' id='line_1_32' title="bbox 427 1649 1489 1705; baseline -0.008 -12"><span class='ocrx_word' id='word_1_221' title='bbox 427 1656 475 1693; x_wconf 87' lang='lat' dir='ltr'>ad</span> <span class='ocrx_word' id='word_1_222' title='bbox 495 1657 569 1692; x_wconf 91' lang='lat' dir='ltr'>hoc</span> <span class='ocrx_word' id='word_1_223' title='bbox 589 1655 695 1705; x_wconf 90' lang='lat' dir='ltr'>quod</span> <span class='ocrx_word' id='word_1_224' title='bbox 715 1654 831 1691; x_wconf 89' lang='lat' dir='ltr'>libere</span> <span class='ocrx_word' id='word_1_225' title='bbox 850 1653 971 1690; x_wconf 89' lang='lat' dir='ltr'>fidem</span> <span class='ocrx_word' id='word_1_226' title='bbox 992 1651 1131 1689; x_wconf 87' lang='lat' dir='ltr'>Christi</span> <span class='ocrx_word' id='word_1_227' title='bbox 1150 1650 1389 1688; x_wconf 88' lang='lat' dir='ltr'>confiteatur.</span> <span class='ocrx_word' id='word_1_228' title='bbox 1412 1649 1489 1686; x_wconf 91' lang='lat' dir='ltr'>Sed</span> 
     </span>
     <span class='ocr_line' id='line_1_33' title="bbox 427 1702 1486 1761; baseline -0.008 -15"><span class='ocrx_word' id='word_1_229' title='bbox 427 1721 493 1747; x_wconf 89' lang='lat' dir='ltr'>ore</span> <span class='ocrx_word' id='word_1_230' title='bbox 509 1711 559 1757; x_wconf 90' lang='lat' dir='ltr'>fit</span> <span class='ocrx_word' id='word_1_231' title='bbox 586 1709 766 1757; x_wconf 81' lang='lat' dir='ltr'>confessio</span> <span class='ocrx_word' id='word_1_232' title='bbox 795 1707 846 1744; x_wconf 86' lang='lat' dir='ltr'>ad</span> <span class='ocrx_word' id='word_1_233' title='bbox 870 1707 1036 1752; x_wconf 85' lang='lat' dir='ltr'>salutem,</span> <span class='ocrx_word' id='word_1_234' title='bbox 1066 1712 1108 1742; x_wconf 91' lang='lat' dir='ltr'>ut</span> <span class='ocrx_word' id='word_1_235' title='bbox 1136 1703 1273 1741; x_wconf 88' lang='lat' dir='ltr'>dicitur</span> <span class='ocrx_word' id='word_1_236' title='bbox 1290 1704 1442 1761; x_wconf 43' lang='lat' dir='ltr'>Rom3x</span> <span class='ocrx_word' id='word_1_237' title='bbox 1456 1702 1486 1739; x_wconf 69' lang='lat'>²¹².</span> 
     </span>
     <span class='ocr_line' id='line_1_34' title="bbox 427 1755 1489 1810; baseline -0.008 -10"><span class='ocrx_word' id='word_1_238' title='bbox 427 1763 528 1810; x_wconf 88' lang='lat' dir='ltr'>Ergo</span> <span class='ocrx_word' id='word_1_239' title='bbox 548 1763 624 1799; x_wconf 92' lang='lat' dir='ltr'>hoc</span> <span class='ocrx_word' id='word_1_240' title='bbox 638 1767 922 1798; x_wconf 87' lang='lat' dir='ltr'>sacramentum</span> <span class='ocrx_word' id='word_1_241' title='bbox 941 1758 1061 1807; x_wconf 89' lang='lat' dir='ltr'>magis</span> <span class='ocrx_word' id='word_1_242' title='bbox 1080 1757 1194 1794; x_wconf 90' lang='lat' dir='ltr'>debet</span> <span class='ocrx_word' id='word_1_243' title='bbox 1208 1755 1371 1794; x_wconf 87' lang='lat' dir='ltr'>conferri</span> <span class='ocrx_word' id='word_1_244' title='bbox 1390 1767 1489 1792; x_wconf 79' lang='lat' dir='ltr'>circa</span> 
     </span>
     <span class='ocr_line' id='line_1_35' title="bbox 427 1814 846 1864; baseline -0.01 -11"><span class='ocrx_word' id='word_1_245' title='bbox 427 1828 471 1853; x_wconf 90' lang='lat' dir='ltr'>os</span> <span class='ocrx_word' id='word_1_246' title='bbox 500 1827 618 1864; x_wconf 88' lang='lat' dir='ltr'>quam</span> <span class='ocrx_word' id='word_1_247' title='bbox 646 1814 685 1851; x_wconf 90' lang='lat' dir='ltr'>in</span> <span class='ocrx_word' id='word_1_248' title='bbox 712 1815 846 1851; x_wconf 87' lang='lat' dir='ltr'>fronte.</span> 
     </span>
    </p>

    <p class='ocr_par' dir='ltr' id='par_1_19' title="bbox 427 1861 1491 2075">
     <span class='ocr_line' id='line_1_36' title="bbox 481 1861 1489 1915; baseline -0.009 -9"><span class='ocrx_word' id='word_1_249' title='bbox 481 1869 554 1906; x_wconf 78' lang='lat' dir='ltr'>SED</span> <span class='ocrx_word' id='word_1_250' title='bbox 583 1880 726 1905; x_wconf 74' lang='lat' dir='ltr'>CONTRA</span> <span class='ocrx_word' id='word_1_251' title='bbox 750 1879 815 1904; x_wconf 83' lang='lat' dir='ltr'>EST</span> <span class='ocrx_word' id='word_1_252' title='bbox 843 1865 951 1915; x_wconf 89' lang='lat' dir='ltr'>quod</span> <span class='ocrx_word' id='word_1_253' title='bbox 979 1864 1165 1902; x_wconf 89' lang='lat' dir='ltr'>Rabanus</span> <span class='ocrx_word' id='word_1_254' title='bbox 1193 1862 1295 1909; x_wconf 83' lang='lat' dir='ltr'>dicit,</span> <span class='ocrx_word' id='word_1_255' title='bbox 1324 1861 1364 1899; x_wconf 91' lang='lat' dir='ltr'>in</span> <span class='ocrx_word' id='word_1_256' title='bbox 1392 1861 1489 1898; x_wconf 93' lang='lat' dir='ltr'>libro</span> 
     </span>
     <span class='ocr_line' id='line_1_37' title="bbox 427 1916 1491 1968; baseline -0.008 -9"><span class='ocrx_word' id='word_1_257' title='bbox 427 1922 472 1958; x_wconf 86' lang='lat' dir='ltr'>de</span> <span class='ocrx_word' id='word_1_258' title='bbox 489 1923 642 1958; x_wconf 78' lang='lat' dir='ltr'>Institut.</span> <span class='ocrx_word' id='word_1_259' title='bbox 667 1922 798 1958; x_wconf 88' lang='lat' dir='ltr'>Cleric.</span> <span class='ocrx_word' id='word_1_260' title='bbox 819 1919 855 1956; x_wconf 78' lang='lat' dir='ltr'>*t</span> <span class='ocrx_word' id='word_1_261' title='bbox 877 1920 1057 1968; x_wconf 81' lang='lat' dir='ltr'>Signatur</span> <span class='ocrx_word' id='word_1_262' title='bbox 1075 1918 1276 1967; x_wconf 64' lang='lat' dir='ltr'>baptizatus</span> <span class='ocrx_word' id='word_1_263' title='bbox 1294 1916 1491 1952; x_wconf 85' lang='lat' dir='ltr'>chrismate</span> 
     </span>
     <span class='ocr_line' id='line_1_38' title="bbox 427 1969 1489 2023; baseline -0.007 -11"><span class='ocrx_word' id='word_1_264' title='bbox 427 1976 463 2011; x_wconf 87' lang='lat' dir='ltr'>in</span> <span class='ocrx_word' id='word_1_265' title='bbox 492 1976 699 2012; x_wconf 83' lang='lat' dir='ltr'>summitate</span> <span class='ocrx_word' id='word_1_266' title='bbox 726 1975 852 2023; x_wconf 83' lang='lat' dir='ltr'>capitis</span> <span class='ocrx_word' id='word_1_267' title='bbox 874 1984 947 2022; x_wconf 88' lang='lat' dir='ltr'>per</span> <span class='ocrx_word' id='word_1_268' title='bbox 973 1971 1221 2016; x_wconf 85' lang='lat' dir='ltr'>sacerdotem,</span> <span class='ocrx_word' id='word_1_269' title='bbox 1244 1981 1318 2019; x_wconf 87' lang='lat' dir='ltr'>per</span> <span class='ocrx_word' id='word_1_270' title='bbox 1338 1969 1489 2018; x_wconf 88' lang='lat' dir='ltr'>pontifi-</span> 
     </span>
     <span class='ocr_line' id='line_1_39' title="bbox 427 2027 849 2075; baseline -0.005 -11"><span class='ocrx_word' id='word_1_271' title='bbox 427 2040 507 2064; x_wconf 90' lang='lat' dir='ltr'>cem</span> <span class='ocrx_word' id='word_1_272' title='bbox 534 2040 623 2066; x_wconf 76' lang='lat' dir='ltr'>vero</span> <span class='ocrx_word' id='word_1_273' title='bbox 652 2029 688 2064; x_wconf 90' lang='lat' dir='ltr'>in</span> <span class='ocrx_word' id='word_1_274' title='bbox 707 2027 849 2075; x_wconf 89' lang='lat' dir='ltr'>fronte.</span> 
     </span>
    </p>

    <p class='ocr_par' dir='ltr' id='par_1_20' title="bbox 481 2073 1487 2127">
     <span class='ocr_line' id='line_1_40' title="bbox 481 2073 1487 2127; baseline -0.007 -9"><span class='ocrx_word' id='word_1_275' title='bbox 481 2083 705 2118; x_wconf 82' lang='lat' dir='ltr'>RESPONDEO</span> <span class='ocrx_word' id='word_1_276' title='bbox 725 2091 905 2117; x_wconf 77' lang='lat' dir='ltr'>DxcENDUM</span> <span class='ocrx_word' id='word_1_277' title='bbox 925 2077 1043 2127; x_wconf 88' lang='lat' dir='ltr'>quod,</span> <span class='ocrx_word' id='word_1_278' title='bbox 1065 2077 1160 2114; x_wconf 91' lang='lat' dir='ltr'>sicut</span> <span class='ocrx_word' id='word_1_279' title='bbox 1175 2087 1292 2125; x_wconf 87' lang='lat' dir='ltr'>supra</span> <span class='ocrx_word' id='word_1_280' title='bbox 1305 2075 1325 2097; x_wconf 73' lang='lat'>’¹‘</span> <span class='ocrx_word' id='word_1_281' title='bbox 1343 2073 1487 2112; x_wconf 91' lang='lat' dir='ltr'>dictum</span> 
     </span>
    </p>
   </div>
   <div class='ocr_carea' id='block_1_19' title="bbox 391 2128 1490 2182">
    <p class='ocr_par' dir='ltr' id='par_1_21' title="bbox 391 2128 1490 2182">
     <span class='ocr_line' id='line_1_41' title="bbox 391 2128 1490 2182; baseline -0.007 -10"><span class='ocrx_word' id='word_1_282' title='bbox 391 2170 395 2173; x_wconf 76' lang='grc'>,</span> <span class='ocrx_word' id='word_1_283' title='bbox 428 2142 501 2182; x_wconf 85' lang='lat' dir='ltr'>est,</span> <span class='ocrx_word' id='word_1_284' title='bbox 539 2134 577 2171; x_wconf 89' lang='lat' dir='ltr'>in</span> <span class='ocrx_word' id='word_1_285' title='bbox 606 2135 682 2171; x_wconf 94' lang='lat' dir='ltr'>hoc</span> <span class='ocrx_word' id='word_1_286' title='bbox 710 2139 948 2170; x_wconf 84' lang='lat' dir='ltr'>sacramento</span> <span class='ocrx_word' id='word_1_287' title='bbox 983 2132 1105 2168; x_wconf 92' lang='lat' dir='ltr'>homo</span> <span class='ocrx_word' id='word_1_288' title='bbox 1141 2128 1276 2179; x_wconf 87' lang='lat' dir='ltr'>accipit</span> <span class='ocrx_word' id='word_1_289' title='bbox 1305 2128 1490 2178; x_wconf 91' lang='lat' dir='ltr'>Spiritum</span> 
     </span>
    </p>
   </div>
   <div class='ocr_carea' id='block_1_20' title="bbox 427 2181 1493 2709">
    <p class='ocr_par' dir='ltr' id='par_1_22' title="bbox 427 2181 1493 2709">
     <span class='ocr_line' id='line_1_42' title="bbox 428 2181 1490 2234; baseline -0.008 -9"><span class='ocrx_word' id='word_1_290' title='bbox 428 2188 614 2225; x_wconf 89' lang='lat' dir='ltr'>Sanctum</span> <span class='ocrx_word' id='word_1_291' title='bbox 641 2186 690 2224; x_wconf 90' lang='lat' dir='ltr'>ad</span> <span class='ocrx_word' id='word_1_292' title='bbox 718 2186 838 2223; x_wconf 90' lang='lat' dir='ltr'>robur</span> <span class='ocrx_word' id='word_1_293' title='bbox 865 2183 1067 2234; x_wconf 88' lang='lat' dir='ltr'>spiritualis</span> <span class='ocrx_word' id='word_1_294' title='bbox 1095 2195 1259 2232; x_wconf 86' lang='lat' dir='ltr'>pugnae,</span> <span class='ocrx_word' id='word_1_295' title='bbox 1282 2189 1324 2219; x_wconf 92' lang='lat' dir='ltr'>ut</span> <span class='ocrx_word' id='word_1_296' title='bbox 1348 2181 1490 2219; x_wconf 89' lang='lat' dir='ltr'>fortiter</span> 
     </span>
     <span class='ocr_line' id='line_1_43' title="bbox 428 2234 1489 2278; baseline -0.007 0"><span class='ocrx_word' id='word_1_297' title='bbox 428 2241 542 2278; x_wconf 88' lang='lat' dir='ltr'>etiam</span> <span class='ocrx_word' id='word_1_298' title='bbox 570 2240 666 2277; x_wconf 91' lang='lat' dir='ltr'>inter</span> <span class='ocrx_word' id='word_1_299' title='bbox 693 2238 932 2276; x_wconf 91' lang='lat' dir='ltr'>adversarios</span> <span class='ocrx_word' id='word_1_300' title='bbox 960 2237 1052 2274; x_wconf 90' lang='lat' dir='ltr'>fidei</span> <span class='ocrx_word' id='word_1_301' title='bbox 1079 2236 1200 2273; x_wconf 87' lang='lat' dir='ltr'>fidem</span> <span class='ocrx_word' id='word_1_302' title='bbox 1230 2234 1370 2272; x_wconf 88' lang='lat' dir='ltr'>Christi</span> <span class='ocrx_word' id='word_1_303' title='bbox 1398 2246 1489 2272; x_wconf 91' lang='lat' dir='ltr'>con-</span> 
     </span>
     <span class='ocr_line' id='line_1_44' title="bbox 427 2287 1490 2338; baseline -0.007 -7"><span class='ocrx_word' id='word_1_304' title='bbox 427 2294 589 2331; x_wconf 87' lang='lat' dir='ltr'>fiteatur.</span> <span class='ocrx_word' id='word_1_305' title='bbox 631 2293 743 2331; x_wconf 91' lang='lat' dir='ltr'>Unde</span> <span class='ocrx_word' id='word_1_306' title='bbox 779 2291 1052 2329; x_wconf 89' lang='lat' dir='ltr'>convenienter</span> <span class='ocrx_word' id='word_1_307' title='bbox 1086 2289 1255 2338; x_wconf 85' lang='lat' dir='ltr'>signatur</span> <span class='ocrx_word' id='word_1_308' title='bbox 1286 2287 1490 2325; x_wconf 89' lang='lat' dir='ltr'>chrismate</span> 
     </span>
     <span class='ocr_line' id='line_1_45' title="bbox 428 2340 1490 2400; baseline -0.007 -16"><span class='ocrx_word' id='word_1_309' title='bbox 428 2347 535 2395; x_wconf 86' lang='lat' dir='ltr'>signo</span> <span class='ocrx_word' id='word_1_310' title='bbox 564 2345 686 2383; x_wconf 88' lang='lat' dir='ltr'>crucis</span> <span class='ocrx_word' id='word_1_311' title='bbox 714 2345 753 2382; x_wconf 92' lang='lat' dir='ltr'>in</span> <span class='ocrx_word' id='word_1_312' title='bbox 780 2346 914 2391; x_wconf 88' lang='lat' dir='ltr'>fronte,</span> <span class='ocrx_word' id='word_1_313' title='bbox 943 2350 1100 2394; x_wconf 88' lang='lat' dir='ltr'>propter</span> <span class='ocrx_word' id='word_1_314' title='bbox 1128 2343 1219 2379; x_wconf 92' lang='lat' dir='ltr'>duo.</span> <span class='ocrx_word' id='word_1_315' title='bbox 1249 2341 1380 2378; x_wconf 89' lang='lat' dir='ltr'>Primo</span> <span class='ocrx_word' id='word_1_316' title='bbox 1402 2340 1490 2400; x_wconf 78' lang='lat' dir='ltr'>qui-</span> 
     </span>
     <span class='ocr_line' id='line_1_46' title="bbox 429 2394 1489 2448; baseline -0.008 -11"><span class='ocrx_word' id='word_1_317' title='bbox 429 2401 530 2447; x_wconf 83' lang='lat' dir='ltr'>dem,</span> <span class='ocrx_word' id='word_1_318' title='bbox 551 2399 642 2448; x_wconf 89' lang='lat' dir='ltr'>quia</span> <span class='ocrx_word' id='word_1_319' title='bbox 661 2397 860 2446; x_wconf 86' lang='lat' dir='ltr'>insignitur</span> <span class='ocrx_word' id='word_1_320' title='bbox 874 2397 981 2445; x_wconf 89' lang='lat' dir='ltr'>signo</span> <span class='ocrx_word' id='word_1_321' title='bbox 997 2395 1118 2434; x_wconf 91' lang='lat' dir='ltr'>crucis</span> <span class='ocrx_word' id='word_1_322' title='bbox 1139 2395 1234 2432; x_wconf 89' lang='lat' dir='ltr'>sicut</span> <span class='ocrx_word' id='word_1_323' title='bbox 1253 2394 1362 2431; x_wconf 90' lang='lat' dir='ltr'>miles</span> <span class='ocrx_word' id='word_1_324' title='bbox 1382 2405 1489 2442; x_wconf 83' lang='lat' dir='ltr'>S1gno</span> 
     </span>
     <span class='ocr_line' id='line_1_47' title="bbox 429 2447 1490 2501; baseline -0.008 -11"><span class='ocrx_word' id='word_1_325' title='bbox 429 2452 549 2499; x_wconf 90' lang='lat' dir='ltr'>ducis,</span> <span class='ocrx_word' id='word_1_326' title='bbox 583 2451 691 2501; x_wconf 92' lang='lat' dir='ltr'>quod</span> <span class='ocrx_word' id='word_1_327' title='bbox 719 2451 878 2500; x_wconf 90' lang='lat' dir='ltr'>quidem</span> <span class='ocrx_word' id='word_1_328' title='bbox 907 2450 1020 2487; x_wconf 89' lang='lat' dir='ltr'>debet</span> <span class='ocrx_word' id='word_1_329' title='bbox 1047 2460 1129 2486; x_wconf 89' lang='lat' dir='ltr'>esse</span> <span class='ocrx_word' id='word_1_330' title='bbox 1158 2447 1317 2485; x_wconf 88' lang='lat' dir='ltr'>evidens</span> <span class='ocrx_word' id='word_1_331' title='bbox 1345 2454 1381 2483; x_wconf 90' lang='lat' dir='ltr'>et</span> <span class='ocrx_word' id='word_1_332' title='bbox 1409 2459 1490 2483; x_wconf 89' lang='lat' dir='ltr'>ma-</span> 
     </span>
     <span class='ocr_line' id='line_1_48' title="bbox 429 2499 1491 2549; baseline -0.007 -7"><span class='ocrx_word' id='word_1_333' title='bbox 429 2505 619 2543; x_wconf 86' lang='lat' dir='ltr'>nifestum.</span> <span class='ocrx_word' id='word_1_334' title='bbox 662 2506 762 2541; x_wconf 88' lang='lat' dir='ltr'>Inter</span> <span class='ocrx_word' id='word_1_335' title='bbox 790 2503 921 2540; x_wconf 88' lang='lat' dir='ltr'>omnia</span> <span class='ocrx_word' id='word_1_336' title='bbox 950 2510 1079 2540; x_wconf 88' lang='lat' dir='ltr'>autem</span> <span class='ocrx_word' id='word_1_337' title='bbox 1108 2502 1191 2538; x_wconf 89' lang='lat' dir='ltr'>loca</span> <span class='ocrx_word' id='word_1_338' title='bbox 1219 2499 1391 2549; x_wconf 91' lang='lat' dir='ltr'>corporis</span> <span class='ocrx_word' id='word_1_339' title='bbox 1419 2500 1491 2536; x_wconf 92' lang='lat' dir='ltr'>hu-</span> 
     </span>
     <span class='ocr_line' id='line_1_49' title="bbox 429 2552 1492 2602; baseline -0.008 -6"><span class='ocrx_word' id='word_1_340' title='bbox 429 2558 535 2596; x_wconf 90' lang='lat' dir='ltr'>mani</span> <span class='ocrx_word' id='word_1_341' title='bbox 567 2557 735 2595; x_wconf 88' lang='lat' dir='ltr'>maxime</span> <span class='ocrx_word' id='word_1_342' title='bbox 763 2556 984 2594; x_wconf 85' lang='lat' dir='ltr'>manifestus</span> <span class='ocrx_word' id='word_1_343' title='bbox 1017 2562 1072 2592; x_wconf 89' lang='lat' dir='ltr'>est</span> <span class='ocrx_word' id='word_1_344' title='bbox 1098 2555 1220 2600; x_wconf 84' lang='lat' dir='ltr'>frons,</span> <span class='ocrx_word' id='word_1_345' title='bbox 1250 2553 1317 2602; x_wconf 93' lang='lat' dir='ltr'>qui</span> <span class='ocrx_word' id='word_1_346' title='bbox 1338 2558 1355 2574; x_wconf 65' lang='grc' dir='ltr'><strong>α</strong></span> <span class='ocrx_word' id='word_1_347' title='bbox 1383 2552 1492 2602; x_wconf 89' lang='lat' dir='ltr'>quasi</span> 
     </span>
     <span class='ocr_line' id='line_1_50' title="bbox 430 2605 1493 2660; baseline -0.008 -11"><span class='ocrx_word' id='word_1_348' title='bbox 430 2623 633 2660; x_wconf 89' lang='lat' dir='ltr'>nunquam</span> <span class='ocrx_word' id='word_1_349' title='bbox 662 2609 860 2658; x_wconf 88' lang='lat' dir='ltr'>obtegitur.</span> <span class='ocrx_word' id='word_1_350' title='bbox 894 2610 943 2646; x_wconf 89' lang='lat' dir='ltr'>Et</span> <span class='ocrx_word' id='word_1_351' title='bbox 971 2608 1058 2645; x_wconf 91' lang='lat' dir='ltr'>ideo</span> <span class='ocrx_word' id='word_1_352' title='bbox 1087 2607 1215 2644; x_wconf 89' lang='lat' dir='ltr'>linitur</span> <span class='ocrx_word' id='word_1_353' title='bbox 1242 2605 1493 2644; x_wconf 88' lang='lat' dir='ltr'>confirmatus</span> 
     </span>
     <span class='ocr_line' id='line_1_51' title="bbox 430 2659 1493 2709; baseline -0.007 -7"><span class='ocrx_word' id='word_1_354' title='bbox 430 2664 632 2702; x_wconf 88' lang='lat' dir='ltr'>chrismate</span> <span class='ocrx_word' id='word_1_355' title='bbox 660 2663 699 2700; x_wconf 92' lang='lat' dir='ltr'>in</span> <span class='ocrx_word' id='word_1_356' title='bbox 726 2663 860 2709; x_wconf 83' lang='lat' dir='ltr'>fronte,</span> <span class='ocrx_word' id='word_1_357' title='bbox 889 2670 932 2699; x_wconf 93' lang='lat' dir='ltr'>ut</span> <span class='ocrx_word' id='word_1_358' title='bbox 959 2662 998 2699; x_wconf 90' lang='lat' dir='ltr'>in</span> <span class='ocrx_word' id='word_1_359' title='bbox 1027 2660 1227 2698; x_wconf 86' lang='lat' dir='ltr'>manifesto</span> <span class='ocrx_word' id='word_1_360' title='bbox 1256 2659 1493 2696; x_wconf 90' lang='lat' dir='ltr'>demonstra-</span> 
     </span>
    </p>
   </div>
   <div class='ocr_carea' id='block_1_21' title="bbox 428 2773 1492 2846">
    <p class='ocr_par' dir='ltr' id='par_1_23' title="bbox 428 2773 1492 2846">
     <span class='ocr_line' id='line_1_52' title="bbox 483 2773 1492 2811; baseline -0.003 -10"><span class='ocrx_word' id='word_1_361' title='bbox 483 2775 510 2811; x_wconf 87' lang='grc' dir='ltr'>α)</span> <span class='ocrx_word' id='word_1_362' title='bbox 529 2776 684 2809; x_wconf 68' lang='lat' dir='ltr'>manufestus</span> <span class='ocrx_word' id='word_1_363' title='bbox 703 2778 743 2800; x_wconf 83' lang='lat' dir='ltr'>est</span> <span class='ocrx_word' id='word_1_364' title='bbox 753 2775 844 2808; x_wconf 83' lang='lat' dir='ltr'>frons,</span> <span class='ocrx_word' id='word_1_365' title='bbox 858 2774 911 2806; x_wconf 83' lang='lat' dir='ltr'>qui.</span> <span class='ocrx_word' id='word_1_366' title='bbox 921 2788 939 2792; x_wconf 92' lang='lat'>—</span> <span class='ocrx_word' id='word_1_367' title='bbox 951 2774 1094 2808; x_wconf 79' lang='lat' dir='ltr'>manifesta</span> <span class='ocrx_word' id='word_1_368' title='bbox 1110 2773 1297 2808; x_wconf 77' lang='lat' dir='ltr'>(manifestans</span> <span class='ocrx_word' id='word_1_369' title='bbox 1310 2774 1345 2809; x_wconf 88' lang='grc' dir='ltr'>Η)</span> <span class='ocrx_word' id='word_1_370' title='bbox 1359 2778 1398 2800; x_wconf 83' lang='lat' dir='ltr'>est</span> <span class='ocrx_word' id='word_1_371' title='bbox 1408 2775 1492 2807; x_wconf 82' lang='lat' dir='ltr'>srons</span> 
     </span>
     <span class='ocr_line' id='line_1_53' title="bbox 428 2810 1123 2846; baseline -0.006 -8"><span class='ocrx_word' id='word_1_372' title='bbox 428 2820 496 2846; x_wconf 83' lang='lat' dir='ltr'>quae</span> <span class='ocrx_word' id='word_1_373' title='bbox 514 2812 572 2842; x_wconf 86' lang='lat' dir='ltr'>GH,</span> <span class='ocrx_word' id='word_1_374' title='bbox 584 2811 667 2845; x_wconf 80' lang='lat' dir='ltr'>frons</span> <span class='ocrx_word' id='word_1_375' title='bbox 685 2810 828 2843; x_wconf 82' lang='lat' dir='ltr'>manifesta</span> <span class='ocrx_word' id='word_1_376' title='bbox 846 2813 885 2835; x_wconf 78' lang='lat' dir='ltr'>est</span> <span class='ocrx_word' id='word_1_377' title='bbox 904 2817 972 2842; x_wconf 85' lang='lat' dir='ltr'>quae</span> <span class='ocrx_word' id='word_1_378' title='bbox 990 2810 1123 2835; x_wconf 86' lang='lat' dir='ltr'>editiones.</span> 
     </span>
    </p>
   </div>
   <div class='ocr_carea' id='block_1_22' title="bbox 1511 930 1516 1434">
    <p class='ocr_par' dir='ltr' id='par_1_24' title="bbox 1511 930 1516 1434">
     <span class='ocr_line' id='line_1_54' title="bbox 1511 930 1516 1434; baseline 0 0"><span class='ocrx_word' id='word_1_379' title='bbox 1511 930 1516 1434; x_wconf 95' lang='lat' dir='ltr'> </span> 
     </span>
    </p>
   </div>
   <div class='ocr_carea' id='block_1_23' title="bbox 1539 906 2608 1436">
    <p class='ocr_par' dir='ltr' id='par_1_25' title="bbox 1541 906 2606 1061">
     <span class='ocr_line' id='line_1_55' title="bbox 1541 906 2606 961; baseline 0.008 -20"><span class='ocrx_word' id='word_1_380' title='bbox 1541 913 1597 942; x_wconf 90' lang='lat' dir='ltr'>ret</span> <span class='ocrx_word' id='word_1_381' title='bbox 1629 917 1669 941; x_wconf 88' lang='lat' dir='ltr'>se</span> <span class='ocrx_word' id='word_1_382' title='bbox 1698 917 1779 942; x_wconf 88' lang='lat' dir='ltr'>esse</span> <span class='ocrx_word' id='word_1_383' title='bbox 1809 906 2087 945; x_wconf 88' lang='lat' dir='ltr'>Christianum:</span> <span class='ocrx_word' id='word_1_384' title='bbox 2125 908 2220 946; x_wconf 90' lang='lat' dir='ltr'>sicut</span> <span class='ocrx_word' id='word_1_385' title='bbox 2249 918 2284 946; x_wconf 90' lang='lat' dir='ltr'>et</span> <span class='ocrx_word' id='word_1_386' title='bbox 2311 910 2486 959; x_wconf 89' lang='lat' dir='ltr'>Apostoli</span> <span class='ocrx_word' id='word_1_387' title='bbox 2518 919 2606 961; x_wconf 93' lang='lat' dir='ltr'>post</span> 
     </span>
     <span class='ocr_line' id='line_1_56' title="bbox 1541 959 2602 1011; baseline 0.008 -17"><span class='ocrx_word' id='word_1_388' title='bbox 1541 966 1739 1007; x_wconf 90' lang='lat' dir='ltr'>receptum</span> <span class='ocrx_word' id='word_1_389' title='bbox 1767 959 1950 1009; x_wconf 91' lang='lat' dir='ltr'>Spiritum</span> <span class='ocrx_word' id='word_1_390' title='bbox 1971 961 2156 998; x_wconf 90' lang='lat' dir='ltr'>Sanctum</span> <span class='ocrx_word' id='word_1_391' title='bbox 2185 974 2224 999; x_wconf 90' lang='lat' dir='ltr'>se</span> <span class='ocrx_word' id='word_1_392' title='bbox 2253 963 2602 1011; x_wconf 82' lang='lat' dir='ltr'>manifestaverunt,</span> 
     </span>
     <span class='ocr_line' id='line_1_57' title="bbox 1541 1011 2264 1061; baseline 0.007 -14"><span class='ocrx_word' id='word_1_393' title='bbox 1541 1011 1608 1061; x_wconf 92' lang='lat' dir='ltr'>qui</span> <span class='ocrx_word' id='word_1_394' title='bbox 1635 1011 1741 1060; x_wconf 90' lang='lat' dir='ltr'>prius</span> <span class='ocrx_word' id='word_1_395' title='bbox 1769 1012 1809 1049; x_wconf 91' lang='lat' dir='ltr'>in</span> <span class='ocrx_word' id='word_1_396' title='bbox 1837 1015 2021 1051; x_wconf 90' lang='lat' dir='ltr'>cenaculo</span> <span class='ocrx_word' id='word_1_397' title='bbox 2050 1015 2216 1052; x_wconf 90' lang='lat' dir='ltr'>latebant</span> <span class='ocrx_word' id='word_1_398' title='bbox 2234 1015 2264 1052; x_wconf 67' lang='lat'>²¹³.</span> 
     </span>
    </p>

    <p class='ocr_par' dir='ltr' id='par_1_26' title="bbox 1539 1065 2608 1436">
     <span class='ocr_line' id='line_1_58' title="bbox 1595 1065 2604 1117; baseline 0.007 -16"><span class='ocrx_word' id='word_1_399' title='bbox 1595 1065 1788 1113; x_wconf 90' lang='lat' dir='ltr'>Secundo,</span> <span class='ocrx_word' id='word_1_400' title='bbox 1818 1066 1909 1115; x_wconf 90' lang='lat' dir='ltr'>quia</span> <span class='ocrx_word' id='word_1_401' title='bbox 1937 1066 2073 1116; x_wconf 88' lang='lat' dir='ltr'>aliquis</span> <span class='ocrx_word' id='word_1_402' title='bbox 2101 1067 2309 1117; x_wconf 89' lang='lat' dir='ltr'>impeditur</span> <span class='ocrx_word' id='word_1_403' title='bbox 2336 1082 2358 1106; x_wconf 88' lang='lat' dir='ltr'>a</span> <span class='ocrx_word' id='word_1_404' title='bbox 2376 1070 2494 1107; x_wconf 88' lang='lat' dir='ltr'>libera</span> <span class='ocrx_word' id='word_1_405' title='bbox 2513 1082 2604 1108; x_wconf 93' lang='lat' dir='ltr'>con-</span> 
     </span>
     <span class='ocr_line' id='line_1_59' title="bbox 1539 1117 2606 1170; baseline 0.007 -16"><span class='ocrx_word' id='word_1_406' title='bbox 1539 1117 1703 1155; x_wconf 89' lang='lat' dir='ltr'>fessione</span> <span class='ocrx_word' id='word_1_407' title='bbox 1745 1119 1914 1156; x_wconf 89' lang='lat' dir='ltr'>nominis</span> <span class='ocrx_word' id='word_1_408' title='bbox 1951 1119 2090 1157; x_wconf 89' lang='lat' dir='ltr'>Christi</span> <span class='ocrx_word' id='word_1_409' title='bbox 2131 1129 2288 1170; x_wconf 91' lang='lat' dir='ltr'>propter</span> <span class='ocrx_word' id='word_1_410' title='bbox 2325 1123 2426 1169; x_wconf 83' lang='lat' dir='ltr'>duo,</span> <span class='ocrx_word' id='word_1_411' title='bbox 2465 1123 2606 1161; x_wconf 90' lang='lat' dir='ltr'>scilicet</span> 
     </span>
     <span class='ocr_line' id='line_1_60' title="bbox 1540 1171 2605 1222; baseline 0.006 -15"><span class='ocrx_word' id='word_1_412' title='bbox 1540 1178 1698 1220; x_wconf 90' lang='lat' dir='ltr'>propter</span> <span class='ocrx_word' id='word_1_413' title='bbox 1716 1171 1908 1218; x_wconf 86' lang='lat' dir='ltr'>timorem,</span> <span class='ocrx_word' id='word_1_414' title='bbox 1929 1181 1965 1209; x_wconf 92' lang='lat' dir='ltr'>et</span> <span class='ocrx_word' id='word_1_415' title='bbox 1982 1181 2140 1222; x_wconf 91' lang='lat' dir='ltr'>propter</span> <span class='ocrx_word' id='word_1_416' title='bbox 2152 1175 2439 1212; x_wconf 89' lang='lat' dir='ltr'>verecundiam.</span> <span class='ocrx_word' id='word_1_417' title='bbox 2460 1176 2605 1214; x_wconf 90' lang='lat' dir='ltr'>Utrius-</span> 
     </span>
     <span class='ocr_line' id='line_1_61' title="bbox 1542 1225 2607 1274; baseline 0.007 -14"><span class='ocrx_word' id='word_1_418' title='bbox 1542 1236 1618 1272; x_wconf 92' lang='lat' dir='ltr'>que</span> <span class='ocrx_word' id='word_1_419' title='bbox 1647 1231 1777 1261; x_wconf 89' lang='lat' dir='ltr'>autem</span> <span class='ocrx_word' id='word_1_420' title='bbox 1805 1226 1949 1262; x_wconf 92' lang='lat' dir='ltr'>horum</span> <span class='ocrx_word' id='word_1_421' title='bbox 1977 1225 2130 1274; x_wconf 91' lang='lat' dir='ltr'>signum</span> <span class='ocrx_word' id='word_1_422' title='bbox 2158 1226 2326 1264; x_wconf 85' lang='lat' dir='ltr'>maxime</span> <span class='ocrx_word' id='word_1_423' title='bbox 2345 1228 2607 1267; x_wconf 85' lang='lat' dir='ltr'>manifestatur</span> 
     </span>
     <span class='ocr_line' id='line_1_62' title="bbox 1542 1276 2606 1330; baseline 0.007 -17"><span class='ocrx_word' id='word_1_424' title='bbox 1542 1276 1581 1313; x_wconf 93' lang='lat' dir='ltr'>in</span> <span class='ocrx_word' id='word_1_425' title='bbox 1599 1276 1722 1314; x_wconf 86' lang='lat' dir='ltr'>fronte</span> <span class='ocrx_word' id='word_1_426' title='bbox 1737 1276 1763 1324; x_wconf 71' lang='grc' dir='ltr'>β,</span> <span class='ocrx_word' id='word_1_427' title='bbox 1787 1286 1944 1328; x_wconf 91' lang='lat' dir='ltr'>propter</span> <span class='ocrx_word' id='word_1_428' title='bbox 1961 1278 2288 1328; x_wconf 88' lang='lat' dir='ltr'>propinquitatem</span> <span class='ocrx_word' id='word_1_429' title='bbox 2313 1280 2606 1330; x_wconf 85' lang='lat' dir='ltr'>imaginationis,</span> 
     </span>
     <span class='ocr_line' id='line_1_63' title="bbox 1542 1331 2608 1381; baseline 0.007 -15"><span class='ocrx_word' id='word_1_430' title='bbox 1542 1337 1579 1366; x_wconf 93' lang='lat' dir='ltr'>et</span> <span class='ocrx_word' id='word_1_431' title='bbox 1606 1338 1763 1379; x_wconf 89' lang='lat' dir='ltr'>propter</span> <span class='ocrx_word' id='word_1_432' title='bbox 1790 1332 1866 1368; x_wconf 93' lang='lat' dir='ltr'>hoc</span> <span class='ocrx_word' id='word_1_433' title='bbox 1893 1332 2000 1380; x_wconf 92' lang='lat' dir='ltr'>quod</span> <span class='ocrx_word' id='word_1_434' title='bbox 2029 1331 2182 1381; x_wconf 90' lang='lat' dir='ltr'>spiritus</span> <span class='ocrx_word' id='word_1_435' title='bbox 2205 1345 2227 1370; x_wconf 90' lang='lat' dir='ltr'>a</span> <span class='ocrx_word' id='word_1_436' title='bbox 2246 1333 2361 1370; x_wconf 91' lang='lat' dir='ltr'>corde</span> <span class='ocrx_word' id='word_1_437' title='bbox 2390 1334 2529 1372; x_wconf 90' lang='lat' dir='ltr'>directe</span> <span class='ocrx_word' id='word_1_438' title='bbox 2557 1336 2608 1373; x_wconf 89' lang='lat' dir='ltr'>ad</span> 
     </span>
     <span class='ocr_line' id='line_1_64' title="bbox 1542 1383 2606 1436; baseline 0.007 -17"><span class='ocrx_word' id='word_1_439' title='bbox 1542 1383 1708 1420; x_wconf 86' lang='lat' dir='ltr'>frontem</span> <span class='ocrx_word' id='word_1_440' title='bbox 1736 1384 1967 1421; x_wconf 89' lang='lat' dir='ltr'>ascendunt:</span> <span class='ocrx_word' id='word_1_441' title='bbox 1997 1385 2102 1422; x_wconf 93' lang='lat' dir='ltr'>unde</span> <span class='ocrx_word' id='word_1_442' title='bbox 2121 1387 2361 1423; x_wconf 83' lang='lat' dir='ltr'>verecundati</span> <span class='ocrx_word' id='word_1_443' title='bbox 2377 1390 2606 1436; x_wconf 81' lang='lat' dir='ltr'>erubescunt,</span> 
     </span>
    </p>
   </div>
   <div class='ocr_carea' id='block_1_24' title="bbox 1542 1438 2645 1487">
    <p class='ocr_par' dir='ltr' id='par_1_27' title="bbox 1542 1438 2645 1487">
     <span class='ocr_line' id='line_1_65' title="bbox 1542 1438 2645 1487; baseline 0.006 -15"><span class='ocrx_word' id='word_1_444' title='bbox 1542 1438 1707 1473; x_wconf 88' lang='lat' dir='ltr'>timentes</span> <span class='ocrx_word' id='word_1_445' title='bbox 1726 1443 1848 1474; x_wconf 86' lang='lat' dir='ltr'>autem</span> <span class='ocrx_word' id='word_1_446' title='bbox 1870 1438 2089 1487; x_wconf 87' lang='lat' dir='ltr'>pallescunt,</span> <span class='ocrx_word' id='word_1_447' title='bbox 2110 1447 2152 1476; x_wconf 93' lang='lat' dir='ltr'>ut</span> <span class='ocrx_word' id='word_1_448' title='bbox 2171 1438 2309 1477; x_wconf 91' lang='lat' dir='ltr'>dicitur</span> <span class='ocrx_word' id='word_1_449' title='bbox 2327 1439 2367 1476; x_wconf 92' lang='lat' dir='ltr'>in</span> <span class='ocrx_word' id='word_1_450' title='bbox 2385 1441 2436 1478; x_wconf 94' lang='lat' dir='ltr'>IV</span> <span class='ocrx_word' id='word_1_451' title='bbox 2453 1442 2572 1479; x_wconf 84' lang='lat' dir='ltr'>Ethic.</span> <span class='ocrx_word' id='word_1_452' title='bbox 2587 1441 2608 1464; x_wconf 81' lang='lat'>*</span> <span class='ocrx_word' id='word_1_453' title='bbox 2634 1442 2645 1453; x_wconf 83' lang='lat'>&#39;</span> 
     </span>
    </p>
   </div>
   <div class='ocr_carea' id='block_1_25' title="bbox 1543 1489 2608 1544">
    <p class='ocr_par' dir='ltr' id='par_1_28' title="bbox 1543 1489 2608 1544">
     <span class='ocr_line' id='line_1_66' title="bbox 1543 1489 2608 1544; baseline 0.006 -18"><span class='ocrx_word' id='word_1_454' title='bbox 1543 1490 1591 1526; x_wconf 92' lang='lat' dir='ltr'>Et</span> <span class='ocrx_word' id='word_1_455' title='bbox 1619 1489 1707 1527; x_wconf 92' lang='lat' dir='ltr'>ideo</span> <span class='ocrx_word' id='word_1_456' title='bbox 1735 1489 1775 1526; x_wconf 92' lang='lat' dir='ltr'>in</span> <span class='ocrx_word' id='word_1_457' title='bbox 1802 1490 1924 1527; x_wconf 88' lang='lat' dir='ltr'>fronte</span> <span class='ocrx_word' id='word_1_458' title='bbox 1953 1490 2122 1539; x_wconf 86' lang='lat' dir='ltr'>signatur</span> <span class='ocrx_word' id='word_1_459' title='bbox 2149 1491 2371 1540; x_wconf 81' lang='lat' dir='ltr'>chrismate,</span> <span class='ocrx_word' id='word_1_460' title='bbox 2410 1501 2453 1531; x_wconf 90' lang='lat' dir='ltr'>ut</span> <span class='ocrx_word' id='word_1_461' title='bbox 2479 1506 2608 1544; x_wconf 88' lang='lat' dir='ltr'>neque</span> 
     </span>
    </p>
   </div>
   <div class='ocr_carea' id='block_1_26' title="bbox 1542 1542 2608 1647">
    <p class='ocr_par' dir='ltr' id='par_1_29' title="bbox 1542 1542 2608 1647">
     <span class='ocr_line' id='line_1_67' title="bbox 1542 1542 2608 1595; baseline 0.008 -17"><span class='ocrx_word' id='word_1_462' title='bbox 1542 1550 1700 1592; x_wconf 90' lang='lat' dir='ltr'>propter</span> <span class='ocrx_word' id='word_1_463' title='bbox 1734 1542 1915 1580; x_wconf 92' lang='lat' dir='ltr'>timorem</span> <span class='ocrx_word' id='word_1_464' title='bbox 1952 1556 2080 1593; x_wconf 88' lang='lat' dir='ltr'>neque</span> <span class='ocrx_word' id='word_1_465' title='bbox 2114 1553 2272 1595; x_wconf 91' lang='lat' dir='ltr'>propter</span> <span class='ocrx_word' id='word_1_466' title='bbox 2303 1546 2608 1586; x_wconf 88' lang='lat' dir='ltr'>erubescentiam</span> 
     </span>
     <span class='ocr_line' id='line_1_68' title="bbox 1543 1596 2370 1647; baseline 0.005 -15"><span class='ocrx_word' id='word_1_467' title='bbox 1543 1608 1690 1633; x_wconf 91' lang='lat' dir='ltr'>nomen</span> <span class='ocrx_word' id='word_1_468' title='bbox 1719 1596 1858 1633; x_wconf 88' lang='lat' dir='ltr'>Christi</span> <span class='ocrx_word' id='word_1_469' title='bbox 1886 1597 2061 1634; x_wconf 89' lang='lat' dir='ltr'>confiteri</span> <span class='ocrx_word' id='word_1_470' title='bbox 2088 1598 2370 1647; x_wconf 89' lang='lat' dir='ltr'>praetermittat.</span> 
     </span>
    </p>
   </div>
   <div class='ocr_carea' id='block_1_27' title="bbox 1543 1650 2608 1805">
    <p class='ocr_par' dir='ltr' id='par_1_30' title="bbox 1543 1650 2608 1805">
     <span class='ocr_line' id='line_1_69' title="bbox 1596 1650 2608 1703; baseline 0.007 -18"><span class='ocrx_word' id='word_1_471' title='bbox 1596 1650 1654 1686; x_wconf 82' lang='lat' dir='ltr'>AD</span> <span class='ocrx_word' id='word_1_472' title='bbox 1674 1661 1810 1687; x_wconf 71' lang='lat' dir='ltr'>patmum</span> <span class='ocrx_word' id='word_1_473' title='bbox 1829 1662 1927 1687; x_wconf 85' lang='lat' dir='ltr'>ERGO</span> <span class='ocrx_word' id='word_1_474' title='bbox 1955 1657 2137 1688; x_wconf 81' lang='lat' dir='ltr'>mCENDUM</span> <span class='ocrx_word' id='word_1_475' title='bbox 2157 1652 2264 1701; x_wconf 92' lang='lat' dir='ltr'>quod</span> <span class='ocrx_word' id='word_1_476' title='bbox 2282 1657 2353 1701; x_wconf 88' lang='lat' dir='ltr'>per</span> <span class='ocrx_word' id='word_1_477' title='bbox 2370 1652 2608 1703; x_wconf 91' lang='lat' dir='ltr'>baptismum</span> 
     </span>
     <span class='ocr_line' id='line_1_70' title="bbox 1543 1703 2608 1755; baseline 0.006 -16"><span class='ocrx_word' id='word_1_478' title='bbox 1543 1714 1815 1751; x_wconf 89' lang='lat' dir='ltr'>regeneramur</span> <span class='ocrx_word' id='word_1_479' title='bbox 1842 1703 1891 1740; x_wconf 91' lang='lat' dir='ltr'>ad</span> <span class='ocrx_word' id='word_1_480' title='bbox 1918 1703 2038 1740; x_wconf 89' lang='lat' dir='ltr'>vitam</span> <span class='ocrx_word' id='word_1_481' title='bbox 2066 1704 2317 1754; x_wconf 85' lang='lat' dir='ltr'>spiritualem,</span> <span class='ocrx_word' id='word_1_482' title='bbox 2346 1718 2446 1755; x_wconf 91' lang='lat' dir='ltr'>quae</span> <span class='ocrx_word' id='word_1_483' title='bbox 2475 1707 2524 1744; x_wconf 88' lang='lat' dir='ltr'>ad</span> <span class='ocrx_word' id='word_1_484' title='bbox 2551 1715 2608 1745; x_wconf 91' lang='lat' dir='ltr'>to-</span> 
     </span>
     <span class='ocr_line' id='line_1_71' title="bbox 1543 1755 2608 1805; baseline 0.006 -14"><span class='ocrx_word' id='word_1_485' title='bbox 1543 1763 1627 1792; x_wconf 91' lang='lat' dir='ltr'>tum</span> <span class='ocrx_word' id='word_1_486' title='bbox 1655 1755 1858 1792; x_wconf 91' lang='lat' dir='ltr'>hominem</span> <span class='ocrx_word' id='word_1_487' title='bbox 1877 1756 2049 1805; x_wconf 86' lang='lat' dir='ltr'>pertinet.</span> <span class='ocrx_word' id='word_1_488' title='bbox 2081 1757 2158 1795; x_wconf 91' lang='lat' dir='ltr'>Sed</span> <span class='ocrx_word' id='word_1_489' title='bbox 2176 1757 2216 1795; x_wconf 91' lang='lat' dir='ltr'>in</span> <span class='ocrx_word' id='word_1_490' title='bbox 2235 1758 2528 1796; x_wconf 88' lang='lat' dir='ltr'>confirmatione</span> <span class='ocrx_word' id='word_1_491' title='bbox 2547 1772 2608 1798; x_wconf 93' lang='lat' dir='ltr'>ro-</span> 
     </span>
    </p>
   </div>
   <div class='ocr_carea' id='block_1_28' title="bbox 1543 1809 2611 2707">
    <p class='ocr_par' dir='ltr' id='par_1_31' title="bbox 1543 1809 2610 1911">
     <span class='ocr_line' id='line_1_72' title="bbox 1543 1809 2610 1859; baseline 0.006 -14"><span class='ocrx_word' id='word_1_492' title='bbox 1543 1809 1730 1846; x_wconf 88' lang='lat' dir='ltr'>boramur</span> <span class='ocrx_word' id='word_1_493' title='bbox 1748 1809 1797 1846; x_wconf 86' lang='lat' dir='ltr'>ad</span> <span class='ocrx_word' id='word_1_494' title='bbox 1816 1821 2004 1858; x_wconf 89' lang='lat' dir='ltr'>pugnam:</span> <span class='ocrx_word' id='word_1_495' title='bbox 2030 1809 2140 1847; x_wconf 91' lang='lat' dir='ltr'>cuius</span> <span class='ocrx_word' id='word_1_496' title='bbox 2159 1810 2312 1859; x_wconf 88' lang='lat' dir='ltr'>signum</span> <span class='ocrx_word' id='word_1_497' title='bbox 2330 1811 2534 1850; x_wconf 87' lang='lat' dir='ltr'>ferendum</span> <span class='ocrx_word' id='word_1_498' title='bbox 2554 1820 2610 1851; x_wconf 92' lang='lat' dir='ltr'>est</span> 
     </span>
     <span class='ocr_line' id='line_1_73' title="bbox 1543 1861 2272 1911; baseline 0.004 -13"><span class='ocrx_word' id='word_1_499' title='bbox 1543 1861 1583 1898; x_wconf 94' lang='lat' dir='ltr'>in</span> <span class='ocrx_word' id='word_1_500' title='bbox 1610 1862 1745 1907; x_wconf 87' lang='lat' dir='ltr'>fronte,</span> <span class='ocrx_word' id='word_1_501' title='bbox 1775 1862 1885 1911; x_wconf 90' lang='lat' dir='ltr'>quasi</span> <span class='ocrx_word' id='word_1_502' title='bbox 1912 1862 1952 1899; x_wconf 94' lang='lat' dir='ltr'>in</span> <span class='ocrx_word' id='word_1_503' title='bbox 1980 1862 2145 1900; x_wconf 86' lang='lat' dir='ltr'>evidenti</span> <span class='ocrx_word' id='word_1_504' title='bbox 2174 1865 2272 1901; x_wconf 91' lang='lat' dir='ltr'>loco.</span> 
     </span>
    </p>

    <p class='ocr_par' dir='ltr' id='par_1_32' title="bbox 1544 1916 2611 2378">
     <span class='ocr_line' id='line_1_74' title="bbox 1597 1916 2609 1967; baseline 0.005 -16"><span class='ocrx_word' id='word_1_505' title='bbox 1597 1916 1655 1952; x_wconf 83' lang='lat' dir='ltr'>AD</span> <span class='ocrx_word' id='word_1_506' title='bbox 1683 1927 1873 1952; x_wconf 76' lang='lat' dir='ltr'>SECUNDUM</span> <span class='ocrx_word' id='word_1_507' title='bbox 1901 1927 2083 1954; x_wconf 76' lang='lat' dir='ltr'><strong>DICENDUM</strong></span> <span class='ocrx_word' id='word_1_508' title='bbox 2111 1917 2219 1966; x_wconf 91' lang='lat' dir='ltr'>quod</span> <span class='ocrx_word' id='word_1_509' title='bbox 2245 1916 2479 1967; x_wconf 91' lang='lat' dir='ltr'>principium</span> <span class='ocrx_word' id='word_1_510' title='bbox 2507 1918 2609 1956; x_wconf 88' lang='lat' dir='ltr'>forti-</span> 
     </span>
     <span class='ocr_line' id='line_1_75' title="bbox 1544 1967 2607 2020; baseline 0.006 -16"><span class='ocrx_word' id='word_1_511' title='bbox 1544 1967 1686 2005; x_wconf 89' lang='lat' dir='ltr'>tudinis</span> <span class='ocrx_word' id='word_1_512' title='bbox 1706 1975 1761 2004; x_wconf 91' lang='lat' dir='ltr'>est</span> <span class='ocrx_word' id='word_1_513' title='bbox 1779 1967 1819 2005; x_wconf 94' lang='lat' dir='ltr'>in</span> <span class='ocrx_word' id='word_1_514' title='bbox 1833 1968 1961 2015; x_wconf 92' lang='lat' dir='ltr'>corde,</span> <span class='ocrx_word' id='word_1_515' title='bbox 1977 1969 2045 2006; x_wconf 90' lang='lat' dir='ltr'>sed</span> <span class='ocrx_word' id='word_1_516' title='bbox 2064 1969 2217 2017; x_wconf 88' lang='lat' dir='ltr'>signum</span> <span class='ocrx_word' id='word_1_517' title='bbox 2232 1978 2390 2020; x_wconf 89' lang='lat' dir='ltr'>apparet</span> <span class='ocrx_word' id='word_1_518' title='bbox 2407 1970 2448 2008; x_wconf 91' lang='lat' dir='ltr'>in</span> <span class='ocrx_word' id='word_1_519' title='bbox 2465 1972 2607 2010; x_wconf 81' lang='lat' dir='ltr'>fronte:</span> 
     </span>
     <span class='ocr_line' id='line_1_76' title="bbox 1544 2020 2610 2072; baseline 0.006 -15"><span class='ocrx_word' id='word_1_520' title='bbox 1544 2021 1649 2058; x_wconf 91' lang='lat' dir='ltr'>unde</span> <span class='ocrx_word' id='word_1_521' title='bbox 1668 2020 1806 2058; x_wconf 91' lang='lat' dir='ltr'>dicitur</span> <span class='ocrx_word' id='word_1_522' title='bbox 1824 2022 1963 2058; x_wconf 91' lang='lat' dir='ltr'>Ezech.</span> <span class='ocrx_word' id='word_1_523' title='bbox 1979 2034 2012 2059; x_wconf 89' lang='lat'>111</span> <span class='ocrx_word' id='word_1_524' title='bbox 2030 2022 2065 2059; x_wconf 77' lang='lat' dir='ltr'>*z</span> <span class='ocrx_word' id='word_1_525' title='bbox 2094 2024 2204 2070; x_wconf 90' lang='lat' dir='ltr'>Ecce,</span> <span class='ocrx_word' id='word_1_526' title='bbox 2225 2023 2310 2060; x_wconf 87' lang='lat' dir='ltr'>dedi</span> <span class='ocrx_word' id='word_1_527' title='bbox 2315 2024 2488 2072; x_wconf 88' lang='lat' dir='ltr'>frontem</span> <span class='ocrx_word' id='word_1_528' title='bbox 2506 2031 2610 2063; x_wconf 89' lang='lat' dir='ltr'>tuam</span> 
     </span>
     <span class='ocr_line' id='line_1_77' title="bbox 1545 2075 2610 2123; baseline 0.005 -12"><span class='ocrx_word' id='word_1_529' title='bbox 1545 2075 1734 2111; x_wconf 85' lang='lat' dir='ltr'>duriorem</span> <span class='ocrx_word' id='word_1_530' title='bbox 1751 2075 1944 2123; x_wconf 80' lang='lat' dir='ltr'>frontibus</span> <span class='ocrx_word' id='word_1_531' title='bbox 1963 2087 2104 2112; x_wconf 84' lang='lat' dir='ltr'>eorum.</span> <span class='ocrx_word' id='word_1_532' title='bbox 2134 2076 2183 2113; x_wconf 90' lang='lat' dir='ltr'>Et</span> <span class='ocrx_word' id='word_1_533' title='bbox 2209 2075 2297 2114; x_wconf 90' lang='lat' dir='ltr'>ideo</span> <span class='ocrx_word' id='word_1_534' title='bbox 2325 2085 2610 2116; x_wconf 89' lang='lat' dir='ltr'>sacramentum</span> 
     </span>
     <span class='ocr_line' id='line_1_78' title="bbox 1545 2127 2608 2180; baseline 0.006 -16"><span class='ocrx_word' id='word_1_535' title='bbox 1545 2127 1824 2176; x_wconf 88' lang='lat' dir='ltr'>Eucharistiae,</span> <span class='ocrx_word' id='word_1_536' title='bbox 1859 2140 1938 2177; x_wconf 92' lang='lat' dir='ltr'>quo</span> <span class='ocrx_word' id='word_1_537' title='bbox 1967 2129 2089 2166; x_wconf 90' lang='lat' dir='ltr'>homo</span> <span class='ocrx_word' id='word_1_538' title='bbox 2122 2128 2162 2166; x_wconf 92' lang='lat' dir='ltr'>in</span> <span class='ocrx_word' id='word_1_539' title='bbox 2190 2129 2317 2179; x_wconf 89' lang='lat' dir='ltr'>seipso</span> <span class='ocrx_word' id='word_1_540' title='bbox 2345 2130 2608 2180; x_wconf 88' lang='lat' dir='ltr'>confirmatur,</span> 
     </span>
     <span class='ocr_line' id='line_1_79' title="bbox 1544 2180 2610 2231; baseline 0.006 -14"><span class='ocrx_word' id='word_1_541' title='bbox 1544 2180 1707 2231; x_wconf 89' lang='lat' dir='ltr'>pertinet</span> <span class='ocrx_word' id='word_1_542' title='bbox 1734 2180 1783 2218; x_wconf 91' lang='lat' dir='ltr'>ad</span> <span class='ocrx_word' id='word_1_543' title='bbox 1803 2193 1888 2218; x_wconf 90' lang='lat' dir='ltr'>cor:</span> <span class='ocrx_word' id='word_1_544' title='bbox 1919 2182 2136 2219; x_wconf 90' lang='lat' dir='ltr'>secundum</span> <span class='ocrx_word' id='word_1_545' title='bbox 2155 2182 2248 2220; x_wconf 92' lang='lat' dir='ltr'>illud</span> <span class='ocrx_word' id='word_1_546' title='bbox 2267 2183 2409 2221; x_wconf 85' lang='lat' dir='ltr'>Psalmi</span> <span class='ocrx_word' id='word_1_547' title='bbox 2427 2183 2467 2221; x_wconf 73' lang='grc' dir='ltr'>*ε</span> <span class='ocrx_word' id='word_1_548' title='bbox 2495 2185 2610 2224; x_wconf 84' lang='lat' dir='ltr'>Panis</span> 
     </span>
     <span class='ocr_line' id='line_1_80' title="bbox 1544 2235 2609 2283; baseline 0.005 -13"><span class='ocrx_word' id='word_1_549' title='bbox 1544 2246 1611 2271; x_wconf 89' lang='lat' dir='ltr'>cor</span> <span class='ocrx_word' id='word_1_550' title='bbox 1637 2235 1798 2271; x_wconf 81' lang='lat' dir='ltr'>hominis</span> <span class='ocrx_word' id='word_1_551' title='bbox 1825 2236 2029 2283; x_wconf 88' lang='lat' dir='ltr'>confirmet.</span> <span class='ocrx_word' id='word_1_552' title='bbox 2060 2235 2137 2272; x_wconf 91' lang='lat' dir='ltr'>Sed</span> <span class='ocrx_word' id='word_1_553' title='bbox 2166 2244 2450 2274; x_wconf 89' lang='lat' dir='ltr'>sacramentum</span> <span class='ocrx_word' id='word_1_554' title='bbox 2469 2237 2609 2275; x_wconf 91' lang='lat' dir='ltr'>confir-</span> 
     </span>
     <span class='ocr_line' id='line_1_81' title="bbox 1544 2286 2611 2336; baseline 0.005 -13"><span class='ocrx_word' id='word_1_555' title='bbox 1544 2286 1724 2324; x_wconf 91' lang='lat' dir='ltr'>mationis</span> <span class='ocrx_word' id='word_1_556' title='bbox 1759 2286 1964 2336; x_wconf 90' lang='lat' dir='ltr'>requiritur</span> <span class='ocrx_word' id='word_1_557' title='bbox 2000 2287 2040 2324; x_wconf 91' lang='lat' dir='ltr'>in</span> <span class='ocrx_word' id='word_1_558' title='bbox 2076 2287 2228 2336; x_wconf 86' lang='lat' dir='ltr'>signum</span> <span class='ocrx_word' id='word_1_559' title='bbox 2252 2294 2267 2317; x_wconf 75' lang='grc' dir='ltr'><strong>Υ</strong></span> <span class='ocrx_word' id='word_1_560' title='bbox 2295 2289 2524 2328; x_wconf 87' lang='lat' dir='ltr'>fortitudinis</span> <span class='ocrx_word' id='word_1_561' title='bbox 2560 2291 2611 2328; x_wconf 91' lang='lat' dir='ltr'>ad</span> 
     </span>
     <span class='ocr_line' id='line_1_82' title="bbox 1545 2339 2302 2378; baseline 0.001 -1"><span class='ocrx_word' id='word_1_562' title='bbox 1545 2339 1651 2377; x_wconf 85' lang='lat' dir='ltr'>alios.</span> <span class='ocrx_word' id='word_1_563' title='bbox 1681 2341 1730 2376; x_wconf 92' lang='lat' dir='ltr'>Et</span> <span class='ocrx_word' id='word_1_564' title='bbox 1757 2339 1845 2377; x_wconf 91' lang='lat' dir='ltr'>ideo</span> <span class='ocrx_word' id='word_1_565' title='bbox 1874 2339 2075 2378; x_wconf 88' lang='lat' dir='ltr'>exhibetur</span> <span class='ocrx_word' id='word_1_566' title='bbox 2101 2341 2141 2377; x_wconf 91' lang='lat' dir='ltr'>in</span> <span class='ocrx_word' id='word_1_567' title='bbox 2167 2341 2302 2378; x_wconf 88' lang='lat' dir='ltr'>fronte.</span> 
     </span>
    </p>

    <p class='ocr_par' dir='ltr' id='par_1_33' title="bbox 1546 2394 2611 2707">
     <span class='ocr_line' id='line_1_83' title="bbox 1599 2394 2611 2443; baseline 0.005 -14"><span class='ocrx_word' id='word_1_568' title='bbox 1599 2394 1656 2429; x_wconf 82' lang='lat' dir='ltr'>Ao</span> <span class='ocrx_word' id='word_1_569' title='bbox 1684 2404 1843 2430; x_wconf 69' lang='lat' dir='ltr'>mimum</span> <span class='ocrx_word' id='word_1_570' title='bbox 1870 2405 2052 2431; x_wconf 79' lang='lat' dir='ltr'>DICENDUM</span> <span class='ocrx_word' id='word_1_571' title='bbox 2085 2394 2192 2443; x_wconf 91' lang='lat' dir='ltr'>quod</span> <span class='ocrx_word' id='word_1_572' title='bbox 2222 2395 2298 2432; x_wconf 94' lang='lat' dir='ltr'>hoc</span> <span class='ocrx_word' id='word_1_573' title='bbox 2325 2404 2611 2434; x_wconf 86' lang='lat' dir='ltr'>sacramentum</span> 
     </span>
     <span class='ocr_line' id='line_1_84' title="bbox 1546 2445 2610 2487; baseline 0.005 -5"><span class='ocrx_word' id='word_1_574' title='bbox 1546 2446 1659 2483; x_wconf 89' lang='lat' dir='ltr'>datur</span> <span class='ocrx_word' id='word_1_575' title='bbox 1683 2446 1732 2482; x_wconf 88' lang='lat' dir='ltr'>ad</span> <span class='ocrx_word' id='word_1_576' title='bbox 1751 2445 1867 2482; x_wconf 89' lang='lat' dir='ltr'>libere</span> <span class='ocrx_word' id='word_1_577' title='bbox 1887 2445 2171 2484; x_wconf 90' lang='lat' dir='ltr'>confitendum:</span> <span class='ocrx_word' id='word_1_578' title='bbox 2201 2460 2281 2485; x_wconf 92' lang='lat' dir='ltr'>non</span> <span class='ocrx_word' id='word_1_579' title='bbox 2301 2456 2430 2486; x_wconf 90' lang='lat' dir='ltr'>autem</span> <span class='ocrx_word' id='word_1_580' title='bbox 2450 2449 2500 2486; x_wconf 86' lang='lat' dir='ltr'>ad</span> <span class='ocrx_word' id='word_1_581' title='bbox 2519 2461 2610 2487; x_wconf 93' lang='lat' dir='ltr'>con-</span> 
     </span>
     <span class='ocr_line' id='line_1_85' title="bbox 1546 2497 2610 2553; baseline 0.005 -18"><span class='ocrx_word' id='word_1_582' title='bbox 1546 2498 1737 2536; x_wconf 91' lang='lat' dir='ltr'>fitendum</span> <span class='ocrx_word' id='word_1_583' title='bbox 1766 2497 1995 2548; x_wconf 88' lang='lat' dir='ltr'>simpliciter,</span> <span class='ocrx_word' id='word_1_584' title='bbox 2025 2499 2116 2549; x_wconf 91' lang='lat' dir='ltr'>quia</span> <span class='ocrx_word' id='word_1_585' title='bbox 2141 2501 2217 2538; x_wconf 92' lang='lat' dir='ltr'>hoc</span> <span class='ocrx_word' id='word_1_586' title='bbox 2235 2500 2279 2537; x_wconf 92' lang='lat' dir='ltr'>fit</span> <span class='ocrx_word' id='word_1_587' title='bbox 2298 2501 2412 2538; x_wconf 90' lang='lat' dir='ltr'>etiam</span> <span class='ocrx_word' id='word_1_588' title='bbox 2431 2501 2470 2538; x_wconf 91' lang='lat' dir='ltr'>in</span> <span class='ocrx_word' id='word_1_589' title='bbox 2490 2502 2610 2553; x_wconf 93' lang='lat' dir='ltr'>bapti-</span> 
     </span>
     <span class='ocr_line' id='line_1_86' title="bbox 1547 2551 2609 2604; baseline 0.006 -16"><span class='ocrx_word' id='word_1_590' title='bbox 1547 2564 1645 2588; x_wconf 88' lang='lat' dir='ltr'>smo.</span> <span class='ocrx_word' id='word_1_591' title='bbox 1666 2552 1714 2588; x_wconf 91' lang='lat' dir='ltr'>Et</span> <span class='ocrx_word' id='word_1_592' title='bbox 1733 2551 1821 2589; x_wconf 89' lang='lat' dir='ltr'>ideo</span> <span class='ocrx_word' id='word_1_593' title='bbox 1841 2564 1920 2589; x_wconf 90' lang='lat' dir='ltr'>non</span> <span class='ocrx_word' id='word_1_594' title='bbox 1940 2553 2053 2590; x_wconf 89' lang='lat' dir='ltr'>debet</span> <span class='ocrx_word' id='word_1_595' title='bbox 2072 2553 2153 2590; x_wconf 91' lang='lat' dir='ltr'>dari</span> <span class='ocrx_word' id='word_1_596' title='bbox 2172 2553 2212 2590; x_wconf 92' lang='lat' dir='ltr'>in</span> <span class='ocrx_word' id='word_1_597' title='bbox 2232 2566 2310 2598; x_wconf 87' lang='lat' dir='ltr'>ore,</span> <span class='ocrx_word' id='word_1_598' title='bbox 2331 2555 2398 2591; x_wconf 91' lang='lat' dir='ltr'>sed</span> <span class='ocrx_word' id='word_1_599' title='bbox 2417 2554 2457 2591; x_wconf 93' lang='lat' dir='ltr'>in</span> <span class='ocrx_word' id='word_1_600' title='bbox 2475 2555 2609 2604; x_wconf 86' lang='lat' dir='ltr'>fronte,</span> 
     </span>
     <span class='ocr_line' id='line_1_87' title="bbox 1547 2604 2610 2657; baseline 0.005 -16"><span class='ocrx_word' id='word_1_601' title='bbox 1547 2604 1614 2642; x_wconf 93' lang='lat' dir='ltr'>ubi</span> <span class='ocrx_word' id='word_1_602' title='bbox 1643 2613 1828 2654; x_wconf 88' lang='lat' dir='ltr'>apparent</span> <span class='ocrx_word' id='word_1_603' title='bbox 1847 2605 1953 2654; x_wconf 89' lang='lat' dir='ltr'>signa</span> <span class='ocrx_word' id='word_1_604' title='bbox 1971 2606 2198 2655; x_wconf 87' lang='lat' dir='ltr'>passionum</span> <span class='ocrx_word' id='word_1_605' title='bbox 2218 2606 2359 2657; x_wconf 92' lang='lat' dir='ltr'>quibus</span> <span class='ocrx_word' id='word_1_606' title='bbox 2382 2607 2500 2646; x_wconf 86' lang='lat' dir='ltr'>libera</span> <span class='ocrx_word' id='word_1_607' title='bbox 2519 2620 2610 2647; x_wconf 90' lang='lat' dir='ltr'>con-</span> 
     </span>
     <span class='ocr_line' id='line_1_88' title="bbox 1547 2657 1905 2707; baseline 0.003 -13"><span class='ocrx_word' id='word_1_608' title='bbox 1547 2657 1659 2695; x_wconf 85' lang='lat' dir='ltr'>fessio</span> <span class='ocrx_word' id='word_1_609' title='bbox 1687 2657 1905 2707; x_wconf 90' lang='lat' dir='ltr'>impeditur.</span> 
     </span>
    </p>
   </div>
   <div class='ocr_carea' id='block_1_29' title="bbox 1547 2772 2610 2844">
    <p class='ocr_par' dir='ltr' id='par_1_34' title="bbox 1547 2772 2610 2844">
     <span class='ocr_line' id='line_1_89' title="bbox 1599 2772 2610 2809; baseline 0.004 -12"><span class='ocrx_word' id='word_1_610' title='bbox 1599 2772 1626 2806; x_wconf 91' lang='grc' dir='ltr'>γ)</span> <span class='ocrx_word' id='word_1_611' title='bbox 1646 2773 1700 2797; x_wconf 82' lang='lat' dir='ltr'>Sed</span> <span class='ocrx_word' id='word_1_612' title='bbox 1717 2776 1942 2799; x_wconf 77' lang='lat' dir='ltr'>sacramentum...</span> <span class='ocrx_word' id='word_1_613' title='bbox 1956 2773 1982 2798; x_wconf 78' lang='lat' dir='ltr'>in</span> <span class='ocrx_word' id='word_1_614' title='bbox 1996 2773 2112 2807; x_wconf 81' lang='lat' dir='ltr'>signum.</span> <span class='ocrx_word' id='word_1_615' title='bbox 2123 2788 2143 2793; x_wconf 93' lang='lat'><em>-</em></span> <span class='ocrx_word' id='word_1_616' title='bbox 2155 2774 2210 2800; x_wconf 80' lang='lat' dir='ltr'>Sed</span> <span class='ocrx_word' id='word_1_617' title='bbox 2222 2778 2446 2801; x_wconf 74' lang='lat' dir='ltr'>sacramentum...</span> <span class='ocrx_word' id='word_1_618' title='bbox 2459 2775 2565 2809; x_wconf 77' lang='lat' dir='ltr'>signum</span> <span class='ocrx_word' id='word_1_619' title='bbox 2577 2777 2610 2806; x_wconf 79' lang='lat' dir='ltr'>A,</span> 
     </span>
     <span class='ocr_line' id='line_1_90' title="bbox 1547 2808 2609 2844; baseline 0.005 -12"><span class='ocrx_word' id='word_1_620' title='bbox 1547 2808 1602 2833; x_wconf 85' lang='lat' dir='ltr'>Sed</span> <span class='ocrx_word' id='word_1_621' title='bbox 1619 2809 1656 2833; x_wconf 81' lang='lat' dir='ltr'>ad</span> <span class='ocrx_word' id='word_1_622' title='bbox 1673 2811 1897 2834; x_wconf 81' lang='lat' dir='ltr'>sacramentum...</span> <span class='ocrx_word' id='word_1_623' title='bbox 1915 2809 2022 2842; x_wconf 84' lang='lat' dir='ltr'>signum</span> <span class='ocrx_word' id='word_1_624' title='bbox 2037 2809 2062 2834; x_wconf 92' lang='lat' dir='ltr'>G</span> <span class='ocrx_word' id='word_1_625' title='bbox 2076 2814 2101 2834; x_wconf 85' lang='lat' dir='ltr'>et</span> <span class='ocrx_word' id='word_1_626' title='bbox 2120 2810 2255 2840; x_wconf 82' lang='lat' dir='ltr'>editiones.</span> <span class='ocrx_word' id='word_1_627' title='bbox 2274 2809 2342 2844; x_wconf 81' lang='lat' dir='ltr'>(Sed</span> <span class='ocrx_word' id='word_1_628' title='bbox 2359 2811 2396 2836; x_wconf 81' lang='lat' dir='ltr'>ad</span> <span class='ocrx_word' id='word_1_629' title='bbox 2413 2814 2609 2837; x_wconf 72' lang='lat' dir='ltr'>sacramentum</span> 
     </span>
    </p>
   </div>
   <div class='ocr_carea' id='block_1_30' title="bbox 482 2843 2610 2882">
    <p class='ocr_par' dir='ltr' id='par_1_35' title="bbox 482 2843 2610 2882">
     <span class='ocr_line' id='line_1_91' title="bbox 482 2843 2610 2882; baseline 0 -11"><span class='ocrx_word' id='word_1_630' title='bbox 482 2847 507 2882; x_wconf 84' lang='grc' dir='ltr'>β)</span> <span class='ocrx_word' id='word_1_631' title='bbox 518 2849 621 2881; x_wconf 82' lang='lat' dir='ltr'>fronte.</span> <span class='ocrx_word' id='word_1_632' title='bbox 639 2861 658 2866; x_wconf 97' lang='lat'>—</span> <span class='ocrx_word' id='word_1_633' title='bbox 672 2849 786 2878; x_wconf 81' lang='lat' dir='ltr'>propter</span> <span class='ocrx_word' id='word_1_634' title='bbox 805 2846 857 2870; x_wconf 83' lang='lat' dir='ltr'>duo</span> <span class='ocrx_word' id='word_1_635' title='bbox 876 2846 974 2871; x_wconf 80' lang='lat' dir='ltr'>scilicet</span> <span class='ocrx_word' id='word_1_636' title='bbox 999 2846 1095 2871; x_wconf 87' lang='lat' dir='ltr'>addunt</span> <span class='ocrx_word' id='word_1_637' title='bbox 1120 2845 1252 2871; x_wconf 83' lang='lat' dir='ltr'>editiones.</span> <span class='ocrx_word' id='word_1_638' title='bbox 1270 2859 1289 2864; x_wconf 95' lang='lat'><em>-</em></span> <span class='ocrx_word' id='word_1_639' title='bbox 1303 2849 1419 2878; x_wconf 80' lang='lat' dir='ltr'>propter</span> <span class='ocrx_word' id='word_1_640' title='bbox 1441 2845 1490 2871; x_wconf 86' lang='lat' dir='ltr'>hoc</span> <span class='ocrx_word' id='word_1_641' title='bbox 1544 2843 1609 2877; x_wconf 92' lang='lat' dir='ltr'>om.)</span> <span class='ocrx_word' id='word_1_642' title='bbox 1624 2844 1834 2877; x_wconf 79' lang='lat' dir='ltr'>confirmationis</span> <span class='ocrx_word' id='word_1_643' title='bbox 1854 2845 2003 2877; x_wconf 84' lang='lat' dir='ltr'>requiritur</span> <span class='ocrx_word' id='word_1_644' title='bbox 2020 2845 2126 2878; x_wconf 79' lang='lat' dir='ltr'>signum</span> <span class='ocrx_word' id='word_1_645' title='bbox 2140 2846 2173 2878; x_wconf 76' lang='lat' dir='ltr'>H,</span> <span class='ocrx_word' id='word_1_646' title='bbox 2187 2846 2242 2871; x_wconf 80' lang='lat' dir='ltr'>Sed</span> <span class='ocrx_word' id='word_1_647' title='bbox 2253 2850 2450 2872; x_wconf 77' lang='lat' dir='ltr'>sacramentum</span> <span class='ocrx_word' id='word_1_648' title='bbox 2468 2846 2610 2880; x_wconf 78' lang='lat' dir='ltr'>confirma-</span> 
     </span>
    </p>
   </div>
   <div class='ocr_carea' id='block_1_31' title="bbox 427 2881 891 2917">
    <p class='ocr_par' dir='ltr' id='par_1_36' title="bbox 427 2881 891 2917">
     <span class='ocr_line' id='line_1_92' title="bbox 427 2881 891 2917; baseline -0.006 -8"><span class='ocrx_word' id='word_1_649' title='bbox 427 2884 499 2917; x_wconf 83' lang='lat' dir='ltr'>quod</span> <span class='ocrx_word' id='word_1_650' title='bbox 516 2883 538 2908; x_wconf 84' lang='lat' dir='ltr'>E</span> <span class='ocrx_word' id='word_1_651' title='bbox 557 2888 581 2908; x_wconf 91' lang='lat' dir='ltr'>et</span> <span class='ocrx_word' id='word_1_652' title='bbox 599 2882 686 2913; x_wconf 81' lang='lat' dir='ltr'>tertia;</span> <span class='ocrx_word' id='word_1_653' title='bbox 700 2884 816 2914; x_wconf 79' lang='lat' dir='ltr'>propter</span> <span class='ocrx_word' id='word_1_654' title='bbox 834 2881 891 2906; x_wconf 87' lang='lat' dir='ltr'>hoc.</span> 
     </span>
    </p>
   </div>
   <div class='ocr_carea' id='block_1_32' title="bbox 1544 2879 1919 2913">
    <p class='ocr_par' dir='ltr' id='par_1_37' title="bbox 1544 2879 1919 2913">
     <span class='ocr_line' id='line_1_93' title="bbox 1544 2879 1919 2913; baseline 0.005 -10"><span class='ocrx_word' id='word_1_655' title='bbox 1544 2879 1625 2905; x_wconf 82' lang='lat' dir='ltr'>tionis</span> <span class='ocrx_word' id='word_1_656' title='bbox 1645 2880 1758 2912; x_wconf 82' lang='lat' dir='ltr'>requirit</span> <span class='ocrx_word' id='word_1_657' title='bbox 1776 2880 1882 2913; x_wconf 83' lang='lat' dir='ltr'>signum</span> <span class='ocrx_word' id='word_1_658' title='bbox 1902 2880 1919 2906; x_wconf 92' lang='lat'>1.</span> 
     </span>
    </p>
   </div>
   <div class='ocr_carea' id='block_1_33' title="bbox 863 3010 2172 3143">
    <p class='ocr_par' dir='ltr' id='par_1_38' title="bbox 863 3010 2172 3143">
     <span class='ocr_line' id='line_1_94' title="bbox 1218 3010 1819 3053; baseline 0.002 -2"><span class='ocrx_word' id='word_1_659' title='bbox 1218 3010 1537 3053; x_wconf 88' lang='lat' dir='ltr'>ARTICULUS</span> <span class='ocrx_word' id='word_1_660' title='bbox 1568 3010 1819 3053; x_wconf 84' lang='lat' dir='ltr'>DECIMUS</span> 
     </span>
     <span class='ocr_line' id='line_1_95' title="bbox 863 3099 2172 3143; baseline 0.001 -9"><span class='ocrx_word' id='word_1_661' title='bbox 863 3103 1019 3135; x_wconf 84' lang='lat' dir='ltr'><strong>UTRUM</strong></span> <span class='ocrx_word' id='word_1_662' title='bbox 1042 3104 1140 3135; x_wconf 82' lang='lat' dir='ltr'>ILLE</span> <span class='ocrx_word' id='word_1_663' title='bbox 1164 3104 1240 3143; x_wconf 80' lang='lat' dir='ltr'>QUI</span> <span class='ocrx_word' id='word_1_664' title='bbox 1264 3104 1584 3136; x_wconf 84' lang='lat' dir='ltr'>CONFIRMATUR</span> <span class='ocrx_word' id='word_1_665' title='bbox 1607 3105 1783 3136; x_wconf 81' lang='lat' dir='ltr'><strong>DEBEAT</strong></span> <span class='ocrx_word' id='word_1_666' title='bbox 1806 3099 1966 3135; x_wconf 75' lang='lat' dir='ltr'>TENEm</span> <span class='ocrx_word' id='word_1_667' title='bbox 1989 3104 2045 3135; x_wconf 88' lang='lat' dir='ltr'>AB</span> <span class='ocrx_word' id='word_1_668' title='bbox 2069 3103 2172 3135; x_wconf 84' lang='lat' dir='ltr'>ALIO</span> 
     </span>
    </p>
   </div>
   <div class='ocr_carea' id='block_1_34' title="bbox 1206 3182 1832 3216">
    <p class='ocr_par' dir='ltr' id='par_1_39' title="bbox 1206 3182 1832 3216">
     <span class='ocr_line' id='line_1_96' title="bbox 1206 3182 1832 3216; baseline 0.002 -9"><span class='ocrx_word' id='word_1_669' title='bbox 1206 3183 1241 3207; x_wconf 94' lang='lat' dir='ltr'>IV</span> <span class='ocrx_word' id='word_1_670' title='bbox 1260 3183 1343 3213; x_wconf 72' lang='lat' dir='ltr'>Seni„</span> <span class='ocrx_word' id='word_1_671' title='bbox 1363 3183 1422 3209; x_wconf 79' lang='lat' dir='ltr'>dist.</span> <span class='ocrx_word' id='word_1_672' title='bbox 1440 3191 1484 3214; x_wconf 84' lang='lat' dir='ltr'>vn,</span> <span class='ocrx_word' id='word_1_673' title='bbox 1503 3191 1548 3216; x_wconf 89' lang='lat' dir='ltr'>qu.</span> <span class='ocrx_word' id='word_1_674' title='bbox 1567 3190 1604 3214; x_wconf 88' lang='lat' dir='ltr'>m,</span> <span class='ocrx_word' id='word_1_675' title='bbox 1624 3189 1670 3208; x_wconf 84' lang='lat' dir='ltr'>art.</span> <span class='ocrx_word' id='word_1_676' title='bbox 1691 3183 1719 3215; x_wconf 88' lang='lat'>3,</span> <span class='ocrx_word' id='word_1_677' title='bbox 1738 3182 1788 3216; x_wconf 69' lang='lat' dir='ltr'>qu·</span> <span class='ocrx_word' id='word_1_678' title='bbox 1808 3190 1832 3208; x_wconf 79' lang='grc' dir='ltr'>ι.</span> 
     </span>
    </p>
   </div>
   <div class='ocr_carea' id='block_1_35' title="bbox 431 3260 1491 3520">
    <p class='ocr_par' dir='ltr' id='par_1_40' title="bbox 431 3260 1491 3520">
     <span class='ocr_line' id='line_1_97' title="bbox 467 3260 1491 3310; baseline 0.005 -17"><span class='ocrx_word' id='word_1_679' title='bbox 467 3277 522 3305; x_wconf 29' lang='lat' dir='ltr'>fc,</span> <span class='ocrx_word' id='word_1_680' title='bbox 549 3301 552 3306; x_wconf 23' lang='lat'>¹</span> <span class='ocrx_word' id='word_1_681' title='bbox 581 3290 586 3294; x_wconf 50' lang='lat'>.</span> <span class='ocrx_word' id='word_1_682' title='bbox 640 3272 663 3296; x_wconf 90' lang='lat' dir='ltr'>D</span> <span class='ocrx_word' id='word_1_683' title='bbox 682 3271 841 3296; x_wconf 79' lang='lat' dir='ltr'>DECIMUM</span> <span class='ocrx_word' id='word_1_684' title='bbox 865 3271 916 3296; x_wconf 79' lang='lat' dir='ltr'>Slc</span> <span class='ocrx_word' id='word_1_685' title='bbox 937 3272 1172 3297; x_wconf 62' lang='lat' dir='ltr'>moeson-un.</span> <span class='ocrx_word' id='word_1_686' title='bbox 1202 3260 1363 3298; x_wconf 91' lang='lat' dir='ltr'>Videtur</span> <span class='ocrx_word' id='word_1_687' title='bbox 1383 3261 1491 3310; x_wconf 93' lang='lat' dir='ltr'>quod</span> 
     </span>
     <span class='ocr_line' id='line_1_98' title="bbox 456 3304 1490 3372; baseline 0.002 -24"><span class='ocrx_word' id='word_1_688' title='bbox 456 3304 577 3372; x_wconf 31' lang='lat' dir='ltr'>RJAN</span> <span class='ocrx_word' id='word_1_689' title='bbox 614 3342 615 3345; x_wconf 57' lang='grc'>,</span> <span class='ocrx_word' id='word_1_690' title='bbox 641 3313 702 3349; x_wconf 77' lang='lat' dir='ltr'>ille</span> <span class='ocrx_word' id='word_1_691' title='bbox 730 3311 796 3361; x_wconf 91' lang='lat' dir='ltr'>qui</span> <span class='ocrx_word' id='word_1_692' title='bbox 825 3311 1077 3349; x_wconf 89' lang='lat' dir='ltr'>confirmatur</span> <span class='ocrx_word' id='word_1_693' title='bbox 1103 3324 1184 3349; x_wconf 89' lang='lat' dir='ltr'>non</span> <span class='ocrx_word' id='word_1_694' title='bbox 1217 3313 1329 3350; x_wconf 90' lang='lat' dir='ltr'>debet</span> <span class='ocrx_word' id='word_1_695' title='bbox 1348 3313 1396 3350; x_wconf 89' lang='lat' dir='ltr'>ab</span> <span class='ocrx_word' id='word_1_696' title='bbox 1416 3313 1490 3350; x_wconf 88' lang='lat' dir='ltr'>alio</span> 
     </span>
     <span class='ocr_line' id='line_1_99' title="bbox 448 3352 1490 3412; baseline 0.002 -11"><span class='ocrx_word' id='word_1_697' title='bbox 448 3367 485 3412; x_wconf 53' lang='grc' dir='ltr'>’,γ’</span> <span class='ocrx_word' id='word_1_698' title='bbox 508 3352 760 3401; x_wconf 73' lang='lat' dir='ltr'>v&#39;&#39;teneri</span> <span class='ocrx_word' id='word_1_699' title='bbox 796 3364 845 3401; x_wconf 90' lang='lat' dir='ltr'>ad</span> <span class='ocrx_word' id='word_1_700' title='bbox 882 3364 1230 3402; x_wconf 89' lang='lat' dir='ltr'>confirmationem.</span> <span class='ocrx_word' id='word_1_701' title='bbox 1272 3366 1359 3402; x_wconf 91' lang='lat' dir='ltr'>Hoc</span> <span class='ocrx_word' id='word_1_702' title='bbox 1386 3366 1490 3403; x_wconf 89' lang='lat' dir='ltr'>enim</span> 
     </span>
     <span class='ocr_line' id='line_1_100' title="bbox 448 3394 1490 3467; baseline 0.001 -13"><span class='ocrx_word' id='word_1_703' title='bbox 448 3411 462 3424; x_wconf 52' lang='lat'>²</span> <span class='ocrx_word' id='word_1_704' title='bbox 486 3394 576 3447; x_wconf 56' lang='lat'>§3⁹40</span> <span class='ocrx_word' id='word_1_705' title='bbox 599 3412 926 3454; x_wconf 50' lang='lat' dir='ltr'>&amp;sacramentum</span> <span class='ocrx_word' id='word_1_706' title='bbox 963 3429 1043 3454; x_wconf 90' lang='lat' dir='ltr'>non</span> <span class='ocrx_word' id='word_1_707' title='bbox 1078 3419 1206 3454; x_wconf 90' lang='lat' dir='ltr'>solum</span> <span class='ocrx_word' id='word_1_708' title='bbox 1241 3417 1387 3467; x_wconf 90' lang='lat' dir='ltr'>pueris,</span> <span class='ocrx_word' id='word_1_709' title='bbox 1423 3419 1490 3455; x_wconf 91' lang='lat' dir='ltr'>sed</span> 
     </span>
     <span class='ocr_line' id='line_1_101' title="bbox 431 3469 1490 3520; baseline 0.002 -13"><span class='ocrx_word' id='word_1_710' title='bbox 431 3470 546 3507; x_wconf 85' lang='lat' dir='ltr'>etiam</span> <span class='ocrx_word' id='word_1_711' title='bbox 565 3470 701 3508; x_wconf 87' lang='lat' dir='ltr'>adultis</span> <span class='ocrx_word' id='word_1_712' title='bbox 721 3469 931 3507; x_wconf 87' lang='lat' dir='ltr'>exhibetur.</span> <span class='ocrx_word' id='word_1_713' title='bbox 960 3469 1090 3507; x_wconf 90' lang='lat' dir='ltr'>Adulti</span> <span class='ocrx_word' id='word_1_714' title='bbox 1110 3478 1239 3507; x_wconf 88' lang='lat' dir='ltr'>autem</span> <span class='ocrx_word' id='word_1_715' title='bbox 1258 3483 1327 3519; x_wconf 92' lang='lat' dir='ltr'>per</span> <span class='ocrx_word' id='word_1_716' title='bbox 1345 3470 1490 3520; x_wconf 90' lang='lat' dir='ltr'>seipsos</span> 
     </span>
    </p>
   </div>
   <div class='ocr_carea' id='block_1_36' title="bbox 443 3274 630 3460">
    <p class='ocr_par' dir='ltr' id='par_1_41' title="bbox 443 3274 630 3460">
     <span class='ocr_line' id='line_1_102' title="bbox 443 3274 630 3460; baseline 0 -117"><span class='ocrx_word' id='word_1_717' title='bbox 443 3274 630 3460; x_wconf 95' lang='lat' dir='ltr'>   </span> 
     </span>
    </p>
   </div>
   <div class='ocr_carea' id='block_1_37' title="bbox 1543 3259 2610 3523">
    <p class='ocr_par' dir='ltr' id='par_1_42' title="bbox 1544 3259 2610 3351">
     <span class='ocr_line' id='line_1_103' title="bbox 1544 3259 2610 3311; baseline 0.003 -13"><span class='ocrx_word' id='word_1_718' title='bbox 1544 3269 1642 3298; x_wconf 88' lang='lat' dir='ltr'>stare</span> <span class='ocrx_word' id='word_1_719' title='bbox 1669 3269 1843 3310; x_wconf 90' lang='lat' dir='ltr'>possunt.</span> <span class='ocrx_word' id='word_1_720' title='bbox 1873 3262 1975 3310; x_wconf 86' lang='lat' dir='ltr'>Ergo</span> <span class='ocrx_word' id='word_1_721' title='bbox 2003 3259 2211 3298; x_wconf 89' lang='lat' dir='ltr'>ridiculum</span> <span class='ocrx_word' id='word_1_722' title='bbox 2239 3269 2294 3298; x_wconf 92' lang='lat' dir='ltr'>est</span> <span class='ocrx_word' id='word_1_723' title='bbox 2321 3262 2429 3311; x_wconf 92' lang='lat' dir='ltr'>quod</span> <span class='ocrx_word' id='word_1_724' title='bbox 2457 3262 2505 3300; x_wconf 89' lang='lat' dir='ltr'>ab</span> <span class='ocrx_word' id='word_1_725' title='bbox 2533 3262 2610 3310; x_wconf 83' lang='lat' dir='ltr'>alio</span> 
     </span>
     <span class='ocr_line' id='line_1_104' title="bbox 1544 3321 1755 3351; baseline 0 0"><span class='ocrx_word' id='word_1_726' title='bbox 1544 3321 1755 3351; x_wconf 89' lang='lat' dir='ltr'>teneantur.</span> 
     </span>
    </p>

    <p class='ocr_par' dir='ltr' id='par_1_43' title="bbox 1543 3365 2610 3523">
     <span class='ocr_line' id='line_1_105' title="bbox 1599 3365 2609 3417; baseline 0.003 -13"><span class='ocrx_word' id='word_1_727' title='bbox 1599 3378 1633 3403; x_wconf 89' lang='lat'>2.</span> <span class='ocrx_word' id='word_1_728' title='bbox 1655 3368 1886 3411; x_wconf 77' lang='lat' dir='ltr'>PRAETEREA,</span> <span class='ocrx_word' id='word_1_729' title='bbox 1915 3366 1975 3403; x_wconf 91' lang='lat' dir='ltr'>ille</span> <span class='ocrx_word' id='word_1_730' title='bbox 2004 3365 2071 3415; x_wconf 92' lang='lat' dir='ltr'>qui</span> <span class='ocrx_word' id='word_1_731' title='bbox 2099 3365 2177 3404; x_wconf 88' lang='lat' dir='ltr'>iarn</span> <span class='ocrx_word' id='word_1_732' title='bbox 2207 3374 2262 3404; x_wconf 91' lang='lat' dir='ltr'>est</span> <span class='ocrx_word' id='word_1_733' title='bbox 2289 3368 2337 3405; x_wconf 88' lang='lat' dir='ltr'>de</span> <span class='ocrx_word' id='word_1_734' title='bbox 2357 3368 2538 3417; x_wconf 90' lang='lat' dir='ltr'>Ecclesia,</span> <span class='ocrx_word' id='word_1_735' title='bbox 2567 3369 2609 3406; x_wconf 91' lang='lat' dir='ltr'>li-</span> 
     </span>
     <span class='ocr_line' id='line_1_106' title="bbox 1543 3419 2607 3472; baseline 0.003 -16"><span class='ocrx_word' id='word_1_736' title='bbox 1543 3419 1682 3456; x_wconf 89' lang='lat' dir='ltr'>berum</span> <span class='ocrx_word' id='word_1_737' title='bbox 1711 3419 1826 3457; x_wconf 89' lang='lat' dir='ltr'>habet</span> <span class='ocrx_word' id='word_1_738' title='bbox 1853 3431 2052 3456; x_wconf 88' lang='lat' dir='ltr'>accessum</span> <span class='ocrx_word' id='word_1_739' title='bbox 2084 3419 2133 3456; x_wconf 90' lang='lat' dir='ltr'>ad</span> <span class='ocrx_word' id='word_1_740' title='bbox 2161 3420 2353 3458; x_wconf 88' lang='lat' dir='ltr'>Ecclesiae</span> <span class='ocrx_word' id='word_1_741' title='bbox 2380 3421 2607 3472; x_wconf 90' lang='lat' dir='ltr'>principem,</span> 
     </span>
     <span class='ocr_line' id='line_1_107' title="bbox 1546 3471 2610 3523; baseline 0.004 -15"><span class='ocrx_word' id='word_1_742' title='bbox 1546 3472 1613 3521; x_wconf 91' lang='lat' dir='ltr'>qui</span> <span class='ocrx_word' id='word_1_743' title='bbox 1642 3480 1696 3509; x_wconf 90' lang='lat' dir='ltr'>est</span> <span class='ocrx_word' id='word_1_744' title='bbox 1725 3471 1939 3521; x_wconf 89' lang='lat' dir='ltr'>episcopus.</span> <span class='ocrx_word' id='word_1_745' title='bbox 1970 3472 2046 3509; x_wconf 91' lang='lat' dir='ltr'>Sed</span> <span class='ocrx_word' id='word_1_746' title='bbox 2074 3473 2150 3510; x_wconf 89' lang='lat' dir='ltr'>hoc</span> <span class='ocrx_word' id='word_1_747' title='bbox 2178 3482 2484 3523; x_wconf 85' lang='lat' dir='ltr'>sacramentum,</span> <span class='ocrx_word' id='word_1_748' title='bbox 2514 3475 2610 3512; x_wconf 91' lang='lat' dir='ltr'>sicut</span> 
     </span>
    </p>
   </div>
   <div class='ocr_carea' id='block_1_38' title="bbox 2631 1021 2845 1077">
    <p class='ocr_par' dir='ltr' id='par_1_44' title="bbox 2631 1021 2845 1077">
     <span class='ocr_line' id='line_1_108' title="bbox 2631 1021 2845 1050; baseline 0.005 -7"><span class='ocrx_word' id='word_1_749' title='bbox 2631 1021 2754 1050; x_wconf 69' lang='lat' dir='ltr'>&#39;Act.cnp.</span> <span class='ocrx_word' id='word_1_750' title='bbox 2761 1027 2845 1049; x_wconf 48' lang='lat' dir='ltr'>avers.</span> 
     </span>
     <span class='ocr_line' id='line_1_109' title="bbox 2633 1053 2773 1077; baseline -0.007 -6"><span class='ocrx_word' id='word_1_751' title='bbox 2633 1054 2668 1077; x_wconf 72' lang='lat'>¹35</span> <span class='ocrx_word' id='word_1_752' title='bbox 2683 1053 2733 1076; x_wconf 79' lang='lat' dir='ltr'>cap.</span> <span class='ocrx_word' id='word_1_753' title='bbox 2747 1054 2773 1070; x_wconf 83' lang='lat' dir='ltr'>n.</span> 
     </span>
    </p>
   </div>
   <div class='ocr_carea' id='block_1_39' title="bbox 2635 2023 2764 2048">
    <p class='ocr_par' dir='ltr' id='par_1_45' title="bbox 2635 2023 2764 2048">
     <span class='ocr_line' id='line_1_110' title="bbox 2635 2023 2764 2048; baseline -0.008 -1"><span class='ocrx_word' id='word_1_754' title='bbox 2635 2024 2728 2048; x_wconf 74' lang='lat' dir='ltr'>*Ven-</span> <span class='ocrx_word' id='word_1_755' title='bbox 2741 2023 2764 2047; x_wconf 80' lang='lat'>8.</span> 
     </span>
    </p>
   </div>
   <div class='ocr_carea' id='block_1_40' title="bbox 2636 2183 2853 2212">
    <p class='ocr_par' dir='ltr' id='par_1_46' title="bbox 2636 2183 2853 2212">
     <span class='ocr_line' id='line_1_111' title="bbox 2636 2183 2853 2212; baseline -0.005 -6"><span class='ocrx_word' id='word_1_756' title='bbox 2636 2187 2648 2196; x_wconf 89' lang='grc'>·</span> <span class='ocrx_word' id='word_1_757' title='bbox 2655 2183 2693 2206; x_wconf 68' lang='lat' dir='ltr'>Pu.</span> <span class='ocrx_word' id='word_1_758' title='bbox 2700 2189 2750 2212; x_wconf 83' lang='lat' dir='ltr'>cm,</span> <span class='ocrx_word' id='word_1_759' title='bbox 2755 2188 2853 2211; x_wconf 55' lang='lat' dir='ltr'>venas.</span> 
     </span>
    </p>
   </div>
   <div class='ocr_carea' id='block_1_41' title="bbox 2734 2294 2751 2320">
    <p class='ocr_par' dir='ltr' id='par_1_47' title="bbox 2734 2294 2751 2320">
     <span class='ocr_line' id='line_1_112' title="bbox 2734 2294 2751 2320; baseline 0 0"><span class='ocrx_word' id='word_1_760' title='bbox 2734 2294 2751 2320; x_wconf 76' lang='lat' dir='ltr'>t</span> 
     </span>
    </p>
   </div>
   <div class='ocr_carea' id='block_1_42' title="bbox 2908 3047 2918 3505">
    <p class='ocr_par' dir='ltr' id='par_1_48' title="bbox 2908 3047 2918 3505">
     <span class='ocr_line' id='line_1_113' title="bbox 2908 3047 2918 3505; textangle 90"><span class='ocrx_word' id='word_1_761' title='bbox 2908 3374 2918 3505; x_wconf 52' lang='lat' dir='ltr'>..ss--—-</span> <span class='ocrx_word' id='word_1_762' title='bbox 2913 3292 2918 3356; x_wconf 34' lang='grc' dir='ltr'><em>..ᾼΑ-</em></span> <span class='ocrx_word' id='word_1_763' title='bbox 2915 3227 2918 3262; x_wconf 30' lang='grc' dir='ltr'>...Α</span> <span class='ocrx_word' id='word_1_764' title='bbox 2915 3162 2918 3188; x_wconf 41' lang='grc' dir='ltr'>..Λ</span> <span class='ocrx_word' id='word_1_765' title='bbox 2915 3124 2918 3138; x_wconf 68' lang='lat'>-</span> <span class='ocrx_word' id='word_1_766' title='bbox 2915 3093 2918 3101; x_wconf 76' lang='grc'><strong>-</strong></span> <span class='ocrx_word' id='word_1_767' title='bbox 2916 3047 2918 3057; x_wconf 39' lang='grc' dir='ltr'><strong><em>ᾈ</em></strong></span> 
     </span>
    </p>
   </div>
  </div>
 </body>
</html>
