2918 4088
244 295 254 305 ·
268 293 337 314 Num.
354 297 380 314 ιι.

240 2388 251 2397 ·
259 2386 452 2408 videComment.

240 2413 454 2440 Caiet.postart.¹,
473 2442 476 2444 ,
505 2415 557 2446 (ᾗχι
599 2412 608 2433 ’1
641 2427 651 2434 .

240 2446 304 2462 num.
320 2446 346 2461 111
361 2445 412 2467 sqq.

338 2496 355 2512 α

491 168 560 204 182

540 245 594 275 VI.
618 245 660 276 Et
682 251 718 276 ut
741 246 891 277 omnibus
914 242 1058 283 satisfiat,
1083 247 1263 287 singillatim
1286 246 1545 287 respondendum

486 295 532 319 est
555 290 729 320 rationibus
754 290 851 321 Scoti.
886 290 938 321 Ad
966 292 1103 331 primam
1122 292 1138 307 θ’
1164 292 1260 331 igitur
1287 291 1400 321 dicitur
1429 291 1544 330 primo,

485 333 575 373 quod
597 334 703 364 minor
725 340 771 364 est
794 333 968 371 falsissima,
985 335 1104 365 scilicet
1120 335 1208 376 quod
1226 335 1388 366 existentia
1404 335 1545 374 corporis

485 377 603 408 Christi
634 383 680 408 est
703 378 884 409 indifferens
917 379 957 410 ad
983 379 1118 410 modum
1145 380 1321 410 naturalem
1352 385 1382 409 et
1410 378 1545 409 modum

484 422 752 453 sacramentalem.
787 422 883 453 Nulla
913 424 999 453 enim
1029 424 1201 454 substantia
1225 429 1271 453 est
1293 423 1474 453 indifferens
1506 422 1545 452 ad

484 475 552 496 esse
576 462 758 497 absolutum
782 467 832 497 vel
855 468 1086 507 respectivum:
1111 468 1172 498 nisi
1191 467 1373 497 absolutum
1397 468 1436 497 sit
1450 466 1545 497 indif-

484 509 586 540 ferens
611 510 650 541 ad
673 520 706 541 se
738 517 769 541 et
792 510 831 541 ad
853 521 954 551 genus
978 511 1081 548 aliud,
1111 511 1200 551 quod
1222 511 1364 552 implicat
1387 510 1544 541 contradi-

484 555 634 585 ctionem.
670 555 764 586 Unde
795 565 912 595 corpus
943 555 1060 586 Christi
1089 562 1135 586 est
1162 556 1205 586 ita
1233 555 1478 586 determinatum
1505 555 1544 585 ad

483 598 618 629 modum
642 599 765 630 essendi
788 600 974 636 naturalem,
999 600 1080 630 sicut
1099 605 1145 630 est
1161 599 1405 630 determinatum
1422 599 1460 629 ad
1477 609 1544 629 esse

482 643 638 682 seipsum:
664 643 738 683 quia
761 649 838 674 tunc
860 643 964 683 perdit
987 645 1054 674 esse
1078 645 1228 684 seipsum,
1254 653 1328 674 cum
1351 643 1453 684 perdit
1476 653 1544 674 esse

482 686 583 716 modo
601 687 745 717 naturali.
770 687 822 717 Ad
844 687 979 718 modum
1003 689 1089 718 enim
1113 688 1371 718 sacramentalem
1394 697 1427 718 se
1450 687 1545 717 habet

483 739 600 770 corpus
624 730 741 761 Christi
763 736 799 761 ut
822 731 861 762 ad
885 741 953 762 esse
976 733 1203 772 superveniens
1226 738 1379 772 tanquam
1399 731 1544 762 acciden-

481 774 544 804 tale
568 774 742 814 quoddam.

537 818 578 848 Et
600 824 769 859 propterea
802 821 968 860 responsio
999 820 1149 856 recitata,
1174 819 1263 860 quod
1294 819 1411 850 modus
1443 829 1543 851 sacra-

481 863 627 893 mentalis
650 863 810 903 dependet
833 874 850 894 a
872 865 1017 900 naturali,
1041 874 1115 894 vera
1138 870 1202 894 est:
1226 873 1294 894 non
1310 864 1416 894 solum
1441 873 1477 894 ea
1496 874 1544 895 ra-

481 906 569 936 tione
601 916 663 947 qua
691 908 917 947 superveniens
948 907 1107 948 dependet
1136 909 1174 938 ab
1199 917 1238 938 eo
1267 908 1318 938 cui
1342 909 1543 948 supervenit;

482 950 536 980 sed
560 960 596 980 ea
619 952 740 981 ratione
772 961 835 991 qua
862 951 1081 982 denominatio
1112 951 1271 991 dependet
1301 961 1319 981 a
1341 961 1375 982 re
1398 951 1544 982 denomi-

480 999 563 1030 nata,
589 1000 620 1024 et
639 1001 801 1035 respectus
820 1005 837 1024 a
852 996 989 1026 termino
1005 1005 1062 1026 seu
1078 995 1299 1031 fundamento,
1325 1001 1356 1026 et
1378 996 1544 1026 includens

480 1038 519 1067 ab
538 1038 674 1069 incluso.

535 1082 576 1112 Et
604 1082 644 1112 ad
673 1083 890 1113 obiectionem
922 1083 1010 1113 Scoti
1041 1083 1155 1113 dicitur
1186 1083 1275 1123 quod
1305 1083 1390 1113 aliud
1422 1089 1468 1113 est
1497 1084 1545 1114 lo-

480 1126 536 1164 qui
569 1125 608 1155 de
631 1127 699 1166 ipsa
731 1127 910 1162 existentia,
935 1126 1016 1156 idest
1044 1127 1237 1166 praesentia,
1261 1127 1295 1156 in
1323 1133 1540 1157 sacramento:

480 1174 510 1199 et
534 1169 619 1200 aliud
644 1176 690 1200 est
717 1171 809 1210 loqui
833 1170 872 1200 de
895 1180 928 1200 re
953 1171 1115 1206 existente,
1139 1170 1220 1200 idest
1242 1176 1419 1210 praesente,
1438 1171 1472 1200 in
1495 1181 1543 1200 sa-

479 1220 652 1244 cramento.
677 1214 710 1245 Si
734 1215 819 1244 enim
843 1215 881 1244 sit
904 1224 1008 1245 sermo
1034 1214 1072 1244 de
1095 1215 1163 1254 ipsa
1187 1215 1351 1244 existentia
1373 1224 1430 1244 seu
1452 1224 1543 1255 prae-

478 1259 587 1294 sentia,
616 1264 709 1294 tunc,
739 1265 973 1298 consequenter
995 1258 1160 1298 loquendo
1185 1258 1224 1288 de
1247 1259 1334 1298 ipsa,
1364 1258 1543 1289 secundum

477 1307 623 1332 naturam
646 1308 850 1343 respectuum
874 1303 1076 1343 loquendum
1100 1308 1156 1333 est.
1180 1303 1221 1333 Et
1242 1303 1286 1332 sic
1313 1303 1543 1342 consequentia

477 1346 607 1377 inducta
630 1357 648 1376 a
671 1346 769 1377 Scoto
793 1357 861 1377 non
883 1348 985 1378 valet:
1020 1348 1095 1387 quia
1124 1352 1287 1387 respectus
1317 1346 1477 1387 dependet
1504 1348 1542 1377 ab

478 1391 586 1431 aliquo
611 1390 700 1431 quod
723 1401 783 1421 nec
808 1397 854 1422 est
878 1391 917 1422 de
941 1393 1075 1422 essentia
1099 1392 1166 1421 eius
1189 1401 1250 1421 nec
1271 1401 1365 1421 causa
1381 1391 1463 1427 eius;
1489 1391 1543 1421 de-

476 1435 596 1475 pendet
619 1436 706 1466 enim
729 1446 747 1465 a
770 1436 917 1472 termino,
943 1445 999 1466 seu
1023 1435 1062 1466 ad
1085 1436 1268 1472 terminum,
1293 1441 1324 1465 et
1346 1445 1414 1466 non
1437 1441 1544 1475 potest

478 1489 545 1510 esse
569 1481 636 1510 sine
659 1481 807 1516 termino,
833 1481 889 1520 qui
912 1490 972 1511 nec
997 1486 1043 1510 est
1066 1479 1106 1510 de
1130 1480 1264 1510 essentia
1285 1480 1353 1510 eius
1372 1489 1432 1510 nec
1449 1489 1542 1511 causa

478 1524 555 1554 eius.

533 1569 566 1600 Si
589 1574 697 1599 autem
721 1574 767 1599 est
790 1578 895 1600 sermo
919 1569 958 1599 de
981 1574 1052 1599 toto
1076 1569 1157 1605 hoc,
1191 1569 1310 1599 scilicet
1333 1578 1367 1599 re
1390 1569 1543 1599 existente

478 1623 535 1644 seu
558 1623 591 1643 re
614 1618 797 1653 praesente,
827 1619 905 1644 tunc
928 1612 1044 1644 falsum
1068 1619 1115 1643 est
1138 1612 1328 1643 antecedens
1357 1622 1417 1653 pro
1441 1614 1544 1653 prima

477 1663 581 1698 parte:
608 1659 683 1698 quia
706 1657 746 1688 de
770 1658 903 1688 essentia
927 1658 972 1688 rei
994 1658 1168 1698 praesentis
1184 1663 1382 1688 sacramento
1399 1663 1445 1687 est
1460 1658 1542 1697 ipsa-

477 1708 544 1732 met
566 1712 616 1732 res
638 1711 797 1742 praesens,
822 1702 941 1733 scilicet
957 1711 1074 1742 corpus
1091 1701 1209 1732 Christi
1227 1702 1347 1732 habens
1363 1711 1458 1733 suum
1475 1711 1542 1732 esse

477 1747 630 1777 naturale.

476 1828 480 1831 ι
534 1791 575 1821 Et
599 1800 673 1821 cum
690 1797 800 1822 contra
823 1792 886 1822 hoc
906 1791 1077 1831 sophistice
1093 1791 1242 1821 instatur:
1268 1790 1301 1821 Si
1317 1800 1434 1830 corpus
1451 1790 1543 1821 Chri-

479 1836 518 1866 sti
544 1836 663 1866 habens
694 1845 789 1875 suum
821 1845 888 1866 esse
918 1835 1099 1871 materiale,
1132 1840 1213 1866 esset
1239 1844 1288 1865 res
1315 1835 1542 1870 Eucharistiae,

478 1880 609 1910 haberet
631 1880 675 1910 ibi
693 1880 829 1910 modum
846 1879 970 1910 essendi
985 1879 1171 1915 naturalem,
1195 1878 1276 1910 idest
1292 1880 1490 1910 extensivum
1501 1890 1507 1909 :
1520 1898 1543 1902 —

479 1924 649 1955 clarissima
671 1930 758 1964 patet
781 1925 958 1964 responsio,
984 1923 1072 1964 quod
1095 1929 1236 1954 mutatur
1261 1933 1312 1954 res
1333 1933 1487 1964 praesens
1509 1924 1543 1953 in

1140 169 1403 216 QUAESTIO
1432 167 1607 213 LXXVI,
1637 166 1929 204 ARTICULUS
1957 168 2002 204 III

1600 246 1729 277 modum
1746 246 1963 286 praesentiae.
1998 246 2055 276 Est
2077 246 2236 286 siquidem
2265 257 2313 277 res
2336 257 2485 288 praesens
2508 248 2659 279 Euchari-

1599 291 1675 320 stiae
1698 290 1815 320 modus
1839 290 1956 320 Christi
1978 291 2146 320 naturalis:
2172 290 2227 321 sed
2242 291 2359 322 modus
2374 293 2569 332 praesentiae
2591 302 2659 323 non

1600 341 1646 365 est
1679 334 1795 365 modus
1822 334 1874 364 ille
1905 334 2071 370 naturalis,
2104 333 2159 365 sed
2191 334 2308 365 modus
2342 336 2583 366 sacramentalis.
2619 336 2660 367 Et

1598 384 1767 419 propterea
1791 377 1927 408 diximus
1947 377 2035 418 quod
2059 383 2105 408 est
2120 378 2159 408 de
2182 379 2318 410 essentia
2341 380 2389 410 rei
2406 380 2606 421 praesentis:
2629 386 2660 411 et

1598 433 1665 453 non
1689 422 1826 453 diximus
1850 421 1939 462 quod
1963 427 2009 452 est
2033 422 2071 452 de
2094 423 2230 453 essentia
2254 423 2342 453 modi
2361 424 2573 464 praesentiae.

1653 467 1719 497 VII.
1744 467 1795 497 Ad
1823 466 1951 497 tertium
1967 467 1983 483 ³*
2007 466 2120 497 dicitur
2144 467 2233 506 quod
2263 476 2380 508 corpus
2405 467 2522 498 Christi
2547 477 2660 498 verum

1597 512 1631 542 in
1654 521 1713 542 suo
1738 521 1804 541 esse
1827 510 1963 541 naturali
1990 516 2036 540 est
2059 510 2275 547 Eucharisda,
2301 517 2331 541 et
2354 513 2604 548 sacramentum,
2629 517 2660 543 et

1597 565 1645 586 res
1669 555 1872 586 sacramenti:
1897 561 1933 585 ut
1954 560 2042 595 patet
2057 555 2090 585 in
2107 555 2257 595 Magistro
2274 555 2518 592 Sententiarum,
2535 556 2578 586 IV
2593 556 2659 593 lib„

1598 599 1667 630 dist.
1684 610 1739 629 v111
1754 601 1780 634 ἢ
1807 605 1837 630 et
1859 599 2041 639 Augustino
2065 598 2184 629 ibidem
2207 599 2352 639 allegato.

1654 644 1735 674 VIII.
1753 643 1804 674 Ad
1820 649 1970 684 quartum
1985 644 2011 679 ’ἢ
2025 643 2211 674 sustinendo
2228 644 2472 683 responsionem
2487 644 2659 681 recitatam,

1598 688 1712 719 dicitur
1739 687 1828 728 quod
1851 688 2005 718 terminus
2028 697 2085 718 seu
2109 686 2355 721 fundamentum
2384 693 2547 728 respectus
2570 698 2660 728 prae-

1597 733 1716 763 sentiae
1740 737 1787 762 est
1810 741 1926 772 corpus
1951 731 2068 762 Christi
2091 732 2124 762 in
2146 741 2213 762 esse
2229 741 2289 762 suo
2305 732 2450 763 naturali.
2475 732 2516 762 Et
2531 732 2571 763 ad
2585 742 2660 772 pro-

1596 777 1760 807 bationem
1783 777 1816 806 in
1840 776 2027 816 oppositum
2050 775 2165 806 dicitur
2188 775 2278 816 quod
2301 777 2473 807 committit
2494 777 2662 808 manifeste

1597 821 1760 860 sophisma
1772 820 1911 861 figurae
1933 820 2092 856 dictionis,
2110 819 2295 851 divertendo
2312 830 2330 851 a
2345 830 2379 851 re
2398 820 2438 851 ad
2452 820 2589 851 modum
2604 822 2660 857 rei,

1597 865 1661 895 hoc
1685 870 1740 901 est,
1766 874 1783 894 a
1806 874 1839 894 re
1863 869 2028 904 praesente
2052 864 2092 894 ad
2114 864 2250 895 modum
2268 865 2475 904 praesentiae,
2499 875 2517 895 a
2532 875 2566 895 re
2582 875 2661 896 con-

1597 914 1684 939 tenta
1707 908 1746 939 ad
1762 908 1898 939 modum
1921 918 1987 949 quo
2004 909 2196 939 continetur.
2220 909 2395 939 Existentia
2414 909 2500 939 enim
2517 910 2661 950 corporis

1599 952 1716 983 Christi
1745 953 1778 982 in
1802 962 1861 982 suo
1885 952 1985 983 modo
2009 953 2143 983 naturali
2175 959 2221 983 est
2244 963 2292 983 res
2322 953 2428 993 primo
2453 959 2603 984 contenta
2630 959 2662 984 et

1597 996 1781 1036 significata,
1799 996 1924 1027 dicente
1940 996 2079 1033 Christo,
2095 997 2171 1027 Hoc
2187 1002 2234 1028 est
2248 1007 2366 1038 corpus
2381 1006 2504 1028 meum:
2523 997 2660 1028 dicendo

1598 1041 1684 1071 enim
1707 1050 1826 1080 corpus
1853 1050 1957 1070 meum
1992 1041 2060 1071 sine
2091 1041 2252 1072 additione
2276 1042 2398 1081 aliqua,
2422 1042 2536 1082 procul
2559 1042 2659 1073 dubio

1596 1083 1784 1124 significavit
1807 1094 1926 1124 corpus
1950 1094 2045 1114 suum
2068 1085 2101 1115 in
2125 1095 2184 1115 suo
2209 1095 2276 1115 esse
2299 1086 2446 1116 naturali.
2470 1086 2588 1117 Modus
2604 1096 2661 1117 au-

1596 1134 1662 1158 tem
1679 1137 1745 1167 quo
1763 1128 1955 1164 continetur,
1971 1138 2039 1158 non
2056 1135 2102 1159 est
2124 1138 2173 1159 res
2189 1128 2364 1169 significata
2378 1139 2486 1170 neque
2510 1135 2661 1161 contenta

1597 1172 1630 1201 in
1660 1173 1723 1202 hoc
1754 1177 1969 1208 sacramente,
2001 1172 2057 1202 sed
2086 1172 2203 1202 modus
2234 1173 2430 1204 continendi.
2465 1174 2507 1204 Et
2537 1179 2662 1205 constat

1596 1225 1664 1245 non
1687 1215 1792 1245 valere
1815 1221 2057 1255 argumentum:
2085 1216 2212 1256 Corpus
2241 1217 2360 1247 Christi
2384 1227 2448 1247 non
2477 1218 2662 1248 continetur

1597 1259 1692 1290 modo
1724 1260 1885 1295 naturali,
1911 1259 1992 1290 idest
2021 1260 2203 1290 extensive:
2225 1260 2318 1302 Ergo
2347 1271 2399 1291 res
2421 1267 2572 1292 contenta
2596 1272 2660 1292 non

1597 1309 1643 1334 est
1666 1303 1732 1344 ipse
1758 1303 1872 1334 modus
1890 1304 2064 1334 naturalis
2087 1309 2118 1334 et
2139 1305 2322 1335 extensivus
2351 1306 2499 1346 corporis
2524 1306 2660 1343 Christi,

1596 1354 1633 1378 ut
1655 1353 1752 1388 patet.

1652 1392 1704 1422 IX.
1729 1392 1770 1422 Et
1792 1392 1867 1422 hinc
1890 1391 2096 1423 manifestum
2120 1398 2166 1423 est
2182 1393 2375 1424 chimaeram
2398 1403 2466 1424 esse
2483 1394 2573 1434 quod
2588 1400 2662 1426 ante

1596 1437 1848 1466 incarnationem
1865 1436 1982 1466 Christi
2002 1437 2144 1477 potuerit
2159 1447 2233 1467 vere
2254 1447 2322 1468 esse
2341 1438 2404 1468 hoc
2427 1445 2662 1470 sacramentum

1596 1481 1678 1511 sicut
1701 1490 1788 1511 nunc
1804 1482 1831 1511 ὓ.
1856 1481 1940 1511 Dato
1957 1481 2043 1511 enim
2067 1481 2158 1521 quod
2176 1481 2264 1511 Deus
2279 1483 2437 1522 potuisset
2454 1482 2579 1514 efficere
2601 1484 2661 1514 sub

1596 1524 1813 1555 accidentibus
1832 1526 1922 1565 panis
1939 1524 2078 1556 eundem
2093 1531 2275 1566 respectum
2290 1527 2486 1566 praesentiae
2503 1529 2559 1568 qui
2573 1537 2662 1559 nunc

1595 1568 1664 1599 fieri
1688 1569 1818 1606 dicitur,
1843 1569 1931 1600 nulla
1953 1575 2061 1600 tamen
2083 1579 2133 1600 res
2162 1571 2357 1601 inveniretur
2378 1577 2548 1611 propterea
2569 1582 2660 1613 prae-

1596 1623 1684 1644 sens:
1720 1614 1796 1654 quia
1818 1623 1878 1644 nec
1902 1623 2020 1654 corpus
2044 1613 2179 1651 Christi,
2204 1614 2294 1655 quod
2316 1625 2385 1645 non
2409 1621 2490 1652 erat;
2517 1626 2578 1647 nec
2601 1617 2661 1648 alia

1594 1667 1654 1688 reS.
1689 1658 1730 1688 Et
1756 1663 1926 1698 propterea
1955 1658 2031 1688 falsa
2054 1658 2166 1689 fuisset
2194 1659 2282 1690 haec'
2296 1660 2491 1699 propositio,
2515 1660 2592 1691 Hoc
2615 1666 2663 1693 est

1596 1711 1714 1743 corpus
1737 1710 1862 1733 meum:
1884 1702 1972 1733 nulla
1996 1703 2083 1733 enim
2106 1703 2167 1733 alia
2188 1703 2326 1734 veritatis
2343 1705 2411 1735 eius
2426 1705 2506 1735 ratio
2523 1705 2661 1745 assigna-

1595 1752 1646 1776 tur
1669 1747 1730 1777 nisi
1753 1747 1828 1787 quia
1850 1747 1914 1777 hoc
1938 1752 1984 1777 est
2007 1757 2125 1787 corpus
2147 1747 2227 1778 illud
2250 1747 2340 1788 quod
2363 1753 2409 1779 est
2431 1749 2466 1779 in
2489 1749 2593 1786 caelo;
2617 1750 2662 1781 ita

1596 1790 1686 1831 quod
1709 1790 1788 1829 illud
1819 1790 1908 1831 quod
1933 1796 1982 1821 est
2007 1792 2040 1821 in
2064 1791 2172 1828 caelo,
2202 1793 2354 1823 veraciter
2390 1793 2572 1824 continetur
2601 1795 2660 1825 sub

1594 1835 1701 1875 specie
1724 1835 1825 1875 panis.
1860 1835 1908 1865 Ac
1931 1845 1988 1875 per
2010 1836 2085 1872 hoc,
2109 1836 2135 1866 si
2159 1845 2276 1876 corpus
2301 1836 2418 1868 Christi
2443 1837 2533 1878 quod
2556 1843 2604 1868 est
2625 1839 2660 1870 in

1596 1879 1695 1915 caelo,
1712 1880 1745 1909 in
1761 1880 1867 1919 seipso
1883 1880 2118 1916 annihilaretur,
2135 1881 2262 1911 nullum
2277 1887 2454 1912 remaneret
2469 1881 2661 1914 fundamen-

1594 1929 1664 1954 tum
1686 1924 1824 1954 veritatis
1846 1925 1952 1960 huius,
1976 1923 2052 1955 Hoc
2071 1929 2118 1955 est
2140 1934 2259 1965 corpus
2281 1934 2396 1955 meum.

1281 2093 1600 2136 ARTICULUS
1629 2094 1860 2137 TERTIUS

665 2197 822 2228 UTRUM
846 2196 912 2228 srr
937 2196 1084 2228 Toros
1109 2196 1322 2228 cnmsrus
1346 2196 1425 2227 SUB
1449 2196 1671 2234 QUALIBET
1695 2196 1838 2227 PARTE
1862 2195 2107 2228 SPECIERUM
2129 2197 2253 2228 PANIS
2276 2197 2362 2228 VEL
2388 2198 2474 2229 V1N1

515 2287 549 2311 IV
568 2286 652 2316 Sent.‚
672 2286 731 2311 dist.
749 2294 773 2316 x,
793 2290 839 2310 art.
861 2285 884 2315 3,
903 2285 952 2318 qu¹³
974 2284 1003 2316 33
1023 2285 1056 2310 IV
1077 2285 1154 2310 Cont.
1177 2286 1263 2315 Gent„
1283 2291 1340 2317 cap.
1358 2291 1441 2314 va113
1464 2284 1561 2315 Quodl.
1579 2285 1633 2315 V11.
1652 2292 1696 2317 qu.
1714 2292 1749 2315 xv,
1769 2291 1816 2311 art.
1837 2292 1864 2317 ις
1885 2285 1915 2310 In
1934 2286 2042 2315 Mami„
2062 2294 2119 2319 cap.
2136 2293 2208 2317 xxv15
2227 2287 2236 2312 1
2253 2287 2291 2312 ad
2312 2287 2382 2319 Cor„
2401 2295 2456 2320 cap.
2475 2295 2509 2320 xi,
2528 2289 2586 2315 lect.
2600 2297 2626 2314 v.

606 2407 614 2423 ι,
630 2396 649 2426 5'
690 2387 712 2411 D
726 2386 885 2411 TERTIUM
899 2386 952 2411 sm
966 2386 1191 2411 Paocnmrua
1204 2373 1235 2410 *.
1256 2373 1418 2410 Videtur
1435 2374 1543 2423 quod

691 2439 771 2464 non
787 2427 832 2464 sit
850 2434 951 2464 totus
967 2426 1141 2464 Christus
1161 2427 1233 2464 sub
1253 2427 1423 2476 qualibet
1435 2434 1542 2476 parte

567 2554 575 2557 <
692 2534 776 2571 illae
796 2532 915 2571 dividi
928 2541 1091 2583 possunt
1109 2533 1149 2570 in
1168 2533 1374 2570 infinitum.
1397 2532 1437 2570 Si
1452 2545 1541 2581 ergo

482 2586 655 2625 Christus
682 2595 784 2624 totus
812 2594 867 2624 est
894 2587 966 2624 sub
996 2586 1164 2636 qualibet
1191 2594 1298 2635 parte
1326 2586 1542 2635 specierum

478 2639 774 2690 praedictarum,
796 2647 1020 2689 sequeretur
1047 2640 1154 2688 quod
1177 2639 1358 2676 infinities
1387 2647 1484 2676 esset
1502 2639 1542 2676 in

479 2695 555 2741 hoc
583 2701 834 2731 sacramento.
873 2693 993 2741 Quod
1028 2700 1083 2729 est
1117 2692 1410 2729 inconveniens:
1449 2705 1542 2730 nam

478 2746 674 2784 infinitum
693 2759 773 2784 non
793 2748 920 2784 solum
939 2753 1125 2796 repugnat
1143 2754 1313 2793 naturae,
1334 2746 1402 2782 sed
1426 2745 1541 2783 etiam

472 2795 628 2849 gratiae.

529 2865 567 2892 2.
598 2854 830 2900 PRAETEREA,
857 2865 998 2902 corpus
1027 2852 1179 2898 Christi,
1199 2864 1290 2890 cum
1319 2852 1365 2890 sit
1393 2852 1541 2901 organi-

471 2919 581 2953 ·cum,
598 2906 713 2943 habet
731 2913 858 2955 partes
877 2905 1127 2943 determinate
1141 2905 1341 2943 distantes:
1363 2914 1419 2943 est
1437 2905 1541 2942 enim

479 2960 526 2996 de
554 2959 700 2996 ratione
729 2959 896 3008 organici
924 2959 1095 3009 corporis
1123 2959 1374 2996 determinata
1402 2959 1540 2996 distan—

478 3012 529 3050 tia
557 3012 793 3060 singularum
821 3011 988 3062 partium
1017 3013 1066 3050 ad
1093 3012 1280 3059 invicem,
1311 3011 1407 3050 sicut
1439 3012 1540 3050 oculi

480 3066 528 3102 ab
557 3067 684 3111 oculo,
705 3074 741 3103 et
769 3065 870 3103 oculi
898 3065 946 3102 ab
966 3078 1070 3102 aure.
1101 3066 1178 3103 Sed
1206 3066 1282 3103 hoc
1309 3078 1390 3103 non
1411 3074 1541 3115 posset

480 3130 561 3154 esse
581 3118 612 3154 si
631 3119 703 3155 sub
723 3118 890 3167 qualibet
912 3126 1018 3168 parte
1045 3118 1261 3168 specierum
1280 3117 1295 3148 β
1323 3127 1420 3157 esset
1438 3126 1540 3156 totus

472 3170 673 3207 Christus:
695 3179 887 3220 oporteret
904 3171 1009 3208 enim
1028 3172 1135 3220 quod
1154 3172 1226 3209 sub
1247 3171 1415 3221 qualibet
1433 3179 1539 3221 parte

480 3230 577 3260 esset
605 3223 795 3272 quaelibet
821 3236 929 3273 pars;
960 3231 996 3260 et
1023 3224 1084 3270 ita,
1103 3224 1180 3267 ⁴ubi
1208 3231 1305 3262 esset
1332 3237 1411 3261 una
1434 3237 1538 3274 pars,

480 3283 577 3312 esset
606 3283 641 3312 et
668 3275 750 3312 alia.
788 3277 880 3327 Non
908 3288 998 3324 ergo
1035 3284 1160 3326 potest
1188 3289 1269 3314 esse
1298 3277 1405 3327 quod
1438 3285 1540 3315 totus

531 3406 558 3440 α)
574 3410 656 3439 parte
673 3407 828 3439 specierum.
847 3421 864 3426 —
883 3407 979 3438 PsCG3
999 3407 1084 3439 specie
1103 3408 1120 3438 1,
1134 3411 1217 3439 parte
1236 3409 1322 3433 ceteri.

531 3441 557 3476 β)
572 3446 653 3474 parte
670 3443 823 3474 specierum.
841 3457 861 3462 —-
878 3443 902 3467 G
921 3448 946 3467 et
964 3443 1088 3467 editiones
1095 3451 1102 3474 ;
1124 3443 1173 3468 si...
1192 3445 1260 3468 esset
1278 3451 1331 3469 om.
1351 3443 1374 3474 15
1394 3443 1539 3475 specierum

473 3481 555 3509 parte
573 3478 601 3509 F,
620 3478 764 3510 specierum
784 3478 870 3504 ceteri.

1598 2373 1772 2411 Christus
1807 2374 1852 2411 sit
1880 2375 1953 2411 sub
1981 2374 2150 2424 qualibet
2176 2383 2283 2425 parte
2317 2375 2464 2413 hostiae
2490 2379 2553 2414 vel
2579 2377 2660 2415 vini

1597 2427 1765 2464 contenti
1792 2427 1832 2464 in
1861 2427 1987 2464 calice.

1652 2480 1685 2517 3.
1715 2481 1955 2528 PRAETEREA,
1985 2493 2127 2530 corpus
2163 2482 2301 2519 Christi
2338 2494 2492 2532 semper
2525 2495 2660 2522 veram

1596 2533 1731 2571 retinet
1758 2534 1930 2584 corporis
1957 2542 2156 2581 naturam,
2186 2547 2258 2572 nec
2286 2547 2462 2585 unquam
2489 2544 2660 2575 mutatur

1595 2586 1635 2623 in
1664 2586 1851 2636 spiritum.
1883 2587 1960 2625 Sed
1995 2588 2042 2625 de
2071 2585 2217 2625 ratione
2252 2588 2425 2638 corporis
2462 2597 2517 2627 est
2544 2598 2587 2627 ut
2613 2590 2660 2628 sit

1596 2642 1778 2689 quantitas
1790 2642 2012 2689 positionem
2039 2642 2189 2688 habens,
2209 2649 2253 2678 ut
2279 2649 2382 2691 patet
2401 2642 2441 2679 in
2459 2644 2658 2682 Praedica-

1595 2695 1725 2730 mentis
1744 2693 1774 2730 ²¹².
1806 2694 1882 2731 Sed
1902 2694 1950 2731 ad
1970 2694 2158 2732 rationem
2177 2694 2293 2732 huius
2313 2695 2531 2745 quantitatis
2548 2697 2658 2746 perti-

1595 2754 1659 2783 net
1678 2747 1785 2796 quod
1809 2747 1982 2784 diversae
2005 2755 2131 2797 partes
2150 2747 2190 2785 in
2209 2747 2368 2786 diversis
2395 2748 2567 2798 partibus
2585 2749 2659 2788 loci

1595 2799 1765 2837 existant.
1795 2800 1888 2837 Non
1916 2812 2006 2849 ergo
2034 2808 2159 2850 potest
2187 2813 2281 2850 esse,
2302 2809 2344 2839 ut
2366 2801 2529 2848 videtur,
2549 2803 2657 2852 quod

1595 2861 1697 2890 totus
1718 2853 1892 2891 Christus
1920 2853 1966 2891 sit
1993 2854 2065 2891 sub
2093 2854 2263 2904 qualibet
2293 2862 2400 2904 parte
2428 2854 2655 2904 specierum.

1649 2906 1723 2944 SED
1748 2919 1893 2944 CONTRA
1911 2919 1977 2944 Esr
1997 2907 2105 2956 quod
2123 2907 2360 2956 Augustinus
2379 2907 2479 2955 dicit,
2499 2907 2539 2945 in
2563 2921 2658 2958 quo-

1595 2960 1687 2997 dam
1716 2960 1904 2997 Sermone
1923 2960 1961 2997 *ε
1991 2961 2141 3010 Singuli
2161 2962 2345 3009 accipiunt
2367 2961 2551 2998 Christum
2579 2963 2657 2999 Do-

1595 3014 1759 3050 minum.-
1795 3019 1828 3050 et
1855 3015 1892 3050 in
1920 3014 2076 3063 singulis
2103 3015 2337 3062 portionibus
2369 3019 2463 3051 totus
2490 3021 2558 3061 est,
2590 3028 2658 3053 nec

1589 3079 1662 3116 per
1687 3067 1856 3116 singulas
1883 3067 2071 3113 minuitur,
2091 3066 2157 3103 sed
2172 3068 2359 3116 integrum
2385 3078 2425 3103 se
2443 3069 2600 3116 praebet
2619 3070 2656 3106 in

1593 3120 1761 3169 singulis.

1648 3173 1872 3210 RESPONDEO
1891 3183 2072 3210 chENDUM
2091 3172 2209 3220 quod,
2231 3171 2327 3209 sicut
2345 3184 2391 3210 ex
2420 3185 2536 3222 supra
2554 3173 2574 3196 ’¹‘
2601 3174 2656 3212 di—

1594 3224 1661 3261 ctis
1689 3233 1811 3274 patet,
1842 3224 1933 3274 quia
1952 3230 1966 3252 Ὺ
1994 3224 2034 3262 in
2062 3225 2138 3262 hoc
2172 3233 2411 3263 sacramento
2447 3226 2657 3267 substantia

1594 3277 1765 3327 corporis
1795 3276 1934 3315 Christi
1962 3285 2018 3315 est
2045 3289 2091 3314 ex
2119 3277 2158 3314 vi
2193 3278 2437 3327 sacramenti,
2465 3280 2657 3329 quantitas

1651 3410 1678 3443 γ)
1697 3410 1769 3442 quia.
1797 3423 1816 3428 -
1842 3409 1914 3442 quod
1940 3408 2072 3440 BDGHIb,
2098 3416 2151 3434 om.
2177 3409 2205 3433 F.
2232 3423 2251 3428 —
2278 3412 2317 3434 est
2344 3410 2428 3442 primo
2453 3410 2511 3435 loco
2537 3411 2577 3437 ed.
2595 3418 2613 3436 a
2632 3417 2658 3437 et

1597 3446 1685 3476 tertia;
1703 3453 1758 3470 om.

2687 475 2697 486 '¹
2711 474 2782 498 Num.
2797 480 2832 497 ιιι.

2687 601 2762 650 Ξῠίέψ.
2769 600 2835 624 Nune
2844 601 2903 630 quid

2687 655 2698 666 ·
2711 654 2779 676 Num.
2794 660 2824 676 ιν.

2688 1490 2699 1501 ·
2713 1488 2750 1511 Cf.
2763 1494 2828 1511 num.
2843 1494 2862 1511 ι,

2685 2705 2697 2717 ·
2711 2705 2768 2734 Cap.
2783 2711 2813 2733 ιν,
2828 2712 2852 2729 n.
2863 2706 2887 2728 Β.

2684 2966 2899 3017 m‘hffis‘x?

2685 3023 2739 3068 Boot
2749 3019 2897 3068 Tbeffihnn„

2685 3046 2899 3102 cffffitsm'bi

2684 3099 2715 3150 1d¹e
2722 3098 2834 3122 Cancer.
2842 3097 2898 3121 din.

2685 3180 2695 3192 ·
2708 3179 2760 3202 Art.
2775 3185 2796 3206 ι,
2810 3178 2839 3201 nd
2851 3184 2875 3208 3.

2782 3231 2801 3258 ἵ
