2878 4088
149 468 210 489 ·.Α1
229 467 248 489 Ε
265 467 302 489 111.
319 466 358 493 lx,

148 497 181 515 aa
194 494 261 516 Pau.
276 495 300 515 et
313 483 359 515 Ειι-

148 520 359 548 stoch.-1nter0pp.

149 547 244 569 Hieron.

148 777 158 786 ·
177 775 265 797 ΗοιιιίΙ.
286 775 318 796 111
335 775 359 796 in

148 801 239 830 Evang.

150 1128 159 1138 ·
173 1126 229 1154 Cap.
245 1131 305 1150 xvu.
320 1131 359 1152 xx,

147 1159 207 1174 xxva

148 1261 157 1270 ·
164 1259 222 1280 Vide
227 1259 360 1280 Euseb.'Hi-

147 1288 205 1307 sior.
214 1285 302 1307 Eccles.
316 1286 354 1307 lib.

148 1312 209 1337 vm,
218 1318 244 1333 cn
263 1328 268 1334 .
280 1318 322 1338 ιιι,
331 1313 359 1333 de

148 1339 240 1367 Martyri
260 1345 286 1360 115
309 1340 359 1360 An-

148 1365 268 1388 tiochenis.

149 1926 158 1934 ·
188 1923 288 1951 Etymol.
319 1923 358 1944 lib.

149 1950 198 1977 vn,
208 1956 258 1977 cap.
267 1956 300 1977 ιι,
309 1955 330 1972 11.
340 1957 358 1971 1.

149 2280 359 2303 ·Comment.1·nE-

145 2308 201 2335 pist.
220 2308 229 2328 1
247 2307 281 2328 ad
295 2307 359 2334 Cor„

148 2339 360 2388 ἵζῗέἶὲῗὲἕῖᾋῗῃί

148 2388 211 2409 bros.

149 2545 271 2566 ‘Ariston
283 2544 361 2566 Ethic.

149 2571 189 2593 lib.
214 2572 234 2598 1,
235 2577 308 2620 casp.
315 2577 359 2619 ιι,

149 2604 171 2620 n.
193 2598 214 2620 8.

149 2625 200 2646 leet.
216 2630 239 2646 ιι.

151 2943 160 2953 ·
175 2942 231 2970 Cap.
246 2947 308 2963 iri-vi.

391 158 465 196 236

387 237 549 279 procedat.
573 238 647 269 Hoc
671 244 779 270 autem
794 248 862 270 non
877 240 1019 280 ponitur.
1044 239 1130 280 Ergo
1154 241 1306 281 martyrio
1326 238 1455 269 aureola

387 292 455 313 non
479 282 632 313 debetur.-

440 336 471 366 4.
496 327 692 363 Paaernana,
709 326 839 358 afflictio
861 329 1005 368 corporis
1022 333 1069 359 est
1083 329 1191 359 minor
1207 337 1305 368 quam
1325 326 1453 357 afflictio

386 371 512 407 mentis,
530 381 612 411 quae
629 376 675 401 est
690 380 747 411 per
763 372 929 403 interiores
953 371 1081 403 dolores
1098 378 1129 403 et
1143 373 1310 402 interiores
1329 372 1454 402 animae

385 416 559 455 passiones.
585 415 648 446 Sed
663 416 794 446 interior
810 417 905 447 etiam
926 416 1054 447 afflictio
1079 416 1244 457 quoddam
1267 416 1453 456 martyrium

387 465 449 490 est:
467 459 553 490 unde
570 459 645 490 dicit
661 460 891 501 Hieronymus,
908 461 942 492 in
958 461 1114 492 Sermone
1131 461 1170 492 de
1185 460 1409 500 Assumptione
1420 459 1451 489 *t

385 504 482 535 Recte
496 503 645 540 dixerim,
659 504 721 535 Dei
735 504 886 536 Genitrix
903 505 1003 546 Virgo
1020 511 1051 536 et
1066 505 1289 546 Martytrfuit,
1307 503 1453 545 quamvis

387 548 419 578 in
429 557 514 588 pace
529 548 628 579 vitam
640 549 781 589 finierit.
809 549 921 580 Unde:
948 562 961 576 «
981 551 1083 580 Tuam
1099 549 1199 590 ipsius
1220 549 1362 579 animam
1375 557 1452 588 per-

387 593 535 623 transibit
548 592 682 634 gladius
697 606 725 630 »,
746 594 865 624 scilicet
881 593 974 624 dolor
990 593 1029 624 de
1045 599 1149 624 morte
1165 593 1247 624 Filii.
1273 592 1359 624 Cum
1376 601 1451 632 ergo

385 637 529 667 interiori
555 636 659 668 dolori
682 638 812 668 aureola
834 648 902 669 non
925 637 1126 678 respondeat,
1150 647 1211 668 nec
1235 637 1381 668 exteriori
1404 646 1452 667 re-

386 681 547 722 spondere
570 681 674 712 debet.

444 725 472 756 5.
489 726 686 762 pinnum,
699 726 768 766 ipsa
789 726 988 766 poenitentia
1003 727 1191 768 martyrium
1210 725 1376 766 quoddam
1388 730 1450 756 est:

386 769 473 800 unde
489 769 564 800 dicit
577 769 750 810 Gregorius
759 771 790 800 *z
811 770 966 806 Quamvis
979 771 1106 802 occasio
1113 770 1350 811 persecutionis
1361 769 1451 806 desit,

385 814 479 844 habet
501 819 616 844 tamem
640 819 671 844 et
687 823 759 854 pax
783 819 895 845 nostra
920 815 1117 855 martyrium
1139 822 1253 845 suum:
1283 815 1369 855 quia,
1394 814 1452 845 etsi

386 858 495 888 carnis
511 858 596 888 colla
603 858 704 899 ferro
729 867 794 888 non
818 858 1012 895 subiicimus,
1030 859 1194 899 spirituali
1213 864 1318 889 tamen
1337 858 1451 900 gladio

386 902 535 932 carnalia
558 901 717 932 desideria
742 902 774 931 in
799 907 903 932 mente
922 902 1131 933 trucidamus.
1155 903 1376 933 Poenitentiae
1397 912 1453 932 au-

385 951 461 982 tem,
482 955 564 985 quae
587 946 621 975 in
645 946 852 976 exterioribus
877 947 1027 985 operibus
1052 947 1206 982 consistit,
1232 946 1362 977 aureola
1385 956 1453 977 non

386 990 528 1020 debetur.
553 989 638 1029 Ergo
662 999 722 1019 nec
746 989 842 1020 etiam
866 990 957 1020 omni
985 991 1133 1021 exteriori
1156 999 1190 1020 m
1287 1000 1318 1020 o.

442 1034 471 1063 6.
495 1034 692 1070 Pium-anas,
717 1033 828 1063 illicito
853 1032 944 1074 o'peri
966 1043 1036 1064 non
1059 1033 1193 1064 debetur
1217 1034 1356 1064 aureola.
1390 1033 1453 1064 Sed

385 1078 532 1108 illicitum
555 1083 602 1108 est
625 1077 684 1108 sibi
707 1078 767 1117 ipsi
790 1087 905 1108 manus
929 1078 1076 1109 iniicere:
1101 1083 1138 1108 ut
1160 1083 1248 1118 patet
1266 1087 1325 1118 per
1340 1077 1453 1117 Augu-

385 1123 515 1158 stinum‚
532 1122 566 1152 in
583 1122 594 1152 1
611 1122 665 1152 lib.
682 1121 721 1152 de
739 1121 807 1152 Civ.
824 1122 887 1153 Dei
902 1123 929 1152 ἃ.
954 1122 995 1153 Et
1017 1128 1125 1154 tamen
1150 1121 1355 1163 quorundam
1370 1132 1453 1152 mar-

385 1167 465 1207 tyria
487 1167 521 1196 in
545 1166 688 1196 Ecclesia
713 1166 869 1196 celebrata
885 1171 960 1197 sunt
976 1167 1032 1207 qui
1048 1167 1108 1197 sibi
1123 1176 1238 1197 manus
1261 1167 1451 1203 iniecerunt,

385 1216 595 1251 tyrannorum
625 1210 746 1240 rabiem
779 1209 956 1251 fugientes:
989 1216 1025 1242 ut
1057 1216 1145 1251 patet
1167 1212 1201 1242 in
1231 1211 1453 1242 Ecclesiastica

386 1255 527 1285 Historia
550 1254 590 1285 de
620 1254 813 1295 quibusdam
843 1255 1031 1286 mulieribus
1062 1255 1149 1296 apud
1179 1254 1405 1286 Alexandriam
1425 1256 1451 1286 *.

385 1299 471 1340 Ergo
494 1309 563 1330 non
586 1309 713 1340 semper
734 1300 887 1340 martyrio
912 1299 1046 1330 debetur
1070 1300 1210 1331 aureola.

441 1354 471 1383 7.
491 1344 689 1380 PRAETEREA,
707 1344 864 1384 contingit
881 1344 1054 1385 aliquando
1071 1345 1213 1385 aliquem
1228 1354 1288 1385 pro
1304 1343 1368 1375 fide
1383 1343 1453 1374 vul-

385 1389 487 1418 nerari
512 1393 542 1418 et
566 1387 777 1428 postmodum
801 1388 910 1428 aliquo
934 1394 1082 1429 tempore
1113 1390 1326 1429 supervivere.
1354 1389 1453 1419 Hunc

386 1437 511 1463 constat
533 1438 706 1473 martyrem
729 1442 807 1463 esse.
832 1433 873 1463 Et
897 1438 1005 1464 tamen
1029 1434 1075 1470 ei,
1099 1438 1135 1464 ut
1158 1433 1300 1470 videtur,
1324 1433 1454 1464 aureola

385 1487 453 1507 non
477 1476 625 1507 debetur:
651 1477 727 1517 quia
750 1477 818 1507 eius
842 1487 951 1517 pugna
967 1487 1036 1508 non
1052 1477 1175 1508 duravit
1191 1487 1295 1518 usque
1311 1477 1351 1508 ad
1366 1486 1453 1508 mor-

385 1527 461 1552 tem.
486 1522 572 1561 Ergo
595 1531 663 1552 non
687 1530 814 1562 semper
836 1523 988 1563 martyrio
1014 1521 1148 1553 debetur
1172 1522 1310 1553 aureola.

441 1565 471 1595 8.
496 1566 698 1602 paam-anm,
724 1565 856 1606 quidam
880 1567 981 1606 magis
1005 1566 1188 1606 affliguntur
1217 1567 1251 1597 in
1281 1566 1453 1597 amissione

386 1619 504 1640 rerum·
523 1610 751 1650 temporalium
781 1620 879 1651 quam
911 1611 1007 1641 etiam
1039 1612 1072 1641 in
1104 1612 1234 1651 propria
1262 1610 1451 1642 afflictione:

386 1653 475 1694 quod
497 1660 584 1694 patet
608 1665 646 1685 ex
669 1655 733 1685 hoc
756 1654 846 1695 quod
869 1655 985 1686 multas
1009 1655 1197 1686 afflictiones
1229 1656 1386 1686 sustinent
1413 1654 1454 1686 ad

385 1699 473 1729 lucra
497 1698 700 1739 acquirenda.
732 1698 766 1730 Si
796 1708 872 1739 ergo
906 1700 950 1730 eis
973 1705 1105 1740 propter
1129 1699 1294 1731 Christum
1324 1705 1452 1740 tempo-

386 1743 461 1773 ralia
484 1743 570 1773 bona
594 1742 799 1783 diripiantur,
823 1743 949 1774 videtur
973 1743 1063 1784 quod
1095 1744 1157 1774 sint
1186 1750 1350 1785 martyres.
1384 1743 1453 1774 Nec

386 1793 494 1818 tamen
517 1788 572 1824 eis,
597 1793 632 1817 ut
654 1787 789 1824 videtur,
814 1787 948 1818 debetur
971 1788 1110 1819 aureola.

387 1841 485 1872 prlus.

442 1886 472 1915 9.
497 1876 700 1912 Pium-xxxa,
723 1882 843 1916 martyr
873 1876 998 1907 videtur
1029 1886 1098 1907 esse
1127 1876 1180 1907 ille
1213 1877 1269 1917 qui
1299 1885 1358 1916 pro
1389 1875 1453 1907 fide

386 1919 558 1950 occiditur:
583 1919 669 1950 unde
693 1919 769 1950 dicit
793 1919 931 1950 Isidorus
948 1921 981 1950 *2
1006 1921 1176 1961 Martyres
1198 1930 1334 1962 graece,
1359 1925 1453 1951 testes

386 1964 485 1995 latine
515 1963 688 1994 dicuntur.-
718 1965 795 2005 quia
813 1969 951 2004 propter
981 1965 1198 1995 testimonium
1231 1964 1352 1995 Christi
1374 1974 1452 2005 pas-

385 2009 492 2039 siones
514 2008 747 2044 sustinuerunt,
768 2013 799 2039 et
822 2018 922 2049 usque
944 2008 988 2039 ad
1004 2014 1139 2039 mortem
1150 2019 1215 2049 pro
1233 2009 1368 2040 veritate
1384 2018 1452 2039 cer-

386 2057 544 2083 taverunt.
569 2052 633 2083 Sed
656 2053 782 2093 aliquae
805 2053 884 2083 aliae
907 2053 1039 2083 virtutes
1062 2058 1136 2084 sunt
1159 2052 1223 2084 fide
1247 2053 1452 2084 excellentio-

385 2107 444 2134 res,
461 2102 497 2127 ut
520 2097 647 2133 iustitia,
666 2097 775 2127 caritas
801 2103 832 2127 et
852 2097 1048 2134 huiusmodi,
1066 2107 1148 2138 quae
1171 2098 1239 2128 sine
1262 2098 1361 2137 gratia
1385 2107 1452 2128 esse

385 2151 453 2172 non
475 2147 629 2182 possunt:
655 2142 772 2181 quibus
802 2146 910 2172 tamen
941 2151 1009 2172 non
1039 2141 1173 2173 debetur
1196 2142 1336 2173 aureola.
1366 2142 1452 2182 Ergo

385 2185 510 2217 videtur
534 2185 624 2226 quod
646 2195 707 2216 nec
730 2187 881 2227 martyrio
906 2186 1036 2217 aureola
1060 2186 1221 2218 debeatur.

445 2238 494 2261 ιο.
518 2230 721 2266 Ρ3Α11111311Α,
746 2231 828 2261 515111
857 2231 971 2260 veritas
1001 2229 1077 2261 fidei
1108 2236 1155 2262 est
1186 2241 1204 2262 a
1235 2231 1323 2267 Deo,
1347 2231 1391 2261 ita
1422 2236 1453 2262 et

386 2275 547 2315 quaelibet
574 2275 634 2305 alia
656 2275 786 2311 veritas,
811 2280 848 2305 ut
879 2274 956 2305 dicit
985 2275 1177 2306 Ambrosius
1192 2277 1227 2305 ἐ
1253 2275 1329 2315 quia
1359 2284 1453 2306 omne

386 2329 506 2355 verum,
531 2329 551 2349 a
574 2329 774 2360 quocumque
796 2318 934 2355 dicatur,
959 2329 979 2349 a
1003 2319 1127 2360 Spiritu
1144 2320 1264 2350 Sancto
1281 2324 1337 2350 est.
1355 2319 1451 2359 Ergo,

386 2365 411 2394 si
435 2364 602 2394 sustinenti
626 2369 764 2394 mortem
792 2373 852 2404 pro
882 2364 1013 2394 veritate
1044 2363 1119 2394 fidei
1149 2363 1283 2395 debetur
1313 2364 1452 2400 aureola,

387 2407 499 2439 eadem
522 2409 644 2438 ratione
668 2413 699 2438 et
722 2408 953 2438 sustinentibus
977 2414 1116 2439 mortem
1140 2418 1199 2449 pro
1223 2408 1366 2449 qualibet
1393 2408 1453 2439 alia

386 2453 526 2483 veritate.
552 2452 650 2490 Quod
673 2458 781 2483 tamen
805 2462 873 2482 non
896 2452 1031 2483 videtur.

445 2497 715 2531 1l.-PRAETRRRA,
740 2497 864 2527 bonum
889 2506 1065 2527 commune
1089 2502 1136 2527 est
1151 2497 1260 2537 potius
1276 2497 1365 2527 bono
1381 2506 1452 2537 par-

386 2541 510 2571 ticulari
525 2542 551 2571 *.
577 2540 640 2571 Sed
656 2541 682 2571 si
698 2541 812 2581 aliquis
828 2550 887 2581 pro
905 2542 1148 2571 conservatione
1172 2541 1365 2582 reipublicae
1382 2550 1453 2571 mo-

387 2585 484 2616 riatur
505 2586 540 2615 in
563 2585 648 2616 bello
672 2586 768 2621 iusto,
793 2594 860 2616 non
885 2585 1019 2616 debetur
1042 2586 1072 2616 ei
1088 2586 1228 2616 aureola.
1253 2586 1338 2626 Ergo
1357 2586 1453 2616 etiam

387 2630 413 2660 si
437 2629 601 2660 occidatur
624 2639 683 2670 pro
709 2630 952 2660 conservatione
971 2629 1047 2660 fidei
1062 2630 1096 2660 in
1112 2631 1229 2670 seipso.
1254 2630 1295 2661 Et
1311 2631 1356 2661 sic
1371 2639 1454 2660 mar-

387 2674 469 2715 tyrio
495 2674 623 2704 aureola
646 2683 714 2704 non
738 2672 881 2704 debetur.

446 2726 495 2748 12.
519 2718 714 2754 Paaaraxaa,
740 2728 838 2749 omne
861 2719 1013 2749 meritum
1037 2728 1074 2748 ex
1098 2718 1199 2749 libero
1223 2719 1350 2750 arbitrio
1379 2729 1453 2759 pro-

388 2762 480 2792 cedit.
506 2762 568 2793 Sed
585 2762 790 2802 quorundam
805 2763 955 2804 martyria
971 2763 1109 2794 celebrat
1125 2763 1269 2794 Ecclesia
1285 2764 1341 2804 qui
1357 2773 1453 2794 usum

386 2807 476 2837 liberi
501 2807 617 2837 arbitrii
641 2816 708 2837 non
731 2807 922 2838 habuerunt.
947 2807 1033 2848 Ergo
1058 2807 1223 2838 aureolam
1245 2817 1313 2839 non
1328 2817 1454 2839 merue-

388 2856 470 2881 runt.
495 2851 536 2881 Et
559 2852 604 2882 sic
627 2861 696 2882 non
720 2852 870 2882 omnibus
893 2852 1085 2893 martyribus
1108 2851 1241 2883 debetur
1269 2853 1408 2883 aureola.

443 2895 505 2926 San
530 2905 663 2932 CONTRA,
687 2896 887 2936 Augustinus
911 2895 997 2932 dicit,
1022 2897 1055 2926 in
1079 2896 1161 2926 libro
1185 2896 1224 2927 de
1243 2896 1363 2927 Sancta
1384 2897 1454 2928 Vir-

387 2939 524 2981 ginitate
539 2941 571 2970 *z
598 2940 711 2976 Nemo,
728 2945 884 2981 quantum
896 2946 988 2981 puto,
1006 2950 1105 2971 ausus
1111 2940 1186 2982 fuit
1196 2942 1369 2983 praeferre
1389 2942 1454 2972 vir-

387 2984 556 3025 ginitatem
579 2985 752 3025 martyrio.
777 2984 841 3015 Sed
863 2985 1034 3025 virginitati
1057 2984 1191 3016 debetur
1207 2986 1346 3016 aureola.
1367 2986 1453 3027 Ergo

389 3034 420 3058 et
443 3029 604 3069 martyrio.

446 3082 475 3102 2.
498 3072 694 3108 Pius-raam,
712 3083 833 3103 corona
849 3072 983 3104 debetur
1007 3074 1149 3104 certanti.
1175 3073 1238 3105 Sed
1253 3075 1286 3105 in
1302 3075 1454 3116 martyrio

390 3122 436 3146 est
459 3117 603 3156 specialis
626 3116 793 3148 difficultas
817 3127 954 3158 pugnae.
980 3118 1066 3158 Ergo
1091 3118 1121 3149 ei
1145 3117 1278 3149 debetur
1310 3119 1455 3159 specialis

391 3160 528 3191 aureola.

444 3205 633 3235 Rusposnzo
653 3215 813 3235 monimum
837 3205 936 3246 quod,
961 3207 1043 3237 sicut
1066 3207 1148 3238 inest
1172 3206 1330 3247 quaedam
1346 3216 1455 3259 pugna

390 3249 513 3288 spiritui
537 3254 648 3279 contra
670 3250 836 3280 interiores
859 3251 1157 3302 concupiscentias,
1181 3252 1224 3282 ita
1248 3252 1343 3282 etiam
1373 3252 1456 3283 inest

1143 1788 1229 1828 Ergo
1253 1787 1340 1819 idem
1363 1787 1453 1828 quod

1469 647 1494 661 1⁰

1468 868 1491 887 15

1468 1090 1494 1105 20

1467 1311 1491 1332 ²5

1468 1533 1493 1554 30

1469 1754 1491 1774 ³5

1467 2196 1491 2216 45

1468 2421 1494 2441 50

1469 2643 1491 2662 55

1467 2863 1495 2883 60

1468 3084 1493 3110 ⁶5

1066 159 1329 205 QUAESTIO
1360 158 1491 205 XCVI,
1521 158 1816 195 ARTICULUS
1844 158 1893 195 VI

1566 237 1799 268 Perfecn'ssima
1821 244 1930 269 autem
1945 239 2079 269 victoria
2094 238 2134 269 de
2151 240 2358 271 exterioribus
2373 241 2576 281 passionibus

1511 282 1731 313 consideratur
1754 292 1792 313 ex
1816 282 1954 313 duobus.
1978 282 2098 319 Primo,
2116 293 2154 313 ex
2169 283 2390 323 magnitudine
2408 285 2574 325 passionis.

1510 326 1595 356 Inter
1618 336 1731 357 omnes
1756 332 1864 357 autem
1887 327 2051 367 passiones
2074 327 2175 357 illatas
2199 328 2336 358 exterius
2365 329 2576 369 praecipuum

1509 370 1620 401 locum
1644 380 1731 401 mors
1754 376 1843 401 tenet
1858 372 1891 401 ἐ
1916 372 1999 402 515111
2022 377 2054 402 51
2076 372 2109 402 111
2139 372 2342 412 passionibus
2371 372 2576 403 interioribus

1508 416 1700 455 praecipuae
1738 421 1813 446 sunt
1846 425 2060 446 venereorum
2094 417 2385 456 concupiscentiae.
2427 417 2470 447 Et
2501 416 2575 447 ideo

1509 459 1640 499 quando
1665 460 1736 500 quis
1760 460 1884 490 obtinet
1906 460 2074 490 victoriam
2097 459 2137 491 de
2159 466 2264 491 morte
2294 465 2327 491 et
2357 460 2509 491 ordinatis
2537 460 2577 491 ad

1508 509 1657 539 mortem,
1682 503 1912 544 perfectissime
1934 505 2043 534 vincit.
2067 522 2090 527 -
2113 504 2275 542 Secundo,
2298 504 2454 545 perfectio
2473 505 2576 535 victo-

1507 549 1572 578 riae
1585 548 1804 579 consideratur
1816 558 1854 579 ex
1866 558 1961 579 causa
1977 558 2119 589 pugnae:
2137 548 2269 589 quando
2281 548 2429 580 videlicet
2443 558 2503 589 pro
2516 549 2576 579 ho-

1507 593 1686 623 nestissima
1710 603 1805 623 causa
1828 598 2005 634 pugnatun
2031 602 2114 633 quae
2130 593 2251 624 scilicet
2267 598 2315 624 est
2329 594 2398 634 ipse
2419 592 2574 624 Christus.

1564 637 1604 667 Et
1627 638 1706 668 haec
1731 637 1797 668 duo
1820 638 1854 668 in
1877 638 2030 678 martyrio
2045 637 2298 674 considerantur,
2316 637 2406 678 quod
2422 642 2470 668 est
2488 647 2576 668 mors

1508 687 1656 722 suscepta
1689 687 1820 722 propter
1855 681 2038 712 Christum:
2069 687 2249 722 martyrem
2282 682 2369 712 enim
2399 691 2465 712 non
2487 682 2578 724 facit

1501 735 1622 766 poena,
1638 726 1695 757 sed
1710 736 1810 758 causa
1822 727 1848 757 *ἢ
1873 726 1915 757 Et
1929 726 2003 757 ideo
2019 727 2171 767 martyrio
2188 726 2317 757 aureola
2336 725 2478 763 debetur,
2494 726 2577 757 sicut

1508 775 1540 801 et
1562 771 1742 811 virginitati.

1562 815 1614 845 An
1638 825 1755 845 rammi
1778 825 1861 846 aneo
1885 825 2046 846 mmmmm
2066 815 2156 855 quod
2174 816 2330 846 sustinere
2346 819 2485 846 mortem
2500 824 2576 855 pro-

1507 864 1578 901 pter
1601 859 1776 896 Christum,
1802 865 1960 900 quantum
1984 865 2031 890 est
2054 859 2094 890 de
2117 869 2161 896 se,
2185 865 2233 890 est
2256 869 2340 900 opus
2368 868 2576 900 supereroga-

1507 903 1623 933 tionis:
1648 913 1716 934 non
1739 904 1827 935 enim
1851 904 1985 944 quilibet
2007 909 2134 935 tenetur
2156 903 2255 935 fidem
2270 913 2362 935 suam
2378 913 2489 934 coram
2503 913 2576 944 per-

1508 952 1657 978 secutore
1680 947 1836 979 confiteri.
1862 948 1926 979 Sed
1948 949 1980 979 in
2005 958 2082 979 casu
2105 954 2153 979 est
2176 948 2215 980 de
2238 949 2426 979 necessitate
2449 948 2574 979 salutis:

1509 991 1640 1031 quando
1665 992 1785 1022 scilicet
1807 993 1922 1032 aliquis
1945 1002 1963 1022 a
1985 998 2191 1033 persecutore
2215 992 2433 1034 deprehensus
2456 993 2496 1023 de
2511 991 2576 1023 fide

1508 1044 1566 1065 sua
1588 1035 1769 1075 requiritur,
1787 1045 1886 1076 quam
1902 1035 2048 1067 confiteri
2063 1042 2199 1068 tenetur.
2223 1037 2292 1068 Nec
2307 1043 2416 1068 tamen
2432 1037 2576 1078 sequitur

1509 1078 1599 1119 quod
1623 1079 1788 1110 aureolam
1810 1089 1878 1110 non
1901 1085 2070 1111 mereatur.
2094 1081 2237 1112 Aureola
2255 1082 2342 1112 enim
2356 1091 2426 1112 non
2442 1081 2576 1112 debetur

1509 1124 1600 1163 operi
1623 1124 1914 1164 supererogationis
1936 1125 2131 1164 inquantum
2160 1129 2208 1156 est
2223 1126 2496 1166 supererogatio:
2520 1125 2577 1156 sed

1508 1167 1702 1207 inquantum
1724 1167 1958 1208 perfectionem
1982 1169 2145 1209 quandam
2167 1169 2272 1200 habet.
2296 1168 2402 1206 Unde,
2425 1169 2481 1200 tali
2503 1178 2575 1210 per-

1508 1210 1649 1242 fectione
1672 1217 1838 1249 manente,
1863 1213 1960 1244 etiam
1982 1213 2009 1243 si
2030 1222 2099 1244 non
2122 1214 2163 1243 sit
2184 1213 2436 1254 supererogatio,
2461 1213 2576 1254 aliquis

1508 1256 1673 1287 aureolam
1697 1261 1849 1290 meretur.

1562 1301 1614 1331 An
1639 1311 1803 1331 sncunmm
1825 1311 1986 1332 mcxnnun
2010 1301 2100 1342 quod
2118 1302 2270 1343 martyrio
2286 1311 2356 1332 non
2371 1301 2505 1333 debetur
2521 1301 2577 1332 ali-

1509 1344 1598 1385 quod
1621 1346 1801 1385 praemium
1824 1345 2004 1377 secundum
2026 1347 2091 1377 hoc
2108 1346 2205 1386 quod
2228 1347 2266 1377 ab
2291 1347 2439 1377 exteriori
2461 1345 2576 1386 infligi-

1507 1394 1569 1426 tur,
1593 1389 1649 1420 sed
1672 1390 1853 1421 secundum
1873 1390 1938 1421 hoc
1961 1390 2052 1431 quod
2073 1390 2254 1422 voluntarie
2277 1391 2468 1422 sustinetur:
2501 1391 2578 1431 quia

1507 1443 1577 1464 non
1599 1443 1762 1465 meremur
1784 1435 1845 1466 nisi
1867 1444 1926 1476 per
1949 1445 1986 1466 ea
2010 1445 2094 1475 quae
2118 1441 2192 1466 sunt
2214 1435 2248 1466 in
2266 1435 2371 1466 nobis.
2395 1435 2438 1466 Et
2452 1440 2575 1476 quanto

1507 1478 1541 1508 id
1564 1478 1655 1518 quod
1677 1479 1792 1519 aliquis
1815 1481 1949 1511 sustinet
1971 1479 2151 1510 voluntarie
2175 1485 2222 1510 est
2242 1479 2402 1510 difficilius
2422 1485 2454 1510 et
2476 1479 2577 1520 magis

1507 1528 1620 1553 natum
1643 1523 1801 1554 voluntati
1823 1533 2021 1565 repugnare,
2045 1529 2135 1555 tanto
2159 1524 2308 1555 voluntas
2332 1533 2416 1565 quae
2445 1529 2577 1564 propter

1508 1566 1674 1598 Christum
1696 1567 1776 1599 illud
1799 1569 1943 1605 sustinet,
1967 1568 2146 1599 ostenditur
2167 1568 2291 1599 firmius
2306 1567 2393 1599 fixa'
2385 1578 2418 1599 111
2435 1568 2575 1599 Christo.

1508 1611 1550 1642 Et
1571 1611 1646 1642 ideo
1671 1613 1700 1643 ei
1724 1613 1930 1644 excellentius
1952 1614 2134 1654 praemium
2157 1613 2301 1644 debetur.

1563 1656 1614 1686 An
1639 1667 1774 1687 'rim-mm
1797 1667 1957 1688 mcmmtm
1983 1657 2074 1698 quod
2097 1657 2228 1698 quidam
2252 1662 2341 1688 actus
2365 1662 2440 1688 sunt
2462 1658 2520 1697 qui
2541 1657 2576 1688 in

1507 1700 1579 1740 ipso
1604 1706 1678 1731 actu
1700 1701 1819 1732 habent
1842 1701 2005 1742 quandam
2027 1702 2265 1733 vehementiam
2289 1701 2510 1733 delectationis
2523 1701 2576 1732 vel

1508 1743 1712 1776 difficultatis.
1736 1745 1778 1776 Et
1800 1746 1835 1776 in
1857 1746 1972 1776 talibus
1996 1751 2085 1777 actus
2101 1756 2228 1787 semper
2251 1746 2340 1777 addit
2361 1745 2402 1777 ad
2416 1746 2575 1776 ration·-

1507 1789 1612 1819 meriti
1635 1789 1687 1820 vel
1710 1788 1872 1820 demeriti:
1897 1790 2077 1821 secundum
2101 1790 2191 1831 quod
2214 1791 2248 1821 111
2272 1796 2344 1821 35111
2369 1795 2499 1831 oportet
2517 1799 2575 1820 vo-

1507 1833 1663 1864 luntatem
1685 1834 1798 1864 variari
1821 1843 1858 1865 ex
1882 1835 2084 1865 vehementia
2099 1840 2189 1866 actus
2212 1845 2231 1865 a
2253 1840 2337 1865 statu
2353 1835 2387 1865 in
2403 1844 2470 1875 quo
2486 1835 2575 1875 prius

1508 1882 1583 1907 erat.
1608 1878 1649 1908 Et
1671 1877 1758 1915 ideo,
1782 1879 1901 1909 ceteris
1912 1879 2052 1919 paribus
2069 1885 2142 1910 actu
2159 1880 2317 1910 luxuriam
2334 1889 2485 1910 exercens
2500 1879 2575 1930 plus

1507 1927 1620 1961 peccat
1643 1931 1741 1962 quam
1766 1923 1822 1963 qui
1845 1923 1952 1953 solum
1974 1924 2009 1954 in
2031 1929 2140 1954 actum
2159 1925 2338 1954 consentit.
2363 1924 2440 1965 quia
2453 1924 2488 1954 in
2502 1924 2575 1964 ipso

1480 1975 1493 1988 ο
1507 1970 1581 1996 actu
1604 1966 1753 1996 voluntas
1780 1972 1923 2006 augetur.
1956 1967 2108 1998 Similiter
2137 1973 2185 2004 et,
2210 1977 2285 1998 cum
2315 1973 2405 1999 actus
2434 1968 2574 2009 martyrii

1507 2010 1680 2040 maximam
1703 2010 1923 2041 difficultatem
1945 2012 2070 2048 habeat,
2086 2012 2236 2043 voluntas
2258 2013 2400 2054 martyrii
2415 2022 2484 2043 non
2503 2021 2575 2052 per—

1507 2054 1600 2093 tingit
1623 2054 1663 2084 ad
1686 2054 1766 2085 illud
1787 2055 1939 2086 meritum
1963 2055 2053 2095 quod
2076 2057 2162 2087 actui
2184 2065 2237 2087 ma
2377 2056 2511 2088 debetur
2526 2066 2574 2087 ra-

1507 2098 1597 2128 tione
1620 2097 1823 2130 difficultatis.
1847 2099 2004 2137 Quamvis
2028 2100 2124 2131 etiam
2147 2101 2249 2141 possit
2271 2101 2438 2141 pervenire
2461 2100 2501 2132 ad
2531 2100 2575 2132 al-

1507 2143 1605 2173 terius
1628 2144 1808 2183 praemium
1832 2143 2031 2175 considerata
2053 2144 2159 2175 radice
2181 2144 2345 2176 merendi:
2370 2146 2446 2186 quia
2461 2145 2576 2186 aliquis

1508 2196 1547 2217 ex
1569 2187 1684 2218 maiori
1707 2188 1836 2219 caritate
1859 2194 1966 2229 potest
1987 2189 2070 2220 velle
2093 2189 2248 2221 sustinere
2271 2190 2460 2231 martyrium
2476 2198 2575 2230 quam

1507 2231 1588 2262 alius
1612 2233 1774 2263 sustineat.
1799 2232 1893 2264 Unde
1916 2233 2096 2264 voluntarie
2118 2239 2237 2275 martyr
2259 2239 2366 2275 potest
2389 2235 2504 2265 mereri
2518 2243 2576 2265 sua

1507 2276 1673 2307 voluntate
1695 2277 1876 2317 praemium
1899 2278 2065 2309 essentiale
2088 2278 2222 2319 aequale
2237 2279 2286 2309 vel
2303 2279 2407 2309 maius
2423 2288 2463 2309 eo
2485 2277 2576 2319 quod

1507 2321 1638 2371 martyri
1662 2320 1805 2352 debetur.
1829 2321 1893 2353 Sed
1915 2323 2046 2353 aureola
2069 2322 2203 2354 debetur
2225 2322 2402 2354 difficultati
2426 2331 2510 2363 quae
2526 2328 2573 2354 est

1507 2365 1542 2395 in
1564 2365 1634 2405 ipsa
1655 2374 1765 2406 pugna
1787 2367 1938 2407 martyrii.
1963 2367 2058 2398 Unde
2081 2367 2211 2398 aureola
2239 2367 2420 2398 voluntarie
2449 2373 2576 2398 tantum

1507 2410 1698 2450 martyribus
1721 2420 1789 2441 non
1813 2410 1955 2442 debetur.

1566 2454 1618 2484 Ab
1643 2464 1791 2485 anan-rim
1814 2465 1975 2486 mmmmm
1991 2455 2090 2496 quod,
2108 2457 2191 2487 sicut
2213 2455 2442 2487 delectationes
2460 2461 2574 2492 tactus,

1509 2498 1592 2529 circa
1607 2507 1687 2539 quas
1703 2504 1751 2529 est
1764 2501 1984 2540 temperantia,
2001 2501 2213 2541 praecipuum
2237 2501 2349 2532 locum
2367 2505 2479 2532 tenent
2493 2501 2576 2531 inter

1508 2552 1622 2573 omnes
1646 2542 1874 2575 delectationes
1897 2545 2063 2575 interiores
2095 2551 2126 2576 et
2156 2546 2347 2582 exteriores,
2371 2545 2415 2576 ita
2447 2544 2575 2583 dolores

1507 2592 1610 2618 tactus
1634 2588 1785 2619 omnibus
1809 2588 1876 2619 aliis
1899 2588 2065 2620 doloribus
2087 2590 2318 2630 praeeminent.
2342 2589 2384 2620 Et
2403 2589 2478 2620 ideo
2494 2588 2575 2620 diffi-

1509 2632 1618 2662 cultati
1640 2632 1686 2662 illi
1709 2641 1793 2672 quae
1816 2633 1930 2664 accidit
1953 2634 1987 2664 in
2010 2634 2198 2664 sustinendo
2223 2634 2351 2665 dolores
2369 2639 2481 2671 tactus,
2497 2638 2576 2675 puta

1508 2677 1566 2716 qui
1596 2681 1671 2707 sunt
1702 2677 1736 2707 in
1764 2677 1948 2708 verberibus
1979 2683 2011 2709 et
2039 2678 2243 2715 huiusmodi,
2268 2678 2402 2709 debetur
2435 2678 2574 2714 aureola,

1508 2721 1609 2760 magis
1633 2730 1732 2761 quarn
1755 2721 1932 2752 difficultati
1956 2722 2132 2753 sustinendi
2155 2723 2321 2754 interiores
2344 2722 2481 2754 dolores.
2512 2722 2575 2753 Pro

1509 2765 1627 2805 quibus
1650 2770 1759 2796 tamen
1781 2775 1850 2796 non
1872 2767 2002 2807 proprie
2025 2766 2140 2798 dicitur
2163 2767 2278 2808 aliquis
2301 2773 2430 2809 martyr,
2445 2767 2508 2798 nisi
2525 2775 2575 2797 se·-

1509 2809 1653 2840 cundum
1677 2810 1839 2850 quandam
1863 2811 2115 2842 similitudinem.
2140 2811 2182 2842 Et
2203 2812 2268 2843 hoc
2290 2811 2391 2843 modo
2414 2812 2576 2852 Hierony-

1508 2863 1582 2884 mus
1605 2854 1759 2894 loquitur.

1563 2898 1614 2928 An
1640 2909 1780 2929 aumrun
1802 2909 1963 2930 monimum
1979 2899 2070 2940 quod
2094 2899 2223 2931 afflictio
2247 2900 2474 2941 poenitentiae,
2499 2907 2574 2939 pro-

1509 2943 1577 2982 prie
1600 2942 1778 2983 loquendo,
1802 2953 1871 2974 non
1894 2950 1941 2974 est
1963 2946 2168 2986 martyrium:
2193 2945 2269 2985 quia
2291 2954 2359 2975 non
2382 2943 2526 2974 consistit
2540 2943 2573 2973 in

1509 2987 1557 3017 his
1581 2996 1664 3027 quae
1695 2987 1735 3018 ad
1766 2993 1905 3019 mortem
1934 2988 2134 3020 inferendam
2162 2988 2365 3025 ordinantur3
2390 2997 2466 3018 cum
2489 2986 2574 3018 ordi-

1509 3036 1604 3062 netur
1626 3031 1733 3062 solum
1757 3032 1797 3063 ad
1821 3042 1949 3063 carnem
1973 3032 2184 3070 domandam,
2209 3041 2307 3073 quam
2336 3040 2522 3063 mensuram
2549 3032 2575 3062 si

1510 3076 1582 3115 quis
1606 3076 1747 3113 excedat,
1773 3077 1832 3107 erit
1853 3076 1982 3108 afflictio
2007 3077 2176 3118 culpanda.
2206 3077 2332 3107 Dicitur
2360 3081 2468 3106 tamen
2499 3085 2575 3116 pro-

1509 3125 1580 3160 pter
1603 3120 1845 3151 similitudinem
1877 3121 2057 3152 afflictionis
2088 3121 2286 3162 martyrium.
2317 3120 2411 3159 Quae
2442 3120 2574 3161 quidem

1510 3163 1639 3195 afflictio
1664 3164 1787 3195 excedit
1809 3165 1951 3206 martyrii
1973 3165 2180 3196 afflictionem
2203 3164 2425 3195 diuturnitate:
2451 3164 2506 3196 sed
2522 3173 2575 3196 ex-

1507 3208 1633 3239 ceditur
1654 3209 1846 3240 intensione.

1565 3253 1616 3283 An
1640 3263 1759 3284 saxi-tm
1782 3263 1942 3284 mmmmm
1965 3252 2064 3293 quod,
2089 3252 2268 3284 secundum
2291 3253 2520 3306 Augustinum,
2541 3253 2575 3283 in

390 3293 515 3323 homini
539 3292 697 3333 quaedam
720 3303 829 3334 pugna
853 3300 965 3325 contra
988 3295 1154 3345 passiones
1178 3296 1314 3326 exterius
1344 3296 1454 3326 illatas.
1470 3296 1523 3331 7⁰1
1547 3296 1587 3327 de
1604 3297 1672 3328 Civ.
1689 3297 1753 3328 Dei
1768 3298 1795 3334 *,
1818 3297 1900 3328 nulli
1922 3297 2046 3327 licitum
2070 3302 2118 3327 est
2140 3297 2200 3328 sibi
2222 3298 2283 3338 ipsi
2306 3307 2421 3328 manus
2445 3298 2575 3329 iniicere

390 3336 494 3374 Unde,
511 3337 594 3367 sicut
611 3337 859 3378 perfectissimae
882 3339 1035 3369 victoriae
1059 3348 1123 3379 qua
1151 3339 1191 3370 de
1222 3341 1456 3380 concupiscen-
1511 3350 1718 3382 quacumque
1741 3350 1780 3372 ex
1803 3350 1914 3371 causa:
1938 3341 1999 3371 nisi
2021 3340 2104 3372 forte
2128 3341 2237 3372 divino
2260 3342 2414 3373 instinctu
2440 3341 2512 3379 fiat,
2536 3341 2576 3372 ad

390 3381 441 3410 tiis
465 3381 566 3411 carnis
588 3382 811 3422 triumphatur,
828 3382 949 3412 scilicet
964 3383 1145 3423 virginitati,
1163 3383 1296 3414 debetur
1311 3384 1456 3424 specialis
1511 3385 1696 3425 exemplum
1719 3384 1914 3415 fortitudinis
1936 3385 2189 3422 ostendendum,
2214 3392 2250 3417 ut
2272 3396 2360 3417 mors
2389 3391 2575 3417 contemna-

392 3433 521 3461 corona‚
547 3435 629 3465 quae
652 3426 782 3456 aureola
805 3425 935 3462 dicitur-3
959 3427 1003 3457 ita
1027 3428 1123 3458 etiam
1146 3427 1394 3467 perfectissimae
1410 3428 1456 3458 vi-

1510 3434 1562 3459 tur
1577 3428 1678 3459 *.111i
1700 3433 1808 3459 autem
1831 3428 1871 3459 de
1894 3429 2012 3468 quibus
2035 3430 2200 3461 obiectum
2216 3435 2273 3467 est,
2291 3430 2400 3462 divino
2423 3431 2613 3464 instinctu.

2603 377 2655 399 ’.Εἰ
2661 377 2734 399 Ari-t.
2738 376 2816 399 Etntc.

2603 403 2645 425 lib.
2660 403 2700 431 m,
2717 410 2769 436 cap.
2784 410 2816 431 vi,

2602 430 2704 478 ἰιέαᾱ-
2670 463 2717 479 nv
2725 430 2750 452 S.
2771 430 2818 453 Th.

2604 731 2687 759 ·.Aug
2699 730 2814 754 arnnal.

2603 757 2685 807 2ὲέ-
2687 756 2817 812 ..¹2¹3

2601 3305 2815 3334 moestarum.

2602 3424 2677 3450 ''Ibid-

392 3468 510 3499 ctoriae
533 3478 616 3509 quae
639 3469 773 3500 habetur
796 3469 836 3500 de
858 3470 1103 3510 impugnatione
1135 3472 1298 3508 exteriori,
1323 3471 1456 3503 debetur
1510 3477 1650 3502 mortem
1673 3473 1732 3502 sibi
1755 3472 1899 3503 intulisse
1923 3473 2104 3504 creduntur.
2136 3474 2177 3505 Et
2206 3480 2339 3516 propter
2367 3475 2431 3506 hoc
2461 3484 2576 3506 eorum
2603 3477 2679 3506 ⁶1⁶4·

393 3512 532 3543 aureola.

1470 3531 1495 3551 75

1511 3517 1660 3556 martyria
1683 3516 1827 3547 Ecclesia
1849 3516 1987 3547 celebrat
2002 3518 2028 3547 θ.

2601 3430 2815 3529 πουᾶἓξέ

2678 3504 2714 3529 SS

2602 3531 2708 3559 Peladn
2723 3535 2768 3555 ete·
