2878 4088
126 283 257 332 2.1⁶‘·.r¹1'⁸'i'
268 283 339 337 {2⁹31

127 325 339 359 eoinm'entlffletl

126 363 193 390 ibid„
202 369 226 384 n.
239 368 276 384 xiv
287 368 338 390 sqq.

1069 155 1333 203 QUAESTIO
1363 153 1480 199 XCII,
1510 155 1803 193 ARTICULUS
1832 157 1861 192 ΙΙ

367 233 546 265 secundum
571 244 638 265 esse
662 235 863 276 simpliciter:
893 234 949 266 sed
977 235 1084 266 solum
1112 234 1202 275 quod
1229 233 1308 264 fiant
1330 242 1433 263 unum

367 284 525 319 quantum
547 280 685 319 pertinet
708 279 748 310 ad
771 285 879 310 actum
903 278 1101 319 intelligendi
1117 280 1143 309 ⁴⁶.

421 323 472 354 An
497 333 606 354 nomm
629 334 789 354 memnon
812 323 902 364 quod
925 323 1047 354 dictum
1066 324 1251 354 Avicennae
1276 326 1433 362 quantum

366 366 406 397 ad
421 367 484 398 hoc
500 378 569 399 non
585 369 796 399 sustinemus:
822 369 898 408 quia
921 369 951 399 ei
974 369 1069 398 etiam
1085 368 1124 398 ab
1141 367 1208 398 aliis
1231 366 1433 407 philosophis

365 412 399 442 in
422 412 486 443 hoc
510 412 746 443 contradicitur.
771 413 840 443 Nisi
863 412 945 443 forte
968 412 1103 443 velimus
1127 411 1232 442 dicere
1252 409 1342 451 quod
1357 410 1433 440 Avi-

367 466 469 487 cenna
491 457 639 497 intelligit
666 457 706 487 de
729 458 914 497 cognitione
941 457 1189 487 substantiarum
1218 460 1433 495 separatarum

366 501 546 532 secundum
562 501 653 542 quod
668 507 910 542 cognoscuntur
925 511 982 542 per
997 501 1122 531 habitus
1142 500 1346 530 scientiarum
1362 507 1433 538 spe-

367 545 586 582 culativarum,
611 551 643 576 et
665 545 926 576 similitudinibus
949 546 1083 576 aliarum
1106 554 1223 575 rerum.
1252 542 1347 574 Unde
1369 543 1433 572 hoc

366 589 541 621 introducit
564 590 604 621 ad
623 590 860 621 ostendendum
883 589 974 631 quod
996 590 1128 620 scientia
1143 598 1211 619 non
1228 593 1275 618 est
1290 589 1323 618 in
1339 587 1433 617 nobis

366 635 550 671 substantia,
575 634 631 665 sed
654 634 810 665 accidens.

421 679 463 709 Et
478 684 586 710 tamen
602 678 709 710 divina
733 679 877 715 essentia,
895 679 1041 719 quamvis
1056 677 1129 718 plus
1145 676 1239 707 distet
1254 674 1433 706 secundum

366 724 594 763 proprietatem
617 729 748 754 naturae
771 732 848 754 suae
867 723 905 753 ab
921 722 1086 752 intellectu
1108 726 1220 751 nosffo
1245 729 1343 760 quam
1359 719 1433 749 sub-

365 768 479 798 stantia
502 767 616 808 angeli,
633 773 741 798 tamen
755 767 828 807 plus
844 767 940 797 habet
956 766 995 796 de
1010 766 1134 796 ratione
1152 763 1430 804 intelligibilitatis:

366 812 442 852 quia
465 817 512 843 est
535 816 625 842 actus
647 821 758 851 purus,
783 811 835 841 cui
857 820 926 841 non
949 809 1142 840 admiscetur
1165 807 1287 848 aliquid
1310 807 1350 838 de
1372 816 1432 847 po-

365 857 482 892 tentia;
507 855 597 896 quod
627 865 695 886 non
726 855 883 895 contingit
905 855 939 885 in
962 854 1029 884 aliis
1059 853 1241 884 substantiis
1271 852 1430 892 separatis.

365 900 433 930 Nec
455 900 509 930 illa
532 899 675 939 cognitio
700 908 765 939 qua
787 899 895 929 Deum
918 908 974 939 per
994 898 1163 928 essentiam
1186 896 1376 932 videbimus,
1394 906 1432 926 ex

363 949 453 984 parte
481 944 549 974 eius
581 943 671 983 quod
693 943 852 974 videbitur
876 944 934 974 erit
956 943 990 973 in
1012 952 1129 982 genere
1152 941 1343 972 accidentis:
1376 940 1432 971 sed

364 988 471 1019 solum
495 993 653 1028 quantum
677 987 717 1018 ad
732 993 840 1018 actum
863 988 963 1028 ipsius
986 987 1200 1027 intelligentis,
1217 986 1274 1027 qui
1289 995 1357 1016 non
1373 986 1432 1016 erit

362 1033 431 1073 ipsa
454 1032 628 1063 substantia
650 1032 855 1072 intelligentis
877 1032 929 1063 vel
951 1031 1113 1062 intellecti.

416 1076 467 1107 An
483 1086 623 1107 Daemon
638 1087 798 1107 mmmmm
814 1076 904 1117 quod
920 1077 1094 1107 substantia
1110 1080 1253 1116 separata
1268 1085 1286 1105 a
1301 1075 1432 1106 materia

362 1120 509 1161 intelligit
531 1130 566 1152 se
587 1126 619 1152 et
640 1121 788 1161 intelligit
810 1122 888 1152 alia:
915 1126 946 1151 et
969 1126 1108 1161 utroque
1131 1119 1232 1150 modo
1256 1125 1363 1160 potest
1377 1129 1431 1149 ve-

362 1164 477 1196 rificari
492 1166 662 1196 auctoritas
680 1165 821 1196 inducta.
847 1165 934 1196 Cum
949 1166 1037 1196 enim
1051 1166 1120 1206 ipsa
1136 1165 1272 1195 essentia
1287 1165 1432 1194 substan-

362 1210 425 1240 tiae
448 1215 610 1250 separatae
626 1211 665 1240 sit
680 1219 737 1250 per
752 1211 889 1251 seipsam
913 1210 1118 1250 intelligibilis
1134 1210 1168 1240 in
1184 1214 1267 1245 actu,
1285 1218 1325 1239 eo
1342 1207 1432 1249 quod

323 1294 328 1295 ⁷
363 1259 416 1286 est
433 1264 453 1285 a
472 1255 605 1285 materia
628 1260 787 1294 separata,
813 1260 937 1286 constat
968 1254 1074 1295 quod,
1099 1253 1229 1294 quando
1258 1253 1432 1283 substantia

126 1424 200 1460 420⁶.
209 1436 279 1470 dein
286 1442 334 1465 ug.

109 1487 132 1499 ¹·
145 1485 215 1509 Text.
230 1491 269 1509 xv.

122 1701 198 1725 Ῥιπ.
205 1701 234 1730 V,
242 1707 293 1730 etp.
301 1707 333 1723 vi.

121 1883 132 1895 ·
143 1880 213 1911 th.
230 1887 252 1904 v.

120 2195 132 2207 ·
144 2193 171 2217 ln
185 2199 296 2223 eoi-pom
311 2198 334 2215 et

119 2227 182 2250 req).
196 2220 226 2243 nd
239 2227 261 2250 3.

119 2442 144 2466 s.
190 2416 314 2466 ῖῖἑὲἒὶὲῐῑ
323 2427 334 2432 ·

120 2725 193 2748 'Lem
201 2726 240 2748 eit.
246 2725 270 2748 in
275 2731 334 2754 arg„

121 2758 172 2781 cap.
186 2757 226 2775 xv.

123 3127 134 3137 ·
142 3123 234 3152 noan„
240 3130 292 3154 etp.
302 3130 335 3153 ιιι,

123 3156 183 3174 vm.
197 3157 218 3174 2.

363 1304 506 1339 separata
527 1299 674 1339 intelligit
693 1309 736 1336 se,
754 1299 843 1340 quod
867 1299 1003 1330 omnino
1027 1304 1074 1329 est
1095 1298 1182 1329 idem
1205 1297 1385 1337 intelligens
1402 1302 1433 1327 et

362 1343 575 1374 intellectum:
592 1353 661 1374 non
677 1344 764 1374 enim
779 1344 926 1384 intelligit
941 1353 974 1374 se
990 1353 1048 1384 per
1063 1343 1203 1383 aliquam
1218 1343 1432 1373 intenn‘onem

363 1388 551 1419 abstractam
568 1398 586 1418 a
601 1397 644 1424 se,
658 1389 740 1419 sicut
754 1398 815 1419 nos
831 1388 1037 1428 intelligimus
1053 1397 1102 1418 res
1118 1387 1305 1418 materiales.
1323 1387 1365 1417 Et
1379 1386 1432 1416 hic

363 1431 488 1463 videtur
511 1442 580 1463 esse
607 1432 788 1463 intellectus
810 1433 999 1473 Philosophi
1027 1433 1061 1462 in
1085 1432 1126 1462 111
1150 1431 1189 1462 de
1211 1431 1330 1462 Anima
1344 1431 1371 1467 ⁴,
1392 1431 1432 1461 'ut

363 1481 451 1518 patet
472 1486 531 1517 per
555 1476 855 1508 Commentatorem
878 1476 997 1508 ibidem
1013 1477 1040 1507 *.

419 1520 605 1552 Secundum
629 1527 737 1552 autem
765 1521 855 1562 quod
878 1521 1024 1561 intelligit
1046 1530 1094 1551 res
1118 1521 1208 1556 alias,
1232 1519 1432 1550 intellectum

362 1566 396 1596 in
412 1571 485 1596 actu
501 1565 537 1597 fit
553 1575 655 1596 unum
680 1575 755 1596 cum
778 1566 943 1596 intellectu
966 1566 1000 1596 in
1019 1571 1102 1601 actu,
1118 1566 1312 1605 inquantum
1328 1563 1431 1594 forma

361 1610 516 1641 intellecti
538 1609 575 1641 fit
597 1610 701 1640 forma
723 1610 903 1641 intellectus
926 1611 1119 1650 inquantum
1141 1615 1187 1640 est
1202 1609 1382 1640 intellectus
1397 1608 1431 1638 in

363 1660 446 1691 actu,
470 1664 539 1685 non
562 1654 653 1694 quod
680 1655 719 1685 sit
742 1655 877 1694 ipsamet
907 1655 1043 1685 essentia
1071 1654 1271 1684 intellectus:
1296 1659 1333 1684 ut
1354 1653 1431 1683 Avi-

361 1708 464 1730 cenna
486 1699 617 1739 probat,
642 1699 675 1729 in
702 1699 746 1729 VI
769 1698 809 1730 de
831 1699 1046 1730 Naturalibus
1061 1700 1093 1734 ἢ
1119 1699 1194 1738 quia
1225 1698 1360 1728 essentia
1382 1698 1430 1727 in-

361 1742 507 1774 tellectus
529 1748 639 1774 manet
661 1753 726 1774 una
749 1743 808 1774 sub
833 1742 957 1774 duabus
985 1742 1113 1779 formis,
1138 1742 1317 1773 secundum
1341 1741 1431 1781 quod

361 1787 507 1828 intelligit
522 1797 571 1818 res
588 1787 666 1818 duas
685 1788 873 1823 successive,
890 1787 930 1818 ad
945 1787 1082 1818 modum
1098 1796 1165 1827 quo
1181 1787 1313 1818 materia
1328 1786 1431 1826 prima

359 1837 470 1863 manet
485 1842 551 1863 una
565 1832 625 1863 sub
641 1831 771 1862 diversis
796 1831 917 1863 formis.
942 1831 1036 1864 Unde
1060 1833 1156 1863 etiam
1172 1831 1429 1867 Commentator,

361 1877 395 1908 in
411 1876 453 1908 111
468 1876 508 1907 de
523 1877 641 1908 Anima
657 1878 683 1912 *,
706 1882 871 1917 comparat
893 1877 1092 1908 intellectum
1115 1876 1311 1916 possibilem,
1329 1885 1430 1915 quan-

360 1926 431 1952 tum
447 1920 487 1952 ad
501 1922 576 1958 hoc,
591 1922 714 1962 primae
736 1922 897 1952 materiae.
921 1921 963 1952 Et
978 1922 1023 1952 sic
1046 1921 1138 1952 nullo
1161 1920 1262 1951 modo
1286 1921 1431 1960 sequitur

361 1965 451 2006 quod
481 1966 660 1997 intellectus
690 1971 799 1997 noster
828 1965 939 1997 videns
971 1966 1079 1996 Deum
1110 1965 1165 1996 fiat
1194 1965 1263 2005 ipsa
1295 1965 1430 1995 essentia

361 2009 486 2041 divina:
511 2010 568 2041 sed
583 2010 673 2051 quod
687 2011 757 2050 ipsa
773 2011 908 2041 essentia
923 2010 1031 2041 divina
1047 2015 1251 2051 comparatur
1267 2009 1307 2040 ad
1322 2010 1430 2049 ipsum

361 2055 452 2096 quasi
474 2054 630 2095 perfectio
655 2060 686 2085 et
709 2054 824 2085 forma.
1188 2055 1202 2064 ⁶

413 2099 464 2130 An
480 2109 663 2130 numenium
679 2109 840 2129 monimum
852 2098 942 2139 quod
957 2099 1161 2129 auctoritates
1173 2099 1255 2134 illae,
1269 2103 1300 2128 et
1316 2107 1429 2128 omnes

361 2144 489 2181 similes,
513 2149 588 2174 sunt
610 2143 835 2183 intelligendae
852 2143 892 2174 de
908 2143 1094 2183 cognitione
1117 2153 1182 2184 qua
1202 2143 1429 2183 cognoscimus

361 2188 469 2219 Deum
492 2189 526 2219 in
549 2189 610 2224 via,
634 2188 758 2218 ratione
780 2188 869 2228 prius
884 2189 901 2205 ⁴*
924 2188 1038 2228 posita.

419 2232 467 2266 An
491 2242 698 2263 Duonncmuu
721 2242 881 2263 mensuum
908 2232 998 2272 quod
1020 2231 1183 2263 infinitum
1206 2233 1359 2273 privative
1383 2231 1429 2262 di-

362 2282 451 2308 ctum
471 2282 519 2308 est
533 2277 682 2317 ignotum
704 2277 898 2317 inquantum
921 2276 1123 2309 huiusmodi:
1149 2278 1225 2317 quia
1244 2277 1359 2308 dicitur
1373 2286 1430 2317 per

360 2322 576 2357 remotionem
593 2321 833 2362 complemenfi,
846 2331 864 2352 a
876 2331 942 2362 quo
960 2326 1007 2352 est
1022 2322 1164 2362 cognitio
1179 2322 1235 2352 rei.
1248 2321 1342 2353 Unde
1357 2320 1429 2352 infi—

361 2366 467 2397 nitum
481 2365 644 2397 reducitur
659 2366 699 2397 ad
713 2367 879 2397 materiam
895 2366 1072 2397 subiectam
1087 2366 1274 2406 privationi:
1291 2372 1328 2397 ut
1343 2371 1430 2406 patet

361 2411 396 2441 in
411 2410 453 2441 111
468 2409 683 2452 Plirsicorum
699 2411 726 2441 *.
738 2429 762 2433 —
777 2410 840 2442 Sed
855 2410 1018 2442 infinitum
1033 2411 1179 2451 negative
1196 2417 1366 2451 acceptum
1382 2410 1429 2441 di—

362 2455 444 2486 citur
465 2464 523 2496 per
549 2456 764 2486 remotionem
794 2456 944 2486 materiae
973 2456 1189 2486 terminantis:
1221 2457 1297 2496 quia
1327 2456 1430 2486 forma

362 2500 458 2530 etiam
482 2499 726 2540 quodammodo
750 2501 937 2530 terminatur
959 2510 1017 2540 per
1039 2501 1215 2531 materiam.
1240 2500 1335 2531 Unde
1357 2499 1429 2531 infi-

361 2544 466 2574 nitum
488 2544 552 2574 hoc
575 2543 676 2575 modo
701 2549 748 2575 est
770 2545 909 2575 maxime
932 2543 972 2575 de
995 2554 1028 2575 se
1050 2545 1277 2585 cognoscibile.
1302 2546 1343 2576 Et
1366 2545 1429 2575 hoc

361 2587 462 2619 modo
487 2587 630 2619 infinitus
654 2594 701 2619 est
723 2588 821 2619 Deus.

417 2633 468 2663 An
491 2642 767 2663 nncmuurnn‘rnm
790 2642 949 2664 nicenum(
966 2633 1056 2673 quod
1071 2634 1271 2674 Augustinus
1285 2634 1430 2674 loquitur

362 2677 401 2708 de
417 2678 541 2708 visione
565 2677 734 2717 corporali,
751 2687 816 2718 qua
837 2687 1006 2717 nunquam
1028 2677 1196 2708 videbitur.
1221 2678 1320 2716 Quod
1342 2684 1430 2719 patet

362 2732 400 2752 ex
415 2722 479 2752 hoc
503 2721 592 2762 quod
614 2722 826 2762 praemittitur
841 2722 874 2751 *t
899 2721 988 2752 Sicut
1011 2722 1096 2752 enim
1120 2722 1270 2754 videntur
1291 2723 1430 2754 visibilia

362 2767 424 2797 ista
455 2775 538 2807 quae
568 2766 793 2803 nominantur,
823 2766 929 2796 Deum
959 2775 1052 2796 nemo
1090 2766 1170 2797 vidit
1202 2777 1343 2808 unquam
1371 2778 1430 2798 nec

361 2810 471 2842 videre
487 2815 615 2851 potest;
638 2815 669 2841 et
683 2816 730 2841 est
746 2815 865 2841 natura
889 2811 1066 2847 invisibilis,
1086 2811 1170 2842 sicut
1187 2817 1219 2842 et
1234 2812 1430 2853 incorrupti—

361 2855 444 2886 bilis.
469 2854 558 2886 Sicut
589 2860 697 2886 autem
727 2854 906 2886 secundum
932 2860 1079 2886 naturam
1107 2865 1199 2887 suam
1223 2861 1269 2887 est
1291 2857 1429 2887 maxime

362 2909 429 2936 ens,
445 2899 489 2930 ita
505 2905 536 2930 et
551 2899 732 2930 secundum
747 2909 781 2930 se
797 2905 844 2930 est
858 2900 997 2930 maxime
1019 2900 1242 2940 intelligibilis:
1267 2901 1323 2932 sed
1339 2901 1429 2941 quod

361 2954 380 2975 a
402 2944 496 2975 nobis
519 2943 717 2984 quandoque
735 2954 803 2975 non
819 2944 1021 2984 intelligatur,
1039 2950 1086 2974 est
1101 2954 1139 2975 ex
1155 2944 1284 2976 defectu
1305 2951 1428 2976 nostro.

362 2987 456 3020 Unde
480 2988 570 3030 quod
593 2988 737 3019 videatur
757 2993 931 3029 postquam
947 2989 1032 3019 visus
1048 2998 1116 3019 non
1131 2989 1192 3020 fuit
1207 2999 1225 3020 a
1240 2990 1344 3026 nobis,
1360 2999 1427 3021 non

362 3038 410 3064 est
432 3042 471 3064 ex
493 3033 672 3064 mutatione
695 3043 762 3069 sua,
786 3032 843 3064 sed
865 3038 983 3064 nostra.

417 3077 469 3108 An
484 3087 775 3108 nncmunauaarun
793 3087 953 3108 memnon
969 3077 1059 3118 quod
1074 3077 1162 3108 Deus
1177 3078 1210 3108 in
1226 3079 1327 3118 patria
1341 3078 1428 3109 vide-

362 3122 448 3152 bitur
470 3132 488 3152 a
510 3123 626 3153 sanctis
655 3122 751 3153 sicuti
780 3127 828 3153 est
841 3123 875 3158 *,
899 3123 925 3152 si
948 3122 1011 3152 hoc
1040 3121 1194 3152 referatur
1223 3122 1263 3153 ad
1292 3122 1428 3153 modum

363 3165 462 3205 ipsius
484 3166 561 3197 visi:
592 3165 750 3197 videbitur
781 3167 867 3197 enirn
890 3177 908 3197 a
931 3167 1046 3197 sanctis
1075 3166 1164 3197 Deus
1193 3167 1309 3198 habere
1337 3167 1429 3198 illum

363 3208 500 3240 modum
529 3218 629 3250 quem
657 3211 762 3242 habet.
795 3210 859 3242 Sed
881 3211 907 3241 si
930 3210 1082 3242 referatur
1110 3210 1228 3242 modus
1259 3211 1298 3242 ad
1321 3212 1429 3251 ipsum

364 3259 625 3293 cognoscentem,
640 3265 709 3286 non
724 3255 883 3286 videbitur
897 3255 992 3286 sicuti
1007 3261 1070 3286 est:
1095 3256 1172 3296 quia
1185 3265 1253 3286 non
1270 3256 1328 3286 erit
1343 3261 1429 3287 tanta

1455 419 1464 438 5

1448 643 1474 658 10

1448 863 1470 884 ¹5

1446 1085 1472 1100 20

1447 1307 1470 1327 ²5

1447 1528 1472 1548 30

1447 1749 1469 1770 35

1444 1977 1470 1997 ⁴⁰

1443 2197 1467 2217 45

1445 2420 1470 2440 50

1445 2646 1467 2666 55

1442 2864 1470 2884 60

2478 165 2548 190 221

1488 233 1625 273 speciale
1642 233 1819 263 obiectum:
1834 234 1916 263 sicut
1931 243 1964 264 se
1980 235 2074 265 habet
2089 235 2200 265 lumen
2216 235 2382 275 corporale
2399 234 2438 265 ad
2449 235 2554 265 visum

1488 277 1699 316 corporalem,
1713 282 1744 307 et
1755 277 1865 307 lumen
1882 278 2060 309 intellectus
2077 280 2197 319 agentis
2213 278 2253 309 ad
2269 279 2466 310 intellectum
2477 288 2554 319 pos-

1487 321 1622 351 sibilem.
1638 339 1661 344 —
1684 321 1870 352 Secundum
1893 327 1939 351 est
1959 323 2102 353 medium
2118 333 2181 363 quo
2198 323 2332 354 videtur.
2357 324 2398 354 Et
2420 324 2483 353 hoc
2507 328 2554 353 est

1487 365 1591 396 forma
1614 366 1745 396 visibilis
1769 375 1833 406 qua
1856 365 2082 396 determinatur
2105 373 2240 407 uterque
2258 369 2344 398 visus
2361 367 2401 398 ad
2417 368 2553 407 speciale

1488 410 1669 440 obiectum:
1694 410 1777 440 sicut
1799 419 1856 450 per
1879 409 2017 440 formam
2040 411 2151 450 lapidis
2176 411 2215 442 ad
2230 411 2493 452 cognoscendum
2509 411 2553 442 la-

1487 453 1606 494 pidem.
1623 472 1646 476 —
1662 454 1808 484 Tertium
1832 459 1879 484 est
1901 453 2046 484 medium
2070 455 2101 484 in
2127 465 2189 495 quo
2213 456 2346 486 videtur.
2371 456 2412 486 Et
2427 456 2490 486 hoc
2507 461 2553 486 est

1487 498 1520 528 id
1535 507 1592 538 per
1608 499 1699 529 cuius
1718 499 1953 538 inspectionem
1970 498 2096 529 ducitur
2112 500 2196 529 visus
2212 500 2244 529 in
2262 501 2355 530 aliarn
2370 509 2454 530 rem:
2472 501 2554 530 sicut

1487 542 1688 582 inspiciendo
1717 543 1887 583 speculum
1915 542 2042 573 ducitur
2069 543 2102 572 in
2127 552 2163 573 ea
2187 553 2269 583 quae
2292 545 2325 574 in
2349 544 2481 584 speculo
2504 554 2552 574 re-

1487 592 1737 626 praesentantur,
1751 593 1783 617 et
1798 586 1937 617 videndo
1954 587 2126 627 imaginem
2144 586 2270 618 ducitur
2284 589 2318 618 in
2333 589 2551 628 imaginatum.

1487 631 1529 661 Et
1551 631 1597 660 sic
1621 631 1716 661 etiam
1739 631 1919 662 intellectus
1941 641 1999 671 per
2023 631 2242 671 cognitionem
2273 631 2403 662 effectus
2427 632 2553 663 ducitur

1487 675 1521 705 in
1545 684 1684 711 causam,
1709 675 1759 705 vel
1784 685 1801 706 e
1825 685 1992 706 converso.

1543 718 1579 748 In
1602 719 1726 749 visione
1750 720 1845 759 igitur
1868 721 1986 759 patriae
2009 729 2077 750 non
2102 720 2159 750 erit
2183 721 2311 750 tertium
2333 719 2494 756 medium,
2518 726 2553 750 ut

1487 762 1608 793 scilicet
1630 763 1719 793 Deus
1742 773 1799 803 per
1822 764 1944 804 species
1967 764 2104 794 aliorum
2128 770 2350 804 cognoscatur,
2367 765 2449 794 sicut
2467 774 2554 795 nunc

1488 807 1712 847 cognoscitur,
1743 808 1866 838 ratione
1897 809 1988 839 cuius
2016 808 2152 839 dicimur
2179 819 2267 839 nunc
2293 808 2401 839 videre
2429 809 2462 838 in
2485 818 2554 849 spe-

1487 851 1561 882 culo
1574 852 1600 882 ³.
1613 870 1636 873 —
1655 852 1723 882 Nec
1740 853 1798 882 erit
1812 852 1856 882 ibi
1873 853 2052 883 secundum
2063 853 2226 884 medium:
2247 854 2323 894 quia
2334 853 2403 893 ipsa
2420 854 2554 883 essentia

1487 895 1594 926 divina
1610 897 1668 926 erit
1684 906 1748 937 qua
1764 897 1943 927 intellectus
1959 902 2068 928 noster
2083 897 2202 928 videbit
2218 898 2325 928 Deum
2341 898 2368 927 ἦ
2380 916 2403 920 -
2419 896 2482 928 Sed
2497 898 2555 928 erit

1486 940 1531 970 ibi
1559 946 1683 971 tanturn
1714 942 1856 981 primum
1885 941 2046 978 medium,
2071 941 2161 982 quod
2193 942 2327 973 elevabit
2356 942 2554 972 intellectum

1486 990 1633 1016 nostrum
1649 985 1689 1016 ad
1705 986 1769 1016 hoc
1785 985 1874 1026 quod
1889 987 1991 1026 possit
2007 987 2161 1027 coniungi
2180 987 2374 1017 substantiae
2396 987 2554 1017 increatae

1486 1029 1586 1060 modo
1611 1029 1784 1070 praedicto.
1814 1029 1877 1061 Sed
1900 1031 1939 1061 ab
1963 1031 2026 1061 hoc
2049 1030 2158 1062 medio
2182 1041 2250 1062 non
2273 1031 2388 1062 dicitur
2411 1031 2552 1071 cognitio

1486 1073 1641 1104 mediata:
1667 1075 1742 1114 quia
1757 1084 1825 1105 non
1842 1074 1926 1105 cadit
1940 1076 2022 1106 inter
2037 1081 2289 1116 cognoscentem
2309 1081 2339 1106 et
2358 1084 2427 1105 rem
2443 1076 2553 1115 cogni-

1486 1124 1561 1155 tam,
1579 1118 1634 1149 sed
1651 1124 1697 1149 est
1720 1118 1799 1150 illud
1823 1119 1912 1159 quod
1935 1119 1988 1150 dat
2011 1121 2219 1160 cognoscenti
2234 1121 2300 1150 vim
2325 1119 2551 1160 cognoscendi.

1542 1163 1592 1193 Ao
1616 1173 1876 1194 Dncmnmsnxruu
1900 1174 2059 1194 memnon
2083 1164 2173 1204 quod
2192 1170 2352 1195 creaturae
2371 1164 2552 1204 corporales

1486 1216 1554 1237 non
1571 1206 1720 1238 dicuntur
1743 1208 1927 1239 immediate
1950 1208 2050 1239 videri
2072 1210 2133 1239 nisi
2157 1208 2287 1249 quando
2303 1208 2336 1239 id
2352 1208 2442 1249 quod
2458 1213 2504 1238 est
2519 1209 2553 1238 in

1487 1252 1531 1282 eis
1562 1252 1780 1292 coniungibile
1809 1253 1907 1288 visui,
1933 1253 1961 1283 ei
1985 1253 2201 1293 coniungitur.
2234 1253 2310 1284 Non
2341 1258 2416 1283 sunt
2445 1258 2552 1283 autem

1487 1296 1721 1336 coniungibiles
1750 1306 1807 1336 per
1835 1298 2003 1327 essentiam
2031 1307 2138 1334 suam,
2163 1299 2286 1328 ratione
2316 1297 2551 1328 materialitatis.

1486 1340 1527 1370 Et
1542 1340 1616 1371 ideo
1633 1346 1710 1371 tunc
1726 1341 1909 1372 immediate
1924 1341 2072 1372 videntur
2088 1342 2219 1382 quando
2240 1351 2354 1372 eorum
2377 1340 2552 1372 similitudo

1485 1385 1661 1415 intellectui
1685 1386 1900 1425 coniungitur.
1925 1385 1987 1416 Sed
2003 1386 2091 1416 Deus
2107 1396 2164 1427 per
2179 1387 2348 1417 essentiam
2367 1395 2458 1416 suam
2474 1395 2551 1416 con-

1486 1429 1646 1469 iungibilis
1671 1435 1717 1460 est
1739 1430 1916 1460 intellectui
1931 1431 1957 1460 ἃ.
1982 1430 2076 1461 Unde
2099 1441 2167 1461 non
2188 1430 2372 1462 immediate
2394 1430 2553 1461 videretur

1485 1474 1546 1503 nisi
1570 1474 1705 1504 essentia
1732 1484 1788 1504 sua
1812 1475 2060 1514 coniungeretur
2089 1476 2274 1506 intellectui.
2306 1475 2347 1506 Et
2369 1475 2448 1505 haec
2471 1475 2551 1505 visio

1486 1517 1670 1548 immediata
1694 1517 1809 1549 dicitur
1832 1519 1912 1549 visio
1927 1520 2044 1560 faciei.

1541 1562 1583 1592 Et
1605 1568 1767 1602 praeterea
1790 1563 1965 1594 similitudo
1989 1565 2035 1594 rei
2059 1564 2233 1604 corporalis
2256 1564 2407 1604 recipitur
2430 1563 2464 1593 in
2482 1563 2552 1593 visu

1486 1606 1664 1637 secundum
1689 1607 1824 1638 eandem
1847 1609 2005 1638 rationem
2029 1618 2093 1648 qua
2114 1614 2160 1639 est
2175 1609 2209 1639 in
2224 1618 2268 1644 re,
2285 1608 2340 1638 sed
2355 1617 2423 1638 non
2439 1617 2552 1638 secun-

1486 1650 1565 1681 dum
1581 1651 1720 1682 eundem
1739 1652 1876 1682 modum
1900 1652 2042 1683 essendi:
2069 1658 2100 1683 et
2114 1652 2188 1683 ideo
2205 1652 2380 1683 similitudo
2396 1652 2450 1682 illa
2465 1651 2553 1682 ducit

1485 1695 1519 1726 in
1534 1695 1622 1726 illam
1645 1706 1713 1727 rem
1737 1696 1864 1727 directe.
1888 1697 1964 1727 Non
1988 1703 2095 1727 autem
2119 1702 2226 1737 potest
2240 1697 2303 1727 hoc
2319 1695 2420 1727 modo
2437 1695 2554 1726 ducere

1486 1739 1592 1780 aliqua
1603 1740 1779 1771 similitudo
1796 1741 1994 1772 intellectum
2006 1747 2153 1771 nostrum
2165 1742 2198 1772 in
2210 1741 2327 1777 Deum,
2340 1746 2376 1771 ut
2389 1750 2426 1771 ex
2439 1740 2529 1771 dictis
2537 1742 2553 1757 ³*

1485 1789 1581 1824 patet.
1606 1785 1647 1815 Et
1670 1791 1802 1826 propter
1825 1786 1889 1816 hoc
1912 1795 1979 1816 non
2004 1791 2050 1816 est
2074 1786 2186 1816 simile.

1607 1860 1707 1891 ART.
1733 1860 1770 1890 II.
1795 1870 1900 1891 u'rmm
1923 1871 2032 1891 sanem
2055 1871 2131 1891 Posr
2155 1871 2429 1892 assumtam-ronam

1676 1915 1762 1935 DEUM
1786 1914 2017 1936 CORPORALIBUS
2042 1915 2151 1936 OCULIS
2174 1916 2274 1936 vlsmu
2298 1916 2365 1937 SINT

1483 1954 1516 1976 1v
1530 1954 1605 1981 Sent„
1620 1954 1673 1976 dist.
1688 1961 1768 1982 ιιινιιι,
1784 1961 1823 1983 qu.
1839 1961 1865 1982 ιι,
1880 1959 1922 1977 art.
1939 1962 1962 1981 ις
1977 1956 2003 1977 In
2017 1955 2066 1982 Iob,
2081 1962 2133 1984 cap.
2148 1962 2195 1982 xix,
2207 1957 2259 1978 lect.
2274 1962 2304 1983 n;
2318 1956 2345 1978 In
2359 1956 2452 1983 Mami„
2468 1962 2519 1984 cap.
2530 1963 2552 1978 v.

1549 2022 1569 2042 n
1586 2021 1750 2042 SECUNDUM
1773 2022 1819 2042 s1c
1842 2021 2047 2042 Pnocnmrtm.
2072 2012 2206 2043 Videtur
2234 2013 2324 2053 quod
2351 2015 2452 2044 sancti
2479 2019 2553 2054 post

1486 2024 1815 2087 Aresurrectionem
1845 2056 1953 2087 Deum
1988 2058 2208 2097 corporalibus
2246 2058 2348 2088 oculis
2385 2058 2549 2089 videbunt.

1484 2100 1608 2131 Oculus
1632 2101 1718 2131 enim
1734 2100 1930 2140 glorificatus
1952 2102 2082 2131 maioris
2101 2103 2159 2132 erit
2173 2103 2296 2133 virtutis
2320 2112 2418 2143 quam
2438 2103 2552 2143 aliquis

1484 2145 1599 2176 oculus
1621 2154 1689 2175 non
1712 2144 1916 2185 glorificatus.
1948 2145 2011 2176 Sed
2034 2147 2145 2177 beatus
2169 2146 2225 2177 Iob
2249 2147 2347 2177 oculo
2366 2157 2426 2177 suo
2445 2147 2552 2178 Deum

1483 2189 1577 2220 vidit:
1595 2189 1654 2220 Iob
1665 2200 1728 2219 nn
1739 2191 1766 2226 ξ
1779 2190 1901 2220 Audita
1917 2190 2009 2221 auris
2024 2191 2136 2222 audivi
2151 2196 2201 2221 te:
2217 2201 2303 2222 nunc
2314 2197 2422 2222 autem
2439 2192 2552 2222 oculus
2580 2199 2590 2208 ·

1484 2244 1573 2265 meus
1596 2234 1682 2265 videt
1705 2239 1744 2264 te.
1769 2234 1855 2274 Ergo
1878 2235 1982 2265 multo
2007 2234 2120 2266 fortius
2143 2236 2257 2267 oculus
2279 2235 2474 2276 glorificatus
2495 2246 2552 2277 per

1485 2279 1654 2310 essentiam
1677 2279 1784 2309 Deum
1807 2278 1915 2309 videre
1937 2280 2066 2319 poterit.

1542 2333 1570 2354 2.
1594 2323 1791 2360 Pnanrnmm,
1815 2323 1874 2354 Iob
1896 2334 1948 2354 xnr
1964 2325 1996 2354 *ε
2022 2324 2061 2354 In
2086 2333 2185 2355 carne
2208 2334 2279 2356 mea
2303 2325 2413 2356 videbo
2434 2324 2549 2359 Deum,

1484 2369 1688 2399 Salvatorem
1711 2377 1826 2398 meum.
1850 2368 1936 2408 Ergo
1952 2368 2077 2399 videtur
2093 2369 2182 2409 quod
2206 2369 2425 2410 corporalibus
2449 2369 2550 2400 oculis

1484 2413 1572 2444 Deus
1595 2413 1629 2443 in
1651 2413 1751 2452 patria
1773 2411 1941 2443 videbitur.

1541 2458 1570 2488 3.
1594 2457 1791 2491 Pmrmuza,
1810 2457 2020 2497 Augustinus,
2037 2457 2124 2488 XXII
2141 2458 2180 2489 de
2198 2458 2266 2489 Cin.
2283 2458 2346 2489 Dei
2361 2460 2388 2495 *,
2412 2458 2550 2499 loquens

1484 2502 1524 2533 de
1547 2500 1617 2532 vis'u
1645 2502 1817 2532 oculorum
1843 2501 2110 2542 glorificatorum,
2123 2503 2179 2543 vsic
2203 2502 2297 2533 dicit:
2327 2503 2378 2533 Vis
2395 2503 2550 2543 praepol-

1484 2547 1604 2578 lentior
1619 2546 1682 2577 erit
1697 2546 1867 2577 oculorum
1891 2546 2034 2582 illorum,
2052 2556 2116 2577 non
2134 2553 2170 2578 ut
2184 2548 2294 2578 acrius
2309 2548 2440 2578 videant
2454 2557 2549 2588 quam

1483 2591 1614 2633 quidam
1630 2591 1844 2631 perhibentur
1866 2590 1975 2622 videre
1997 2597 2159 2632 serpentes
2182 2593 2232 2623 vel
2255 2593 2393 2633 aquilae,
2414 2597 2550 2633 quanta-

1484 2637 1559 2667 libet
1581 2636 1666 2666 enim
1689 2636 1872 2666 acrimonia
1895 2636 2049 2666 cernendi
2078 2636 2188 2667 eadem
2218 2637 2376 2668 animalia
2401 2638 2548 2678 vigeant,

1484 2681 1566 2711 nihil
1587 2680 1679 2711 aliud
1701 2690 1798 2721 quam
1821 2689 1962 2720 corpora
1979 2686 2120 2721 possunt
2142 2681 2269 2712 videre:
2291 2681 2348 2712 sed
2371 2686 2407 2712 ut
2421 2681 2552 2712 videant

1484 2725 1718 2765 incorporalia.
1753 2724 1988 2765 Quaecumque
2020 2730 2127 2755 autem
2159 2726 2303 2765 potentia
2334 2727 2550 2765 cognoscitiva

1484 2775 1532 2800 est
1545 2769 1807 2809 incorporalium,
1824 2774 1931 2808 potest
1946 2769 2060 2799 elevari
2076 2769 2116 2799 ad
2131 2769 2306 2800 videndum
2322 2770 2438 2800 Deum.
2463 2770 2548 2810 Ergo

1484 2814 1571 2845 oculi
1593 2814 1725 2854 gloriosi
1748 2813 1855 2844 Deum
1878 2813 1985 2844 videre
2007 2819 2170 2853 poterunt.

1538 2867 1570 2898 4.
1594 2858 1796 2894 Priamum,
1821 2867 1903 2898 quae
1927 2863 1974 2888 est
1996 2857 2172 2888 differentia
2199 2858 2415 2898 corporalium
2439 2858 2479 2889 ad
2501 2859 2548 2889 in-

1484 2902 1672 2943 corporalia,
1691 2901 1803 2932 eadem
1827 2907 1874 2932 est
1889 2911 1907 2932 e
1923 2911 2090 2932 converso.
2115 2901 2178 2933 Sed
2202 2902 2316 2933 oculus
2338 2903 2548 2943 incorporeus

1483 2952 1590 2988 potest
1619 2946 1798 2986 corporalia
1826 2945 1943 2976 videre.
1976 2946 2062 2986 Ergo
2094 2946 2208 2977 oculus
2238 2956 2413 2987 corporeus
2441 2952 2549 2988 potest

1482 2991 1590 3023 videre
1612 2990 1835 3030 incorporalia.
1860 2990 1901 3020 Et
1923 2991 1968 3021 sic
1991 2990 2077 3021 idem
2101 2990 2191 3031 quod
2213 2991 2310 3031 pn‘us.

1541 3036 1569 3066 5.
1594 3035 1796 3070 mamm,
1822 3034 2012 3075 Gregorius,
2043 3035 2076 3065 in
2099 3035 2129 3065 V
2153 3036 2275 3066 Moral.
2292 3036 2319 3071 *,
2343 3045 2440 3075 super
2469 3035 2548 3066 illud

1483 3080 1541 3110 Iob
1557 3090 1589 3109 xv
1603 3081 1630 3115 *‚
1650 3079 1744 3109 Stetit
1757 3079 1888 3119 quidam
1907 3079 1999 3110 cuius
2015 3089 2080 3110 non
2097 3080 2312 3121 agnoscebam
2336 3080 2459 3111 vultum
2475 3085 2547 3117 etc„

1482 3125 1527 3154 sic
1543 3123 1633 3165 dicit:
1649 3123 1771 3159 Homo,
1784 3123 1849 3164 qui,
1861 3123 1891 3154 si
1898 3129 2108 3164 praeceptum
2123 3133 2256 3155 servare
2271 3124 2433 3161 voluisset,
2449 3134 2549 3155 carne

1481 3168 1661 3209 spiritualis
1673 3169 1816 3210 futurus
1825 3168 1954 3209 suerat,
1961 3169 2079 3210 factus
2094 3174 2142 3199 est
2148 3169 2317 3209 peccando
2333 3169 2429 3199 etiam
2445 3174 2548 3200 mente

1482 3213 1636 3243 carnalis.
1668 3212 1731 3243 Sed
1754 3222 1792 3242 ex
1815 3212 1879 3243 hoc
1903 3212 1992 3252 quod
2016 3218 2063 3243 est
2085 3218 2193 3244 mente
2220 3213 2322 3244 factus
2345 3214 2488 3250 carnalis,
2511 3219 2548 3244 ut

1481 3256 1602 3288 ibidem
1626 3256 1710 3293 dicit,
1729 3257 1836 3287 solum
1859 3265 1898 3287 ea
1920 3257 2045 3298 cogitat
2066 3267 2149 3298 quae
2171 3257 2215 3288 ad
2236 3258 2380 3288 animum
2396 3267 2461 3298 per
2475 3268 2548 3289 cor-

364 3296 505 3328 efficacia
526 3298 704 3330 intellectus
723 3300 819 3330 creati
838 3299 879 3330 ad
893 3299 1069 3330 videndum
1092 3305 1211 3340 quanta
1227 3306 1274 3330 est
1289 3299 1429 3331 efficacia
1442 3311 1468 3332 ιο
1476 3311 1598 3342 porum
1622 3301 1782 3343 imagines
1805 3301 1913 3332 trahit.
1942 3302 2028 3342 Ergo
2052 3302 2147 3332 etiam
2175 3302 2306 3342 quando
2337 3312 2430 3332 carne
2457 3303 2548 3343 spiri-

365 3342 519 3375 essentiae
542 3341 667 3373 divinae
689 3343 730 3375 ad
751 3344 816 3375 hoc
839 3343 929 3385 quod
952 3345 1154 3385 intelligatur.

1482 3346 1575 3376 tualis
1591 3346 1658 3382 erit,
1676 3345 1766 3386 quod
1785 3351 1860 3385 post
1882 3346 2148 3377 resurrectionem
2171 3347 2286 3377 sancu's
2309 3347 2505 3387 promittitur
2519 3348 2546 3384 ξ,

419 3386 470 3416 An
493 3395 775 3418 Dncmmoum'nm
796 3398 956 3420 mmmmm
980 3389 1070 3429 quod
1092 3388 1237 3420 medium
1255 3390 1428 3420 invisione
1483 3391 1579 3420 etiam
1603 3399 1696 3421 carne
1724 3390 1898 3431 spiritualia
1920 3390 2027 3421 videre
2057 3391 2183 3431 poterit.
2218 3391 2258 3422 Et
2281 3391 2326 3422 sic
2348 3390 2435 3422 idem
2458 3391 2548 3432 quod

364 3429 524 3470 corporali
540 3435 571 3460 et
585 3430 791 3463 intellectuali
809 3433 969 3464 invenitur
991 3433 1114 3474 triplex.
1138 3434 1282 3464 Primum
1299 3439 1346 3465 est
1360 3443 1428 3464 me-

364 3473 454 3504 dium
477 3474 534 3505 sub
557 3484 620 3515 quo
639 3473 774 3506 videtur.
797 3476 840 3507 Et
853 3477 918 3508 hoc
940 3483 988 3508 est
1010 3478 1100 3518 quod
1122 3477 1247 3519 perficit
1268 3479 1373 3509 visum
1389 3478 1429 3509 ad

1482 3444 1581 3509 pmii?-
1593 3479 1789 3515 Pnanrnassa,
1806 3479 1907 3509 homo
1927 3479 1998 3510 solo
2015 3479 2086 3510 Deo
2109 3484 2216 3520 potest
2238 3478 2419 3510 beatificari.
2444 3480 2548 3510 Beati—

364 3517 539 3549 videndum
562 3519 595 3549 in
618 3519 767 3559 generali,
783 3529 852 3551 non
870 3520 1083 3553 determinans
1106 3523 1210 3554 visum
1235 3522 1274 3553 ad
1297 3522 1429 3564 aliquod
1443 3533 1466 3553 ⁷5
1482 3523 1629 3554 ficabitur
1648 3529 1756 3555 autem
1771 3533 1839 3554 non
1855 3523 1961 3554 solum
1984 3529 2142 3564 quantum
2159 3523 2198 3554 ad
2214 3525 2363 3560 animam,
2380 3523 2436 3555 sed
2452 3525 2546 3555 etiam

2582 862 2591 871 ·
2601 861 2611 882 1
2621 861 2655 882 ad
2664 861 2728 889 Cor„
2740 868 2792 890 cap.

2581 893 2632 913 xm,
2647 894 2706 910 vers.
2723 894 2754 910 ιη.

2582 915 2591 925 ·
2605 914 2641 936 cf.
2656 920 2720 943 corp.
2734 918 2777 937 art.

2579 1439 2589 1449 ·
2603 1437 2662 1460 Ibid.

2581 1746 2590 1756 ·
2604 1745 2664 1767 Ibid.

2604 2197 2671 2220 vers.
2686 2204 2706 2226 5.

2578 2331 2588 2341 ·
2602 2330 2669 2352 Vers.
2684 2331 2720 2352 26.

2578 2465 2587 2474 ·
2601 2463 2658 2491 Cap.
2673 2468 2737 2484 xxix.

2576 3046 2586 3056 ·
2596 3044 2653 3076 Cap.
2667 3051 2746 3072 xxxiv,
2757 3046 2786 3067 al.

2575 3078 2632 3098 xxv;
2641 3077 2664 3093 m
2671 3076 2716 3094 vet.
2725 3078 2788 3098 xxxv,

2575 3100 2586 3110 ·
2599 3098 2666 3120 vers.
2683 3098 2717 3121 ¹6.

2575 3346 2786 3373 ‘Matth.eap.xxn,

2575 3379 2634 3394 vers.
2655 3378 2695 3401 303
2714 3372 2786 3394 Marc.

2574 3405 2786 3453 ἶῖΐέ.““ε.ἶξ.“·ἒῖ

2575 3458 2635 3474 vers.
2653 3452 2699 3480 36;
2722 3452 2731 3473 1
2751 3451 2787 3473 ad

2575 3478 2719 3532 feel-2:³29.
2739 3484 2786 3504 xv,
