2918 4088
212 816 221 825 ‘
236 813 323 841 1⁵11⁸⁹‚
335 820 374 841 qu.
386 819 422 840 cx,

211 844 252 862 art.
268 847 290 867 4.

210 1071 219 1081 ⁸
234 1070 285 1092 Art.
301 1076 321 1092 2.

206 1976 277 2002 ‘Arg
286 1981 306 2003 3,
316 1980 364 2002 arg.
370 1973 419 1995 Sed

205 2004 265 2023 cona

205 2234 215 2244 '
229 2234 280 2255 Art.

302 2028 316 2062 β

459 157 507 194 36
1128 158 1391 206 QUAESTIO
1420 160 1554 207 LXIII,
1584 159 1878 197 ARTICULUS
1906 160 1957 196 IV

1233 295 1550 337 ARTICULUS
1581 295 1853 344 QUARTUS

786 387 942 419 UTRUM
967 387 1237 419 CHARACTER
1260 388 1326 419 SIT
1351 388 1394 419 IN
1418 388 1647 420 POTENTns
1671 389 1839 420 ANIMAE
1864 389 1991 422 SICUT
2015 390 2059 421 lN
2087 390 2302 424 sussisscTo

1251 467 1284 491 IV
1304 467 1388 495 Sent„

484 560 576 605 '³295st
588 574 622 591 a<
662 557 684 582 D
705 556 877 587 QUARTUM
896 557 948 582 SIC
968 556 1204 583 PROCEDtTUR.
1228 545 1390 583 Videtur
1408 545 1516 605 quod

477 589 533 642 ‘st

469 630 629 698 'y‘sszl‘f
610 649 759 690 (sicut
792 650 831 687 in
860 650 1042 687 subiecto.
1084 651 1291 688 Character
1325 651 1430 688 enirn
1462 651 1516 688 di-

506 671 629 732 ξεῖν
619 696 760 740 &citur
795 715 877 740 esse
910 702 1107 752 dispositio
1146 704 1195 741 ad
1228 704 1398 752 gratiam.
1439 703 1516 741 Sed

451 755 569 803 gratia
596 762 652 791 est
679 755 719 793 in
747 755 909 793 essentia
944 756 1095 794 animae
1132 756 1228 794 sicut
1255 757 1295 794 in
1324 756 1514 803 subiecto,

451 815 493 844 ut
521 807 560 844 in
590 808 769 846 Secunda
788 809 898 846 Parte
917 808 937 830 *
965 809 1111 846 dictum
1140 817 1205 846 est.
1235 810 1337 857 Ergo
1365 809 1516 847 videtur

451 861 558 910 quod
586 862 782 898 character
810 861 855 898 sit
882 861 922 898 in
950 862 1112 899 essentia
1140 862 1312 910 animae,
1342 874 1423 900 non
1451 875 1515 899 au-

450 921 529 951 tem
557 913 597 950 in
624 914 814 963 potentiis.

505 978 539 1002 2.
579 967 820 1013 PRAETEREA‚
852 967 1023 1015 potentia
1059 967 1211 1004 animae
1246 979 1326 1004 non
1363 967 1516 1005 videtur

450 1031 532 1055 esse
561 1019 777 1056 subiectum
805 1019 965 1056 alicuius
992 1019 1064 1056 nisi
1093 1020 1246 1056 habitus
1265 1021 1327 1057 vel
1354 1020 1514 1069 disposi-

448 1071 573 1108 tionis.
605 1072 682 1108 Sed
710 1073 915 1119 character,
936 1079 978 1108 ut
998 1084 1114 1121 supra
1132 1072 1152 1094 ’¹‘
1180 1072 1326 1110 dictum
1346 1081 1411 1120 est,
1433 1085 1514 1110 non

449 1131 504 1160 est
538 1123 690 1160 habitus
722 1125 784 1160 vel
816 1123 1034 1173 dispositio,
1064 1124 1132 1161 sed
1167 1125 1287 1172 magis
1323 1125 1512 1174 potentia:

448 1175 558 1213 cuius
591 1176 808 1212 subiectum
836 1188 917 1213 non
952 1185 1008 1213 est
1042 1177 1114 1213 nisi
1149 1177 1311 1214 essentia
1349 1177 1512 1214 animae.

448 1230 550 1276 Ergo
570 1228 722 1266 videtur
740 1229 847 1277 quod
867 1230 1063 1266 character
1081 1241 1161 1266 non
1181 1229 1228 1266 sit
1246 1229 1343 1266 sicut
1366 1230 1405 1266 in
1425 1230 1514 1267 sub—

446 1282 543 1319 iecto
572 1281 611 1318 in
639 1281 809 1330 potentia
837 1281 1010 1329 animae,
1041 1282 1108 1318 sed
1135 1281 1255 1329 magis
1284 1282 1324 1319 in
1352 1282 1514 1319 essentia

447 1334 577 1384 ipsius.

503 1387 537 1423 3.
568 1389 806 1435 PRAETEREA‚
835 1387 1028 1436 potentiae
1057 1387 1209 1425 animae
1237 1387 1430 1425 rationalis
1458 1388 1513 1425 di-

448 1440 692 1488 stinguuntur
710 1452 780 1489 per
799 1440 1007 1488 cognitivas
1027 1448 1063 1477 et
1082 1440 1318 1490 appetitivas.
1340 1442 1418 1478 Sed
1433 1453 1513 1478 non

447 1500 571 1542 potest
599 1493 673 1530 dici
693 1493 799 1542 quod
819 1494 1015 1531 character
1042 1493 1088 1530 sit
1114 1501 1265 1530 tantum
1286 1494 1326 1531 in
1344 1494 1514 1543 potentia

447 1546 706 1594 cognoscitiva
725 1551 753 1593 ²,
779 1558 852 1583 nec
879 1545 994 1583 etiam
1012 1554 1163 1584 tantum
1191 1546 1231 1583 in
1249 1546 1420 1596 potentia
1447 1559 1513 1596 ap-

446 1598 620 1648 petitiva:
659 1598 751 1648 quia
787 1611 868 1636 non
896 1597 1096 1636 ordinat'ur
1122 1611 1250 1648 neque
1285 1600 1334 1637 ad
1371 1612 1512 1648 cogno-

448 1652 636 1689 scendum
663 1659 824 1699 tantum,
854 1664 982 1701 neque
1011 1652 1060 1690 ad
1088 1653 1363 1702 appetendum.
1401 1652 1512 1690 Simi-

448 1705 530 1742 liter
557 1705 673 1741 etiam
701 1717 782 1742 non
809 1712 934 1754 potest
961 1704 1035 1742 dici
1054 1705 1162 1754 quod
1190 1705 1237 1742 sit
1264 1705 1304 1742 in
1332 1713 1510 1755 utraque:

447 1757 539 1807 quia
567 1757 671 1794 idem
699 1757 876 1803 accidens
904 1770 984 1795 non
1013 1766 1137 1807 potest
1165 1770 1247 1796 esse
1285 1758 1325 1796 in
1352 1758 1512 1796 diversis

447 1810 636 1847 subiectis.
676 1811 777 1859 Ergo
805 1810 958 1848 videtur
993 1811 1099 1860 quod
1137 1812 1331 1849 character
1358 1824 1438 1848 non
1467 1812 1513 1849 sit

446 1863 486 1900 in
514 1863 684 1912 potentia
712 1863 863 1900 animae
892 1863 988 1901 sicut
1015 1864 1055 1900 in
1084 1864 1268 1911 subiecto,
1296 1865 1363 1902 sed
1391 1865 1512 1913 magis

446 1929 486 1953 1n
515 1924 686 1953 essentia.

500 1970 574 2007 SED
594 1981 739 2006 CONTRA
759 1981 824 2006 EST
844 1969 963 2018 quod,
984 1969 1080 2007 sicut
1108 1969 1147 2006 in
1174 1970 1385 2019 praemissa
1403 1970 1423 1992 ’¹‘
1448 1971 1510 2008 de-

445 2022 618 2059 finitione
642 2022 868 2059 characteris
888 2022 1115 2069 continetur,
1136 2023 1332 2060 character
1346 2022 1361 2053 β
1380 2023 1510 2073 impri-

446 2075 563 2111 mitur
590 2074 741 2111 animae
762 2075 934 2112 rationali
961 2076 1163 2112 secundum
1186 2078 1402 2126 imaginem.
1433 2077 1510 2114 Sed

445 2128 572 2176 imago
587 2127 781 2164 Trinitatis
796 2127 835 2164 in
850 2127 979 2164 anima
994 2128 1199 2165 attenditur
1213 2129 1429 2166 secundum
1444 2141 1511 2179 po·

444 2181 589 2218 tentias.
611 2181 713 2229 Ergo
733 2181 929 2218 character
947 2180 987 2218 in
1006 2181 1185 2231 potentiis
1204 2182 1356 2219 animae
1376 2182 1509 2220 existit.

497 2235 722 2271 RESPONDEO
741 2245 924 2271 D1OEND1JM
950 2235 1076 2283 quod,
1106 2234 1203 2272 sicut
1230 2234 1377 2273 dictum
1404 2243 1460 2273 est
1477 2235 1509 2283 ²¹⁸,

444 2288 640 2324 character
672 2294 727 2323 est
759 2287 960 2335 quoddam
998 2287 1239 2335 signaculum
1272 2300 1352 2337 quo
1381 2288 1511 2326 anima

445 2339 645 2387 insignitur
672 2339 720 2376 ad
749 2340 1039 2389 suscipiendum
1067 2341 1129 2377 vel
1164 2340 1244 2377 aliis
1278 2341 1511 2378 tradendum

446 2405 490 2429 ea
519 2404 618 2442 quae
647 2399 736 2429 sunt
763 2393 883 2430 divini
911 2395 1046 2430 cultus.
1081 2393 1246 2430 Divinus
1274 2395 1404 2431 autem
1433 2395 1510 2432 cul-

444 2452 506 2482 tus
534 2445 573 2482 in
602 2445 836 2494 quibusdam
855 2445 1002 2483 actibus
1030 2446 1210 2484 consistit.
1240 2447 1302 2484 Ad
1320 2454 1427 2484 actus
1446 2459 1510 2484 au-

445 2505 524 2535 tem
551 2498 705 2547 proprie
734 2498 961 2536 ordinantur
987 2499 1179 2548 potentiae
1212 2500 1384 2547 animae,
1414 2499 1511 2537 sicut

497 2614 525 2647 α)
544 2613 733 2646 cognoscitiva.
745 2628 765 2633 -
777 2614 914 2647 cognitiva
934 2615 979 2644 Pa,
992 2613 1098 2649 9g1'tiva
1117 2615 1160 2640 Gt.
1173 2629 1192 2634 -
1209 2615 1357 2647 appetitiva
1375 2623 1428 2641 om.
1442 2616 1473 2641 A.

463 2685 468 2691 .
499 2649 525 2683 β’)
544 2649 692 2690 character.
710 2663 730 2668 -
746 2649 766 2674 F
786 2654 811 2674 et
835 2650 909 2674 tertia
932 2656 1034 2683 praeter
1053 2650 1077 2681 1;
1096 2650 1135 2675 sic
1157 2651 1298 2676 character
1316 2651 1346 2682 E,
1369 2651 1510 2676 character

444 2693 482 2711 stc
501 2690 588 2710 ceteri.

1408 467 1466 492 dist.
1485 475 1518 497 w,
1538 475 1583 500 qu.
1602 476 1619 499 1,
1639 474 1685 494 art.
1706 468 1729 500 3,
1749 470 1799 502 qu*
1821 477 1843 495 1.

1570 544 1732 582 essentia
1752 543 1951 582 ordinatur
1969 543 2018 581 ad
2038 556 2132 581 esse.
2162 544 2210 580 Et
2229 542 2317 580 ideo
2337 544 2532 583 character
2554 557 2635 583 non

525 589 641 659 Δὶ4·
663 598 858 635 Character
894 609 974 634 110ss
1010 597 1055 634 SIt
1083 611 1122 635 111
1150 598 1328 647 potentiis
1364 598 1516 635 animae
1570 605 1625 634 eSt
1653 605 1750 634 Sicut
1777 609 1817 633 ln
1845 597 2017 634 SUbIectO
2047 609 2086 633 ln
2115 596 2276 634 essentia
2305 596 2470 644 animae,
2499 598 2567 635 Sed
2595 597 2635 635 in

1570 649 1653 686 eius
1680 649 1861 698 potentia.

1623 703 1687 739 AD
1709 714 1844 739 ptumum
1872 714 1970 739 ERGO
1990 715 2172 740 DICENDUM
2200 702 2309 751 quod
2330 701 2547 739 subiectum
2570 702 2635 740 ali-

1570 755 1632 792 cui
1661 754 1846 792 accidenti
1873 755 2089 792 attribuitur
2107 755 2324 797 secundum
2343 754 2534 792 rationem
2553 754 2636 792 eius

1570 808 1619 844 ad
1647 807 1755 857 quod
1782 807 2000 857 propinque
2019 807 2207 857 disponit:
2237 820 2318 845 non
2346 815 2476 845 autem
2499 819 2635 845 secun-

1569 861 1666 897 dum
1694 860 1883 898 rationem
1903 860 1986 898 eius
2005 861 2054 898 ad
2073 861 2181 910 quod
2209 860 2377 910 disponit
2405 868 2552 898 remote
2573 861 2636 897 vel

1569 912 1762 950 indirecte.
1785 913 1992 951 Character
2010 921 2140 950 autern
2159 913 2299 950 directe
2319 913 2479 962 quidem
2499 921 2535 950 et
2548 925 2635 963 pro-

1569 965 1714 1015 pinque
1744 966 1914 1015 disponit
1940 965 2112 1003 animam
2131 966 2180 1003 ad
2207 978 2252 1003 ea
2271 978 2371 1015 quae
2400 974 2489 1002 sunt
2516 966 2636 1003 divini

1569 1019 1694 1055 cultus
1729 1019 1973 1067 exequenda:
2011 1026 2047 1055 et
2083 1018 2175 1067 quia
2211 1019 2308 1056 haec
2342 1018 2481 1056 idonee
2507 1023 2523 1046 Υ
2555 1030 2635 1056 non

1568 1070 1668 1108 fiunt
1687 1071 1768 1108 sine
1788 1071 1929 1108 auxilio
1948 1071 2100 1120 gratiae,
2116 1071 2219 1121 quia,
2235 1079 2277 1108 ut
2296 1070 2634 1118 diciturloan.1v*,

1568 1135 1631 1160 eos
1658 1125 1723 1173 qui
1747 1124 1908 1161 adorant
1931 1125 2068 1170 Deum,
2087 1126 2125 1161 in
2151 1126 2280 1174 spiritu
2309 1130 2342 1162 et
2369 1126 2522 1162 veritate
2546 1124 2634 1162 ado-

1569 1188 1657 1213 rare
1684 1182 1838 1225 oportet,
1859 1189 1905 1213 ex
1933 1176 2185 1225 consequenti
2213 1177 2344 1214 divina
2370 1176 2519 1226 largitas
2542 1176 2635 1215 reci-

1568 1228 1761 1277 pientibus
1780 1230 2040 1265 characterem
2059 1228 2218 1276 gratiam
2242 1229 2407 1278 largitur,
2426 1242 2497 1279 per
2515 1242 2633 1279 quam

1568 1280 1681 1328 digne
1709 1280 1967 1330 impleantea
1994 1281 2045 1317 ad
2072 1293 2173 1330 quae
2201 1281 2445 1330 deputantur.
2475 1282 2524 1319 Et
2546 1282 2634 1320 ideo

1568 1332 1777 1370 characteri
1805 1332 1926 1381 magis
1945 1341 2001 1370 est
2020 1333 2309 1371 attribuendum
2333 1333 2550 1372 subiectum
2578 1347 2634 1372 se·

1568 1386 1743 1423 cundum
1778 1385 1965 1423 rationem
2004 1394 2164 1423 actuum
2195 1386 2245 1424 ad
2273 1386 2451 1424 divinum
2487 1389 2634 1426 cultum

1567 1438 1854 1489 pertinentium,
1874 1451 1995 1488 quam
2023 1439 2242 1476 secundum
2269 1439 2459 1478 rationem
2482 1440 2634 1500 gratiae.

1621 1493 1678 1529 Ao
1707 1504 1897 1530 SECUNDUM
1924 1504 2106 1530 DICENDUM
2139 1492 2247 1542 quod
2284 1492 2447 1530 essentia
2483 1492 2635 1532 animae

1568 1552 1624 1582 est
1651 1545 1868 1582 subiectum
1895 1545 2087 1594 potentiae
2116 1545 2309 1593 naturalis,
2330 1558 2431 1595 quae
2459 1558 2506 1583 ex
2530 1546 2653 1606 prin-

1567 1597 1675 1647 cipiis
1713 1597 1897 1635 essentiae
1931 1598 2115 1647 procedit.
2153 1598 2259 1636 Talis
2296 1606 2427 1637 autem
2462 1599 2634 1648 potentia

1566 1660 1649 1688 non
1677 1658 1732 1688 est
1759 1652 1971 1688 character:
2009 1651 2076 1688 sed
2111 1658 2168 1688 est
2201 1651 2396 1700 quaedam
2430 1651 2633 1701 spiritualis

1566 1704 1738 1754 potentia
1765 1704 1813 1741 ab
1834 1703 2045 1741 extrinseco
2065 1703 2286 1742 adveniens.
2316 1704 2441 1752 Unde,
2461 1704 2558 1742 sieut
2576 1717 2633 1743 es·

1567 1757 1687 1794 sentia
1715 1757 1885 1804 animae,
1914 1769 1984 1806 per
2011 1769 2132 1806 quam
2168 1764 2223 1794 est
2250 1757 2431 1795 naturalis
2458 1757 2536 1795 vita
2562 1758 2632 1795 ho-

1566 1810 1702 1858 minis,
1731 1809 1928 1860 perficitur
1963 1821 2034 1858 per
2059 1809 2234 1857 gratiam,
2265 1822 2343 1858 qua
2370 1809 2500 1847 anima
2528 1810 2632 1860 spiri-

1566 1863 1748 1900 ritualiter
1766 1862 1881 1908 vivit;
1911 1861 1962 1899 ita
1980 1862 2150 1912 potentia
2168 1862 2350 1899 naturalis
2378 1862 2530 1900 animae
2549 1875 2632 1912 per-

1565 1915 1692 1953 ficitur
1718 1928 1789 1965 per
1815 1915 2052 1964 spiritualem
2079 1914 2302 1964 potentiam,
2332 1927 2431 1964 quae
2460 1923 2516 1953 est
2543 1916 2632 1955 cha-

1565 1977 1697 2007 racter.
1732 1968 1896 2006 Habitus
1930 1967 2035 2005 enim
2068 1975 2104 2004 et
2132 1967 2330 2017 dispositio
2365 1968 2555 2018 pertinent
2581 1970 2631 2007 ad

1564 2022 1777 2072 potentiam
1805 2021 1970 2068 animae,
1991 2033 2038 2058 eo
2063 2021 2172 2070 quod
2199 2021 2426 2058 ordinantur
2443 2021 2493 2059 ad
2512 2029 2629 2070 actus,

1565 2087 1737 2125 quorum
1765 2073 1957 2123 potentiae
1986 2081 2075 2110 sunt
2102 2073 2299 2123 principia.
2331 2075 2380 2111 Et
2407 2074 2545 2112 eadem
2573 2087 2631 2113 ra—

1563 2129 1667 2165 tione
1702 2139 1820 2165 omne
1855 2127 1963 2176 quod
1991 2127 2041 2163 ad
2069 2134 2197 2164 actum
2227 2126 2445 2176 ordinatur,
2475 2135 2530 2165 est
2561 2140 2630 2178 po-

1564 2181 1703 2219 tentiae
1731 2180 1993 2218 tribuendum.

1617 2235 1675 2271 An
1702 2245 1862 2271 TERTmM
1889 2245 2071 2271 mcaNDum
2093 2232 2213 2282 quod,
2234 2232 2331 2270 sicut
2357 2232 2504 2272 dictum
2524 2241 2580 2272 est
2595 2233 2629 2279 ἦ

1565 2289 1761 2325 character
1788 2285 1988 2323 ordinatur
2014 2285 2064 2323 ad
2091 2298 2138 2323 ea
2165 2298 2265 2334 quae
2293 2293 2382 2324 sunt
2403 2285 2524 2325 divini
2551 2288 2630 2325 cul-

1563 2348 1636 2378 tus.
1676 2339 1756 2386 Qui
1785 2338 1944 2388 quidem
1973 2346 2028 2375 est
2057 2339 2251 2387 quaedam
2284 2338 2376 2376 fidei
2407 2340 2629 2388 protestatio

1564 2405 1634 2443 per
1662 2392 1849 2429 exteriora
1877 2391 1994 2439 signa.
2034 2392 2082 2428 Et
2110 2391 2197 2428 ideo
2226 2399 2377 2442 oportet
2404 2392 2512 2441 quod
2540 2393 2630 2430 cha-

1565 2453 1686 2484 racter
1709 2445 1754 2482 sit
1782 2444 1821 2482 in
1849 2443 2039 2492 cognitiva
2075 2444 2246 2494 potentia
2278 2443 2450 2492 animae,
2480 2444 2519 2482 in
2552 2457 2630 2496 qua

1564 2507 1620 2537 est
1647 2498 1755 2536 fides.

1617 2614 1644 2656 γ)
1665 2615 1765 2640 idonee.
1783 2628 1802 2633 -
1820 2614 1840 2639 F
1859 2619 1885 2639 et
1903 2615 1990 2646 tertia;
2016 2615 2054 2645 (et
2072 2614 2135 2647 quia
2154 2614 2203 2639 hoc
2225 2613 2356 2641 homines)
2375 2613 2465 2639 idonei
2482 2614 2512 2646 E,
2532 2614 2629 2641 fao-m

1564 2655 1652 2675 ceteri.

1119 2766 1455 2799 commentaria
1476 2766 1731 2800 cardinalis
1753 2766 1956 2799 Caietani

505 2858 612 2879 nutus
640 2848 751 2878 clarus.
775 2866 799 2870 -
821 2848 858 2878 In
881 2857 1016 2888 corpore
1036 2857 1101 2878 una
1121 2847 1301 2878 conclusio:
1330 2847 1509 2878 Character

447 2861 552 2924 Test
573 2892 743 2924 subiective
763 2892 795 2922 in
813 2892 962 2933 potentia
984 2892 1122 2923 animae.
1146 2891 1311 2922 Probatur.
1337 2891 1508 2923 Character

445 2943 491 2968 est
514 2937 713 2977 signaculum
742 2945 808 2976 quo
832 2937 937 2967 anima
960 2936 1127 2976 insignitur
1150 2935 1190 2966 ad
1213 2935 1433 2976 recipiendum
1456 2936 1506 2966 vel

444 2980 633 3012 tradendum
657 2990 693 3011 ea
716 2990 799 3021 quae
821 2986 896 3011 sunt
915 2981 1019 3011 cultus
1036 2979 1216 3011 Christiani.
1241 2980 1326 3020 Ergo
1343 2979 1507 3011 ordinatur

445 3025 484 3056 ad
508 3030 605 3056 actus.
630 3025 715 3064 Ergo
740 3030 787 3055 est
808 3025 842 3055 in
865 3025 1009 3065 potentia
1033 3025 1165 3055 animae.

500 3069 605 3099 Prima
629 3069 867 3108 consequentia,
892 3078 975 3109 quae
997 3079 1066 3099 non
1088 3069 1148 3099 nisi
1172 3069 1326 3109 implicite
1348 3069 1383 3100 in
1405 3068 1507 3099 littera

445 3113 595 3147 habetur,
626 3113 779 3151 probatur
806 3122 843 3142 ex
868 3122 907 3142 eo
939 3112 1029 3153 quod
1051 3113 1156 3144 cultus
1179 3112 1304 3144 divinus
1327 3113 1361 3143 in
1385 3113 1506 3143 actibus

446 3156 598 3186 consistit.
622 3174 644 3177 —
667 3156 814 3186 Secunda
836 3162 962 3186 autem:
989 3157 1063 3196 quia
1078 3158 1223 3196 potentia
1239 3157 1363 3187 animae
1380 3156 1506 3186 ordina-

445 3206 497 3230 tur
520 3199 559 3230 ad
583 3200 716 3240 operari,
741 3200 822 3230 sicut
845 3201 979 3230 essentia
1002 3199 1041 3230 ad
1065 3210 1142 3230 esse.

501 3244 538 3274 ΙΙ.
564 3243 598 3273 In
622 3244 831 3283 responsione
850 3242 890 3273 ad
905 3244 1055 3283 primum,
1074 3243 1201 3274 adverte
1220 3243 1457 3274 distinctionem
1473 3244 1506 3273 in

446 3288 547 3318 littera
570 3288 708 3327 positam
731 3287 770 3318 de
795 3296 834 3317 eo
858 3286 896 3317 ad
921 3287 1010 3327 quod
1033 3287 1173 3327 disponit
1197 3287 1366 3323 character,
1386 3287 1506 3317 scilicet

445 3332 496 3362 vel
519 3332 700 3371 propinque
723 3331 773 3361 vel
803 3336 939 3361 remote:
968 3336 999 3361 et
1022 3330 1112 3370 quod
1134 3331 1280 3370 proxime
1303 3331 1444 3370 disponit
1466 3330 1506 3361 ad

446 3381 533 3406 actus
557 3375 752 3406 Christianae
775 3375 946 3415 religionis,
963 3380 1085 3405 remote
1102 3380 1209 3405 autem
1226 3374 1366 3414 disponit
1382 3374 1421 3404 ad
1436 3384 1505 3414 gra-

444 3420 531 3449 tiam.
556 3420 596 3449 Et
619 3420 681 3450 hoc
705 3419 857 3459 probatur
880 3420 912 3449 in
936 3419 1046 3454 littera,
1071 3419 1146 3459 quia
1170 3418 1209 3449 ad
1232 3419 1295 3449 hoc
1311 3418 1451 3458 disponit
1468 3428 1505 3448 ex

445 3464 664 3503 consequenti.
690 3463 730 3493 Et
753 3469 788 3493 tu
811 3468 903 3503 potes
926 3462 1058 3499 addere,
1084 3463 1159 3503 quia
1182 3462 1350 3503 disponere
1374 3462 1414 3492 ad
1436 3472 1504 3502 gra-

1560 2848 1637 2878 tiam
1661 2853 1707 2878 est
1726 2847 1909 2878 communis
1925 2845 2067 2878 conditio
2084 2847 2143 2878 sibi
2159 2851 2190 2877 et
2204 2846 2312 2877 multis
2329 2846 2406 2883 aliis,
2422 2846 2523 2877 multa
2540 2848 2625 2878 enim

1561 2891 1621 2922 alia
1644 2890 1821 2932 disponunt
1844 2891 1884 2923 ad
1905 2892 2048 2932 gratiam,
2065 2896 2101 2922 ut
2115 2896 2217 2932 patet;
2241 2896 2272 2921 et
2287 2899 2355 2921 non
2372 2895 2419 2921 est
2434 2889 2474 2921 de
2489 2900 2625 2922 numero

1560 2936 1766 2977 propriorum
1790 2936 1859 2966 sibi.

1616 2980 1657 3011 Et
1679 2980 1758 3011 haec
1778 2981 1804 3011 si
1819 2980 1995 3015 retinueris,
2011 2978 2132 3009 videbis
2147 2987 2267 3009 vanum
2283 2987 2351 3009 esse
2366 2978 2510 3009 laborem
2525 2979 2624 3016 Scoti,

1560 3024 1594 3054 in
1610 3024 1667 3055 ult.
1681 3034 1735 3065 qu.
1750 3023 1819 3055 dist.
1837 3034 1868 3054 v1
1883 3023 1997 3062 Quarti
2013 3022 2110 3059 Sent„
2126 3021 2329 3063 procedentis
2346 3031 2384 3052 ex
2400 3031 2439 3053 eo
2457 3022 2547 3064 quod
2563 3022 2625 3054 dis-

1559 3069 1678 3108 positio
1703 3067 1743 3098 ad
1766 3067 1904 3098 formam
1925 3076 2094 3107 nunquam
2116 3071 2163 3098 est
2192 3067 2226 3097 in
2247 3067 2416 3106 posteriori
2442 3067 2626 3099 naturaliter

1560 3112 1752 3152 susceptivo.
1783 3112 1858 3143 Hoc
1881 3112 1967 3143 enim
1990 3111 2106 3142 falsum
2125 3120 2192 3141 esse
2209 3115 2332 3142 constat
2348 3109 2387 3141 de
2404 3109 2623 3152 dispositione,

1559 3165 1627 3186 non
1649 3156 1805 3196 proxime,
1830 3155 1886 3186 sed
1907 3160 2040 3186 remote.
2064 3154 2174 3185 Potest
2190 3155 2276 3185 enim
2294 3164 2344 3185 res
2368 3164 2450 3195 quae
2473 3165 2541 3186 non
2563 3156 2624 3186 nisi

1559 3205 1682 3230 remote
1706 3205 1736 3230 et
1761 3210 1799 3230 ex
1823 3199 2034 3240 consequenti
2058 3204 2105 3229 est
2127 3198 2294 3239 dispositio
2319 3198 2358 3229 ad
2373 3199 2515 3239 gratiam,
2541 3209 2624 3240 quae

1558 3244 1591 3273 in
1616 3245 1750 3274 essentia
1773 3244 1898 3274 animae
1920 3242 2071 3284 ponenda
2094 3247 2149 3278 est,
2174 3243 2253 3283 poni
2276 3243 2309 3273 in
2334 3252 2540 3284 quacumque
2563 3253 2623 3284 po·

1560 3287 1658 3317 tentia
1681 3288 1822 3318 animae:
1854 3288 1955 3317 immo
1979 3287 2074 3317 etiam
2097 3287 2131 3317 in
2145 3287 2296 3317 membn’s
2313 3288 2528 3318 exterioribus.
2553 3288 2623 3319 Hu-

1560 3331 1701 3362 iusmodi
1725 3332 1811 3362 enirn
1834 3331 2070 3371 dispositiones,
2087 3335 2122 3361 ut
2145 3331 2179 3361 in
2202 3331 2304 3361 littera
2322 3331 2446 3368 dicitur,
2463 3342 2531 3362 non
2554 3333 2623 3363 vin-

1561 3374 1667 3405 dicant
1689 3375 1749 3405 sibi
1772 3375 1952 3405 subiectum
1976 3384 2013 3405 ex
2038 3384 2077 3405 eo
2105 3374 2145 3405 ad
2168 3374 2258 3415 quod
2281 3381 2403 3406 remote
2427 3375 2621 3416 disponunt,

1560 3418 1615 3449 sed
1639 3429 1676 3450 ex
1700 3428 1740 3449 eo
1764 3418 1804 3449 ad
1827 3417 1916 3459 quod
1938 3419 2084 3459 proxime
2108 3418 2292 3459 disponunt.

1613 3463 1664 3493 111.
1689 3462 1775 3493 Cave
1798 3463 1850 3493 hic
1874 3472 1914 3493 ne
1938 3462 2021 3493 dicta
2045 3463 2083 3493 de
2112 3463 2289 3494 charactere
2313 3464 2467 3504 intelligas
2484 3463 2566 3495 dicta
2581 3463 2622 3495 de

2663 1076 2673 1085 ·
2689 1073 2755 1096 Vei-⁸.
2770 1079 2806 1101 ²4.

2656 2237 2666 2246 ·
2680 2235 2706 2258 ln
2722 2241 2829 2264 corpore.
