2878 4088
401 209 448 245 26
937 249 939 251 ,
1057 207 1320 254 QUAESTIO
1351 207 1429 253 XII,
1450 205 1743 242 ARTICULUS
1772 206 1813 251 ΙΙ,
1834 205 1878 241 111

398 297 510 326 agens;
543 296 610 317 non
635 292 762 327 oportet
786 286 875 327 quod
897 288 931 317 in
955 296 994 317 eo
1018 287 1197 317 voluntaria
1220 287 1259 316 sit
1282 285 1462 320 satisfactio,
1519 293 1551 313 se
1582 284 1728 314 habente.
1762 283 1911 314 Similiter
1941 288 1972 312 et
2002 283 2217 322 poenitentia,
2251 293 2333 323 quae
2362 283 2587 323 aequalitatem

398 331 453 362 sed
475 332 508 361 in
531 331 636 361 iudice
660 330 805 362 faciente.
1518 333 1642 357 tanturn
1658 329 1692 358 in
1708 327 1843 358 faciente
1866 328 2027 367 importat,
2045 328 2121 366 quia
2135 327 2271 366 ipsemet
2288 336 2429 367 poenam
2453 331 2538 357 tenet
2551 327 2584 356 *ε
2614 327 2828 375 3532erst

451 375 502 405 An
526 385 659 405 marum
683 385 842 405 mensuum
866 375 955 415 quod
978 375 1152 415 principale
1171 375 1203 404 in
1220 375 1334 404 virtute
1358 377 1463 412 potest
1518 377 1554 401 ut
1577 372 1621 401 sic
1646 370 1889 411 quodammodo
1914 371 2112 411 poenitentia
2133 370 2344 401 vindicativae
2361 371 2499 402 iustitiae
2515 380 2586 411 spe—
2615 380 2675 402 1mer
2690 360 2827 408 ὁρρῗᾋιιᾷ.

398 420 499 459 accipi
515 419 692 459 dupliciter.
718 420 792 451 Uno
808 419 919 455 modo,
936 419 1111 459 principale
1131 419 1165 448 in
1181 419 1248 458 ipsa
1271 418 1462 457 inquantum
1519 416 1583 445 cies
1607 416 1654 445 sit.

398 469 444 494 est
466 464 575 494 virtus.
599 463 640 494 Et
655 464 700 494 sic
717 473 753 494 ea
769 473 851 504 quae
868 463 907 494 ad
923 464 1080 494 rationem
1103 463 1272 502 pertinent,
1290 462 1339 491 vel
1363 460 1463 500 magis
1485 468 1493 487 5
1573 459 1614 489 Et
1636 469 1693 499 per
1716 460 1779 489 hoc
1804 463 1928 489 constat
1952 458 2042 498 quod
2065 457 2246 494 sadsfacfio,
2264 468 2347 498 quae
2362 458 2586 498 aequalitatem

398 508 427 538 ei
451 508 633 548 propinqua
664 513 754 544 sunt,
779 508 1003 548 principaliora
1033 512 1106 537 sunt
1135 507 1168 536 in
1196 506 1320 536 virtute.
1355 505 1396 534 Et
1418 505 1463 534 sic
1517 509 1664 543 respectu
1688 503 1828 533 offensae
1852 502 2070 542 praecedentis
2093 503 2126 532 in
2149 502 2286 533 faciente
2312 503 2478 543 importat,
2502 511 2586 542 opus

399 552 511 582 electio
537 558 568 582 et
589 553 754 583 interiores
777 558 865 583 actus
884 553 917 582 in
933 553 1058 587 virtute,
1075 551 1268 590 inquantum
1291 550 1389 579 virtus
1406 553 1462 583 est,
1517 548 1654 578 iustitiae
1686 552 1732 577 est
1763 553 1921 587 quantum
1945 546 1984 577 ad
2006 546 2094 576 illam
2122 552 2246 586 partem
2277 556 2360 586 quae
2389 546 2587 586 poenitentia

398 596 639 636 principaliores
661 601 745 627 sunt.
1518 591 1643 622 dicitur.

452 640 526 670 Alio
542 640 643 671 modo
659 646 764 681 potest
780 641 881 680 accipi
897 640 1071 680 principale
1086 639 1120 668 in
1136 639 1250 668 virtute
1271 638 1463 677 inquantum
1573 636 1624 665 An
1648 645 1764 665 ramum
1780 645 1863 665 naoo
1879 644 2040 664 DICENDUM
2056 634 2146 674 quod
2161 634 2344 670 satisfactio,
2362 639 2397 665 ut
2414 643 2452 665 ex
2467 633 2559 664 dictis
2569 635 2587 650 ⁴*
2615 639 2626 650 ·
2639 639 2664 661 ln
2680 645 2786 668 corpore.

399 689 445 714 est
468 685 538 715 talis
561 685 668 715 virtus.
693 685 735 715 Et
756 685 801 715 sic
825 684 1030 724 principalius
1053 684 1087 713 in
1110 683 1178 723 ipsa
1201 687 1248 712 est
1272 691 1309 712 ex
1326 691 1392 721 quo
1410 680 1463 711 de·
1480 691 1504 705 ιο
1518 685 1614 720 patet,
1640 685 1686 710 est
1710 679 1868 719 quaedam
1890 679 2024 709 iniuriae
2048 678 2152 709 illatae
2183 679 2451 719 recompensatio.
2482 677 2586 714 Unde,

398 729 656 759 terminationem
679 729 800 768 recipit.
825 729 925 759 Actus
948 733 1056 758 autern
1075 727 1240 757 interiores
1255 727 1289 756 in
1306 726 1464 765 aliquibus
1518 725 1600 754 sicut
1623 724 1737 754 iniuria
1769 724 1853 754 illata
1884 722 2068 753 immediate
2095 723 2135 753 ad
2161 723 2422 762 inaequalitatem
2450 720 2588 753 iustitiae

398 773 567 804 virtutibus
590 773 840 804 determinantur
855 782 911 812 per
928 773 1114 802 exteriores:
1140 771 1215 810 quia
1239 771 1364 805 electio,
1382 778 1464 809 quae
1518 768 1726 808 pertingebat,
1744 773 1775 798 et
1789 777 1848 808 per
1863 776 2066 807 consequens
2089 766 2130 797 ad
2152 767 2413 807 inaequalitatem
2430 766 2587 797 amicitiae

400 823 446 847 est
469 818 651 847 communis
674 817 824 847 omnibus
848 817 1025 852 virtutibus,
1043 825 1081 846 ex
1097 816 1160 845 hoc
1184 814 1272 854 quod
1289 820 1335 844 est
1351 814 1464 844 electio
1519 813 1718 852 oppositam;
1744 813 1786 842 ita
1809 817 1840 842 et
1862 811 2033 842 satisfactio
2055 811 2173 841 directe
2196 811 2236 841 ad
2259 811 2483 852 aequalitatem
2499 810 2588 841 iusti-

399 861 467 891 talis
491 867 595 897 actus,
621 860 754 891 efficitur
786 861 914 900 propria
943 861 1038 890 huius
1067 860 1200 889 virtutis.
1234 859 1275 888 Et
1302 859 1346 888 sic
1377 864 1465 888 actus
1518 858 1580 886 tiae
1599 856 1754 896 perducit,
1772 861 1803 886 et
1818 856 1858 886 ad
1874 855 2098 896 aequalitatem
2121 856 2279 886 amicitiae
2303 865 2341 886 ex
2365 853 2587 895 consequenti.

400 905 568 935 exteriores
584 906 617 935 in
634 905 792 944 aliquibus
816 905 983 934 virtutibus
1005 909 1079 933 sunt
1094 903 1343 943 principaliores.
1368 902 1408 932 Et
1424 903 1466 931 ita
1481 911 1502 931 ις
1519 901 1560 931 Et
1584 901 1659 940 quia
1682 906 1771 931 actus
1794 900 1907 940 aliquis
1938 900 2074 930 elicitive
2097 900 2136 930 ab
2159 899 2215 930 illo
2239 900 2350 930 habitu
2379 898 2525 939 procedit
2548 898 2588 928 ad

401 949 495 979 etiam
519 954 565 979 est
588 950 620 978 in
644 948 868 979 satisfactione.
1520 945 1611 975 cuius
1627 944 1727 975 finem
1741 944 1925 975 immediate
1948 943 2122 980 ordinatur,
2139 944 2325 983 imperative
2349 949 2457 974 autem
2476 943 2515 973 ab
2531 942 2587 973 illo

1520 988 1559 1018 ad
1583 989 1674 1019 cuius
1698 988 1797 1019 finem
1821 988 1935 1019 ultimo
1959 988 2070 1024 tendit,
2094 987 2168 1018 ideo
2192 987 2363 1018 satisfactio
2388 987 2524 1018 elicitive
2541 992 2588 1017 est

1520 1042 1538 1062 a
1561 1033 1689 1068 iustitia,
1714 1032 1769 1062 sed
1792 1033 1979 1072 imperative
2002 1042 2020 1062 a
2043 1032 2180 1062 caritate.
2468 1026 2476 1033 ⁴

1574 1077 1625 1106 An
1650 1086 1813 1106 SECUNDUM
1835 1085 1996 1106 nicnuntm
2018 1075 2118 1116 quod,
2143 1076 2289 1116 quamvis
2312 1076 2431 1107 iustitia
2446 1076 2486 1106 sit
2500 1074 2587 1116 prin-

462 1135 482 1154 υ
511 1133 672 1154 SECUNDUM
702 1133 746 1152 src
778 1132 981 1159 paocemrua.
1015 1121 1148 1151 Videtur
1178 1120 1268 1160 quod
1294 1120 1465 1150 satisfactio
1481 1129 1506 1143 ²0
1521 1120 1653 1159 cipalior
1675 1120 1759 1150 circa
1781 1120 1994 1159 operationes,
2016 1125 2123 1150 tamen
2147 1121 2243 1150 etiam
2259 1129 2297 1150 ex
2314 1120 2526 1160 consequenti
2541 1124 2588 1150 est

399 1138 529 1199 Arion
545 1169 584 1198 sit
599 1172 687 1197 actus
711 1167 856 1196 iustitiae.
882 1166 968 1203 Quia
983 1165 1154 1195 satisfactio
1170 1164 1206 1194 fit
1229 1164 1268 1194 ad
1289 1165 1352 1194 hoc
1376 1163 1466 1203 quod
1521 1164 1604 1193 circa
1625 1164 1800 1202 passiones,
1817 1164 2010 1203 inquantum
2026 1169 2100 1193 sunt
2119 1164 2346 1203 operationum
2365 1173 2489 1195 causae.
2513 1162 2586 1200 Sed,

398 1212 619 1243 reconcilietur
643 1211 672 1240 ei
696 1219 794 1249 quem
818 1209 961 1240 offendit.
990 1208 1053 1239 Sed
1075 1208 1303 1243 reconciliatio,
1328 1217 1403 1238 cum
1427 1208 1467 1237 sit
1520 1207 1602 1236 sicut
1624 1207 1743 1237 iustitia
1766 1207 1895 1237 cohibet
1917 1207 2007 1241 iram,
2023 1216 2065 1237 ne
2093 1207 2182 1237 alteri
2205 1207 2381 1238 laesionem
2403 1208 2520 1238 iniuste
2539 1209 2588 1238 in-

398 1257 533 1292 amoris,
558 1255 597 1285 ad
621 1254 782 1284 caritatem
810 1254 955 1293 pertinet.
989 1253 1075 1292 Ergo
1102 1252 1273 1282 satisfactio
1304 1257 1351 1281 est
1377 1257 1465 1282 actus
1520 1249 1616 1287 ferat;
1638 1255 1669 1281 et
1692 1251 1997 1290 concupiscentiam,
2014 1260 2056 1280 ne
2079 1250 2119 1280 ad
2143 1251 2285 1281 alienum
2307 1257 2416 1282 torum
2439 1251 2587 1288 accedam

399 1301 543 1335 caritatis,
569 1305 599 1329 et
621 1308 689 1328 non
712 1298 858 1328 iustitiae.
1519 1295 1564 1324 sic
1581 1295 1677 1324 etiam
1700 1294 1881 1326 satisfactio⁴
1894 1299 2002 1334 potest
2010 1299 2222 1334 peccatorum
2244 1304 2361 1326 causas
2383 1295 2542 1326 excidere.

455 1355 484 1375 2.
508 1345 702 1377 PRAETEREA,
720 1351 834 1372 causae
858 1347 1065 1382 peccatorum
1081 1341 1115 1370 in
1129 1340 1223 1370 nobis
1247 1345 1321 1370 sunt
1343 1340 1465 1379 passio·
1479 1348 1502 1366 ²³
1574 1339 1625 1368 AD
1642 1348 1776 1369 TERTrUM
1799 1348 1959 1368 mmmmm
1974 1338 2064 1378 quod
2084 1338 2245 1378 quaelibet
2259 1339 2358 1370 virtus
2373 1339 2502 1370 moralis
2517 1348 2589 1379 par-

398 1399 454 1419 nes
478 1389 612 1422 animae,
633 1387 749 1426 quibus
773 1385 813 1416 ad
837 1386 958 1416 malum
981 1386 1161 1415 incitamur.
1185 1383 1249 1414 Sed
1272 1384 1399 1419 iustitia,
1417 1393 1464 1414 se·
1519 1383 1630 1423 ticipat
1652 1388 1741 1413 actus
1764 1382 1962 1423 prudentiae,
1980 1392 2020 1413 eo
2045 1382 2135 1422 quod
2157 1382 2332 1414 formaliter
2353 1383 2423 1423 ipsa
2446 1382 2590 1424 complet

159 1441 271 1495 2351?ch
284 1440 369 1489 lug-433,
398 1433 540 1463 cundum
563 1431 798 1470 Philosophum
814 1431 840 1467 Ψ,
864 1439 932 1460 non
950 1435 996 1460 est
1012 1430 1095 1459 circa
1117 1429 1293 1469 passiones,
1310 1427 1367 1458 sed
1382 1429 1465 1458 circa
1519 1429 1553 1458 in
1570 1427 1614 1457 eis
1630 1428 1788 1457 rationem
1810 1428 1934 1457 virtutis
1947 1428 1982 1457 ὓς
2003 1436 2078 1458 cum
2095 1427 2274 1457 secundum
2290 1437 2362 1458 eam
2376 1427 2521 1458 medium
2537 1437 2589 1460 ac·
2617 1427 2830 1473 {affl-28³¹&

495 1016 592 1045 ART.
619 1015 655 1044 Il.
680 1024 784 1044 UTRUM
808 1023 1004 1043 sA'rtsrACi-ro
1030 1022 1076 1042 srr
1099 1022 1194 1042 ACTUs
1218 1022 1368 1042 msrrrmn

655 1069 716 1090 Part.
732 1067 771 1093 111,
787 1074 826 1095 qu.
842 1073 910 1094 cxxv,
926 1071 967 1088 art.
982 1073 1008 1095 33
1024 1073 1063 1094 qu.
1079 1072 1115 1092 xc,
1130 1070 1172 1088 art.
1187 1072 1207 1088 2.

160 1496 241 1516 1043„—
364 1483 369 1488 ’
398 1478 608 1517 operationes.
635 1474 721 1505 Cum
745 1484 820 1514 ergo
845 1474 884 1504 ad
908 1473 1156 1503 satisfactionem
1179 1473 1336 1513 pertineat
1348 1481 1465 1512 pecca·
1519 1473 1654 1512 cipiatur
1677 1472 1711 1502 in
1733 1471 1866 1511 singulis
1888 1472 2057 1502 virtutibus
2082 1471 2267 1508 moralibus,
2284 1477 2321 1502 ut
2343 1477 2431 1512 patet
2452 1481 2511 1512 per
2533 1472 2588 1504 de·
2615 1470 2767 1504 s.‘·rh'.10e't.
2781 1487 2814 1504 ιι.

159 1532 169 1541 ·
184 1529 215 1550 ιν
229 1529 368 1560 εεηιηρῑει.
398 1527 504 1552 torum
520 1528 636 1550 causas
659 1518 816 1555 excidere,
835 1522 870 1548 ut
886 1518 918 1548 in
935 1518 1037 1548 littera
1053 1518 1070 1533 ᾖ
1093 1516 1217 1552 dicitur,
1234 1516 1359 1547 videtur
1375 1516 1465 1557 quod
1519 1515 1701 1547 finitionem
1723 1516 1848 1546 virtutis
1870 1516 1904 1546 in
1929 1515 1955 1546 11
1978 1516 2168 1546 Ethicorum
2185 1517 2212 1546 ἦ
2615 1507 2828 1557 ἓῇῐζῃξάξῇἱ-

158 1555 368 1610 ζζὸξῇξρἶῖξὲζξζ
397 1575 464 1596 non
488 1565 526 1595 sit
549 1569 637 1594 actus
660 1563 808 1593 iustitiae.
1480 1568 1505 1588 30
1675 1581 1764 1612 ART
1799 1582 1839 1612 m
2615 1560 2652 1583 cs,
2666 1561 2706 1583 nb,
2721 1559 2762 1600 γι,
2777 1566 2828 1582 0..

159 1615 215 1637 seq„
232 1615 278 1636 arg.
297 1616 315 1630 ¹-
454 1610 483 1640 3.
507 1609 702 1643 pizanum,
720 1616 830 1637 cavere
847 1607 880 1636 in
897 1605 1042 1636 futurum
1057 1615 1125 1635 non
1142 1611 1189 1635 est
1204 1611 1292 1636 actus
1316 1605 1463 1641 iustitiae,
1767 1604 1774 1612 '
1823 1636 1825 1638 ,
1843 1605 1850 1612 “
1878 1592 1982 1646 {mum
2006 1591 2163 1612 DEFmrrIo
2187 1592 2432 1614 SAUSFAC'HONIS
2614 1593 2740 1636 ffl2Q⁴'
2755 1593 2775 1609 ι
2821 1602 2827 1610 ’

397 1653 453 1684 sed
475 1653 574 1693 magis
598 1651 796 1692 prudentiae,
814 1651 905 1681 cuius
921 1659 993 1690 pars
1008 1650 1141 1690 ponitur
1164 1650 1298 1680 cautela.
1322 1649 1386 1680 Sed
1400 1650 1464 1680 hoc
1616 1637 1648 1657 m
1671 1636 1802 1657 mmm
1827 1636 2063 1657 CORVENOENTER
2085 1635 2230 1656 PONATUR
2252 1637 2291 1674 ΑΡ
2315 1636 2489 1658 AUGUS'HNO

397 1699 533 1739 pertinet
555 1696 595 1726 ad
618 1695 884 1726 satisfactionem:
911 1695 986 1734 quia
1009 1695 1108 1734 ipsius
1133 1699 1180 1724 est
1202 1694 1465 1736 suggestionibus
1583 1706 1603 1725 D
1628 1703 1762 1725 rum-run
1785 1703 1831 1724 stc
1854 1703 2059 1724 raocnnrrtm.
2089 1693 2224 1724 Videtur
2253 1693 2344 1734 quod
2367 1693 2511 1725 definitio
2539 1703 2588 1725 sa-

158 1756 167 1765 ·
183 1754 218 1776 cf.
234 1754 290 1775 ibid.
392 1747 598 1783 peccatorum
622 1739 744 1770 aditum
769 1744 833 1770 non
858 1739 1030 1780 indulgere
1045 1739 1071 1768 *ἦ
1097 1739 1182 1778 Ergo
1202 1737 1373 1769 satisfactio
1396 1748 1465 1769 non
1583 1739 1771 1770 tisfacn'onis
1794 1739 1828 1768 in
1850 1738 1954 1768 littera
1969 1739 1985 1754 ⁴‘
2008 1738 2272 1769 inconvenienter
2294 1743 2434 1779 ponatur
2457 1739 2496 1769 ab
2519 1739 2588 1770 Au-
2615 1748 2625 1758 ·
2642 1746 2750 1769 [vs-nt.
2773 1746 2829 1768 diat.

398 1793 444 1817 est
467 1791 555 1816 actus
578 1784 723 1815 iustitiae·
1480 1793 1502 1813 35
1517 1785 1647 1825 gustino
1663 1784 1689 1813 “.
1715 1783 1801 1813 Dicit
1823 1782 1910 1813 enim
1934 1781 2024 1822 quod
2038 1781 2209 1813 satisfactio
2227 1788 2274 1813 est
2283 1787 2494 1823 peccatorum
2509 1792 2588 1814 cau—
2613 1763 2782 1828 :rgffime
2790 1778 2830 1794 '²‘

452 1831 514 1861 SED
539 1839 677 1864 CONTRA,
701 1828 790 1858 nulla
813 1828 912 1858 virtus
935 1827 1070 1858 attendit
1101 1828 1260 1858 rationem
1283 1826 1381 1857 debiti
1403 1828 1465 1858 nisi
1517 1838 1572 1860 sas
1594 1828 1744 1859 excidere
1767 1831 1798 1857 et
1820 1836 1933 1857 eorum
1955 1826 2218 1867 suggestionibus
2243 1827 2367 1857 aditum
2390 1836 2456 1858 non
2481 1826 2588 1858 indul·
2615 1814 2830 1874 'D‘Eoelsslfvwg

398 1876 523 1906 iustitia.
555 1873 617 1904 Sed
640 1872 811 1903 satisfactio
841 1873 999 1902 honorem
1029 1871 1168 1902 debitum
1191 1871 1262 1902 Deo
1293 1871 1465 1912 impendit:
1516 1883 1606 1916 gere.
1631 1872 1737 1903 Causa
1761 1871 1847 1902 enim
1871 1871 2002 1901 actualis
2025 1871 2149 1911 peccati
2172 1870 2276 1901 fomes
2300 1876 2356 1901 est.
2385 1870 2449 1902 Sed
2472 1872 2505 1902 in
2527 1872 2588 1902 hac
2614 1858 2828 1907 ῧῖὰιῖἶῖἆῖῗε.

159 1925 283 1956 ’,σιινῦειιε
294 1925 368 1951 homo,
398 1926 432 1950 ut
455 1918 626 1949 Anselrnus
650 1918 693 1947 ait
708 1918 733 1947 ᾗ.
759 1917 844 1956 Ergo
869 1915 1040 1947 satisfactio
1065 1922 1112 1947 est
1134 1922 1224 1947 actus
1245 1916 1393 1947 iustitiae.
1517 1919 1581 1948 vita
1596 1926 1665 1947 non
1680 1925 1853 1956 possumus
1878 1915 2025 1946 fomitem
2048 1915 2202 1945 excidere.
2227 1915 2313 1955 Ergo
2332 1914 2504 1946 satisfactio
2519 1925 2590 1946 non

158 1953 198 1974 ¹¹¹³·
214 1951 231 1979 ¹²
246 1958 296 1979 ⁰³¹³·
311 1957 342 1973 ¹¹·
454 1973 482 1993 2.
507 1963 701 1997 PRAETEREA,
718 1961 807 1992 nulla
829 1961 928 1991 virtus
951 1961 1047 1991 habet
1069 1970 1176 1991 rerum
1200 1961 1394 1991 exteriorum
1409 1959 1464 1990 ad-
1518 1968 1565 1993 est
1580 1966 1792 2002 peccatorum
1815 1969 1932 1990 causas
1955 1959 2112 1990 excidere.

398 2008 621 2047 aequationem
641 2005 793 2046 perficere
816 2006 878 2035 nisi
898 2005 1026 2035 iustitia.
1052 2004 1115 2036 Sed
1138 2005 1201 2035 hoc
1219 2004 1256 2035 fit
1271 2014 1328 2045 per
1342 2004 1463 2035 satisfa-
1477 2016 1504 2034 40
1575 2016 1604 2036 2.
1628 2005 1824 2040 Pani-nnn,
1842 2013 1937 2034 causa
1960 2004 2083 2044 peccati
2099 2008 2146 2034 est
2161 2003 2275 2034 fortior
2290 2012 2388 2044 quam
2408 2009 2588 2043 peccatum.

398 2053 548 2087 ctionem,
573 2060 636 2090 qua
667 2050 871 2080 constituitur
901 2050 1074 2089 aequalitas
1106 2049 1261 2080 emendae
1292 2048 1331 2079 ad
1363 2048 1464 2079 offen—
1518 2050 1582 2081 Sed
1610 2050 1711 2080 homo
1742 2058 1799 2089 per
1822 2057 1855 2079 se
1878 2057 1947 2078 non
1976 2053 2084 2088 potest
2114 2053 2285 2088 peccatum
2316 2047 2471 2078 excidere.
2502 2047 2588 2089 Ergo

398 2106 464 2126 sam
487 2095 740 2135 praecedentem.
765 2094 851 2134 Ergo
876 2093 1048 2124 satisfactio
1072 2099 1119 2124 est
1141 2094 1278 2124 iustitiae
1303 2099 1402 2124 actus.
1518 2094 1621 2125 multo
1645 2094 1752 2124 minus
1777 2102 1887 2123 causas
1910 2093 2043 2132 peccati.
2068 2092 2110 2123 Et
2132 2093 2177 2123 sic
2200 2092 2287 2123 idem
2311 2091 2401 2133 quod
2423 2092 2521 2132 prius.

451 2140 639 2171 Raspommo
665 2148 824 2169 memnon
848 2138 947 2178 quod,
965 2138 1144 2169 secundum
1168 2138 1414 2178 Philosophum,
1430 2138 1464 2168 in
1575 2139 1605 2169 3.
1629 2138 1832 2173 Parmam,
1865 2136 2053 2172 satisfactio,
2078 2145 2153 2167 cum
2183 2137 2223 2167 sit
2251 2145 2323 2177 pars
2353 2136 2587 2177 poenitentiae,

159 2188 232 2220 {Cap
252 2193 303 2213 ·¹¹¹»
319 2193 348 2208 ιν·
362 2198 370 2202 -
397 2186 425 2215 V
441 2185 544 2215 Ethic.
561 2185 587 2220 ᾖ
604 2183 749 2214 medium
771 2182 910 2213 iustitiae
933 2183 1087 2222 accipitur
1111 2182 1290 2213 secundum
1306 2182 1464 2222 adaequa-
1518 2183 1725 2223 praeteritum
1748 2181 1886 2222 respicit,
1903 2190 1971 2212 non
1987 2180 2142 2212 futurum.
2167 2180 2230 2212 Sed
2249 2190 2314 2212 non
2331 2180 2504 2222 indulgere
2518 2181 2589 2213 adi-

158 2214 228 2236 S'Th'
244 2217 368 2241 ²⁰¹'w'qq'
398 2230 519 2259 tionem
542 2229 587 2258 rei
611 2227 650 2258 ad
671 2237 739 2258 rem
755 2227 788 2257 in
804 2227 1103 2267 proportionalitate
1127 2227 1243 2267 aliqua.
1268 2226 1372 2263 Unde,
1389 2235 1465 2257 cum
1479 2237 1502 2256 45
1520 2233 1586 2258 tum
1602 2226 1865 2268 suggestionibus
1874 2230 2085 2266 peccatorum
2099 2225 2227 2266 respicit
2242 2224 2397 2256 futurum.
2418 2224 2505 2264 Ergo
2520 2235 2589 2257 non

397 2274 493 2304 talem
517 2272 783 2312 adaequationem
805 2272 914 2311 ipsum
936 2281 1059 2302 nomen
1079 2271 1329 2313 satis-factionis
1343 2271 1465 2311 impor-
1520 2272 1615 2302 debet
1637 2271 1717 2311 poni
1739 2271 1773 2301 in
1797 2269 1984 2301 definitione
2007 2269 2239 2300 satisfactionis.

397 2323 451 2354 tet,
469 2318 543 2357 quia
558 2317 622 2347 hoc
643 2316 827 2347 adverbium
843 2316 921 2346 satis
937 2316 1161 2356 aequalitatem
1176 2316 1395 2356 proportionis
1410 2314 1465 2346 de-
1575 2325 1606 2354 4.
1631 2316 1827 2351 Pmarmuza,
1845 2313 2015 2345 satisfactio
2039 2314 2154 2344 dicitur
2176 2319 2324 2354 respectu
2342 2313 2483 2346 offensae
2498 2324 2590 2355 prae·

398 2363 509 2402 signat,
526 2366 650 2391 constat
666 2360 756 2400 quod
771 2359 942 2391 satisfactio
959 2360 1135 2391 formaliter
1149 2361 1286 2390 iustitiae
1303 2365 1391 2390 actus
1408 2365 1464 2390 est.
1520 2361 1640 2391 teritae.
1664 2359 1728 2390 Sed
1751 2359 1790 2390 de
1814 2358 1936 2389 offensa
1958 2357 2161 2399 praecedenti
2183 2358 2272 2388 nulla
2293 2357 2330 2389 fit
2344 2361 2478 2391 mentio.
2502 2359 2588 2400 Ergo

161 2414 170 2423 ·
189 2410 266 2433 Ethic-
286 2411 325 2432 lib·
340 2410 370 2437 V,
453 2405 516 2437 Sed
538 2405 675 2435 iustitiae
705 2410 810 2441 actus,
835 2404 1014 2435 secundum
1037 2405 1272 2445 Philosophum
1288 2405 1321 2440 *,
1347 2409 1393 2434 est
1415 2404 1466 2434 vel
1519 2405 1784 2436 inconvenienter
1807 2403 1982 2443 assignatur
2005 2402 2149 2433 definitio
2173 2402 2404 2433 satisfactionis.

161 2444 347 2486 {ffP-j-fi’s‘st‘ss'tfl‘,
361 2448 371 2452 ’
398 2451 449 2481 sui
471 2450 514 2480 ad
536 2450 690 2484 alterum,
715 2454 751 2479 ut
774 2448 905 2489 quando
936 2442 1050 2489 aliquis
1081 2449 1183 2480 reddit
1213 2449 1300 2479 alteri
1324 2447 1414 2488 quod
1437 2448 1466 2478 ei
1482 2458 1507 2478 5⁰
1577 2449 1606 2479 5.
1631 2449 1834 2483 Pruna-ream,
1858 2447 2030 2477 Anselmus
2053 2448 2146 2487 ponit
2169 2447 2263 2477 aliam
2293 2446 2532 2483 definitionem,
2555 2448 2590 2478 in

399 2495 509 2530 debet;
537 2494 587 2524 vel
611 2493 745 2524 alterius
768 2493 811 2523 ad
833 2493 989 2529 alterum,
1014 2494 1096 2524 sicut
1119 2493 1249 2534 quando
1273 2492 1369 2524 iudex
1393 2492 1467 2523 facit
1520 2493 1619 2524 Libro
1638 2493 1707 2523 Cur
1721 2492 1811 2523 Deus
1833 2492 1930 2522 homo
1946 2492 1973 2528 *,
1990 2491 2124 2522 scilicet:
2150 2491 2339 2533 Satissactio
2363 2497 2411 2523 est
2431 2493 2590 2524 honorem
2617 2497 2628 2508 ·
2641 2496 2692 2519 Lib·
2703 2495 2722 2523 1,
2735 2501 2830 2524 σιν-ΖΙ·

399 2539 550 2569 iustitiam
572 2539 653 2568 inter
676 2537 768 2568 duos.
793 2537 933 2575 Quando
958 2543 1066 2568 autem
1090 2543 1137 2568 est
1152 2543 1241 2568 actus
1264 2537 1402 2568 iustitiae
1417 2537 1467 2567 sui
1521 2537 1660 2568 debitum
1681 2537 1753 2567 Deo
1778 2535 1970 2576 impendere.
2001 2535 2037 2566 In
2060 2545 2124 2576 qua
2153 2535 2242 2566 nulla
2265 2534 2301 2566 fit
2322 2537 2445 2567 mentio
2472 2537 2592 2567 horum

400 2583 440 2613 ad
455 2583 598 2618 alterum,
616 2582 788 2622 aequalitas
803 2582 837 2612 in
852 2583 924 2623 ipso
941 2581 1076 2613 faciente
1094 2583 1313 2612 constituitur:
1335 2580 1466 2622 quando
1521 2591 1604 2622 quae
1627 2581 1826 2621 Augustinus
1842 2581 1894 2610 hic
1910 2580 2012 2620 ponit.
2038 2580 2124 2620 Ergo
2140 2580 2236 2610 altera
2258 2589 2368 2611 earum
2382 2580 2507 2612 videtur
2522 2589 2591 2611 esse

401 2632 507 2657 autem
524 2627 649 2657 alterius
666 2626 705 2656 ad
721 2626 866 2662 alterum,
883 2627 1056 2666 aequalitas
1078 2627 1282 2657 constituitur
1297 2627 1331 2656 in
1346 2627 1466 2656 iustum
1520 2627 1755 2666 incompetens.

400 2681 503 2711 pass0.
535 2671 576 2701 Et
599 2671 673 2711 quia
696 2671 892 2712 satis-factio
924 2671 1149 2711 aequalitatem
1171 2671 1205 2701 in
1227 2671 1299 2711 ipso
1330 2669 1466 2700 faciente
1482 2682 1504 2702 ςς
1577 2670 1607 2700 6.
1632 2670 1835 2705 Parauaea,
1861 2669 2020 2699 honorem
2043 2668 2188 2699 debitum
2211 2668 2282 2699 Deo
2305 2674 2412 2709 potest
2434 2669 2592 2700 innocens

402 2716 563 2755 exprimit,
588 2715 664 2746 dicit
693 2720 801 2745 actum
830 2715 967 2746 iustitiae
999 2725 1081 2755 quae
1110 2721 1158 2746 est
1185 2715 1234 2745 sui
1258 2714 1298 2745 ad
1321 2714 1466 2750 alterum,
1520 2714 1716 2755 impendere.
1741 2713 1804 2744 Sed
1827 2712 2006 2743 satisfacere
2028 2722 2096 2743 non
2120 2713 2277 2753 competit
2298 2713 2474 2744 innocenti.
2505 2713 2590 2753 Ergo

401 2760 529 2800 proprie
552 2759 727 2799 loquendo.
1522 2758 1666 2790 definitio
1690 2758 1835 2788 Anselmi
1858 2762 1906 2787 est
1927 2757 2011 2788 male
2035 2758 2200 2797 assignata.

457 2803 519 2834 Sed
542 2805 590 2834 sui
614 2803 654 2834 ad
676 2803 810 2833 alterum
833 2808 939 2843 potest
963 2803 1077 2844 aliquis
1107 2803 1210 2834 facere
1241 2804 1394 2834 iustitiam
1416 2804 1467 2834 vel
1576 2804 1766 2834 Rrsronnno
1790 2811 1950 2832 DICENDUM
1973 2801 2063 2842 quod
2086 2802 2204 2832 iustitia
2226 2811 2295 2832 non
2318 2801 2358 2832 ad
2381 2801 2444 2832 hoc
2465 2805 2592 2831 tantum

401 2849 434 2878 in
450 2848 627 2878 actionibus
645 2853 675 2878 et
691 2848 970 2887 passionibus,vvel
984 2849 1019 2878 in
1034 2848 1128 2878 rebus
1145 2848 1368 2878 exterioribus:
1386 2848 1468 2878 sicut
1521 2847 1623 2878 tendit
1645 2852 1681 2877 ut
1710 2846 1970 2887 inaequalitatem
2000 2845 2245 2886 praecedentem
2275 2844 2396 2876 auferat
2425 2843 2591 2886 puniendo

403 2898 434 2922 et
455 2893 570 2922 iniuria
591 2891 627 2922 fit
650 2892 738 2922 alteri
760 2892 811 2922 vel
834 2892 1049 2923 subtrahendo
1079 2902 1144 2928 res,
1169 2892 1219 2923 vel
1246 2901 1304 2932 per
1327 2892 1468 2932 aliquam
1481 2898 1508 2918 60
1522 2892 1651 2933 culpam
1675 2891 1886 2931 praeteritam,
1903 2889 1959 2921 sed
1974 2895 2011 2921 ut
2025 2891 2059 2921 in
2075 2889 2220 2921 futurum
2243 2890 2468 2931 aequalitatem
2483 2893 2591 2919 custo-

403 2937 562 2966 actionem
591 2935 758 2966 laedendo.
791 2936 832 2966 Et
856 2937 931 2976 quia
960 2946 1037 2967 usus
1067 2946 1174 2967 rerum
1204 2937 1398 2967 exteriorum
1422 2942 1469 2967 est
1523 2936 1602 2967 diat:
1629 2936 1714 2976 quia,
1738 2934 1918 2966 secundum
1940 2934 2186 2975 Philosophum,
2202 2935 2236 2964 in
2255 2934 2282 2965 11
2297 2934 2401 2964 Ethic.
2417 2934 2444 2970 *‚
2463 2942 2593 2974 poenae
2619 2937 2700 2987 'Sqffi
2711 2943 2738 2960 ιιι
2757 2943 2832 2964 tm·—

404 2980 493 3016 dare,
516 2980 590 3010 ideo
619 2985 726 3010 actum
754 2981 890 3011 iustitiae
921 2981 1100 3012 secundum
1130 2980 1221 3021 quod
1244 2980 1470 3021 aequalitatem
1523 2980 1700 3011 medicinae
1721 2985 1806 3010 sunt.
1831 2978 1924 3011 Unde
1941 2984 1972 3009 et
1987 2978 2169 3015 satisfactio,
2187 2987 2269 3018 quae
2288 2983 2335 3008 est
2349 2977 2487 3008 iustitiae
2503 2982 2592 3008 actus
2637 2980 2644 2987 ⁴
2697 2979 2703 2986 ”
2809 2979 2817 2987 ·

403 3025 437 3054 in
452 3025 545 3054 rebus
569 3024 775 3054 exterioribus
799 3026 972 3061 constituit,
990 3026 1118 3065 proprie
1142 3025 1219 3056 dicit
1237 3025 1300 3056 hoc
1316 3024 1407 3065 quod
1423 3030 1469 3055 est
1522 3034 1664 3065 poenam
1686 3023 1860 3060 inferentis,
1885 3028 1932 3054 est
1953 3022 2112 3054 medicina
2135 3031 2249 3053 curans
2271 3027 2402 3062 peccata
2425 3021 2592 3062 praeterita

405 3068 559 3098 reddere:
588 3067 643 3098 sed
666 3068 854 3110 satisfacere
877 3069 1043 3100 manifeste
1067 3069 1290 3109 aequalitatem
1313 3070 1347 3100 in
1370 3069 1469 3100 actio·-
1524 3075 1556 3100 et
1577 3077 1782 3109 praeservans
1805 3078 1823 3098 a
1846 3067 1970 3099 futuris.
2005 3067 2046 3098 Et
2068 3067 2160 3103 ideo,
2185 3065 2315 3107 quando
2339 3066 2441 3096 homo
2463 3065 2590 3096 homini

404 3113 498 3142 nibus
530 3111 742 3148 demonstrat,
774 3114 919 3152 quamvis
950 3113 1147 3154 quandoque
1177 3123 1281 3144 unum
1312 3123 1371 3154 pro
1405 3113 1468 3144 alio
1483 3119 1506 3144 ες
1523 3113 1690 3149 satisfacit,
1714 3118 1745 3143 et
1768 3112 1936 3152 praeterita
1964 3116 2189 3151 recompensat
2219 3115 2251 3141 et
2279 3109 2320 3141 de
2346 3109 2461 3140 futuris
2491 3114 2591 3140 cavet.

406 3161 553 3195 ponatur.
1578 3157 1620 3188 Et
1643 3156 1822 3187 secundum
1844 3156 1918 3193 hoc,
1941 3155 2110 3195 dupliciter
2131 3159 2239 3195 potest
2261 3153 2432 3184 satisfactio
2456 3152 2591 3184 definiri.

460 3200 501 3230 Et
524 3200 599 3240 quia
622 3199 810 3240 adaequatio
834 3210 902 3231 non
926 3206 972 3231 est
994 3202 1055 3231 nisi
1078 3202 1306 3242 inaequalium,
1330 3201 1404 3233 ideo
1421 3211 1470 3232 sa·
1524 3202 1599 3233 Uno
1623 3200 1734 3237 modo,
1758 3205 1906 3240 respectu
1930 3199 2043 3239 culpae
2066 3199 2262 3239 praeteritae,
2280 3207 2379 3238 quam
2401 3207 2593 3238 recompen-

406 3242 541 3274 tisfactio
565 3244 823 3283 inaequalitatem
845 3245 1010 3275 actionum
1033 3247 1274 3286 praesupponit,
1291 3255 1374 3286 quae
1397 3246 1469 3286 qui-
1524 3245 1624 3276 sando
1649 3250 1748 3275 curat.
1772 3244 1814 3274 Et
1831 3244 1876 3274 sic
1899 3243 2015 3274 dicitur
2038 3242 2128 3283 quod
2151 3241 2322 3273 satisfactio
2347 3247 2394 3273 est
2416 3242 2528 3273 illatae
2544 3242 2592 3272 in-

409 3287 481 3317 dem
505 3287 659 3318 offensam
682 3288 862 3318 constituit:
888 3293 919 3318 et
942 3289 1015 3319 ideo
1038 3290 1134 3320 habet
1156 3296 1338 3330 respectum
1361 3289 1402 3321 ad
1421 3290 1470 3320 of-
1525 3289 1631 3320 iuriae
1660 3287 1913 3329 recompensatio
1943 3287 2118 3319 secundum
2149 3286 2290 3318 iustitiae
2322 3286 2549 3328 aequalitatem
2564 3287 2592 3316 *.
2620 3290 2631 3301 ·
2645 3287 2831 3316 (κατι-’Μαι

408 3330 530 3361 fensam
553 3331 806 3371 praecedentem.
836 3332 932 3362 Nulla
955 3338 1062 3363 autem
1085 3343 1156 3373 pars
1179 3335 1316 3365 iustitiae
1343 3335 1471 3375 respicit
1484 3343 1511 3364 7⁰
1524 3334 1566 3365 Et
1580 3334 1615 3364 in
1629 3332 1716 3364 idem
1731 3332 1856 3363 videtur
1877 3331 1980 3363 redire
2003 3330 2148 3362 definitio
2163 3331 2319 3367 Anselmi,
2336 3331 2393 3371 qui
2411 3330 2488 3362 dicit
2503 3329 2594 3371 quod

409 3374 564 3405 offensam
586 3375 829 3414 praecedentem
852 3376 912 3405 nisi
934 3377 1052 3406 iustitia
1075 3378 1273 3408 vindicativa.
1303 3378 1395 3416 Quae
1419 3388 1470 3409 ae·
1524 3377 1702 3408 satisfacere
1726 3382 1773 3407 est
1794 3377 1952 3407 honorem
1973 3375 2112 3407 debitum
2126 3375 2198 3406 Deo
2223 3375 2405 3416 impendere
2419 3376 2446 3412 θ,
2463 3379 2500 3405 ut
2514 3383 2593 3406 con·
2619 3380 2631 3391 ⁶
2644 3379 2681 3402 cr.
2695 3384 2744 3407 nm.
2757 3384 2778 3407 5·

411 3418 594 3458 qualitatem
617 3419 781 3449 constituit
804 3419 837 3449 in
861 3429 900 3449 eo
925 3421 981 3459 qui
1003 3421 1123 3451 iustum
1146 3422 1273 3461 patitur,
1290 3421 1470 3453 indifferen-
1525 3421 1680 3453 sideretur
1703 3420 1847 3452 debitum
1869 3421 1992 3451 ratione
2016 3419 2130 3460 culpae
2153 3420 2354 3450 commissae.

410 3468 466 3497 ter,
491 3462 555 3492 sive
579 3463 618 3492 sit
640 3463 762 3502 patiens
784 3462 870 3492 idem
894 3463 983 3502 quod
1006 3473 1115 3503 agens,
1140 3471 1176 3495 ut
1199 3465 1329 3505 quando
1357 3466 1471 3506 aliquis
1580 3466 1655 3496 Alio
1678 3464 1779 3496 modo
1809 3469 1916 3506 potest
1945 3463 2070 3495 definiri
2099 3463 2278 3495 secundum
2301 3462 2392 3504 quod
2414 3467 2593 3504 praeservat

411 3506 470 3536 sibi
492 3506 552 3545 ipsi
574 3515 713 3545 poenam
736 3505 839 3542 infert,
856 3507 921 3537 sive
944 3517 1012 3537 non
1036 3508 1075 3537 sit
1097 3508 1183 3539 idem
1206 3509 1296 3549 quod
1314 3519 1420 3550 agens,
1436 3515 1473 3541 ut
1527 3520 1545 3540 a
1568 3510 1663 3551 culpa
1686 3509 1802 3540 futura.
1826 3509 1868 3539 Et
1883 3509 1928 3540 sic
1943 3507 2056 3540 definit
2079 3517 2150 3539 eam
2166 3508 2218 3539 hic
2233 3508 2433 3548 Augustinus
2448 3508 2474 3538 “.
2499 3506 2592 3537 Prae-
2619 3511 2630 3522 ·
2643 3509 2680 3533 Cf·
2694 3514 2742 3538 ιη·
2759 3515 2778 3531 ¹·

412 3549 541 3590 quando
558 3548 652 3580 iudex
669 3550 766 3580 alium
782 3550 884 3590 punit,
901 3550 940 3580 ad
955 3556 1128 3591 utrumque
1151 3553 1341 3583 vindicativa
1355 3554 1473 3584 iustitia
1487 3563 1510 3583 75
1527 3555 1663 3584 servatio
1687 3559 1796 3585 autem
1811 3563 1829 3583 a
1843 3553 1959 3584 morbo
1980 3553 2139 3593 corporali
2162 3551 2198 3583 fit
2219 3561 2277 3593 per
2300 3552 2495 3583 ablationem
2517 3559 2592 3581 cau-
