2918 4088
263 2927 275 2959 Ε

163 3029 176 3040 ·
191 3027 238 3056 Qu.
246 3034 324 3055 mxxiv,
334 3031 376 3051 art.

400 182 477 228 284

396 260 543 305 Nullus,
565 262 701 309 absque
727 262 867 309 patenti
887 266 1071 309 proventu
1091 266 1106 282 κ
1135 261 1332 306 molestiae,
1354 261 1461 296 mini-

395 318 469 349 ster
495 313 554 350 vel
579 314 763 359 sacerdos,
785 326 869 350 cum
898 315 1068 362 coeperit,
1092 314 1307 362 imperfecta
1336 314 1461 361 officia

390 372 607 415 praesumat
635 368 787 403 omnino
820 367 1037 415 relinquere.
1076 368 1116 403 Si
1143 368 1221 415 quis
1248 368 1318 403 hoc
1352 372 1460 402 teme-

396 420 497 456 rarie
509 421 812 469 praesumpserit,
833 420 1226 456 excommunicationis
1245 420 1460 455 sententiam

395 474 591 509 sustinebit.

450 527 506 562 AD
526 538 716 563 SECUNDUM
744 538 924 563 DICENDUM
945 525 1062 574 quod,
1084 525 1151 561 ubi
1178 525 1378 561 difficultas
1398 537 1461 561 oc-

396 578 523 624 currit,
545 591 698 628 semper
726 586 780 615 est
806 578 1075 627 accipiendum
1095 577 1187 614 illud
1212 578 1319 626 quod
1347 577 1462 614 habet

396 632 526 669 minus
555 632 602 669 de
630 631 812 681 periculo.
842 631 1013 668 Maxime
1042 638 1172 667 autem
1199 630 1462 680 periculosum

396 685 496 723 circa
523 686 598 721 hoc
618 692 902 722 sacramentum
930 692 985 720 est
1012 684 1119 732 quod
1139 691 1194 720 est
1217 691 1349 720 contra
1376 695 1461 732 per-

395 738 601 776 fectionem
620 737 738 787 ipsius
758 737 999 774 sacramenti:
1022 737 1112 786 quia
1127 737 1202 773 hoc
1221 744 1276 773 est
1291 737 1460 774 immane

396 791 646 839 sacrilegium.
676 790 808 827 Minus
828 798 957 827 autem
981 798 1036 827 est
1062 790 1155 827 illud
1174 790 1281 838 quod
1300 789 1462 839 pertinet

397 845 445 882 ad
466 844 686 894 qualitatem
706 843 903 880 sumentis.
929 844 976 880 Et
995 843 1095 890 ideo,
1117 843 1146 879 si
1167 844 1355 890 sacerdos,
1376 850 1462 892 post

395 897 726 935 consecrationem
745 896 980 946 incoeptam,
996 896 1217 933 recordetur
1236 896 1378 945 aliquid
1399 908 1462 933 co-

396 951 562 988 medisse
589 951 651 987 vel
678 949 830 996 bibisse,
859 949 1111 986 nihilominus
1139 950 1252 986 debet
1276 949 1462 998 perficere

396 1003 627 1046 sacrificium
656 1010 692 1039 et
719 1014 871 1039 sumere
892 1010 1187 1039 sacramentum.
1215 1025 1240 1028 —
1270 1001 1461 1049 Similiter,

396 1057 427 1094 si
455 1056 676 1093 recordetur
711 1067 750 1091 se
787 1062 990 1103 peccatum
1025 1055 1181 1103 aliquod
1210 1055 1461 1102 commisisse,

396 1109 509 1147 debet
535 1107 732 1158 poenitere
761 1119 851 1144 cum
878 1107 1078 1158 proposito
1102 1106 1311 1144 confitendi
1341 1116 1377 1144 et
1405 1120 1462 1144 53-

395 1161 620 1199 tisfaciendi:
651 1168 687 1197 et
715 1160 768 1197 sic
796 1173 876 1198 non
904 1161 1071 1208 indigne,
1092 1160 1159 1196 sed
1186 1161 1379 1197 fructuose
1400 1174 1462 1198 su-

395 1227 501 1252 mere
530 1221 825 1251 sacramentum.
855 1237 880 1240 —
909 1215 957 1250 Et
985 1214 1123 1250 eadem
1155 1213 1250 1251 ratio
1280 1222 1335 1251 est
1363 1214 1394 1251 si
1422 1227 1462 1251 se

395 1267 613 1305 meminerit
642 1266 1033 1304 excommunicationi
1067 1265 1301 1316 cuicumque
1337 1267 1462 1304 subia-

396 1333 492 1358 cere.
527 1320 650 1356 Debet
678 1320 780 1356 enim
817 1332 1013 1357 assumere
1045 1319 1291 1368 propositum
1310 1318 1323 1341 λ
1351 1320 1463 1357 abso-

395 1374 582 1411 lutionem
610 1373 780 1422 petendi:
811 1381 847 1410 et
875 1372 928 1409 sic
955 1385 1025 1421 per
1052 1372 1283 1410 invisibilem
1304 1372 1463 1410 Pontifi-

395 1440 492 1474 cem,
512 1428 640 1463 Iesum
665 1426 873 1474 Christum,
903 1426 1184 1463 absolutionem
1215 1426 1465 1475 consequitur

395 1488 586 1530 quantum
614 1479 663 1516 ad
691 1480 797 1516 hunc
825 1487 973 1526 actum,
1003 1479 1111 1528 quod
1146 1488 1301 1529 peragat
1333 1479 1464 1517 divina

395 1533 587 1583 mysteria.

449 1587 489 1624 Si
517 1599 610 1624 vero
639 1593 726 1623 ante
764 1585 1093 1623 consecrationem
1126 1585 1287 1623 alicuius
1314 1585 1464 1635 praedi-

395 1648 547 1677 ctorum
575 1639 621 1676 sit
648 1651 811 1685 memor,
840 1639 956 1676 tutius
985 1646 1216 1688 reputarem,
1237 1639 1405 1676 maxime
1425 1639 1464 1676 in

396 1705 488 1730 casu
516 1692 825 1730 manducationis
854 1700 890 1729 et
913 1692 1335 1740 excommunicationis,
1357 1693 1464 1741 quod

395 1746 555 1783 missam
582 1746 800 1795 incoeptam
829 1746 1029 1793 desereret,
1059 1745 1131 1782 nisi
1158 1757 1272 1793 grave
1306 1746 1464 1783 scanda-

396 1801 479 1837 lum
507 1799 715 1836 timeretur.
957 1819 959 1821 ·

449 1854 506 1889 AD
525 1864 685 1889 TERTmM
703 1864 885 1889 01011111)οΜ
905 1853 1023 1901 quod,
1040 1853 1070 1889 si
1090 1865 1225 1889 musca
1243 1853 1306 1889 vel
1324 1865 1464 1890 aranea

396 1905 437 1942 in
465 1905 622 1942 calicem
645 1913 731 1942 ante
760 1905 1090 1942 consecrationem
1118 1905 1307 1950 ceciderit,
1328 1914 1393 1943 aut
1412 1914 1464 1943 et-

396 1958 475 1996 iam
516 1970 715 1996 venenum
756 1959 1052 2007 deprehenderit
1093 1971 1175 1996 esse
1217 1958 1463 2002 immissum,

397 2012 511 2048 debet
539 2011 698 2058 effundi,
726 2020 774 2059 et,
804 2011 934 2049 abluto
964 2012 1090 2058 calice,
1119 2012 1251 2049 denuo
1280 2012 1384 2050 aliud
1411 2012 1464 2049 vi-

396 2077 494 2101 num
521 2064 615 2114 poni
643 2066 962 2102 consecrandum.
992 2088 1017 2092 -
1047 2065 1087 2103 Si
1105 2077 1199 2103 vero
1224 2066 1369 2115 aliquid
1397 2067 1465 2103 ho-

396 2130 486 2155 rum
512 2125 600 2168 post
619 2118 948 2155 consecrationem
972 2118 1160 2164 acciderit,
1182 2119 1295 2156 debet
1323 2119 1466 2157 animal

397 2178 506 2208 caute
541 2171 642 2220 capi,
677 2179 712 2208 et
747 2171 944 2220 diligenter
971 2172 1101 2218 lavari,
1131 2180 1167 2209 et
1201 2172 1399 2220 comburi,
1430 2180 1466 2210 et

397 2224 554 2271 ablutio,
571 2224 685 2261 simul
701 2230 718 2252 μ
737 2237 829 2262 011111
848 2225 1050 2273 cineribus,
1066 2225 1106 2262 in
1126 2225 1336 2272 sacrarium
1355 2225 1464 2263 mitti.

451 2277 492 2314 Si
510 2289 603 2315 vero
623 2289 822 2315 venenum
841 2278 893 2316 ibi
912 2279 1046 2316 adesse
1071 2269 1368 2328 deprehenderit
1394 2279 1465 2316 im-

398 2330 573 2378 missum,
594 2331 700 2368 nullo
730 2332 850 2368 modo
871 2332 984 2369 debet
1003 2344 1157 2370 sumere
1185 2344 1258 2369 nec
1281 2331 1343 2369 alii
1362 2332 1464 2379 dare,

398 2395 447 2420 ne
485 2383 580 2420 calix
613 2383 714 2421 vitae
752 2392 922 2422 vertatur
956 2384 995 2421 in
1031 2393 1216 2422 mortem:
1253 2385 1321 2422 sed
1353 2385 1467 2427 debet

398 2435 596 2484 diligenter
631 2436 671 2473 in
699 2436 828 2486 aliquo
866 2439 1024 2475 vasculo
1062 2438 1111 2475 ad
1139 2439 1215 2475 hoc
1249 2446 1340 2487 apto
1375 2450 1467 2475 cum

399 2488 567 2538 reliquiis
596 2490 826 2527 conservari.
864 2492 923 2537 Et,
953 2503 1002 2528 ne
1030 2499 1315 2528 sacramentum
1343 2503 1467 2528 rema-

399 2550 488 2579 neat
524 2541 807 2592 imperfectum,
846 2544 961 2580 debet
994 2543 1132 2581 vinum
1151 2550 1163 2566 V
1196 2556 1393 2594 apponere
1428 2543 1468 2581 in

400 2594 534 2642 calice,
564 2604 600 2634 et
627 2596 758 2633 denuo
787 2609 983 2634 resumere
1012 2609 1034 2634 a
1062 2597 1349 2635 consecratione
1382 2609 1467 2635 san-

400 2648 535 2697 guinis,
565 2657 601 2687 et
629 2649 860 2687 sacrificium
888 2650 1085 2700 perficere.

454 2703 511 2739 AD
532 2714 703 2745 QUARTUM
730 2716 912 2741 DICENDUM
936 2703 1063 2752 quod,
1093 2703 1124 2740 si
1152 2704 1350 2750 sacerdos,
1381 2711 1468 2740 ante

401 2755 730 2793 consecrationem
756 2756 950 2804 sanguinis
969 2764 1006 2793 et
1023 2764 1111 2806 post
1139 2756 1469 2795 consecrationem

402 2808 593 2858 corporis,
622 2809 807 2859 percipiat
842 2818 908 2847 aut
934 2810 1070 2847 vinum
1110 2818 1176 2848 aut
1212 2822 1356 2859 aquam
1387 2822 1468 2847 non

402 2874 485 2899 esse
513 2861 552 2899 in
580 2862 713 2909 calice,
743 2862 858 2900 debet
884 2863 1010 2900 statim
1047 2875 1243 2913 apponere
1272 2871 1308 2900 et
1335 2875 1469 2900 conse-

402 2927 519 2952 crare.
548 2938 573 2942 -
603 2915 643 2953 Si
670 2928 764 2953 vero
793 2915 900 2953 110οῑ
927 2924 1015 2966 post
1033 2916 1331 2954 consecrationis
1350 2917 1470 2954 verba

401 2969 628 3018 perceperit,
659 2970 767 3019 quod
795 2982 896 3019 aqua
923 2970 1039 3019 desit,
1069 2970 1183 3008 debet
1217 2970 1469 3008 nihilominus

402 3022 631 3071 procedere:
662 3023 754 3072 quia
782 3022 971 3072 appositio
1000 3036 1137 3073 aquae,
1166 3032 1208 3061 ut
1236 3023 1386 3073 supra*
1413 3023 1469 3061 di-

404 3083 510 3112 ctum
538 3083 604 3124 est,
621 3088 701 3113 non
730 3084 785 3113 est
804 3076 852 3113 de
871 3076 1092 3114 necessitate
1121 3077 1360 3115 sacramenti.
1394 3077 1469 3114 De-

404 3128 468 3165 bet
498 3136 628 3166 tamen
663 3129 791 3178 puniri
823 3129 883 3167 ille
913 3143 959 3167 ex
993 3130 1103 3167 cuius
1141 3130 1367 3179 negligentia
1394 3131 1470 3167 hoc

406 3180 598 3240 contingit.
641 3183 760 3219 Nullo
789 3190 919 3220 autem
947 3184 1068 3220 modo
1098 3184 1211 3220 debet
1245 3196 1347 3233 aqua
1376 3182 1469 3220 vino

406 3245 484 3270 1310
512 3242 732 3272 0005001310
761 3235 930 3273 misceri:
966 3236 1058 3285 quia
1088 3244 1313 3286 sequeretur
1340 3248 1470 3274 corru-

462 3358 487 3391 κ)
503 3359 609 3390 patenti
623 3362 765 3391 proventu.
783 3373 803 3378 -
816 3363 965 3390 praeventu
981 3361 1100 3391 patentis
1119 3361 1147 3385 P.

461 3392 490 3427 λ)
504 3394 682 3426 propositum.
699 3408 719 3413 --
737 3394 872 3419 humiliter
897 3395 994 3420 addunt
1011 3395 1031 3419 F
1051 3401 1077 3421 et
1095 3396 1176 3420 tertia.
1189 3409 1208 3414 ·-
1227 3396 1276 3420 Pro
1295 3395 1472 3428 consequitur,

409 3433 584 3461 consequetur
602 3429 735 3454 editiones.

464 3464 492 3498 μ)
510 3465 598 3489 simul.
615 3478 634 3483 -
652 3465 713 3490 Om.
733 3465 776 3490 Pe.

462 3500 486 3532 ν)
506 3500 605 3525 vinum.
621 3514 641 3519 -
659 3500 735 3525 aliud
753 3500 842 3525 vinum
862 3500 944 3526 tertia.

465 3534 488 3570 ξ)
506 3535 563 3560 hoc.
579 3549 599 3554 —
617 3536 679 3561 Om.
699 3536 742 3561 Pc.

1038 182 1302 229 QUAESTIO
1331 182 1539 228 LXXXIII,
1569 181 1862 218 ARTICULUS
1890 181 1940 217 VI

1515 258 1595 308 ptio
1625 258 1851 296 sacramenti
1878 270 1950 308 pro
1979 257 2106 307 aliqua
2134 266 2253 307 parte,
2273 267 2316 296 ut
2343 271 2460 308 supra
2478 258 2498 280 ’¹‘
2527 257 2582 294 di-

1516 320 1622 349 ctum
1651 320 1717 349 est.

1570 365 1609 402 Si
1646 377 1740 402 vero
1782 363 1966 413 percipiat
2007 371 2094 412 post
2126 364 2245 401 verba
2286 363 2583 401 consecrationis

1516 419 1623 467 quod
1642 418 1780 455 vinum
1808 429 1888 454 non
1915 416 2026 454 fuerit
2044 416 2215 466 positum
2235 417 2275 454 in
2302 417 2429 463 calice,
2450 416 2481 454 si
2500 416 2583 466 qui-

1516 472 1607 508 dem
1630 472 1705 508 hoc
1723 470 1906 520 percipiat
1925 477 2011 507 ante
2031 470 2295 519 sumptionem
2318 469 2500 519 corporis,
2521 469 2583 506 de-

1515 525 1589 571 bet,
1619 524 1792 573 deposita
1811 536 1912 573 aqua
1940 523 1970 559 si
1998 522 2050 559 ibi
2077 523 2199 568 suerit,
2220 523 2420 572 imponere
2447 522 2585 559 vinum

1516 590 1607 614 cum
1636 590 1751 626 aqua,
1782 585 1818 613 et
1846 588 2042 613 resumere
2077 588 2099 612 a
2127 576 2254 613 verbis
2287 575 2584 614 consecrationis

1516 630 1723 679 sanguinis.
1752 652 1777 656 —
1807 629 1847 667 Si
1875 641 1968 666 vero
2007 630 2083 666 1100
2110 629 2323 678 perceperit
2359 636 2446 678 post
2479 640 2584 665 sum-

1515 684 1690 733 ptionem
1718 682 1902 732 corporis,
1923 681 2036 719 debet
2055 694 2251 731 apponere
2276 682 2391 719 aliam
2419 679 2585 726 hostiam

1516 737 1656 774 iterum
1675 736 1790 773 simul
1809 735 2112 773 consecrandam
2132 747 2223 772 cum
2238 734 2435 783 sanguine.
2465 733 2586 781 Quod

1516 790 1605 827 ideo
1633 789 1720 826 dico
1749 789 1860 838 quia,
1890 788 1921 825 si
1949 788 2091 825 diceret
2119 789 2199 825 sola
2233 788 2353 824 verba
2387 798 2585 824 consecra·

1515 842 1629 880 tionis
1649 842 1855 891 sanguiniS,
1875 853 1956 879 non
1976 850 2192 879 servaretur
2211 841 2361 879 debitus
2381 841 2478 878 ordo
2493 852 2585 877 con-

1517 895 1707 933 secrandi:
1739 903 1785 943 et,
1807 895 1904 932 sicut
1929 894 2067 932 dicitur
2094 894 2134 932 in
2159 895 2355 944 praedicto
2370 894 2389 916 '³‘
2417 893 2585 943 capitulo

1516 948 1694 986 Toletani
1724 948 1895 995 Concilii,
1910 949 2080 998 perfecta
2107 949 2227 987 videri
2253 961 2328 985 non
2349 953 2505 998 possunt
2526 959 2585 984 sa-

1516 1004 1659 1050 crificia
1687 1003 1758 1038 nisi
1773 1002 1942 1051 perfecto
1968 1002 2099 1038 ordine
2125 1002 2393 1051 compleantur.
2425 1000 2465 1038 Si
2490 1011 2584 1037 vero

1516 1054 1699 1103 inciperet
1726 1067 1749 1091 a
1777 1054 2064 1091 consecratione
2100 1054 2294 1102 sanguinis
2329 1061 2365 1091 et
2399 1060 2587 1103 repeteret

1517 1107 1650 1145 omnia
1681 1107 1801 1143 verba
1838 1106 2133 1156 consequentia,
2172 1119 2253 1144 non
2289 1114 2553 1156 competerent
2572 1111 2586 1128 ⁰

1517 1160 1589 1197 nisi
1617 1159 1765 1196 adesset
1783 1159 1909 1196 hostia
1928 1166 2168 1196 consecrata:
2198 1171 2290 1196 cum
2309 1159 2349 1196 in
2367 1159 2495 1196 verbis
2516 1158 2586 1196 illis

1518 1219 1722 1250 occurrant
1741 1212 1935 1260 quaedam
1963 1211 2127 1248 dicenda
2146 1219 2182 1248 et
2200 1211 2331 1248 fienda
2358 1223 2439 1248 non
2458 1212 2587 1248 solum

1517 1266 1617 1302 01103
1645 1264 1888 1312 sanguinem,
1914 1264 1982 1300 sed
2010 1264 2122 1301 etiam
2153 1264 2254 1301 circa
2272 1276 2425 1314 corpus,
2455 1265 2504 1301 Et
2522 1264 2587 1302 de·

1517 1319 1582 1355 bet
1609 1318 1649 1354 in
1676 1317 1755 1354 fine
1793 1329 1946 1354 sumere
1984 1317 2152 1354 hostiam
2184 1317 2324 1354 iterum
2342 1323 2360 1339 π
2388 1328 2588 1354 consecra·

1517 1379 1598 1409 tam
1626 1378 1662 1408 et
1691 1369 1936 1419 sanguinem,
1965 1382 2047 1407 non
2075 1370 2249 1407 obstante
2278 1370 2394 1408 etiam
2423 1369 2454 1407 si
2481 1369 2588 1420 prius

1519 1424 1725 1474 sumpserit
1753 1435 1897 1473 aquam
1921 1435 2022 1472 quae
2042 1431 2122 1461 erat
2146 1423 2186 1460 in
2205 1423 2340 1461 calice:
2369 1423 2473 1483 quia·
2479 1435 2588 1473 prae-

1518 1486 1676 1527 ceptum
1713 1477 1761 1514 de
1798 1476 2031 1526 perfectione
2069 1476 2297 1514 sacramenti
2338 1476 2495 1514 maioris
2533 1483 2590 1514 est

1518 1530 1701 1591 ponderis
1720 1542 1851 1590 quam
1869 1538 2120 1579 praeceptum
2148 1530 2257 1579 quod
2277 1531 2354 1567 hoc
2372 1541 2589 1567 sacramen-

1518 1593 1603 1622 tum
1632 1598 1654 1622 a
1681 1583 1820 1621 ieiunis
1848 1591 2033 1630 sumatur,
2055 1591 2097 1620 ut
2116 1595 2233 1632 supra
2251 1583 2271 1604 *
2298 1582 2446 1620 dictum
2469 1590 2535 1620 est.

1572 1639 1630 1675 AD
1659 1649 1821 1680 0111111οΜ
1846 1649 2029 1674 DICENDUM
2057 1637 2177 1686 quod,
2198 1636 2284 1674 11001
2310 1636 2490 1675 sacerdos
2508 1647 2590 1673 non

1520 1692 1663 1728 recolat
1690 1703 1730 1728 se
1759 1689 1897 1727 dixisse
1926 1690 2055 1740 aliqua
2075 1702 2212 1728 eorum
2240 1702 2342 1739 quae
2370 1690 2498 1727 dicere
2525 1689 2591 1727 de-

1519 1744 1619 1791 buit,
1649 1756 1730 1781 000
1757 1751 1889 1781 tamen
1908 1743 2022 1782 debet
2041 1755 2088 1781 ex
2106 1744 2183 1781 hoc
2210 1751 2339 1780 mente
2361 1741 2588 1793 perturbari.

1519 1799 1614 1835 Non
1642 1797 1747 1834 enirn
1773 1796 1841 1846 qui
1869 1798 1991 1834 multa
2009 1796 2111 1844 dicit,
2131 1796 2263 1834 recolit
2290 1795 2470 1834 omnium
2489 1807 2591 1845 quae

1520 1851 1631 1888 dixit:
1662 1850 1735 1888 nisi
1761 1851 1857 1888 forte
1876 1850 1916 1887 in
1935 1850 2100 1887 dicendo
2129 1849 2275 1899 aliquid
2293 1848 2592 1899 apprehenderit

1520 1905 1593 1942 sub
1621 1904 1768 1942 ratione
1797 1903 1875 1941 iam
1903 1903 2011 1950 dicti;
2041 1903 2095 1941 510
2122 1903 2228 1940 enim
2256 1902 2402 1952 aliquid
2429 1901 2592 1940 efficitur

1520 1957 1773 1995 memorabile
1793 1962 1819 1994 Ρ.
1848 1957 1974 2004 Unde,
2004 1956 2035 1994 si
2062 1955 2199 2006 aliquis
2218 1964 2358 1994 attente
2386 1954 2524 2003 cogitet
2549 1954 2592 1993 il-

1519 2012 1588 2049 lud
1616 2011 1724 2061 quod
1752 2009 1852 2058 dicit,
1882 2022 1963 2047 non
1990 2017 2120 2047 tamen
2156 2009 2293 2058 cogitet
2320 2021 2360 2046 se
2388 2007 2515 2045 dicere
2550 2007 2591 2045 il-

1520 2066 1608 2112 lud,
1637 2077 1719 2102 non
1746 2064 1916 2101 multum
1944 2062 2076 2100 recolit
2102 2069 2236 2113 postea
2270 2074 2310 2099 se
2338 2060 2490 2100 dixisse.
2529 2060 2594 2099 Sic

1521 2095 1627 2156 001111
1653 2118 1697 2155 fit
1725 2117 1871 2167 aliquid
1899 2115 2095 2154 obiectum
2123 2115 2330 2162 memoria,
2359 2115 2592 2164 inquantum

1521 2172 1705 2222 accipitur
1733 2171 1805 2208 sub
1834 2169 1981 2207 ratione
2013 2170 2224 2220 praeteriti:
2264 2169 2361 2208 510111
2387 2168 2526 2207 (11011111
2552 2166 2593 2204 in

1521 2226 1618 2263 libro
1647 2225 1693 2262 de
1719 2226 1913 2263 Memoria
1931 2224 1962 2261 ³¹².

1577 2279 1618 2317 Si
1644 2286 1775 2315 tamen
1804 2277 1992 2315 sacerdoti
2019 2277 2267 2327 probabiliter
2293 2282 2441 2313 constet
2468 2287 2508 2311 se
2528 2273 2593 2312 ali-

1522 2345 1601 2381 qua
1628 2331 1816 2378 omisisse,
1846 2331 1877 2368 si
1905 2330 2066 2380 quidem
2084 2342 2166 2367 non
2194 2337 2284 2367 sunt
2302 2330 2350 2366 de
2369 2327 2593 2366 necessitate

1522 2385 1769 2432 sacramenti,
1799 2396 1881 2421 non
1908 2384 2089 2422 aestimo
2098 2384 2207 2433 quod
2238 2390 2397 2432 propter
2423 2382 2501 2418 hoc
2528 2380 2594 2417 de-

1521 2439 1610 2476 beat
1637 2450 1833 2475 resumere
1852 2437 2097 2475 immutando
2117 2436 2293 2474 ordinem
2319 2433 2505 2481 sacrificii,
2526 2434 2595 2471 sed

1522 2492 1636 2529 debet
1663 2491 1821 2528 ulterius
1855 2491 2076 2540 procedere.
2105 2513 2131 2517 -
2161 2490 2201 2527 Si
2232 2501 2328 2526 vero
2365 2487 2596 2525 certificetur

1523 2557 1563 2582 se
1592 2544 1766 2582 omisisse
1795 2543 1940 2593 aliquid
1969 2555 2107 2581 eorum
2135 2555 2236 2592 quae
2265 2549 2355 2579 sunt
2387 2541 2436 2579 de
2463 2553 2594 2578 neces—

1523 2598 1628 2635 sitate
1649 2597 1889 2643 sacramenti,
1912 2596 2052 2634 scilicet
2069 2597 2264 2634 1011113111σ
2283 2593 2593 2642 00050013110015,

1523 2663 1615 2689 01110
1642 2651 1767 2688 forma
1795 2650 1841 2687 sit
1869 2650 1916 2687 de
1945 2650 2167 2687 necessitate
2187 2647 2415 2687 sacramenti
2438 2647 2540 2686 sicut
2558 2654 2596 2685 et

1523 2704 1698 2752 materia,
1727 2703 1832 2740 idem
1859 2703 2013 2740 videtur
2047 2703 2270 2741 faciendum
2302 2701 2410 2751 quod
2447 2700 2595 2738 dictum

1524 2766 1579 2795 est
1597 2757 1617 2779 ³¹⁶
1644 2757 1684 2794 in
1712 2756 1862 2794 defectu
1894 2756 2095 2794 materiae:
2134 2763 2177 2793 ut
2204 2755 2344 2794 scilicet
2378 2761 2596 2792 resumatur

1524 2824 1546 2849 a
1572 2811 1698 2848 forma
1734 2809 2052 2855 consecrationis,
2082 2818 2119 2846 et
2150 2817 2275 2847 cetera
2310 2820 2381 2858 per
2416 2806 2592 2846 ordinem

1523 2864 1761 2909 reiterentur,
1791 2875 1840 2900 ne
1868 2870 2040 2900 mutetur
2067 2862 2165 2900 ordo
2193 2860 2380 2899 sacrificii.

1577 2918 1634 2954 AD
1663 2928 1806 2954 SEXTUM
1830 2928 2013 2954 mOENDUM
2041 2915 2150 2965 quod
2167 2914 2300 2952 fractio
2327 2913 2474 2951 hostiae
2502 2924 2594 2950 con-

1524 2978 1703 3015 secratae,
1733 2977 1769 3006 et
1797 2969 1904 3019 quod
1932 2981 2021 3018 pars
2048 2981 2128 3006 una
2155 2969 2237 3005 sola
2264 2966 2434 3004 mittatur
2465 2965 2504 3003 in
2533 2977 2594 3003 ca-

1523 3024 1658 3071 licem,
1687 3022 1840 3072 respicit
1876 3034 2018 3072 corpus
2055 3020 2282 3071 mysticum:
2322 3019 2419 3056 sicut
2455 3026 2492 3056 et
2527 3018 2594 3056 ad·

1524 3076 1658 3115 mixtio
1677 3088 1801 3136 aquae
1821 3075 2008 3123 significat
2025 3075 2218 3124 populum
2231 3073 2251 3095 *
2255 3073 2328 3110 ,Et
2341 3072 2430 3110 ideo
2449 3072 2594 3110 horum

1523 3128 1806 3180 praetermissio
1834 3140 1915 3165 non
1942 3127 2028 3165 facit
2053 3125 2384 3184 imperfectionem
2405 3124 2593 3171 sacrificii,

1523 3191 1565 3220 ut
1592 3189 1751 3232 propter
1768 3182 1845 3218 hoc
1872 3180 1918 3218 sit
1936 3192 2091 3218 necesse
2120 3178 2265 3228 aliquid
2288 3178 2466 3216 reiterare
2494 3177 2593 3216 circa

1524 3235 1822 3273 celebrationem
1849 3234 1966 3271 huius
1998 3231 2238 3270 sacramenti.

1581 3358 1606 3393 ο)
1625 3361 1814 3391 competerent.
1831 3371 1850 3376 -
1866 3360 2029 3389 competeret
2045 3357 2085 3382 Pl.

1580 3395 1610 3428 π)
1631 3395 1736 3419 iterum.
1754 3407 1772 3412 -
1790 3394 1858 3418 Ante
1876 3399 1980 3418 sumere
1998 3392 2071 3424 ponit
2089 3391 2118 3417 P.

1580 3433 1605 3463 ρ)
1625 3428 1804 3455 memorabile.
1820 3442 1840 3447 —
1857 3429 1931 3459 ΡΗο;
1958 3427 2111 3453 memoriale
2129 3427 2186 3459 Fla,
2207 3427 2387 3452 memoriabile
2406 3425 2595 3459 Gb,mem01e

1527 3466 1612 3533 ceter3
1618 3501 1751 3532 sormam.
1769 3514 1788 3518 -
1797 3500 1907 3532 formas
1932 3499 2020 3530 tertia;
2045 3498 2253 3524 consecrationis
2278 3503 2339 3530 post
2363 3505 2478 3530 sequens
2502 3504 2593 3523 sacra-

1527 3535 1609 3560 menti
1627 3540 1726 3567 ponunt
1743 3534 1817 3566 Gl-lb,
1836 3539 1948 3567 utroque
1967 3534 2024 3559 loco
2042 3541 2064 3563 c,
2085 3538 2143 3559 ante
2161 3538 2186 3559 et
2204 3538 2265 3566 post
2283 3541 2342 3559 cum
2353 3534 2450 3567 sor-ma
2469 3533 2498 3558 P.

2610 264 2676 313 ἐρα.
2684 270 2771 292 cxxvii,
2780 268 2823 287 art.

2612 899 2622 910 ·
2637 898 2707 926 Resp.
2722 897 2750 919 ad
2767 905 2786 920 1.

2616 1589 2711 1618 'Re-p.
2725 1589 2756 1612 nd
2769 1595 2789 1612 2.

2619 2224 2631 2235 ·
2642 2223 2682 2246 ΑΙ.
2693 2222 2723 2245 de
2731 2222 2800 2245 Men.
2811 2224 2837 2244 et

2619 2249 2834 2299 fflnegfff

2621 2763 2632 2775 ·
2645 2760 2716 2790 neap.
2731 2761 2761 2784 ud
2774 2767 2797 2789 4.

2621 3078 2836 3107 'Qua-mvsa&
