<?xml version="1.0" encoding="UTF-8"?>
<!DOCTYPE html PUBLIC "-//W3C//DTD XHTML 1.0 Transitional//EN"
    "http://www.w3.org/TR/xhtml1/DTD/xhtml1-transitional.dtd">
<html xmlns="http://www.w3.org/1999/xhtml" xml:lang="en" lang="en">
 <head>
  <title>
</title>
<meta http-equiv="Content-Type" content="text/html;charset=utf-8" />
  <meta name='ocr-system' content='tesseract 3.04.00' />
  <meta name='ocr-capabilities' content='ocr_page ocr_carea ocr_par ocr_line ocrx_word'/>
</head>
<body>
  <div class='ocr_page' id='page_1' title='image "./operaomniaiussui12thom/operaomniaiussui12thom_0678.png"; bbox 0 0 2878 4088; ppageno 0'>
   <div class='ocr_carea' id='block_1_1' title="bbox 147 546 290 569">
    <p class='ocr_par' dir='ltr' id='par_1_1' title="bbox 147 546 290 569">
     <span class='ocr_line' id='line_1_1' title="bbox 147 546 290 569; baseline 0.021 -3"><span class='ocrx_word' id='word_1_1' title='bbox 147 548 156 557; x_wconf 94' lang='grc'>·</span> <span class='ocrx_word' id='word_1_2' title='bbox 173 546 238 568; x_wconf 82' lang='lat' dir='ltr'><strong>Vers.</strong></span> <span class='ocrx_word' id='word_1_3' title='bbox 257 547 290 569; x_wconf 83' lang='grc'><strong>18.</strong></span> 
     </span>
    </p>
   </div>
   <div class='ocr_carea' id='block_1_2' title="bbox 148 589 358 643">
    <p class='ocr_par' dir='ltr' id='par_1_2' title="bbox 148 589 358 643">
     <span class='ocr_line' id='line_1_2' title="bbox 148 589 358 617; baseline 0 -6"><span class='ocrx_word' id='word_1_4' title='bbox 148 593 156 600; x_wconf 90' lang='grc'><em>·</em></span> <span class='ocrx_word' id='word_1_5' title='bbox 166 589 254 611; x_wconf 85' lang='lat' dir='ltr'><strong>Homil.</strong></span> <span class='ocrx_word' id='word_1_6' title='bbox 267 589 317 617; x_wconf 87' lang='lat' dir='ltr'><strong>XV,</strong></span> <span class='ocrx_word' id='word_1_7' title='bbox 329 591 358 611; x_wconf 82' lang='lat' dir='ltr'><strong>al.</strong></span> 
     </span>
     <span class='ocr_line' id='line_1_3' title="bbox 148 616 331 643; baseline 0.005 -6"><span class='ocrx_word' id='word_1_8' title='bbox 148 616 210 643; x_wconf 90' lang='lat' dir='ltr'>XIV,</span> <span class='ocrx_word' id='word_1_9' title='bbox 225 617 249 638; x_wconf 83' lang='lat' dir='ltr'><strong>in</strong></span> <span class='ocrx_word' id='word_1_10' title='bbox 264 616 331 638; x_wconf 86' lang='lat' dir='ltr'><strong>Ioan.</strong></span> 
     </span>
    </p>
   </div>
   <div class='ocr_carea' id='block_1_3' title="bbox 146 726 358 809">
    <p class='ocr_par' dir='ltr' id='par_1_3' title="bbox 146 726 358 809">
     <span class='ocr_line' id='line_1_4' title="bbox 147 726 358 756; baseline 0.009 -9"><span class='ocrx_word' id='word_1_11' title='bbox 147 728 156 738; x_wconf 93' lang='grc'>·</span> <span class='ocrx_word' id='word_1_12' title='bbox 168 726 233 749; x_wconf 86' lang='lat' dir='ltr'><strong>Vers.</strong></span> <span class='ocrx_word' id='word_1_13' title='bbox 249 733 286 756; x_wconf 88' lang='lat'><strong>30.</strong></span> <span class='ocrx_word' id='word_1_14' title='bbox 298 738 308 743; x_wconf 95' lang='lat'>-</span> <span class='ocrx_word' id='word_1_15' title='bbox 321 727 358 749; x_wconf 84' lang='lat' dir='ltr'><strong>cf.</strong></span> 
     </span>
     <span class='ocr_line' id='line_1_5' title="bbox 148 753 357 781; baseline 0 -6"><span class='ocrx_word' id='word_1_16' title='bbox 148 753 201 775; x_wconf 81' lang='lat' dir='ltr'><strong>Luc.</strong></span> <span class='ocrx_word' id='word_1_17' title='bbox 233 760 285 781; x_wconf 85' lang='lat' dir='ltr'><strong>cap.</strong></span> <span class='ocrx_word' id='word_1_18' title='bbox 312 760 341 775; x_wconf 85' lang='lat' dir='ltr'><strong>xx</strong></span> <span class='ocrx_word' id='word_1_19' title='bbox 352 771 357 780; x_wconf 84' lang='lat'><strong>,</strong></span> 
     </span>
     <span class='ocr_line' id='line_1_6' title="bbox 146 780 258 809; baseline 0.018 -9"><span class='ocrx_word' id='word_1_20' title='bbox 146 786 204 802; x_wconf 67' lang='lat' dir='ltr'><strong>vera.</strong></span> <span class='ocrx_word' id='word_1_21' title='bbox 221 780 258 809; x_wconf 80' lang='lat'><strong>36.</strong></span> 
     </span>
    </p>
   </div>
   <div class='ocr_carea' id='block_1_4' title="bbox 146 898 356 920">
    <p class='ocr_par' dir='ltr' id='par_1_4' title="bbox 146 898 356 920">
     <span class='ocr_line' id='line_1_7' title="bbox 146 898 356 920; baseline -0.005 0"><span class='ocrx_word' id='word_1_22' title='bbox 146 900 155 909; x_wconf 88' lang='grc'>·</span> <span class='ocrx_word' id='word_1_23' title='bbox 170 899 194 920; x_wconf 91' lang='lat' dir='ltr'><strong>S.</strong></span> <span class='ocrx_word' id='word_1_24' title='bbox 210 898 254 920; x_wconf 86' lang='lat' dir='ltr'><strong>Th.</strong></span> <span class='ocrx_word' id='word_1_25' title='bbox 275 899 326 920; x_wconf 78' lang='lat' dir='ltr'><strong>lect.</strong></span> <span class='ocrx_word' id='word_1_26' title='bbox 342 905 356 919; x_wconf 83' lang='lat'><strong>1.</strong></span> 
     </span>
    </p>
   </div>
   <div class='ocr_carea' id='block_1_5' title="bbox 145 1030 354 1078">
    <p class='ocr_par' dir='ltr' id='par_1_5' title="bbox 145 1030 354 1078">
     <span class='ocr_line' id='line_1_8' title="bbox 145 1030 354 1057; baseline 0 -7"><span class='ocrx_word' id='word_1_27' title='bbox 145 1032 154 1040; x_wconf 92' lang='grc'>·</span> <span class='ocrx_word' id='word_1_28' title='bbox 175 1030 210 1051; x_wconf 82' lang='lat' dir='ltr'><strong>Cf.</strong></span> <span class='ocrx_word' id='word_1_29' title='bbox 231 1030 287 1051; x_wconf 82' lang='lat' dir='ltr'>ibid,</span> <span class='ocrx_word' id='word_1_30' title='bbox 305 1036 354 1057; x_wconf 81' lang='lat' dir='ltr'><strong>cap.</strong></span> 
     </span>
     <span class='ocr_line' id='line_1_9' title="bbox 145 1056 353 1078; baseline 0.005 -1"><span class='ocrx_word' id='word_1_31' title='bbox 145 1063 188 1078; x_wconf 85' lang='grc' dir='ltr'><strong>ιν.-</strong></span> <span class='ocrx_word' id='word_1_32' title='bbox 196 1056 353 1078; x_wconf 82' lang='lat' dir='ltr'><strong>S.Th.1ect.n.</strong></span> 
     </span>
    </p>
   </div>
   <div class='ocr_carea' id='block_1_6' title="bbox 144 1433 273 1461">
    <p class='ocr_par' dir='ltr' id='par_1_6' title="bbox 144 1433 273 1461">
     <span class='ocr_line' id='line_1_10' title="bbox 144 1433 273 1461; baseline 0.008 -7"><span class='ocrx_word' id='word_1_33' title='bbox 144 1435 153 1444; x_wconf 74' lang='lat'><em>⁶</em></span> <span class='ocrx_word' id='word_1_34' title='bbox 168 1433 242 1461; x_wconf 80' lang='lat' dir='ltr'><strong>Epist.</strong></span> <span class='ocrx_word' id='word_1_35' title='bbox 257 1433 273 1455; x_wconf 93' lang='lat'><strong>1.</strong></span> 
     </span>
    </p>
   </div>
   <div class='ocr_carea' id='block_1_7' title="bbox 146 1743 287 1771">
    <p class='ocr_par' dir='ltr' id='par_1_7' title="bbox 146 1743 287 1771">
     <span class='ocr_line' id='line_1_11' title="bbox 146 1743 287 1771; baseline 0.014 -8"><span class='ocrx_word' id='word_1_36' title='bbox 146 1746 155 1754; x_wconf 83' lang='lat'>¹</span> <span class='ocrx_word' id='word_1_37' title='bbox 169 1743 242 1771; x_wconf 83' lang='lat' dir='ltr'>Epist.</span> <span class='ocrx_word' id='word_1_38' title='bbox 259 1743 287 1766; x_wconf 90' lang='lat' dir='ltr'><strong>V.</strong></span> 
     </span>
    </p>
   </div>
   <div class='ocr_carea' id='block_1_8' title="bbox 147 3335 358 3384">
    <p class='ocr_par' dir='ltr' id='par_1_8' title="bbox 147 3335 358 3384">
     <span class='ocr_line' id='line_1_12' title="bbox 147 3335 358 3364; baseline 0 -7"><span class='ocrx_word' id='word_1_39' title='bbox 147 3337 157 3347; x_wconf 87' lang='grc'><em>·</em></span> <span class='ocrx_word' id='word_1_40' title='bbox 169 3335 246 3358; x_wconf 78' lang='grc' dir='ltr'><strong>Τιιιοῐ.</strong></span> <span class='ocrx_word' id='word_1_41' title='bbox 258 3335 297 3363; x_wconf 88' lang='lat'><strong>111,</strong></span> <span class='ocrx_word' id='word_1_42' title='bbox 308 3341 358 3364; x_wconf 78' lang='lat' dir='ltr'><strong>cup.</strong></span> 
     </span>
     <span class='ocr_line' id='line_1_13' title="bbox 148 3367 195 3384; baseline 0.043 -2"><span class='ocrx_word' id='word_1_43' title='bbox 148 3367 195 3384; x_wconf 81' lang='lat' dir='ltr'><strong>vm.</strong></span> 
     </span>
    </p>
   </div>
   <div class='ocr_carea' id='block_1_9' title="bbox 392 152 466 188">
    <p class='ocr_par' dir='ltr' id='par_1_9' title="bbox 392 152 466 188">
     <span class='ocr_line' id='line_1_14' title="bbox 392 152 466 188; baseline 0 0"><span class='ocrx_word' id='word_1_44' title='bbox 392 152 466 188; x_wconf 84' lang='lat'><strong>218</strong></span> 
     </span>
    </p>
   </div>
   <div class='ocr_carea' id='block_1_10' title="bbox 425 253 1422 330">
    <p class='ocr_par' dir='ltr' id='par_1_10' title="bbox 425 253 1422 330">
     <span class='ocr_line' id='line_1_15' title="bbox 425 253 1422 286; baseline 0.002 -4"><span class='ocrx_word' id='word_1_45' title='bbox 425 253 524 283; x_wconf 91' lang='lat' dir='ltr'><strong>ART.</strong></span> <span class='ocrx_word' id='word_1_46' title='bbox 550 253 572 283; x_wconf 93' lang='grc' dir='ltr'><strong>Ι.</strong></span> <span class='ocrx_word' id='word_1_47' title='bbox 598 263 701 283; x_wconf 83' lang='lat' dir='ltr'>UTRUM</span> <span class='ocrx_word' id='word_1_48' title='bbox 725 264 931 285; x_wconf 69' lang='lat' dir='ltr'><strong>m‘rELLECTus</strong></span> <span class='ocrx_word' id='word_1_49' title='bbox 955 265 1100 286; x_wconf 68' lang='lat' dir='ltr'><strong>Humnus</strong></span> <span class='ocrx_word' id='word_1_50' title='bbox 1124 265 1227 286; x_wconf 76' lang='lat' dir='ltr'><strong>possrr</strong></span> <span class='ocrx_word' id='word_1_51' title='bbox 1251 265 1422 285; x_wconf 72' lang='lat' dir='ltr'><strong>Panvnmmz</strong></span> 
     </span>
     <span class='ocr_line' id='line_1_16' title="bbox 619 308 1223 330; baseline 0.005 -3"><span class='ocrx_word' id='word_1_52' title='bbox 619 308 660 328; x_wconf 76' lang='lat' dir='ltr'><strong>AD</strong></span> <span class='ocrx_word' id='word_1_53' title='bbox 683 308 844 328; x_wconf 74' lang='lat' dir='ltr'><strong>vaNnnM</strong></span> <span class='ocrx_word' id='word_1_54' title='bbox 868 309 953 329; x_wconf 70' lang='grc'><strong>11111111</strong></span> <span class='ocrx_word' id='word_1_55' title='bbox 976 310 1034 330; x_wconf 69' lang='lat' dir='ltr'><strong>psa</strong></span> <span class='ocrx_word' id='word_1_56' title='bbox 1056 310 1223 330; x_wconf 59' lang='lat' dir='ltr'><strong>asserii-mm</strong></span> 
     </span>
    </p>
   </div>
   <div class='ocr_carea' id='block_1_11' title="bbox 388 347 1450 431">
    <p class='ocr_par' dir='ltr' id='par_1_11' title="bbox 388 347 1450 431">
     <span class='ocr_line' id='line_1_17' title="bbox 388 347 1450 377; baseline 0.002 -9"><span class='ocrx_word' id='word_1_57' title='bbox 388 347 447 369; x_wconf 85' lang='lat' dir='ltr'><strong>Part.</strong></span> <span class='ocrx_word' id='word_1_58' title='bbox 463 347 481 373; x_wconf 87' lang='lat'><strong>1,</strong></span> <span class='ocrx_word' id='word_1_59' title='bbox 497 353 537 373; x_wconf 78' lang='lat' dir='ltr'><strong>qu.</strong></span> <span class='ocrx_word' id='word_1_60' title='bbox 552 353 593 373; x_wconf 83' lang='lat' dir='ltr'><strong>xn,</strong></span> <span class='ocrx_word' id='word_1_61' title='bbox 608 352 649 369; x_wconf 80' lang='lat' dir='ltr'><strong>art.</strong></span> <span class='ocrx_word' id='word_1_62' title='bbox 667 355 689 374; x_wconf 71' lang='grc' dir='ltr'><strong>ις</strong></span> <span class='ocrx_word' id='word_1_63' title='bbox 705 348 727 369; x_wconf 71' lang='lat'><strong>1³</strong></span> <span class='ocrx_word' id='word_1_64' title='bbox 742 348 796 376; x_wconf 59' lang='lat' dir='ltr'><strong>flue,</strong></span> <span class='ocrx_word' id='word_1_65' title='bbox 813 355 850 376; x_wconf 86' lang='lat' dir='ltr'><strong>qu.</strong></span> <span class='ocrx_word' id='word_1_66' title='bbox 867 355 899 376; x_wconf 83' lang='grc' dir='ltr'>ιιι,</span> <span class='ocrx_word' id='word_1_67' title='bbox 916 353 958 371; x_wconf 75' lang='lat' dir='ltr'><strong>art.</strong></span> <span class='ocrx_word' id='word_1_68' title='bbox 974 349 999 375; x_wconf 83' lang='lat'><strong>8;</strong></span> <span class='ocrx_word' id='word_1_69' title='bbox 1015 350 1046 371; x_wconf 90' lang='lat'><strong>111</strong></span> <span class='ocrx_word' id='word_1_70' title='bbox 1060 350 1126 372; x_wconf 86' lang='lat' dir='ltr'><strong>Cont.</strong></span> <span class='ocrx_word' id='word_1_71' title='bbox 1140 350 1215 375; x_wconf 72' lang='lat' dir='ltr'><strong>Gent„</strong></span> <span class='ocrx_word' id='word_1_72' title='bbox 1227 356 1277 377; x_wconf 73' lang='lat' dir='ltr'><strong>cap.</strong></span> <span class='ocrx_word' id='word_1_73' title='bbox 1293 356 1322 376; x_wconf 77' lang='lat' dir='ltr'><strong>u,</strong></span> <span class='ocrx_word' id='word_1_74' title='bbox 1335 356 1381 376; x_wconf 73' lang='grc' dir='ltr'><strong>ων,</strong></span> <span class='ocrx_word' id='word_1_75' title='bbox 1393 355 1450 374; x_wconf 62' lang='lat' dir='ltr'><strong>ivn:</strong></span> 
     </span>
     <span class='ocr_line' id='line_1_18' title="bbox 494 374 1346 404; baseline 0.005 -10"><span class='ocrx_word' id='word_1_76' title='bbox 494 374 529 395; x_wconf 84' lang='lat' dir='ltr'><strong>De</strong></span> <span class='ocrx_word' id='word_1_77' title='bbox 547 374 626 400; x_wconf 68' lang='lat' dir='ltr'><strong>Verte„</strong></span> <span class='ocrx_word' id='word_1_78' title='bbox 642 381 680 402; x_wconf 90' lang='lat' dir='ltr'><strong>qu.</strong></span> <span class='ocrx_word' id='word_1_79' title='bbox 697 381 744 400; x_wconf 76' lang='lat' dir='ltr'><strong>viu,</strong></span> <span class='ocrx_word' id='word_1_80' title='bbox 759 379 801 397; x_wconf 82' lang='lat' dir='ltr'><strong>art.</strong></span> <span class='ocrx_word' id='word_1_81' title='bbox 819 382 840 401; x_wconf 74' lang='grc' dir='ltr'><strong>ις</strong></span> <span class='ocrx_word' id='word_1_82' title='bbox 879 376 941 398; x_wconf 83' lang='lat' dir='ltr'><strong>uodl.</strong></span> <span class='ocrx_word' id='word_1_83' title='bbox 955 376 1004 403; x_wconf 84' lang='lat' dir='ltr'><strong>Vll,</strong></span> <span class='ocrx_word' id='word_1_84' title='bbox 1016 382 1055 404; x_wconf 90' lang='lat' dir='ltr'><strong>qu.</strong></span> <span class='ocrx_word' id='word_1_85' title='bbox 1071 383 1086 401; x_wconf 78' lang='grc' dir='ltr'><strong>ι,</strong></span> <span class='ocrx_word' id='word_1_86' title='bbox 1101 381 1143 399; x_wconf 79' lang='lat' dir='ltr'><strong>art.</strong></span> <span class='ocrx_word' id='word_1_87' title='bbox 1161 384 1183 402; x_wconf 73' lang='grc' dir='ltr'><strong>ις</strong></span> <span class='ocrx_word' id='word_1_88' title='bbox 1198 377 1227 402; x_wconf 87' lang='grc' dir='ltr'><strong>Χ,</strong></span> <span class='ocrx_word' id='word_1_89' title='bbox 1239 383 1277 404; x_wconf 86' lang='lat' dir='ltr'><strong>qu.</strong></span> <span class='ocrx_word' id='word_1_90' title='bbox 1293 383 1346 401; x_wconf 74' lang='lat' dir='ltr'><strong>vu13</strong></span> 
     </span>
     <span class='ocr_line' id='line_1_19' title="bbox 428 400 1405 431; baseline 0.002 -10"><span class='ocrx_word' id='word_1_91' title='bbox 428 400 553 428; x_wconf 75' lang='lat' dir='ltr'><strong>Compend.</strong></span> <span class='ocrx_word' id='word_1_92' title='bbox 570 401 663 427; x_wconf 59' lang='lat' dir='ltr'><strong>Theoi„</strong></span> <span class='ocrx_word' id='word_1_93' title='bbox 681 407 731 429; x_wconf 83' lang='lat' dir='ltr'><strong>cap.</strong></span> <span class='ocrx_word' id='word_1_94' title='bbox 747 407 797 428; x_wconf 81' lang='lat' dir='ltr'><strong>c{v;</strong></span> <span class='ocrx_word' id='word_1_95' title='bbox 812 401 838 423; x_wconf 83' lang='lat' dir='ltr'><strong>In</strong></span> <span class='ocrx_word' id='word_1_96' title='bbox 853 402 944 429; x_wconf 56' lang='lat' dir='ltr'><strong>batth„</strong></span> <span class='ocrx_word' id='word_1_97' title='bbox 961 409 1010 431; x_wconf 86' lang='lat' dir='ltr'><strong>cap.</strong></span> <span class='ocrx_word' id='word_1_98' title='bbox 1028 410 1054 430; x_wconf 70' lang='grc' dir='ltr'><strong>νς</strong></span> <span class='ocrx_word' id='word_1_99' title='bbox 1069 403 1095 425; x_wconf 89' lang='lat' dir='ltr'><strong>In</strong></span> <span class='ocrx_word' id='word_1_100' title='bbox 1110 403 1189 430; x_wconf 62' lang='lat' dir='ltr'><strong>loun„</strong></span> <span class='ocrx_word' id='word_1_101' title='bbox 1206 409 1256 430; x_wconf 82' lang='lat' dir='ltr'><strong>cap.</strong></span> <span class='ocrx_word' id='word_1_102' title='bbox 1273 409 1288 427; x_wconf 73' lang='grc' dir='ltr'><strong>ι.</strong></span> <span class='ocrx_word' id='word_1_103' title='bbox 1304 404 1356 424; x_wconf 79' lang='lat' dir='ltr'><strong>lect.</strong></span> <span class='ocrx_word' id='word_1_104' title='bbox 1373 409 1405 423; x_wconf 75' lang='lat' dir='ltr'><strong>xi.</strong></span> 
     </span>
    </p>
   </div>
   <div class='ocr_carea' id='block_1_12' title="bbox 386 454 1453 628">
    <p class='ocr_par' dir='ltr' id='par_1_12' title="bbox 386 454 1453 628">
     <span class='ocr_line' id='line_1_20' title="bbox 450 454 1452 495; baseline 0.003 -14"><span class='ocrx_word' id='word_1_105' title='bbox 450 462 470 481; x_wconf 88' lang='lat' dir='ltr'>D</span> <span class='ocrx_word' id='word_1_106' title='bbox 486 462 603 483; x_wconf 67' lang='lat' dir='ltr'><strong>paurum</strong></span> <span class='ocrx_word' id='word_1_107' title='bbox 624 463 668 483; x_wconf 91' lang='grc'><strong>510</strong></span> <span class='ocrx_word' id='word_1_108' title='bbox 690 463 893 485; x_wconf 74' lang='lat' dir='ltr'><strong>PROCEDITUR.</strong></span> <span class='ocrx_word' id='word_1_109' title='bbox 918 454 1052 485; x_wconf 90' lang='lat' dir='ltr'><strong>Videtur</strong></span> <span class='ocrx_word' id='word_1_110' title='bbox 1076 454 1165 495; x_wconf 91' lang='lat' dir='ltr'><strong>quod</strong></span> <span class='ocrx_word' id='word_1_111' title='bbox 1188 455 1370 485; x_wconf 89' lang='lat' dir='ltr'><strong>intellectus</strong></span> <span class='ocrx_word' id='word_1_112' title='bbox 1393 455 1452 484; x_wconf 92' lang='lat' dir='ltr'><strong>hu-</strong></span> 
     </span>
     <span class='ocr_line' id='line_1_21' title="bbox 386 463 1453 539; baseline 0.002 -13"><span class='ocrx_word' id='word_1_113' title='bbox 386 463 563 527; x_wconf 78' lang='lat' dir='ltr'><strong>Amanus</strong></span> <span class='ocrx_word' id='word_1_114' title='bbox 591 507 658 528; x_wconf 90' lang='lat' dir='ltr'><strong>non</strong></span> <span class='ocrx_word' id='word_1_115' title='bbox 687 499 788 538; x_wconf 86' lang='lat' dir='ltr'>possit</span> <span class='ocrx_word' id='word_1_116' title='bbox 811 500 977 539; x_wconf 90' lang='lat' dir='ltr'><strong>pervenire</strong></span> <span class='ocrx_word' id='word_1_117' title='bbox 1002 499 1041 529; x_wconf 90' lang='lat' dir='ltr'><strong>ad</strong></span> <span class='ocrx_word' id='word_1_118' title='bbox 1064 498 1240 530; x_wconf 91' lang='lat' dir='ltr'><strong>videndum</strong></span> <span class='ocrx_word' id='word_1_119' title='bbox 1264 499 1371 529; x_wconf 91' lang='lat' dir='ltr'><strong>Deum</strong></span> <span class='ocrx_word' id='word_1_120' title='bbox 1396 508 1453 539; x_wconf 92' lang='lat' dir='ltr'><strong>per</strong></span> 
     </span>
     <span class='ocr_line' id='line_1_22' title="bbox 386 542 1451 584; baseline 0.003 -14"><span class='ocrx_word' id='word_1_121' title='bbox 386 542 565 572; x_wconf 86' lang='lat' dir='ltr'><strong>essentiam.</strong></span> <span class='ocrx_word' id='word_1_122' title='bbox 579 542 664 579; x_wconf 91' lang='lat' dir='ltr'><strong>Quia</strong></span> <span class='ocrx_word' id='word_1_123' title='bbox 677 542 764 573; x_wconf 89' lang='lat' dir='ltr'><strong>Ioan.</strong></span> <span class='ocrx_word' id='word_1_124' title='bbox 776 553 787 572; x_wconf 87' lang='lat'>1</span> <span class='ocrx_word' id='word_1_125' title='bbox 798 544 814 559; x_wconf 67' lang='lat'><strong>³*</strong></span> <span class='ocrx_word' id='word_1_126' title='bbox 831 543 959 574; x_wconf 88' lang='lat' dir='ltr'><strong>dicitur:</strong></span> <span class='ocrx_word' id='word_1_127' title='bbox 973 544 1078 574; x_wconf 86' lang='lat' dir='ltr'><strong>Deum</strong></span> <span class='ocrx_word' id='word_1_128' title='bbox 1096 553 1188 574; x_wconf 91' lang='lat' dir='ltr'><strong>nemo</strong></span> <span class='ocrx_word' id='word_1_129' title='bbox 1206 543 1285 573; x_wconf 82' lang='lat' dir='ltr'><strong>vidit</strong></span> <span class='ocrx_word' id='word_1_130' title='bbox 1301 553 1451 584; x_wconf 87' lang='lat' dir='ltr'><strong>unquam.</strong></span> 
     </span>
     <span class='ocr_line' id='line_1_23' title="bbox 386 586 1453 628; baseline 0.003 -13"><span class='ocrx_word' id='word_1_131' title='bbox 386 586 426 615; x_wconf 84' lang='lat' dir='ltr'><strong>Et</strong></span> <span class='ocrx_word' id='word_1_132' title='bbox 442 587 574 626; x_wconf 88' lang='lat' dir='ltr'>exponit</span> <span class='ocrx_word' id='word_1_133' title='bbox 591 586 842 627; x_wconf 89' lang='lat' dir='ltr'><strong>Chrysostomus</strong></span> <span class='ocrx_word' id='word_1_134' title='bbox 858 589 874 604; x_wconf 63' lang='lat'><strong>³⁶</strong></span> <span class='ocrx_word' id='word_1_135' title='bbox 891 587 980 628; x_wconf 89' lang='lat' dir='ltr'><strong>quod</strong></span> <span class='ocrx_word' id='word_1_136' title='bbox 996 598 1056 618; x_wconf 88' lang='lat' dir='ltr'><strong>nec</strong></span> <span class='ocrx_word' id='word_1_137' title='bbox 1071 588 1159 628; x_wconf 88' lang='lat' dir='ltr'>ipsae</span> <span class='ocrx_word' id='word_1_138' title='bbox 1176 588 1325 619; x_wconf 88' lang='lat' dir='ltr'><strong>caelestes</strong></span> <span class='ocrx_word' id='word_1_139' title='bbox 1347 597 1453 618; x_wconf 91' lang='lat' dir='ltr'><strong>essen-</strong></span> 
     </span>
    </p>
   </div>
   <div class='ocr_carea' id='block_1_13' title="bbox 385 630 1503 672">
    <p class='ocr_par' dir='ltr' id='par_1_13' title="bbox 385 630 1503 672">
     <span class='ocr_line' id='line_1_24' title="bbox 385 630 1503 672; baseline 0.002 -12"><span class='ocrx_word' id='word_1_140' title='bbox 385 630 456 666; x_wconf 86' lang='lat' dir='ltr'><strong>tiae,</strong></span> <span class='ocrx_word' id='word_1_141' title='bbox 474 631 542 670; x_wconf 90' lang='lat' dir='ltr'><strong>ipsa</strong></span> <span class='ocrx_word' id='word_1_142' title='bbox 566 630 639 661; x_wconf 93' lang='lat' dir='ltr'><strong>dico</strong></span> <span class='ocrx_word' id='word_1_143' title='bbox 661 631 838 662; x_wconf 89' lang='lat' dir='ltr'><strong>Cherubim</strong></span> <span class='ocrx_word' id='word_1_144' title='bbox 862 638 893 662; x_wconf 92' lang='lat' dir='ltr'><strong>et</strong></span> <span class='ocrx_word' id='word_1_145' title='bbox 917 632 1093 672; x_wconf 85' lang='lat' dir='ltr'><strong>Seraphim,</strong></span> <span class='ocrx_word' id='word_1_146' title='bbox 1109 633 1217 672; x_wconf 90' lang='lat' dir='ltr'><strong>ipsum</strong></span> <span class='ocrx_word' id='word_1_147' title='bbox 1241 637 1276 662; x_wconf 92' lang='lat' dir='ltr'><strong>ut</strong></span> <span class='ocrx_word' id='word_1_148' title='bbox 1300 637 1346 662; x_wconf 93' lang='lat' dir='ltr'><strong>est</strong></span> <span class='ocrx_word' id='word_1_149' title='bbox 1370 642 1452 663; x_wconf 91' lang='lat' dir='ltr'><strong>nun·</strong></span> <span class='ocrx_word' id='word_1_150' title='bbox 1469 639 1503 656; x_wconf 40' lang='lat'><strong>¹01</strong></span> 
     </span>
    </p>
   </div>
   <div class='ocr_carea' id='block_1_14' title="bbox 384 674 1453 763">
    <p class='ocr_par' dir='ltr' id='par_1_14' title="bbox 384 674 1453 763">
     <span class='ocr_line' id='line_1_25' title="bbox 386 674 1453 716; baseline 0.003 -12"><span class='ocrx_word' id='word_1_151' title='bbox 386 684 484 714; x_wconf 86' lang='lat' dir='ltr'><strong>quarn</strong></span> <span class='ocrx_word' id='word_1_152' title='bbox 507 674 613 705; x_wconf 91' lang='lat' dir='ltr'><strong>videre</strong></span> <span class='ocrx_word' id='word_1_153' title='bbox 637 681 823 716; x_wconf 88' lang='lat' dir='ltr'><strong>potuerunt.</strong></span> <span class='ocrx_word' id='word_1_154' title='bbox 858 676 921 707; x_wconf 87' lang='lat' dir='ltr'><strong>Sed</strong></span> <span class='ocrx_word' id='word_1_155' title='bbox 948 677 1134 707; x_wconf 91' lang='lat' dir='ltr'><strong>hominibus</strong></span> <span class='ocrx_word' id='word_1_156' title='bbox 1161 687 1230 707; x_wconf 91' lang='lat' dir='ltr'><strong>non</strong></span> <span class='ocrx_word' id='word_1_157' title='bbox 1257 677 1453 716; x_wconf 88' lang='lat' dir='ltr'>promittitur</span> 
     </span>
     <span class='ocr_line' id='line_1_26' title="bbox 384 719 1453 763; baseline 0.002 -14"><span class='ocrx_word' id='word_1_158' title='bbox 384 719 445 749; x_wconf 90' lang='lat' dir='ltr'><strong>nisi</strong></span> <span class='ocrx_word' id='word_1_159' title='bbox 461 720 634 760; x_wconf 86' lang='lat' dir='ltr'><strong>aequalitas</strong></span> <span class='ocrx_word' id='word_1_160' title='bbox 651 721 855 760; x_wconf 88' lang='lat' dir='ltr'><strong>angelorum:</strong></span> <span class='ocrx_word' id='word_1_161' title='bbox 878 721 988 752; x_wconf 88' lang='lat' dir='ltr'><strong>Matth.</strong></span> <span class='ocrx_word' id='word_1_162' title='bbox 1003 731 1066 751; x_wconf 85' lang='lat' dir='ltr'><strong>xxn</strong></span> <span class='ocrx_word' id='word_1_163' title='bbox 1078 722 1104 757; x_wconf 45' lang='grc' dir='ltr'>ἡ</span> <span class='ocrx_word' id='word_1_164' title='bbox 1117 721 1227 751; x_wconf 89' lang='lat' dir='ltr'><strong>Erunt</strong></span> <span class='ocrx_word' id='word_1_165' title='bbox 1240 721 1323 752; x_wconf 87' lang='lat' dir='ltr'><strong>sicut</strong></span> <span class='ocrx_word' id='word_1_166' title='bbox 1341 721 1453 763; x_wconf 79' lang='lat' dir='ltr'><strong>angeli</strong></span> 
     </span>
    </p>
   </div>
   <div class='ocr_carea' id='block_1_15' title="bbox 383 763 1480 806">
    <p class='ocr_par' dir='ltr' id='par_1_15' title="bbox 383 763 1480 806">
     <span class='ocr_line' id='line_1_27' title="bbox 383 763 1480 806; baseline 0.004 -13"><span class='ocrx_word' id='word_1_167' title='bbox 383 763 447 793; x_wconf 90' lang='lat' dir='ltr'><strong>Dei</strong></span> <span class='ocrx_word' id='word_1_168' title='bbox 470 764 502 794; x_wconf 92' lang='lat' dir='ltr'><strong>in</strong></span> <span class='ocrx_word' id='word_1_169' title='bbox 527 765 628 795; x_wconf 86' lang='lat' dir='ltr'><strong>caelo.</strong></span> <span class='ocrx_word' id='word_1_170' title='bbox 653 765 738 804; x_wconf 88' lang='lat' dir='ltr'><strong>Ergo</strong></span> <span class='ocrx_word' id='word_1_171' title='bbox 763 775 823 795; x_wconf 89' lang='lat' dir='ltr'><strong>nec</strong></span> <span class='ocrx_word' id='word_1_172' title='bbox 847 766 946 796; x_wconf 90' lang='lat' dir='ltr'><strong>sancti</strong></span> <span class='ocrx_word' id='word_1_173' title='bbox 962 766 995 796; x_wconf 88' lang='lat' dir='ltr'><strong>in</strong></span> <span class='ocrx_word' id='word_1_174' title='bbox 1011 766 1111 806; x_wconf 89' lang='lat' dir='ltr'><strong>patria</strong></span> <span class='ocrx_word' id='word_1_175' title='bbox 1135 766 1242 796; x_wconf 91' lang='lat' dir='ltr'><strong>Deum</strong></span> <span class='ocrx_word' id='word_1_176' title='bbox 1265 775 1322 805; x_wconf 90' lang='lat' dir='ltr'><strong>per</strong></span> <span class='ocrx_word' id='word_1_177' title='bbox 1346 775 1451 796; x_wconf 88' lang='lat' dir='ltr'><strong>essen·</strong></span> <span class='ocrx_word' id='word_1_178' title='bbox 1478 797 1480 799; x_wconf 76' lang='grc'>,</span> 
     </span>
    </p>
   </div>
   <div class='ocr_carea' id='block_1_16' title="bbox 384 808 648 839">
    <p class='ocr_par' dir='ltr' id='par_1_16' title="bbox 384 808 648 839">
     <span class='ocr_line' id='line_1_28' title="bbox 384 808 648 839; baseline 0.008 -2"><span class='ocrx_word' id='word_1_179' title='bbox 384 809 461 838; x_wconf 89' lang='lat' dir='ltr'><strong>tiam</strong></span> <span class='ocrx_word' id='word_1_180' title='bbox 485 808 648 839; x_wconf 90' lang='lat' dir='ltr'><strong>videbunt.</strong></span> 
     </span>
    </p>
   </div>
   <div class='ocr_carea' id='block_1_17' title="bbox 441 853 1490 894">
    <p class='ocr_par' dir='ltr' id='par_1_17' title="bbox 441 853 1490 894">
     <span class='ocr_line' id='line_1_29' title="bbox 441 853 1490 894; baseline 0.003 -12"><span class='ocrx_word' id='word_1_181' title='bbox 441 862 470 882; x_wconf 90' lang='lat'><strong>2.</strong></span> <span class='ocrx_word' id='word_1_182' title='bbox 494 853 690 889; x_wconf 76' lang='lat' dir='ltr'><strong>PRAETEREA,</strong></span> <span class='ocrx_word' id='word_1_183' title='bbox 715 853 890 894; x_wconf 90' lang='lat' dir='ltr'><strong>Dionysius</strong></span> <span class='ocrx_word' id='word_1_184' title='bbox 914 854 958 884; x_wconf 87' lang='lat' dir='ltr'><strong>sic</strong></span> <span class='ocrx_word' id='word_1_185' title='bbox 983 859 1222 893; x_wconf 86' lang='lat' dir='ltr'><strong>argumentatur</strong></span> <span class='ocrx_word' id='word_1_186' title='bbox 1244 855 1278 884; x_wconf 91' lang='lat' dir='ltr'><strong>in</strong></span> <span class='ocrx_word' id='word_1_187' title='bbox 1297 865 1307 884; x_wconf 94' lang='lat'>1</span> <span class='ocrx_word' id='word_1_188' title='bbox 1327 864 1396 894; x_wconf 90' lang='lat' dir='ltr'><strong>cap.</strong></span> <span class='ocrx_word' id='word_1_189' title='bbox 1413 854 1452 885; x_wconf 83' lang='lat' dir='ltr'><strong>de</strong></span> <span class='ocrx_word' id='word_1_190' title='bbox 1468 861 1490 881; x_wconf 84' lang='lat'><strong>¹5</strong></span> 
     </span>
    </p>
   </div>
   <div class='ocr_carea' id='block_1_18' title="bbox 380 896 1452 1291">
    <p class='ocr_par' dir='ltr' id='par_1_18' title="bbox 382 896 1452 1112">
     <span class='ocr_line' id='line_1_30' title="bbox 383 896 1451 936; baseline 0.004 -11"><span class='ocrx_word' id='word_1_191' title='bbox 383 896 457 926; x_wconf 86' lang='lat' dir='ltr'><strong>Div.</strong></span> <span class='ocrx_word' id='word_1_192' title='bbox 483 897 578 926; x_wconf 91' lang='lat' dir='ltr'><strong>Nom.</strong></span> <span class='ocrx_word' id='word_1_193' title='bbox 599 898 616 913; x_wconf 44' lang='grc' dir='ltr'><strong>ὅθ</strong></span> <span class='ocrx_word' id='word_1_194' title='bbox 640 896 792 936; x_wconf 90' lang='lat' dir='ltr'><strong>Cognitio</strong></span> <span class='ocrx_word' id='word_1_195' title='bbox 825 907 892 927; x_wconf 91' lang='lat' dir='ltr'><strong>non</strong></span> <span class='ocrx_word' id='word_1_196' title='bbox 924 903 970 927; x_wconf 89' lang='lat' dir='ltr'><strong>est</strong></span> <span class='ocrx_word' id='word_1_197' title='bbox 1002 898 1062 927; x_wconf 92' lang='lat' dir='ltr'><strong>nisi</strong></span> <span class='ocrx_word' id='word_1_198' title='bbox 1095 898 1308 928; x_wconf 85' lang='lat' dir='ltr'><strong>existentium.</strong></span> <span class='ocrx_word' id='word_1_199' title='bbox 1344 898 1451 929; x_wconf 92' lang='lat' dir='ltr'><strong>Omne</strong></span> 
     </span>
     <span class='ocr_line' id='line_1_31' title="bbox 383 940 1451 982; baseline 0.003 -12"><span class='ocrx_word' id='word_1_200' title='bbox 383 946 491 970; x_wconf 90' lang='lat' dir='ltr'><strong>autem</strong></span> <span class='ocrx_word' id='word_1_201' title='bbox 524 941 660 970; x_wconf 84' lang='lat' dir='ltr'><strong>existens</strong></span> <span class='ocrx_word' id='word_1_202' title='bbox 692 940 820 971; x_wconf 91' lang='lat' dir='ltr'><strong>finitum</strong></span> <span class='ocrx_word' id='word_1_203' title='bbox 854 947 918 971; x_wconf 89' lang='lat' dir='ltr'><strong>est:</strong></span> <span class='ocrx_word' id='word_1_204' title='bbox 953 951 1029 971; x_wconf 92' lang='lat' dir='ltr'><strong>cum</strong></span> <span class='ocrx_word' id='word_1_205' title='bbox 1059 942 1099 971; x_wconf 92' lang='lat' dir='ltr'><strong>sit</strong></span> <span class='ocrx_word' id='word_1_206' title='bbox 1126 943 1160 972; x_wconf 93' lang='lat' dir='ltr'><strong>in</strong></span> <span class='ocrx_word' id='word_1_207' title='bbox 1192 942 1301 982; x_wconf 90' lang='lat' dir='ltr'><strong>aliquo</strong></span> <span class='ocrx_word' id='word_1_208' title='bbox 1334 952 1451 982; x_wconf 87' lang='lat' dir='ltr'><strong>genere</strong></span> 
     </span>
     <span class='ocr_line' id='line_1_32' title="bbox 383 984 1450 1026; baseline 0.002 -12"><span class='ocrx_word' id='word_1_209' title='bbox 383 984 638 1014; x_wconf 89' lang='lat' dir='ltr'><strong>determinatum.</strong></span> <span class='ocrx_word' id='word_1_210' title='bbox 672 984 713 1014; x_wconf 92' lang='lat' dir='ltr'><strong>Et</strong></span> <span class='ocrx_word' id='word_1_211' title='bbox 736 985 780 1015; x_wconf 86' lang='lat' dir='ltr'><strong>sic</strong></span> <span class='ocrx_word' id='word_1_212' title='bbox 804 985 909 1020; x_wconf 91' lang='lat' dir='ltr'><strong>Deus,</strong></span> <span class='ocrx_word' id='word_1_213' title='bbox 935 994 1010 1015; x_wconf 94' lang='lat' dir='ltr'><strong>cum</strong></span> <span class='ocrx_word' id='word_1_214' title='bbox 1037 984 1182 1015; x_wconf 90' lang='lat' dir='ltr'><strong>infinitus</strong></span> <span class='ocrx_word' id='word_1_215' title='bbox 1206 987 1258 1022; x_wconf 89' lang='lat' dir='ltr'><strong>sit,</strong></span> <span class='ocrx_word' id='word_1_216' title='bbox 1284 991 1331 1016; x_wconf 89' lang='lat' dir='ltr'><strong>est</strong></span> <span class='ocrx_word' id='word_1_217' title='bbox 1353 996 1450 1026; x_wconf 79' lang='lat' dir='ltr'><strong>super</strong></span> 
     </span>
     <span class='ocr_line' id='line_1_33' title="bbox 383 1028 1452 1069; baseline 0.002 -11"><span class='ocrx_word' id='word_1_218' title='bbox 383 1029 491 1058; x_wconf 89' lang='lat' dir='ltr'><strong>omnia</strong></span> <span class='ocrx_word' id='word_1_219' title='bbox 516 1028 685 1058; x_wconf 82' lang='lat' dir='ltr'><strong>existentia</strong></span> <span class='ocrx_word' id='word_1_220' title='bbox 702 1029 727 1058; x_wconf 40' lang='grc' dir='ltr'><strong>ὥ.</strong></span> <span class='ocrx_word' id='word_1_221' title='bbox 762 1029 848 1068; x_wconf 86' lang='lat' dir='ltr'><strong>Ergo</strong></span> <span class='ocrx_word' id='word_1_222' title='bbox 880 1029 947 1059; x_wconf 91' lang='lat' dir='ltr'><strong>eius</strong></span> <span class='ocrx_word' id='word_1_223' title='bbox 976 1038 1044 1059; x_wconf 91' lang='lat' dir='ltr'><strong>non</strong></span> <span class='ocrx_word' id='word_1_224' title='bbox 1069 1034 1116 1059; x_wconf 90' lang='lat' dir='ltr'><strong>est</strong></span> <span class='ocrx_word' id='word_1_225' title='bbox 1139 1030 1300 1069; x_wconf 89' lang='lat' dir='ltr'><strong>cognitio,</strong></span> <span class='ocrx_word' id='word_1_226' title='bbox 1325 1029 1381 1060; x_wconf 90' lang='lat' dir='ltr'><strong>sed</strong></span> <span class='ocrx_word' id='word_1_227' title='bbox 1405 1035 1452 1060; x_wconf 91' lang='lat' dir='ltr'><strong>est</strong></span> 
     </span>
     <span class='ocr_line' id='line_1_34' title="bbox 382 1073 732 1112; baseline 0 -10"><span class='ocrx_word' id='word_1_228' title='bbox 382 1082 477 1112; x_wconf 88' lang='lat' dir='ltr'><strong>super</strong></span> <span class='ocrx_word' id='word_1_229' title='bbox 501 1073 732 1112; x_wconf 88' lang='lat' dir='ltr'><strong>cognitionem.</strong></span> 
     </span>
    </p>

    <p class='ocr_par' dir='ltr' id='par_1_19' title="bbox 380 1116 1451 1291">
     <span class='ocr_line' id='line_1_35' title="bbox 440 1116 1450 1158; baseline 0.001 -11"><span class='ocrx_word' id='word_1_230' title='bbox 440 1117 467 1147; x_wconf 84' lang='lat'><strong>3.</strong></span> <span class='ocrx_word' id='word_1_231' title='bbox 492 1117 688 1153; x_wconf 64' lang='grc' dir='ltr'>ΡΚΑΕΤΕΒΕΑ,</span> <span class='ocrx_word' id='word_1_232' title='bbox 706 1117 892 1157; x_wconf 88' lang='lat' dir='ltr'><strong>Dionysius,</strong></span> <span class='ocrx_word' id='word_1_233' title='bbox 916 1117 949 1147; x_wconf 93' lang='lat' dir='ltr'><strong>in</strong></span> <span class='ocrx_word' id='word_1_234' title='bbox 973 1127 983 1146; x_wconf 90' lang='lat' dir='ltr'><strong>r</strong></span> <span class='ocrx_word' id='word_1_235' title='bbox 1007 1126 1077 1157; x_wconf 88' lang='lat' dir='ltr'><strong>cap.</strong></span> <span class='ocrx_word' id='word_1_236' title='bbox 1095 1116 1134 1147; x_wconf 84' lang='lat' dir='ltr'><strong>de</strong></span> <span class='ocrx_word' id='word_1_237' title='bbox 1150 1118 1292 1158; x_wconf 79' lang='lat' dir='ltr'><strong>Mystica</strong></span> <span class='ocrx_word' id='word_1_238' title='bbox 1314 1118 1450 1148; x_wconf 87' lang='lat' dir='ltr'><strong>Theolo-</strong></span> 
     </span>
     <span class='ocr_line' id='line_1_36' title="bbox 380 1160 1451 1202; baseline 0.001 -11"><span class='ocrx_word' id='word_1_239' title='bbox 380 1162 454 1202; x_wconf 85' lang='lat' dir='ltr'><strong>gia,</strong></span> <span class='ocrx_word' id='word_1_240' title='bbox 480 1161 619 1191; x_wconf 81' lang='lat' dir='ltr'><strong>ostendit</strong></span> <span class='ocrx_word' id='word_1_241' title='bbox 648 1160 738 1201; x_wconf 93' lang='lat' dir='ltr'><strong>quod</strong></span> <span class='ocrx_word' id='word_1_242' title='bbox 760 1160 1010 1201; x_wconf 89' lang='lat' dir='ltr'><strong>perfectissimus</strong></span> <span class='ocrx_word' id='word_1_243' title='bbox 1034 1161 1151 1192; x_wconf 88' lang='lat' dir='ltr'><strong>modus</strong></span> <span class='ocrx_word' id='word_1_244' title='bbox 1175 1171 1242 1202; x_wconf 95' lang='lat' dir='ltr'><strong>quo</strong></span> <span class='ocrx_word' id='word_1_245' title='bbox 1270 1162 1451 1192; x_wconf 89' lang='lat' dir='ltr'><strong>intellectus</strong></span> 
     </span>
     <span class='ocr_line' id='line_1_37' title="bbox 381 1206 1450 1246; baseline 0.001 -11"><span class='ocrx_word' id='word_1_246' title='bbox 381 1211 488 1236; x_wconf 86' lang='lat' dir='ltr'><strong>noster</strong></span> <span class='ocrx_word' id='word_1_247' title='bbox 505 1206 575 1236; x_wconf 90' lang='lat' dir='ltr'><strong>Deo</strong></span> <span class='ocrx_word' id='word_1_248' title='bbox 596 1206 750 1245; x_wconf 88' lang='lat' dir='ltr'><strong>coniungi</strong></span> <span class='ocrx_word' id='word_1_249' title='bbox 774 1211 889 1245; x_wconf 84' lang='lat' dir='ltr'><strong>potest,</strong></span> <span class='ocrx_word' id='word_1_250' title='bbox 907 1211 954 1236; x_wconf 91' lang='lat' dir='ltr'><strong>est</strong></span> <span class='ocrx_word' id='word_1_251' title='bbox 977 1206 1170 1246; x_wconf 85' lang='lat' dir='ltr'><strong>inquantum</strong></span> <span class='ocrx_word' id='word_1_252' title='bbox 1195 1207 1401 1246; x_wconf 86' lang='lat' dir='ltr'><strong>coniungitur</strong></span> <span class='ocrx_word' id='word_1_253' title='bbox 1421 1207 1450 1236; x_wconf 91' lang='lat' dir='ltr'><strong>ei</strong></span> 
     </span>
     <span class='ocr_line' id='line_1_38' title="bbox 380 1249 1450 1291; baseline 0.001 -11"><span class='ocrx_word' id='word_1_254' title='bbox 380 1256 416 1280; x_wconf 93' lang='lat' dir='ltr'><strong>ut</strong></span> <span class='ocrx_word' id='word_1_255' title='bbox 438 1251 561 1290; x_wconf 88' lang='lat' dir='ltr'><strong>ignoto.</strong></span> <span class='ocrx_word' id='word_1_256' title='bbox 594 1250 656 1281; x_wconf 90' lang='lat' dir='ltr'><strong>Sed</strong></span> <span class='ocrx_word' id='word_1_257' title='bbox 680 1249 759 1280; x_wconf 90' lang='lat' dir='ltr'><strong>illud</strong></span> <span class='ocrx_word' id='word_1_258' title='bbox 784 1250 874 1290; x_wconf 90' lang='lat' dir='ltr'><strong>quod</strong></span> <span class='ocrx_word' id='word_1_259' title='bbox 898 1255 944 1280; x_wconf 91' lang='lat' dir='ltr'><strong>est</strong></span> <span class='ocrx_word' id='word_1_260' title='bbox 967 1251 1073 1281; x_wconf 92' lang='lat' dir='ltr'><strong>visum</strong></span> <span class='ocrx_word' id='word_1_261' title='bbox 1097 1260 1153 1291; x_wconf 91' lang='lat' dir='ltr'><strong>per</strong></span> <span class='ocrx_word' id='word_1_262' title='bbox 1177 1251 1357 1287; x_wconf 87' lang='lat' dir='ltr'><strong>essentiam,</strong></span> <span class='ocrx_word' id='word_1_263' title='bbox 1381 1260 1450 1281; x_wconf 91' lang='lat' dir='ltr'><strong>non</strong></span> 
     </span>
    </p>
   </div>
   <div class='ocr_carea' id='block_1_19' title="bbox 382 1294 1489 1335">
    <p class='ocr_par' dir='ltr' id='par_1_20' title="bbox 382 1294 1489 1335">
     <span class='ocr_line' id='line_1_39' title="bbox 382 1294 1489 1335; baseline 0.001 -10"><span class='ocrx_word' id='word_1_264' title='bbox 382 1300 428 1325; x_wconf 89' lang='lat' dir='ltr'><strong>est</strong></span> <span class='ocrx_word' id='word_1_265' title='bbox 450 1295 609 1334; x_wconf 88' lang='lat' dir='ltr'><strong>ignotum.</strong></span> <span class='ocrx_word' id='word_1_266' title='bbox 634 1295 719 1335; x_wconf 88' lang='lat' dir='ltr'><strong>Ergo</strong></span> <span class='ocrx_word' id='word_1_267' title='bbox 744 1295 942 1335; x_wconf 92' lang='lat' dir='ltr'><strong>impossibile</strong></span> <span class='ocrx_word' id='word_1_268' title='bbox 963 1300 1009 1325; x_wconf 91' lang='lat' dir='ltr'><strong>est</strong></span> <span class='ocrx_word' id='word_1_269' title='bbox 1025 1294 1116 1335; x_wconf 89' lang='lat' dir='ltr'><strong>quod</strong></span> <span class='ocrx_word' id='word_1_270' title='bbox 1138 1295 1319 1326; x_wconf 89' lang='lat' dir='ltr'><strong>intellectus</strong></span> <span class='ocrx_word' id='word_1_271' title='bbox 1342 1300 1451 1326; x_wconf 83' lang='lat' dir='ltr'><strong>noster</strong></span> <span class='ocrx_word' id='word_1_272' title='bbox 1465 1305 1489 1325; x_wconf 84' lang='lat'><strong>²⁵</strong></span> 
     </span>
    </p>
   </div>
   <div class='ocr_carea' id='block_1_20' title="bbox 381 1338 1453 1514">
    <p class='ocr_par' dir='ltr' id='par_1_21' title="bbox 381 1338 899 1379">
     <span class='ocr_line' id='line_1_40' title="bbox 381 1338 899 1379; baseline 0 -10"><span class='ocrx_word' id='word_1_273' title='bbox 381 1349 438 1379; x_wconf 91' lang='lat' dir='ltr'><strong>per</strong></span> <span class='ocrx_word' id='word_1_274' title='bbox 462 1340 631 1369; x_wconf 85' lang='lat' dir='ltr'><strong>essentiam</strong></span> <span class='ocrx_word' id='word_1_275' title='bbox 655 1340 762 1370; x_wconf 91' lang='lat' dir='ltr'><strong>Deum</strong></span> <span class='ocrx_word' id='word_1_276' title='bbox 785 1338 899 1369; x_wconf 91' lang='lat' dir='ltr'><strong>videat.</strong></span> 
     </span>
    </p>

    <p class='ocr_par' dir='ltr' id='par_1_22' title="bbox 381 1384 1453 1514">
     <span class='ocr_line' id='line_1_41' title="bbox 437 1384 1450 1425; baseline 0.001 -11"><span class='ocrx_word' id='word_1_277' title='bbox 437 1393 468 1422; x_wconf 89' lang='lat'><strong>4.</strong></span> <span class='ocrx_word' id='word_1_278' title='bbox 494 1384 694 1419; x_wconf 72' lang='lat' dir='ltr'><strong>PRAETEREA,</strong></span> <span class='ocrx_word' id='word_1_279' title='bbox 719 1384 904 1424; x_wconf 82' lang='lat' dir='ltr'><strong>Dionysius,</strong></span> <span class='ocrx_word' id='word_1_280' title='bbox 933 1385 967 1414; x_wconf 91' lang='lat' dir='ltr'><strong>in</strong></span> <span class='ocrx_word' id='word_1_281' title='bbox 994 1384 1138 1425; x_wconf 86' lang='lat' dir='ltr'><strong>Epistola</strong></span> <span class='ocrx_word' id='word_1_282' title='bbox 1165 1384 1209 1414; x_wconf 84' lang='lat' dir='ltr'><strong>ad</strong></span> <span class='ocrx_word' id='word_1_283' title='bbox 1238 1384 1353 1415; x_wconf 90' lang='lat' dir='ltr'><strong>Caium</strong></span> <span class='ocrx_word' id='word_1_284' title='bbox 1377 1385 1450 1415; x_wconf 88' lang='lat' dir='ltr'><strong>Mo-</strong></span> 
     </span>
     <span class='ocr_line' id='line_1_42' title="bbox 382 1428 1451 1469; baseline 0.001 -11"><span class='ocrx_word' id='word_1_285' title='bbox 382 1429 518 1459; x_wconf 85' lang='lat' dir='ltr'><strong>nachum</strong></span> <span class='ocrx_word' id='word_1_286' title='bbox 538 1430 570 1464; x_wconf 62' lang='lat'><strong>*‚</strong></span> <span class='ocrx_word' id='word_1_287' title='bbox 603 1428 679 1459; x_wconf 86' lang='lat' dir='ltr'><strong>dicit</strong></span> <span class='ocrx_word' id='word_1_288' title='bbox 711 1428 800 1469; x_wconf 91' lang='lat' dir='ltr'><strong>quod</strong></span> <span class='ocrx_word' id='word_1_289' title='bbox 832 1429 1054 1469; x_wconf 83' lang='lat' dir='ltr'><strong>superpositae</strong></span> <span class='ocrx_word' id='word_1_290' title='bbox 1084 1429 1148 1459; x_wconf 90' lang='lat' dir='ltr'><strong>Dei</strong></span> <span class='ocrx_word' id='word_1_291' title='bbox 1180 1429 1339 1465; x_wconf 86' lang='lat' dir='ltr'><strong>tenebrae,</strong></span> <span class='ocrx_word' id='word_1_292' title='bbox 1371 1438 1451 1469; x_wconf 89' lang='lat' dir='ltr'><strong>quas</strong></span> 
     </span>
     <span class='ocr_line' id='line_1_43' title="bbox 381 1473 1453 1514; baseline 0.001 -11"><span class='ocrx_word' id='word_1_293' title='bbox 381 1473 612 1503; x_wconf 85' lang='lat' dir='ltr'><strong>abundantiam</strong></span> <span class='ocrx_word' id='word_1_294' title='bbox 632 1473 713 1504; x_wconf 85' lang='lat' dir='ltr'><strong>lucis</strong></span> <span class='ocrx_word' id='word_1_295' title='bbox 736 1473 884 1513; x_wconf 88' lang='lat' dir='ltr'><strong>appellat,</strong></span> <span class='ocrx_word' id='word_1_296' title='bbox 903 1474 1136 1514; x_wconf 83' lang='lat' dir='ltr'><strong>cooperiuntur</strong></span> <span class='ocrx_word' id='word_1_297' title='bbox 1159 1474 1248 1511; x_wconf 80' lang='lat' dir='ltr'><strong>omni</strong></span> <span class='ocrx_word' id='word_1_298' title='bbox 1271 1474 1396 1510; x_wconf 89' lang='lat' dir='ltr'><strong>lumini,</strong></span> <span class='ocrx_word' id='word_1_299' title='bbox 1421 1479 1453 1504; x_wconf 91' lang='lat' dir='ltr'><strong>et</strong></span> 
     </span>
    </p>
   </div>
   <div class='ocr_carea' id='block_1_21' title="bbox 381 1517 1492 1559">
    <p class='ocr_par' dir='ltr' id='par_1_23' title="bbox 381 1517 1492 1559">
     <span class='ocr_line' id='line_1_44' title="bbox 381 1517 1492 1559; baseline -0.001 -11"><span class='ocrx_word' id='word_1_300' title='bbox 381 1518 624 1548; x_wconf 83' lang='lat' dir='ltr'><strong>absconduntur</strong></span> <span class='ocrx_word' id='word_1_301' title='bbox 639 1517 727 1548; x_wconf 88' lang='lat' dir='ltr'><strong>omni</strong></span> <span class='ocrx_word' id='word_1_302' title='bbox 742 1518 944 1559; x_wconf 82' lang='lat' dir='ltr'><strong>cognitioni:</strong></span> <span class='ocrx_word' id='word_1_303' title='bbox 967 1523 998 1548; x_wconf 89' lang='lat' dir='ltr'><strong>et</strong></span> <span class='ocrx_word' id='word_1_304' title='bbox 1016 1518 1045 1549; x_wconf 89' lang='lat' dir='ltr'><strong>si</strong></span> <span class='ocrx_word' id='word_1_305' title='bbox 1072 1518 1190 1559; x_wconf 86' lang='lat' dir='ltr'><strong>aliquis</strong></span> <span class='ocrx_word' id='word_1_306' title='bbox 1214 1518 1322 1549; x_wconf 80' lang='lat' dir='ltr'><strong>videns</strong></span> <span class='ocrx_word' id='word_1_307' title='bbox 1345 1519 1451 1548; x_wconf 90' lang='lat' dir='ltr'><strong>Deum</strong></span> <span class='ocrx_word' id='word_1_308' title='bbox 1467 1526 1492 1547; x_wconf 81' lang='lat'><strong>³0</strong></span> 
     </span>
    </p>
   </div>
   <div class='ocr_carea' id='block_1_22' title="bbox 381 1562 1452 1736">
    <p class='ocr_par' dir='ltr' id='par_1_24' title="bbox 381 1562 1451 1692">
     <span class='ocr_line' id='line_1_45' title="bbox 382 1562 1451 1604; baseline 0.001 -12"><span class='ocrx_word' id='word_1_309' title='bbox 382 1562 541 1593; x_wconf 88' lang='lat' dir='ltr'><strong>intellexit</strong></span> <span class='ocrx_word' id='word_1_310' title='bbox 562 1562 649 1603; x_wconf 81' lang='lat' dir='ltr'><strong>quod</strong></span> <span class='ocrx_word' id='word_1_311' title='bbox 672 1562 759 1598; x_wconf 85' lang='lat' dir='ltr'><strong>vidit,</strong></span> <span class='ocrx_word' id='word_1_312' title='bbox 785 1572 850 1592; x_wconf 93' lang='lat' dir='ltr'><strong>non</strong></span> <span class='ocrx_word' id='word_1_313' title='bbox 876 1562 978 1602; x_wconf 83' lang='lat' dir='ltr'><strong>ipsum</strong></span> <span class='ocrx_word' id='word_1_314' title='bbox 1003 1563 1091 1599; x_wconf 76' lang='lat' dir='ltr'><strong>uidit,</strong></span> <span class='ocrx_word' id='word_1_315' title='bbox 1111 1563 1168 1593; x_wconf 85' lang='lat' dir='ltr'><strong>sed</strong></span> <span class='ocrx_word' id='word_1_316' title='bbox 1190 1563 1315 1604; x_wconf 83' lang='lat' dir='ltr'><strong>aliquid</strong></span> <span class='ocrx_word' id='word_1_317' title='bbox 1338 1572 1451 1593; x_wconf 89' lang='lat' dir='ltr'><strong>eorum</strong></span> 
     </span>
     <span class='ocr_line' id='line_1_46' title="bbox 381 1607 1451 1648; baseline 0.001 -11"><span class='ocrx_word' id='word_1_318' title='bbox 381 1617 463 1647; x_wconf 85' lang='lat' dir='ltr'><strong>quae</strong></span> <span class='ocrx_word' id='word_1_319' title='bbox 489 1613 565 1637; x_wconf 89' lang='lat' dir='ltr'><strong>sunt</strong></span> <span class='ocrx_word' id='word_1_320' title='bbox 595 1607 673 1637; x_wconf 88' lang='lat' dir='ltr'><strong>eius.</strong></span> <span class='ocrx_word' id='word_1_321' title='bbox 708 1607 794 1647; x_wconf 87' lang='lat' dir='ltr'><strong>Ergo</strong></span> <span class='ocrx_word' id='word_1_322' title='bbox 824 1607 932 1637; x_wconf 91' lang='lat' dir='ltr'><strong>nullus</strong></span> <span class='ocrx_word' id='word_1_323' title='bbox 964 1607 1144 1638; x_wconf 85' lang='lat' dir='ltr'><strong>intellectus</strong></span> <span class='ocrx_word' id='word_1_324' title='bbox 1178 1614 1301 1638; x_wconf 89' lang='lat' dir='ltr'><strong>creatus</strong></span> <span class='ocrx_word' id='word_1_325' title='bbox 1333 1608 1451 1648; x_wconf 87' lang='lat' dir='ltr'><strong>poterit</strong></span> 
     </span>
     <span class='ocr_line' id='line_1_47' title="bbox 382 1651 901 1692; baseline 0 -11"><span class='ocrx_word' id='word_1_326' title='bbox 382 1651 487 1681; x_wconf 92' lang='lat' dir='ltr'><strong>Deum</strong></span> <span class='ocrx_word' id='word_1_327' title='bbox 512 1661 569 1692; x_wconf 91' lang='lat' dir='ltr'><strong>per</strong></span> <span class='ocrx_word' id='word_1_328' title='bbox 594 1652 762 1682; x_wconf 84' lang='lat' dir='ltr'><strong>essentiam</strong></span> <span class='ocrx_word' id='word_1_329' title='bbox 785 1651 901 1681; x_wconf 91' lang='lat' dir='ltr'><strong>videre.</strong></span> 
     </span>
    </p>

    <p class='ocr_par' dir='ltr' id='par_1_25' title="bbox 439 1696 1452 1736">
     <span class='ocr_line' id='line_1_48' title="bbox 439 1696 1452 1736; baseline 0.001 -11"><span class='ocrx_word' id='word_1_330' title='bbox 439 1696 467 1726; x_wconf 88' lang='lat'><strong>5.</strong></span> <span class='ocrx_word' id='word_1_331' title='bbox 492 1696 695 1732; x_wconf 50' lang='lat' dir='ltr'><strong>Pallanum,</strong></span> <span class='ocrx_word' id='word_1_332' title='bbox 727 1696 809 1726; x_wconf 93' lang='lat' dir='ltr'><strong>sicut</strong></span> <span class='ocrx_word' id='word_1_333' title='bbox 839 1696 1015 1736; x_wconf 92' lang='lat' dir='ltr'><strong>Dionysius</strong></span> <span class='ocrx_word' id='word_1_334' title='bbox 1046 1696 1138 1732; x_wconf 92' lang='lat' dir='ltr'><strong>dicit,</strong></span> <span class='ocrx_word' id='word_1_335' title='bbox 1170 1697 1203 1726; x_wconf 91' lang='lat' dir='ltr'><strong>in</strong></span> <span class='ocrx_word' id='word_1_336' title='bbox 1234 1696 1379 1736; x_wconf 91' lang='lat' dir='ltr'><strong>Epistola</strong></span> <span class='ocrx_word' id='word_1_337' title='bbox 1408 1696 1452 1726; x_wconf 87' lang='lat' dir='ltr'><strong>ad</strong></span> 
     </span>
    </p>
   </div>
   <div class='ocr_carea' id='block_1_23' title="bbox 382 1739 1489 1781">
    <p class='ocr_par' dir='ltr' id='par_1_26' title="bbox 382 1739 1489 1781">
     <span class='ocr_line' id='line_1_49' title="bbox 382 1739 1489 1781; baseline 0.001 -12"><span class='ocrx_word' id='word_1_338' title='bbox 382 1739 596 1770; x_wconf 85' lang='lat' dir='ltr'><strong>Hierotheum</strong></span> <span class='ocrx_word' id='word_1_339' title='bbox 612 1741 642 1770; x_wconf 69' lang='lat' dir='ltr'><strong>*z</strong></span> <span class='ocrx_word' id='word_1_340' title='bbox 663 1740 838 1770; x_wconf 84' lang='lat' dir='ltr'><strong>Invisibilis</strong></span> <span class='ocrx_word' id='word_1_341' title='bbox 854 1740 981 1780; x_wconf 86' lang='lat' dir='ltr'><strong>quidem</strong></span> <span class='ocrx_word' id='word_1_342' title='bbox 997 1741 1087 1771; x_wconf 86' lang='lat' dir='ltr'><strong>Deus</strong></span> <span class='ocrx_word' id='word_1_343' title='bbox 1102 1746 1149 1771; x_wconf 91' lang='lat' dir='ltr'><strong>est</strong></span> <span class='ocrx_word' id='word_1_344' title='bbox 1164 1741 1304 1771; x_wconf 85' lang='lat' dir='ltr'><strong>existens</strong></span> <span class='ocrx_word' id='word_1_345' title='bbox 1313 1746 1452 1781; x_wconf 83' lang='lat' dir='ltr'><strong>propter</strong></span> <span class='ocrx_word' id='word_1_346' title='bbox 1467 1752 1489 1772; x_wconf 64' lang='grc' dir='ltr'><strong>ης</strong></span> 
     </span>
    </p>
   </div>
   <div class='ocr_carea' id='block_1_24' title="bbox 381 1783 1452 1957">
    <p class='ocr_par' dir='ltr' id='par_1_27' title="bbox 381 1783 1452 1957">
     <span class='ocr_line' id='line_1_50' title="bbox 383 1783 1452 1821; baseline 0.001 -7"><span class='ocrx_word' id='word_1_347' title='bbox 383 1784 585 1815; x_wconf 85' lang='lat' dir='ltr'><strong>excedentem</strong></span> <span class='ocrx_word' id='word_1_348' title='bbox 619 1785 810 1815; x_wconf 88' lang='lat' dir='ltr'><strong>claritatem.</strong></span> <span class='ocrx_word' id='word_1_349' title='bbox 846 1783 908 1815; x_wconf 89' lang='lat' dir='ltr'><strong>Sed</strong></span> <span class='ocrx_word' id='word_1_350' title='bbox 941 1785 1064 1815; x_wconf 86' lang='lat' dir='ltr'><strong>claritas</strong></span> <span class='ocrx_word' id='word_1_351' title='bbox 1095 1785 1179 1821; x_wconf 92' lang='lat' dir='ltr'><strong>eius,</strong></span> <span class='ocrx_word' id='word_1_352' title='bbox 1211 1786 1294 1815; x_wconf 91' lang='lat' dir='ltr'><strong>sicut</strong></span> <span class='ocrx_word' id='word_1_353' title='bbox 1327 1784 1452 1815; x_wconf 89' lang='lat' dir='ltr'><strong>excedit</strong></span> 
     </span>
     <span class='ocr_line' id='line_1_51' title="bbox 381 1829 1451 1865; baseline 0.001 -7"><span class='ocrx_word' id='word_1_354' title='bbox 381 1829 579 1859; x_wconf 90' lang='lat' dir='ltr'><strong>intellectum</strong></span> <span class='ocrx_word' id='word_1_355' title='bbox 603 1829 743 1859; x_wconf 89' lang='lat' dir='ltr'><strong>hominis</strong></span> <span class='ocrx_word' id='word_1_356' title='bbox 760 1829 793 1858; x_wconf 93' lang='lat' dir='ltr'><strong>in</strong></span> <span class='ocrx_word' id='word_1_357' title='bbox 809 1830 868 1865; x_wconf 92' lang='lat' dir='ltr'><strong>via,</strong></span> <span class='ocrx_word' id='word_1_358' title='bbox 886 1829 929 1858; x_wconf 85' lang='lat' dir='ltr'><strong>ita</strong></span> <span class='ocrx_word' id='word_1_359' title='bbox 945 1829 1069 1859; x_wconf 88' lang='lat' dir='ltr'><strong>excedit</strong></span> <span class='ocrx_word' id='word_1_360' title='bbox 1091 1829 1292 1860; x_wconf 89' lang='lat' dir='ltr'><strong>intellectum</strong></span> <span class='ocrx_word' id='word_1_361' title='bbox 1311 1829 1451 1860; x_wconf 90' lang='lat' dir='ltr'><strong>hominis</strong></span> 
     </span>
     <span class='ocr_line' id='line_1_52' title="bbox 381 1873 1450 1913; baseline 0.002 -11"><span class='ocrx_word' id='word_1_362' title='bbox 381 1873 414 1903; x_wconf 90' lang='lat' dir='ltr'><strong>in</strong></span> <span class='ocrx_word' id='word_1_363' title='bbox 438 1874 548 1913; x_wconf 90' lang='lat' dir='ltr'><strong>patria.</strong></span> <span class='ocrx_word' id='word_1_364' title='bbox 573 1873 669 1913; x_wconf 89' lang='lat' dir='ltr'><strong>Ergo,</strong></span> <span class='ocrx_word' id='word_1_365' title='bbox 694 1874 776 1903; x_wconf 91' lang='lat' dir='ltr'><strong>sicut</strong></span> <span class='ocrx_word' id='word_1_366' title='bbox 800 1879 846 1903; x_wconf 92' lang='lat' dir='ltr'><strong>est</strong></span> <span class='ocrx_word' id='word_1_367' title='bbox 870 1873 1034 1904; x_wconf 90' lang='lat' dir='ltr'><strong>invisibilis</strong></span> <span class='ocrx_word' id='word_1_368' title='bbox 1057 1874 1092 1904; x_wconf 92' lang='lat' dir='ltr'><strong>in</strong></span> <span class='ocrx_word' id='word_1_369' title='bbox 1114 1875 1175 1910; x_wconf 87' lang='lat' dir='ltr'><strong>via,</strong></span> <span class='ocrx_word' id='word_1_370' title='bbox 1195 1875 1238 1904; x_wconf 92' lang='lat' dir='ltr'><strong>ita</strong></span> <span class='ocrx_word' id='word_1_371' title='bbox 1262 1874 1320 1904; x_wconf 88' lang='lat' dir='ltr'><strong>erit</strong></span> <span class='ocrx_word' id='word_1_372' title='bbox 1343 1874 1450 1904; x_wconf 91' lang='lat' dir='ltr'><strong>invisi-</strong></span> 
     </span>
     <span class='ocr_line' id='line_1_53' title="bbox 382 1917 641 1957; baseline 0 -10"><span class='ocrx_word' id='word_1_373' title='bbox 382 1917 452 1947; x_wconf 92' lang='lat' dir='ltr'><strong>bilis</strong></span> <span class='ocrx_word' id='word_1_374' title='bbox 475 1919 508 1947; x_wconf 92' lang='lat' dir='ltr'><strong>in</strong></span> <span class='ocrx_word' id='word_1_375' title='bbox 532 1918 641 1957; x_wconf 87' lang='lat' dir='ltr'><strong>patria.</strong></span> 
     </span>
    </p>
   </div>
   <div class='ocr_carea' id='block_1_25' title="bbox 1099 154 1867 202">
    <p class='ocr_par' dir='ltr' id='par_1_28' title="bbox 1099 154 1867 202">
     <span class='ocr_line' id='line_1_54' title="bbox 1099 154 1867 202; baseline -0.004 -9"><span class='ocrx_word' id='word_1_376' title='bbox 1099 155 1362 202; x_wconf 90' lang='lat' dir='ltr'><strong>QUAESTIO</strong></span> <span class='ocrx_word' id='word_1_377' title='bbox 1393 154 1505 200; x_wconf 83' lang='lat' dir='ltr'>XCII,</span> <span class='ocrx_word' id='word_1_378' title='bbox 1531 154 1825 192; x_wconf 90' lang='lat' dir='ltr'><strong>ARTICULUS</strong></span> <span class='ocrx_word' id='word_1_379' title='bbox 1853 155 1867 190; x_wconf 95' lang='grc' dir='ltr'>Ι</span> 
     </span>
    </p>
   </div>
   <div class='ocr_carea' id='block_1_26' title="bbox 1505 233 2614 1960">
    <p class='ocr_par' dir='ltr' id='par_1_29' title="bbox 1507 233 2577 672">
     <span class='ocr_line' id='line_1_55' title="bbox 1510 233 2574 275; baseline 0.002 -13"><span class='ocrx_word' id='word_1_380' title='bbox 1510 238 1541 263; x_wconf 91' lang='lat' dir='ltr'><strong>et</strong></span> <span class='ocrx_word' id='word_1_381' title='bbox 1557 233 1644 263; x_wconf 90' lang='lat' dir='ltr'><strong>Deus</strong></span> <span class='ocrx_word' id='word_1_382' title='bbox 1660 242 1728 263; x_wconf 90' lang='lat' dir='ltr'><strong>non</strong></span> <span class='ocrx_word' id='word_1_383' title='bbox 1748 238 1795 263; x_wconf 89' lang='lat' dir='ltr'><strong>est</strong></span> <span class='ocrx_word' id='word_1_384' title='bbox 1810 233 1843 262; x_wconf 92' lang='lat' dir='ltr'><strong>in</strong></span> <span class='ocrx_word' id='word_1_385' title='bbox 1859 233 2024 263; x_wconf 86' lang='lat' dir='ltr'><strong>intellectu</strong></span> <span class='ocrx_word' id='word_1_386' title='bbox 2039 238 2161 270; x_wconf 89' lang='lat' dir='ltr'><strong>nostro,</strong></span> <span class='ocrx_word' id='word_1_387' title='bbox 2179 239 2215 264; x_wconf 91' lang='lat' dir='ltr'><strong>ut</strong></span> <span class='ocrx_word' id='word_1_388' title='bbox 2229 234 2421 275; x_wconf 87' lang='lat' dir='ltr'><strong>intelligatur</strong></span> <span class='ocrx_word' id='word_1_389' title='bbox 2438 245 2455 265; x_wconf 91' lang='lat' dir='ltr'><strong>a</strong></span> <span class='ocrx_word' id='word_1_390' title='bbox 2471 235 2574 270; x_wconf 86' lang='lat' dir='ltr'><strong>nobis,</strong></span> 
     </span>
     <span class='ocr_line' id='line_1_56' title="bbox 1509 277 2576 317; baseline 0.001 -10"><span class='ocrx_word' id='word_1_391' title='bbox 1509 277 1570 307; x_wconf 88' lang='lat' dir='ltr'><strong>nisi</strong></span> <span class='ocrx_word' id='word_1_392' title='bbox 1596 277 1789 317; x_wconf 90' lang='lat' dir='ltr'><strong>inquantum</strong></span> <span class='ocrx_word' id='word_1_393' title='bbox 1819 277 1986 316; x_wconf 89' lang='lat' dir='ltr'><strong>impressio</strong></span> <span class='ocrx_word' id='word_1_394' title='bbox 2011 277 2079 308; x_wconf 89' lang='lat' dir='ltr'><strong>eius</strong></span> <span class='ocrx_word' id='word_1_395' title='bbox 2104 282 2151 307; x_wconf 91' lang='lat' dir='ltr'><strong>est</strong></span> <span class='ocrx_word' id='word_1_396' title='bbox 2173 278 2206 308; x_wconf 90' lang='lat' dir='ltr'><strong>in</strong></span> <span class='ocrx_word' id='word_1_397' title='bbox 2229 278 2404 310; x_wconf 86' lang='lat' dir='ltr'><strong>intellectu.</strong></span> <span class='ocrx_word' id='word_1_398' title='bbox 2438 278 2502 310; x_wconf 86' lang='lat' dir='ltr'><strong>Sed</strong></span> <span class='ocrx_word' id='word_1_399' title='bbox 2524 279 2576 309; x_wconf 84' lang='lat' dir='ltr'><strong>illa</strong></span> 
     </span>
     <span class='ocr_line' id='line_1_57' title="bbox 1509 321 2576 361; baseline 0.003 -10"><span class='ocrx_word' id='word_1_400' title='bbox 1509 321 1676 361; x_wconf 88' lang='lat' dir='ltr'><strong>impressio</strong></span> <span class='ocrx_word' id='word_1_401' title='bbox 1693 331 1761 351; x_wconf 92' lang='lat' dir='ltr'><strong>non</strong></span> <span class='ocrx_word' id='word_1_402' title='bbox 1777 326 1883 361; x_wconf 88' lang='lat' dir='ltr'><strong>potest</strong></span> <span class='ocrx_word' id='word_1_403' title='bbox 1902 321 2018 351; x_wconf 90' lang='lat' dir='ltr'><strong>ducere</strong></span> <span class='ocrx_word' id='word_1_404' title='bbox 2035 322 2067 351; x_wconf 91' lang='lat' dir='ltr'><strong>in</strong></span> <span class='ocrx_word' id='word_1_405' title='bbox 2085 322 2305 361; x_wconf 86' lang='lat' dir='ltr'><strong>cognitionem</strong></span> <span class='ocrx_word' id='word_1_406' title='bbox 2328 322 2454 354; x_wconf 89' lang='lat' dir='ltr'><strong>divinae</strong></span> <span class='ocrx_word' id='word_1_407' title='bbox 2470 333 2576 354; x_wconf 90' lang='lat' dir='ltr'><strong>essen-</strong></span> 
     </span>
     <span class='ocr_line' id='line_1_58' title="bbox 1509 364 2576 408; baseline 0.003 -13"><span class='ocrx_word' id='word_1_408' title='bbox 1509 366 1589 395; x_wconf 86' lang='lat' dir='ltr'><strong>tiae:</strong></span> <span class='ocrx_word' id='word_1_409' title='bbox 1616 366 1700 405; x_wconf 88' lang='lat' dir='ltr'><strong>quia,</strong></span> <span class='ocrx_word' id='word_1_410' title='bbox 1721 375 1796 396; x_wconf 89' lang='lat' dir='ltr'><strong>cum</strong></span> <span class='ocrx_word' id='word_1_411' title='bbox 1813 366 1845 395; x_wconf 89' lang='lat' dir='ltr'><strong>in</strong></span> <span class='ocrx_word' id='word_1_412' title='bbox 1862 364 2024 396; x_wconf 89' lang='lat' dir='ltr'><strong>infinitum</strong></span> <span class='ocrx_word' id='word_1_413' title='bbox 2047 365 2140 396; x_wconf 89' lang='lat' dir='ltr'><strong>distet</strong></span> <span class='ocrx_word' id='word_1_414' title='bbox 2156 376 2173 396; x_wconf 90' lang='lat' dir='ltr'><strong>a</strong></span> <span class='ocrx_word' id='word_1_415' title='bbox 2190 365 2296 396; x_wconf 92' lang='lat' dir='ltr'><strong>divina</strong></span> <span class='ocrx_word' id='word_1_416' title='bbox 2319 367 2464 403; x_wconf 80' lang='lat' dir='ltr'><strong>essentia,</strong></span> <span class='ocrx_word' id='word_1_417' title='bbox 2481 367 2576 408; x_wconf 88' lang='lat' dir='ltr'><strong>dege-</strong></span> 
     </span>
     <span class='ocr_line' id='line_1_59' title="bbox 1508 409 2576 451; baseline 0.002 -11"><span class='ocrx_word' id='word_1_418' title='bbox 1508 415 1597 440; x_wconf 90' lang='lat' dir='ltr'><strong>nerat</strong></span> <span class='ocrx_word' id='word_1_419' title='bbox 1620 411 1654 440; x_wconf 88' lang='lat' dir='ltr'><strong>in</strong></span> <span class='ocrx_word' id='word_1_420' title='bbox 1677 410 1771 440; x_wconf 88' lang='lat' dir='ltr'><strong>aliam</strong></span> <span class='ocrx_word' id='word_1_421' title='bbox 1795 410 1955 449; x_wconf 90' lang='lat' dir='ltr'><strong>speciem;</strong></span> <span class='ocrx_word' id='word_1_422' title='bbox 1986 409 2090 440; x_wconf 89' lang='lat' dir='ltr'><strong>multo</strong></span> <span class='ocrx_word' id='word_1_423' title='bbox 2119 410 2256 450; x_wconf 89' lang='lat' dir='ltr'><strong>amplius</strong></span> <span class='ocrx_word' id='word_1_424' title='bbox 2284 420 2382 451; x_wconf 90' lang='lat' dir='ltr'><strong>quam</strong></span> <span class='ocrx_word' id='word_1_425' title='bbox 2406 411 2432 442; x_wconf 87' lang='lat' dir='ltr'><strong>si</strong></span> <span class='ocrx_word' id='word_1_426' title='bbox 2454 411 2576 451; x_wconf 90' lang='lat' dir='ltr'><strong>species</strong></span> 
     </span>
     <span class='ocr_line' id='line_1_60' title="bbox 1509 454 2577 495; baseline 0.002 -11"><span class='ocrx_word' id='word_1_427' title='bbox 1509 454 1571 484; x_wconf 87' lang='lat' dir='ltr'><strong>albi</strong></span> <span class='ocrx_word' id='word_1_428' title='bbox 1595 454 1800 494; x_wconf 87' lang='lat' dir='ltr'><strong>degeneraret</strong></span> <span class='ocrx_word' id='word_1_429' title='bbox 1823 454 1857 484; x_wconf 91' lang='lat' dir='ltr'><strong>in</strong></span> <span class='ocrx_word' id='word_1_430' title='bbox 1880 454 2021 493; x_wconf 89' lang='lat' dir='ltr'><strong>speciem</strong></span> <span class='ocrx_word' id='word_1_431' title='bbox 2040 455 2132 495; x_wconf 89' lang='lat' dir='ltr'><strong>nigri.</strong></span> <span class='ocrx_word' id='word_1_432' title='bbox 2156 455 2253 495; x_wconf 90' lang='lat' dir='ltr'><strong>Ergo,</strong></span> <span class='ocrx_word' id='word_1_433' title='bbox 2270 455 2352 485; x_wconf 91' lang='lat' dir='ltr'><strong>sicut</strong></span> <span class='ocrx_word' id='word_1_434' title='bbox 2367 455 2420 486; x_wconf 89' lang='lat' dir='ltr'><strong>ille</strong></span> <span class='ocrx_word' id='word_1_435' title='bbox 2436 456 2469 486; x_wconf 87' lang='lat' dir='ltr'><strong>in</strong></span> <span class='ocrx_word' id='word_1_436' title='bbox 2485 456 2577 486; x_wconf 90' lang='lat' dir='ltr'><strong>cuius</strong></span> 
     </span>
     <span class='ocr_line' id='line_1_61' title="bbox 1508 498 2577 540; baseline 0.002 -12"><span class='ocrx_word' id='word_1_437' title='bbox 1508 499 1578 529; x_wconf 90' lang='lat' dir='ltr'><strong>visu</strong></span> <span class='ocrx_word' id='word_1_438' title='bbox 1599 499 1724 538; x_wconf 77' lang='lat' dir='ltr'><strong>&#39;species</strong></span> <span class='ocrx_word' id='word_1_439' title='bbox 1749 498 1811 529; x_wconf 91' lang='lat' dir='ltr'><strong>albi</strong></span> <span class='ocrx_word' id='word_1_440' title='bbox 1840 498 2010 538; x_wconf 87' lang='lat' dir='ltr'><strong>degenerat</strong></span> <span class='ocrx_word' id='word_1_441' title='bbox 2036 499 2070 528; x_wconf 89' lang='lat' dir='ltr'><strong>in</strong></span> <span class='ocrx_word' id='word_1_442' title='bbox 2096 499 2238 539; x_wconf 88' lang='lat' dir='ltr'><strong>speciem</strong></span> <span class='ocrx_word' id='word_1_443' title='bbox 2265 499 2347 539; x_wconf 80' lang='lat' dir='ltr'><strong>nigri</strong></span> <span class='ocrx_word' id='word_1_444' title='bbox 2374 505 2506 540; x_wconf 89' lang='lat' dir='ltr'><strong>propter</strong></span> <span class='ocrx_word' id='word_1_445' title='bbox 2528 500 2577 530; x_wconf 90' lang='lat' dir='ltr'><strong>in-</strong></span> 
     </span>
     <span class='ocr_line' id='line_1_62' title="bbox 1509 542 2576 583; baseline 0.001 -10"><span class='ocrx_word' id='word_1_446' title='bbox 1509 542 1753 583; x_wconf 72' lang='lat' dir='ltr'><strong>dispositionem</strong></span> <span class='ocrx_word' id='word_1_447' title='bbox 1777 543 1898 583; x_wconf 90' lang='lat' dir='ltr'><strong>organi,</strong></span> <span class='ocrx_word' id='word_1_448' title='bbox 1922 552 1990 573; x_wconf 89' lang='lat' dir='ltr'><strong>non</strong></span> <span class='ocrx_word' id='word_1_449' title='bbox 2014 542 2130 573; x_wconf 85' lang='lat' dir='ltr'><strong>dicitur</strong></span> <span class='ocrx_word' id='word_1_450' title='bbox 2152 542 2260 574; x_wconf 91' lang='lat' dir='ltr'><strong>videre</strong></span> <span class='ocrx_word' id='word_1_451' title='bbox 2284 543 2413 580; x_wconf 90' lang='lat' dir='ltr'><strong>album;</strong></span> <span class='ocrx_word' id='word_1_452' title='bbox 2445 544 2489 574; x_wconf 94' lang='lat' dir='ltr'><strong>ita</strong></span> <span class='ocrx_word' id='word_1_453' title='bbox 2515 553 2576 574; x_wconf 91' lang='lat' dir='ltr'><strong>nec</strong></span> 
     </span>
     <span class='ocr_line' id='line_1_63' title="bbox 1507 587 2577 628; baseline 0.002 -11"><span class='ocrx_word' id='word_1_454' title='bbox 1507 587 1687 618; x_wconf 89' lang='lat' dir='ltr'><strong>intellectus</strong></span> <span class='ocrx_word' id='word_1_455' title='bbox 1711 592 1829 623; x_wconf 90' lang='lat' dir='ltr'><strong>noster,</strong></span> <span class='ocrx_word' id='word_1_456' title='bbox 1847 587 1903 627; x_wconf 92' lang='lat' dir='ltr'><strong>qui</strong></span> <span class='ocrx_word' id='word_1_457' title='bbox 1919 587 2026 618; x_wconf 91' lang='lat' dir='ltr'><strong>solum</strong></span> <span class='ocrx_word' id='word_1_458' title='bbox 2049 597 2106 627; x_wconf 90' lang='lat' dir='ltr'><strong>per</strong></span> <span class='ocrx_word' id='word_1_459' title='bbox 2121 587 2309 618; x_wconf 87' lang='lat' dir='ltr'><strong>huiusmodi</strong></span> <span class='ocrx_word' id='word_1_460' title='bbox 2331 588 2577 628; x_wconf 88' lang='lat' dir='ltr'><strong>impressionem</strong></span> 
     </span>
     <span class='ocr_line' id='line_1_64' title="bbox 1508 631 2449 672; baseline 0.001 -10"><span class='ocrx_word' id='word_1_461' title='bbox 1508 632 1615 662; x_wconf 91' lang='lat' dir='ltr'><strong>Deum</strong></span> <span class='ocrx_word' id='word_1_462' title='bbox 1638 632 1794 672; x_wconf 90' lang='lat' dir='ltr'><strong>intelligit,</strong></span> <span class='ocrx_word' id='word_1_463' title='bbox 1820 641 1895 662; x_wconf 90' lang='lat' dir='ltr'><strong>eum</strong></span> <span class='ocrx_word' id='word_1_464' title='bbox 1918 641 1976 671; x_wconf 91' lang='lat' dir='ltr'><strong>per</strong></span> <span class='ocrx_word' id='word_1_465' title='bbox 1999 632 2169 662; x_wconf 85' lang='lat' dir='ltr'><strong>essentiam</strong></span> <span class='ocrx_word' id='word_1_466' title='bbox 2191 633 2310 672; x_wconf 89' lang='lat' dir='ltr'><strong>poterit</strong></span> <span class='ocrx_word' id='word_1_467' title='bbox 2332 631 2449 663; x_wconf 88' lang='lat' dir='ltr'><strong>videre.</strong></span> 
     </span>
    </p>

    <p class='ocr_par' dir='ltr' id='par_1_30' title="bbox 1506 676 2614 939">
     <span class='ocr_line' id='line_1_65' title="bbox 1567 676 2578 716; baseline 0.001 -10"><span class='ocrx_word' id='word_1_468' title='bbox 1567 684 1615 706; x_wconf 93' lang='lat'><strong>10.</strong></span> <span class='ocrx_word' id='word_1_469' title='bbox 1641 677 1837 712; x_wconf 65' lang='lat' dir='ltr'><strong>Pmsrsam,</strong></span> <span class='ocrx_word' id='word_1_470' title='bbox 1862 676 1894 706; x_wconf 89' lang='lat' dir='ltr'><strong>in</strong></span> <span class='ocrx_word' id='word_1_471' title='bbox 1920 676 2013 707; x_wconf 87' lang='lat' dir='ltr'><strong>rebus</strong></span> <span class='ocrx_word' id='word_1_472' title='bbox 2036 676 2196 716; x_wconf 84' lang='lat' dir='ltr'><strong>separatis</strong></span> <span class='ocrx_word' id='word_1_473' title='bbox 2219 686 2239 706; x_wconf 89' lang='lat' dir='ltr'><strong>a</strong></span> <span class='ocrx_word' id='word_1_474' title='bbox 2263 677 2402 707; x_wconf 86' lang='lat' dir='ltr'><strong>materia</strong></span> <span class='ocrx_word' id='word_1_475' title='bbox 2425 676 2508 707; x_wconf 85' lang='lat' dir='ltr'><strong>idem</strong></span> <span class='ocrx_word' id='word_1_476' title='bbox 2531 681 2578 707; x_wconf 88' lang='lat' dir='ltr'><strong>est</strong></span> 
     </span>
     <span class='ocr_line' id='line_1_66' title="bbox 1508 721 2614 762; baseline 0 -11"><span class='ocrx_word' id='word_1_477' title='bbox 1508 721 1693 762; x_wconf 83' lang='lat' dir='ltr'><strong>intelligens</strong></span> <span class='ocrx_word' id='word_1_478' title='bbox 1709 726 1740 751; x_wconf 92' lang='lat' dir='ltr'><strong>et</strong></span> <span class='ocrx_word' id='word_1_479' title='bbox 1754 721 1841 761; x_wconf 84' lang='lat' dir='ltr'><strong>quod</strong></span> <span class='ocrx_word' id='word_1_480' title='bbox 1865 721 2080 762; x_wconf 85' lang='lat' dir='ltr'><strong>intelligitur:</strong></span> <span class='ocrx_word' id='word_1_481' title='bbox 2103 726 2139 751; x_wconf 92' lang='lat' dir='ltr'><strong>ut</strong></span> <span class='ocrx_word' id='word_1_482' title='bbox 2154 725 2242 761; x_wconf 85' lang='lat' dir='ltr'><strong>patet</strong></span> <span class='ocrx_word' id='word_1_483' title='bbox 2257 721 2291 751; x_wconf 90' lang='lat' dir='ltr'><strong>in</strong></span> <span class='ocrx_word' id='word_1_484' title='bbox 2307 721 2349 751; x_wconf 89' lang='lat'><strong>111</strong></span> <span class='ocrx_word' id='word_1_485' title='bbox 2365 721 2404 752; x_wconf 85' lang='lat' dir='ltr'><strong>de</strong></span> <span class='ocrx_word' id='word_1_486' title='bbox 2419 721 2537 752; x_wconf 86' lang='lat' dir='ltr'><strong>Anima</strong></span> <span class='ocrx_word' id='word_1_487' title='bbox 2549 721 2575 751; x_wconf 59' lang='lat'><strong>⁹.</strong></span> <span class='ocrx_word' id='word_1_488' title='bbox 2604 722 2614 732; x_wconf 86' lang='lat'>&#39;</span> 
     </span>
     <span class='ocr_line' id='line_1_67' title="bbox 1508 764 2576 806; baseline 0.001 -11"><span class='ocrx_word' id='word_1_489' title='bbox 1508 765 1570 796; x_wconf 91' lang='lat' dir='ltr'><strong>Sed</strong></span> <span class='ocrx_word' id='word_1_490' title='bbox 1601 766 1689 796; x_wconf 92' lang='lat' dir='ltr'><strong>Deus</strong></span> <span class='ocrx_word' id='word_1_491' title='bbox 1722 771 1768 796; x_wconf 89' lang='lat' dir='ltr'><strong>est</strong></span> <span class='ocrx_word' id='word_1_492' title='bbox 1797 766 1936 795; x_wconf 86' lang='lat' dir='ltr'><strong>maxime</strong></span> <span class='ocrx_word' id='word_1_493' title='bbox 1964 775 1982 795; x_wconf 93' lang='lat' dir='ltr'><strong>a</strong></span> <span class='ocrx_word' id='word_1_494' title='bbox 2010 766 2141 796; x_wconf 82' lang='lat' dir='ltr'><strong>materia</strong></span> <span class='ocrx_word' id='word_1_495' title='bbox 2173 770 2345 805; x_wconf 90' lang='lat' dir='ltr'><strong>separatus.</strong></span> <span class='ocrx_word' id='word_1_496' title='bbox 2380 764 2467 796; x_wconf 91' lang='lat' dir='ltr'><strong>Cum</strong></span> <span class='ocrx_word' id='word_1_497' title='bbox 2500 774 2576 806; x_wconf 87' lang='lat' dir='ltr'><strong>ergo</strong></span> 
     </span>
     <span class='ocr_line' id='line_1_68' title="bbox 1506 809 2577 850; baseline 0 -10"><span class='ocrx_word' id='word_1_498' title='bbox 1506 810 1687 840; x_wconf 88' lang='lat' dir='ltr'><strong>intellectus</strong></span> <span class='ocrx_word' id='word_1_499' title='bbox 1716 810 1772 850; x_wconf 92' lang='lat' dir='ltr'><strong>qui</strong></span> <span class='ocrx_word' id='word_1_500' title='bbox 1801 815 1848 840; x_wconf 91' lang='lat' dir='ltr'><strong>est</strong></span> <span class='ocrx_word' id='word_1_501' title='bbox 1871 815 2008 846; x_wconf 89' lang='lat' dir='ltr'><strong>creatus,</strong></span> <span class='ocrx_word' id='word_1_502' title='bbox 2032 819 2101 840; x_wconf 90' lang='lat' dir='ltr'><strong>non</strong></span> <span class='ocrx_word' id='word_1_503' title='bbox 2124 810 2225 850; x_wconf 89' lang='lat' dir='ltr'><strong>possit</strong></span> <span class='ocrx_word' id='word_1_504' title='bbox 2249 809 2288 840; x_wconf 89' lang='lat' dir='ltr'><strong>ad</strong></span> <span class='ocrx_word' id='word_1_505' title='bbox 2310 810 2375 840; x_wconf 88' lang='lat' dir='ltr'><strong>hoc</strong></span> <span class='ocrx_word' id='word_1_506' title='bbox 2397 810 2577 850; x_wconf 86' lang='lat' dir='ltr'><strong>pertingere</strong></span> 
     </span>
     <span class='ocr_line' id='line_1_69' title="bbox 1506 853 2577 894; baseline 0 -10"><span class='ocrx_word' id='word_1_507' title='bbox 1506 860 1543 884; x_wconf 93' lang='lat' dir='ltr'><strong>ut</strong></span> <span class='ocrx_word' id='word_1_508' title='bbox 1566 853 1620 884; x_wconf 91' lang='lat' dir='ltr'><strong>fiat</strong></span> <span class='ocrx_word' id='word_1_509' title='bbox 1644 855 1779 885; x_wconf 87' lang='lat' dir='ltr'><strong>essentia</strong></span> <span class='ocrx_word' id='word_1_510' title='bbox 1801 855 1950 890; x_wconf 91' lang='lat' dir='ltr'><strong>increata,</strong></span> <span class='ocrx_word' id='word_1_511' title='bbox 1967 864 2035 885; x_wconf 92' lang='lat' dir='ltr'><strong>non</strong></span> <span class='ocrx_word' id='word_1_512' title='bbox 2051 855 2169 894; x_wconf 88' lang='lat' dir='ltr'><strong>poterit</strong></span> <span class='ocrx_word' id='word_1_513' title='bbox 2193 864 2260 885; x_wconf 90' lang='lat' dir='ltr'><strong>esse</strong></span> <span class='ocrx_word' id='word_1_514' title='bbox 2285 854 2374 894; x_wconf 93' lang='lat' dir='ltr'><strong>quod</strong></span> <span class='ocrx_word' id='word_1_515' title='bbox 2397 854 2577 885; x_wconf 90' lang='lat' dir='ltr'><strong>intellectus</strong></span> 
     </span>
     <span class='ocr_line' id='line_1_70' title="bbox 1506 898 2157 939; baseline 0.002 -11"><span class='ocrx_word' id='word_1_516' title='bbox 1506 904 1615 929; x_wconf 87' lang='lat' dir='ltr'><strong>noster</strong></span> <span class='ocrx_word' id='word_1_517' title='bbox 1638 899 1745 929; x_wconf 90' lang='lat' dir='ltr'><strong>Deum</strong></span> <span class='ocrx_word' id='word_1_518' title='bbox 1769 908 1826 939; x_wconf 91' lang='lat' dir='ltr'><strong>per</strong></span> <span class='ocrx_word' id='word_1_519' title='bbox 1850 899 2019 929; x_wconf 89' lang='lat' dir='ltr'><strong>essentiam</strong></span> <span class='ocrx_word' id='word_1_520' title='bbox 2042 898 2157 929; x_wconf 87' lang='lat' dir='ltr'><strong>videat.</strong></span> 
     </span>
    </p>

    <p class='ocr_par' dir='ltr' id='par_1_31' title="bbox 1505 943 2577 1160">
     <span class='ocr_line' id='line_1_71' title="bbox 1568 943 2576 984; baseline 0 -11"><span class='ocrx_word' id='word_1_521' title='bbox 1568 951 1615 973; x_wconf 87' lang='lat'><strong>11.</strong></span> <span class='ocrx_word' id='word_1_522' title='bbox 1640 943 1837 980; x_wconf 60' lang='lat' dir='ltr'><strong>Pium-nam,</strong></span> <span class='ocrx_word' id='word_1_523' title='bbox 1855 953 1953 974; x_wconf 89' lang='lat' dir='ltr'><strong>omne</strong></span> <span class='ocrx_word' id='word_1_524' title='bbox 1977 943 2057 974; x_wconf 85' lang='lat' dir='ltr'><strong>illud</strong></span> <span class='ocrx_word' id='word_1_525' title='bbox 2076 943 2166 984; x_wconf 93' lang='lat' dir='ltr'><strong>quod</strong></span> <span class='ocrx_word' id='word_1_526' title='bbox 2182 943 2307 974; x_wconf 90' lang='lat' dir='ltr'><strong>videtur</strong></span> <span class='ocrx_word' id='word_1_527' title='bbox 2322 953 2379 983; x_wconf 90' lang='lat' dir='ltr'><strong>per</strong></span> <span class='ocrx_word' id='word_1_528' title='bbox 2395 943 2576 979; x_wconf 82' lang='lat' dir='ltr'><strong>essentiam,</strong></span> 
     </span>
     <span class='ocr_line' id='line_1_72' title="bbox 1506 985 2576 1027; baseline 0.002 -11"><span class='ocrx_word' id='word_1_529' title='bbox 1506 985 1546 1016; x_wconf 92' lang='lat' dir='ltr'><strong>de</strong></span> <span class='ocrx_word' id='word_1_530' title='bbox 1571 996 1610 1017; x_wconf 92' lang='lat' dir='ltr'><strong>eo</strong></span> <span class='ocrx_word' id='word_1_531' title='bbox 1635 987 1732 1017; x_wconf 90' lang='lat' dir='ltr'><strong>scitur</strong></span> <span class='ocrx_word' id='word_1_532' title='bbox 1755 987 1835 1027; x_wconf 87' lang='lat' dir='ltr'><strong>quid</strong></span> <span class='ocrx_word' id='word_1_533' title='bbox 1858 993 1914 1017; x_wconf 88' lang='lat' dir='ltr'><strong>est.</strong></span> <span class='ocrx_word' id='word_1_534' title='bbox 1940 987 2003 1018; x_wconf 89' lang='lat' dir='ltr'><strong>Sed</strong></span> <span class='ocrx_word' id='word_1_535' title='bbox 2027 987 2066 1018; x_wconf 93' lang='lat' dir='ltr'><strong>de</strong></span> <span class='ocrx_word' id='word_1_536' title='bbox 2086 988 2157 1018; x_wconf 91' lang='lat' dir='ltr'><strong>Deo</strong></span> <span class='ocrx_word' id='word_1_537' title='bbox 2180 988 2361 1018; x_wconf 88' lang='lat' dir='ltr'><strong>intellectus</strong></span> <span class='ocrx_word' id='word_1_538' title='bbox 2384 993 2493 1018; x_wconf 90' lang='lat' dir='ltr'><strong>noster</strong></span> <span class='ocrx_word' id='word_1_539' title='bbox 2508 996 2576 1017; x_wconf 88' lang='lat' dir='ltr'><strong>non</strong></span> 
     </span>
     <span class='ocr_line' id='line_1_73' title="bbox 1505 1030 2577 1072; baseline 0.002 -13"><span class='ocrx_word' id='word_1_540' title='bbox 1505 1035 1613 1069; x_wconf 84' lang='lat' dir='ltr'><strong>potest</strong></span> <span class='ocrx_word' id='word_1_541' title='bbox 1634 1030 1741 1061; x_wconf 89' lang='lat' dir='ltr'><strong>videre</strong></span> <span class='ocrx_word' id='word_1_542' title='bbox 1765 1031 1843 1071; x_wconf 83' lang='lat' dir='ltr'><strong>quid</strong></span> <span class='ocrx_word' id='word_1_543' title='bbox 1861 1036 1916 1067; x_wconf 88' lang='lat' dir='ltr'><strong>est,</strong></span> <span class='ocrx_word' id='word_1_544' title='bbox 1934 1031 1989 1062; x_wconf 89' lang='lat' dir='ltr'><strong>sed</strong></span> <span class='ocrx_word' id='word_1_545' title='bbox 2006 1032 2112 1062; x_wconf 89' lang='lat' dir='ltr'><strong>solum</strong></span> <span class='ocrx_word' id='word_1_546' title='bbox 2135 1032 2213 1072; x_wconf 86' lang='lat' dir='ltr'><strong>quid</strong></span> <span class='ocrx_word' id='word_1_547' title='bbox 2229 1042 2293 1062; x_wconf 92' lang='lat' dir='ltr'><strong>non</strong></span> <span class='ocrx_word' id='word_1_548' title='bbox 2311 1037 2379 1063; x_wconf 85' lang='lat' dir='ltr'><strong>est:</strong></span> <span class='ocrx_word' id='word_1_549' title='bbox 2402 1033 2484 1063; x_wconf 92' lang='lat' dir='ltr'><strong>sicut</strong></span> <span class='ocrx_word' id='word_1_550' title='bbox 2500 1030 2577 1062; x_wconf 91' lang='lat' dir='ltr'><strong>dicit</strong></span> 
     </span>
     <span class='ocr_line' id='line_1_74' title="bbox 1506 1074 2577 1116; baseline 0.003 -13"><span class='ocrx_word' id='word_1_551' title='bbox 1506 1074 1681 1114; x_wconf 90' lang='lat' dir='ltr'><strong>Dionysius</strong></span> <span class='ocrx_word' id='word_1_552' title='bbox 1703 1075 1734 1111; x_wconf 46' lang='grc' dir='ltr'>ἡ</span> <span class='ocrx_word' id='word_1_553' title='bbox 1759 1080 1791 1105; x_wconf 88' lang='lat' dir='ltr'><strong>et</strong></span> <span class='ocrx_word' id='word_1_554' title='bbox 1814 1075 2032 1106; x_wconf 90' lang='lat' dir='ltr'><strong>Damascenus</strong></span> <span class='ocrx_word' id='word_1_555' title='bbox 2055 1077 2100 1106; x_wconf 53' lang='lat' dir='ltr'><strong>st.</strong></span> <span class='ocrx_word' id='word_1_556' title='bbox 2136 1076 2222 1116; x_wconf 93' lang='lat' dir='ltr'><strong>Ergo</strong></span> <span class='ocrx_word' id='word_1_557' title='bbox 2253 1077 2434 1107; x_wconf 90' lang='lat' dir='ltr'><strong>intellectus</strong></span> <span class='ocrx_word' id='word_1_558' title='bbox 2467 1081 2577 1108; x_wconf 89' lang='lat' dir='ltr'><strong>noster</strong></span> 
     </span>
     <span class='ocr_line' id='line_1_75' title="bbox 1506 1118 2413 1160; baseline 0.004 -12"><span class='ocrx_word' id='word_1_559' title='bbox 1506 1118 1613 1148; x_wconf 89' lang='lat' dir='ltr'><strong>Deum</strong></span> <span class='ocrx_word' id='word_1_560' title='bbox 1637 1127 1694 1158; x_wconf 91' lang='lat' dir='ltr'><strong>per</strong></span> <span class='ocrx_word' id='word_1_561' title='bbox 1717 1119 1887 1149; x_wconf 80' lang='lat' dir='ltr'><strong>essentiam</strong></span> <span class='ocrx_word' id='word_1_562' title='bbox 1910 1119 2018 1150; x_wconf 88' lang='lat' dir='ltr'><strong>videre</strong></span> <span class='ocrx_word' id='word_1_563' title='bbox 2040 1129 2110 1150; x_wconf 92' lang='lat' dir='ltr'><strong>non</strong></span> <span class='ocrx_word' id='word_1_564' title='bbox 2132 1125 2248 1160; x_wconf 89' lang='lat' dir='ltr'><strong>potest.</strong></span> <span class='ocrx_word' id='word_1_565' title='bbox 2411 1151 2413 1153; x_wconf 89' lang='grc'><strong>,</strong></span> 
     </span>
    </p>

    <p class='ocr_par' dir='ltr' id='par_1_32' title="bbox 1506 1162 2577 1336">
     <span class='ocr_line' id='line_1_76' title="bbox 1567 1162 2575 1206; baseline 0.003 -14"><span class='ocrx_word' id='word_1_566' title='bbox 1567 1170 1617 1192; x_wconf 88' lang='lat'><strong>12.</strong></span> <span class='ocrx_word' id='word_1_567' title='bbox 1641 1162 1846 1199; x_wconf 75' lang='lat' dir='ltr'><strong>PRAETEREA,</strong></span> <span class='ocrx_word' id='word_1_568' title='bbox 1871 1172 1965 1193; x_wconf 90' lang='lat' dir='ltr'><strong>omne</strong></span> <span class='ocrx_word' id='word_1_569' title='bbox 1988 1164 2164 1205; x_wconf 86' lang='lat' dir='ltr'><strong>infinitum,</strong></span> <span class='ocrx_word' id='word_1_570' title='bbox 2189 1164 2380 1204; x_wconf 84' lang='lat' dir='ltr'><strong>inquantum</strong></span> <span class='ocrx_word' id='word_1_571' title='bbox 2405 1165 2575 1206; x_wconf 81' lang='lat' dir='ltr'><strong>infinitum,</strong></span> 
     </span>
     <span class='ocr_line' id='line_1_77' title="bbox 1506 1206 2576 1248; baseline 0.003 -12"><span class='ocrx_word' id='word_1_572' title='bbox 1506 1211 1554 1237; x_wconf 91' lang='lat' dir='ltr'><strong>est</strong></span> <span class='ocrx_word' id='word_1_573' title='bbox 1568 1207 1716 1248; x_wconf 86' lang='lat' dir='ltr'><strong>ignotum</strong></span> <span class='ocrx_word' id='word_1_574' title='bbox 1729 1207 1757 1237; x_wconf 74' lang='lat'><strong>*.</strong></span> <span class='ocrx_word' id='word_1_575' title='bbox 1783 1206 1846 1238; x_wconf 91' lang='lat' dir='ltr'><strong>Sed</strong></span> <span class='ocrx_word' id='word_1_576' title='bbox 1862 1207 1950 1238; x_wconf 90' lang='lat' dir='ltr'><strong>Deus</strong></span> <span class='ocrx_word' id='word_1_577' title='bbox 1966 1214 2014 1238; x_wconf 91' lang='lat' dir='ltr'><strong>est</strong></span> <span class='ocrx_word' id='word_1_578' title='bbox 2028 1207 2134 1239; x_wconf 90' lang='lat' dir='ltr'><strong>modis</strong></span> <span class='ocrx_word' id='word_1_579' title='bbox 2151 1208 2303 1238; x_wconf 90' lang='lat' dir='ltr'><strong>omnibus</strong></span> <span class='ocrx_word' id='word_1_580' title='bbox 2318 1207 2472 1239; x_wconf 89' lang='lat' dir='ltr'><strong>infinitus.</strong></span> <span class='ocrx_word' id='word_1_581' title='bbox 2490 1209 2576 1248; x_wconf 87' lang='lat' dir='ltr'><strong>Ergo</strong></span> 
     </span>
     <span class='ocr_line' id='line_1_78' title="bbox 1507 1251 2577 1293; baseline 0.004 -13"><span class='ocrx_word' id='word_1_582' title='bbox 1507 1255 1554 1280; x_wconf 89' lang='lat' dir='ltr'><strong>est</strong></span> <span class='ocrx_word' id='word_1_583' title='bbox 1585 1251 1721 1281; x_wconf 90' lang='lat' dir='ltr'><strong>omnino</strong></span> <span class='ocrx_word' id='word_1_584' title='bbox 1753 1251 1894 1291; x_wconf 85' lang='lat' dir='ltr'><strong>ignotus.</strong></span> <span class='ocrx_word' id='word_1_585' title='bbox 1930 1252 2016 1292; x_wconf 87' lang='lat' dir='ltr'><strong>Ergo</strong></span> <span class='ocrx_word' id='word_1_586' title='bbox 2049 1262 2107 1293; x_wconf 90' lang='lat' dir='ltr'><strong>per</strong></span> <span class='ocrx_word' id='word_1_587' title='bbox 2139 1252 2310 1283; x_wconf 88' lang='lat' dir='ltr'><strong>essentiam</strong></span> <span class='ocrx_word' id='word_1_588' title='bbox 2341 1253 2380 1283; x_wconf 86' lang='lat' dir='ltr'><strong>ab</strong></span> <span class='ocrx_word' id='word_1_589' title='bbox 2413 1253 2577 1284; x_wconf 82' lang='lat' dir='ltr'><strong>intellectu</strong></span> 
     </span>
     <span class='ocr_line' id='line_1_79' title="bbox 1506 1294 1979 1336; baseline 0.002 -11"><span class='ocrx_word' id='word_1_590' title='bbox 1506 1300 1613 1326; x_wconf 90' lang='lat' dir='ltr'><strong>creato</strong></span> <span class='ocrx_word' id='word_1_591' title='bbox 1638 1295 1737 1326; x_wconf 90' lang='lat' dir='ltr'><strong>videri</strong></span> <span class='ocrx_word' id='word_1_592' title='bbox 1760 1305 1828 1326; x_wconf 92' lang='lat' dir='ltr'><strong>non</strong></span> <span class='ocrx_word' id='word_1_593' title='bbox 1851 1294 1979 1336; x_wconf 88' lang='lat' dir='ltr'><strong>poterit.</strong></span> 
     </span>
    </p>

    <p class='ocr_par' dir='ltr' id='par_1_33' title="bbox 1505 1339 2578 1515">
     <span class='ocr_line' id='line_1_80' title="bbox 1566 1339 2576 1381; baseline 0.002 -11"><span class='ocrx_word' id='word_1_594' title='bbox 1566 1339 1615 1370; x_wconf 83' lang='lat'><strong>13.</strong></span> <span class='ocrx_word' id='word_1_595' title='bbox 1639 1340 1843 1377; x_wconf 63' lang='lat' dir='ltr'><strong>Prummu,</strong></span> <span class='ocrx_word' id='word_1_596' title='bbox 1867 1341 2067 1381; x_wconf 87' lang='lat' dir='ltr'><strong>Augustinus</strong></span> <span class='ocrx_word' id='word_1_597' title='bbox 2091 1340 2181 1378; x_wconf 85' lang='lat' dir='ltr'><strong>dicit,</strong></span> <span class='ocrx_word' id='word_1_598' title='bbox 2205 1342 2239 1372; x_wconf 93' lang='lat' dir='ltr'><strong>in</strong></span> <span class='ocrx_word' id='word_1_599' title='bbox 2262 1341 2344 1372; x_wconf 91' lang='lat' dir='ltr'><strong>libro</strong></span> <span class='ocrx_word' id='word_1_600' title='bbox 2367 1341 2407 1372; x_wconf 86' lang='lat' dir='ltr'><strong>de</strong></span> <span class='ocrx_word' id='word_1_601' title='bbox 2435 1341 2576 1373; x_wconf 84' lang='lat' dir='ltr'><strong>Videndo</strong></span> 
     </span>
     <span class='ocr_line' id='line_1_81' title="bbox 1505 1383 2578 1426; baseline 0.003 -12"><span class='ocrx_word' id='word_1_602' title='bbox 1505 1383 1577 1414; x_wconf 89' lang='lat' dir='ltr'><strong>Deo</strong></span> <span class='ocrx_word' id='word_1_603' title='bbox 1594 1385 1626 1414; x_wconf 52' lang='grc' dir='ltr'>ἐ</span> <span class='ocrx_word' id='word_1_604' title='bbox 1658 1385 1748 1416; x_wconf 85' lang='lat' dir='ltr'><strong>Deus</strong></span> <span class='ocrx_word' id='word_1_605' title='bbox 1775 1390 1824 1416; x_wconf 85' lang='lat' dir='ltr'><strong>est</strong></span> <span class='ocrx_word' id='word_1_606' title='bbox 1849 1390 1970 1416; x_wconf 85' lang='lat' dir='ltr'><strong>natura</strong></span> <span class='ocrx_word' id='word_1_607' title='bbox 2001 1385 2179 1417; x_wconf 82' lang='lat' dir='ltr'><strong>invisibilis.</strong></span> <span class='ocrx_word' id='word_1_608' title='bbox 2213 1385 2277 1417; x_wconf 85' lang='lat' dir='ltr'><strong>Sed</strong></span> <span class='ocrx_word' id='word_1_609' title='bbox 2301 1395 2337 1416; x_wconf 90' lang='lat' dir='ltr'><strong>ea</strong></span> <span class='ocrx_word' id='word_1_610' title='bbox 2362 1395 2445 1426; x_wconf 83' lang='lat' dir='ltr'><strong>quae</strong></span> <span class='ocrx_word' id='word_1_611' title='bbox 2468 1386 2578 1418; x_wconf 88' lang='lat' dir='ltr'><strong>insunt</strong></span> 
     </span>
     <span class='ocr_line' id='line_1_82' title="bbox 1506 1428 2576 1471; baseline 0.003 -12"><span class='ocrx_word' id='word_1_612' title='bbox 1506 1428 1578 1459; x_wconf 91' lang='lat' dir='ltr'><strong>Deo</strong></span> <span class='ocrx_word' id='word_1_613' title='bbox 1601 1438 1660 1469; x_wconf 91' lang='lat' dir='ltr'><strong>per</strong></span> <span class='ocrx_word' id='word_1_614' title='bbox 1682 1434 1839 1466; x_wconf 91' lang='lat' dir='ltr'><strong>naturam,</strong></span> <span class='ocrx_word' id='word_1_615' title='bbox 1856 1438 1925 1460; x_wconf 93' lang='lat' dir='ltr'><strong>non</strong></span> <span class='ocrx_word' id='word_1_616' title='bbox 1940 1435 2078 1470; x_wconf 89' lang='lat' dir='ltr'><strong>possunt</strong></span> <span class='ocrx_word' id='word_1_617' title='bbox 2101 1430 2190 1461; x_wconf 88' lang='lat' dir='ltr'><strong>aliter</strong></span> <span class='ocrx_word' id='word_1_618' title='bbox 2205 1440 2239 1461; x_wconf 89' lang='lat' dir='ltr'><strong>se</strong></span> <span class='ocrx_word' id='word_1_619' title='bbox 2254 1431 2382 1461; x_wconf 88' lang='lat' dir='ltr'><strong>habere.</strong></span> <span class='ocrx_word' id='word_1_620' title='bbox 2406 1430 2492 1471; x_wconf 86' lang='lat' dir='ltr'><strong>Ergo</strong></span> <span class='ocrx_word' id='word_1_621' title='bbox 2507 1440 2576 1462; x_wconf 86' lang='lat' dir='ltr'><strong>non</strong></span> 
     </span>
     <span class='ocr_line' id='line_1_83' title="bbox 1506 1474 2271 1515; baseline 0.001 -11"><span class='ocrx_word' id='word_1_622' title='bbox 1506 1478 1613 1513; x_wconf 89' lang='lat' dir='ltr'><strong>potest</strong></span> <span class='ocrx_word' id='word_1_623' title='bbox 1637 1483 1705 1505; x_wconf 91' lang='lat' dir='ltr'><strong>esse</strong></span> <span class='ocrx_word' id='word_1_624' title='bbox 1730 1474 1820 1514; x_wconf 90' lang='lat' dir='ltr'><strong>quod</strong></span> <span class='ocrx_word' id='word_1_625' title='bbox 1842 1483 1900 1515; x_wconf 89' lang='lat' dir='ltr'><strong>per</strong></span> <span class='ocrx_word' id='word_1_626' title='bbox 1924 1475 2094 1505; x_wconf 90' lang='lat' dir='ltr'><strong>essentiam</strong></span> <span class='ocrx_word' id='word_1_627' title='bbox 2117 1474 2271 1506; x_wconf 85' lang='lat' dir='ltr'><strong>videatur.</strong></span> 
     </span>
    </p>

    <p class='ocr_par' dir='ltr' id='par_1_34' title="bbox 1506 1518 2578 1782">
     <span class='ocr_line' id='line_1_84' title="bbox 1566 1518 2576 1559; baseline 0.002 -11"><span class='ocrx_word' id='word_1_628' title='bbox 1566 1525 1615 1556; x_wconf 85' lang='lat'><strong>14.</strong></span> <span class='ocrx_word' id='word_1_629' title='bbox 1640 1518 1837 1555; x_wconf 59' lang='lat' dir='ltr'><strong>Proxumum,</strong></span> <span class='ocrx_word' id='word_1_630' title='bbox 1856 1528 1954 1549; x_wconf 89' lang='lat' dir='ltr'><strong>omne</strong></span> <span class='ocrx_word' id='word_1_631' title='bbox 1970 1518 2060 1559; x_wconf 87' lang='lat' dir='ltr'><strong>quod</strong></span> <span class='ocrx_word' id='word_1_632' title='bbox 2084 1519 2147 1550; x_wconf 93' lang='lat' dir='ltr'><strong>alio</strong></span> <span class='ocrx_word' id='word_1_633' title='bbox 2167 1519 2268 1550; x_wconf 91' lang='lat' dir='ltr'><strong>modo</strong></span> <span class='ocrx_word' id='word_1_634' title='bbox 2286 1524 2333 1549; x_wconf 91' lang='lat' dir='ltr'><strong>est</strong></span> <span class='ocrx_word' id='word_1_635' title='bbox 2348 1523 2380 1549; x_wconf 88' lang='lat' dir='ltr'><strong>et</strong></span> <span class='ocrx_word' id='word_1_636' title='bbox 2395 1519 2458 1549; x_wconf 88' lang='lat' dir='ltr'><strong>alio</strong></span> <span class='ocrx_word' id='word_1_637' title='bbox 2474 1518 2576 1551; x_wconf 89' lang='lat' dir='ltr'><strong>modo</strong></span> 
     </span>
     <span class='ocr_line' id='line_1_85' title="bbox 1506 1561 2576 1604; baseline 0.002 -12"><span class='ocrx_word' id='word_1_638' title='bbox 1506 1561 1641 1599; x_wconf 89' lang='lat' dir='ltr'><strong>videtur,</strong></span> <span class='ocrx_word' id='word_1_639' title='bbox 1658 1573 1726 1594; x_wconf 91' lang='lat' dir='ltr'><strong>non</strong></span> <span class='ocrx_word' id='word_1_640' title='bbox 1741 1562 1866 1594; x_wconf 91' lang='lat' dir='ltr'><strong>videtur</strong></span> <span class='ocrx_word' id='word_1_641' title='bbox 1889 1563 2070 1594; x_wconf 91' lang='lat' dir='ltr'><strong>secundum</strong></span> <span class='ocrx_word' id='word_1_642' title='bbox 2086 1563 2119 1594; x_wconf 87' lang='lat' dir='ltr'><strong>id</strong></span> <span class='ocrx_word' id='word_1_643' title='bbox 2134 1563 2225 1604; x_wconf 92' lang='lat' dir='ltr'><strong>quod</strong></span> <span class='ocrx_word' id='word_1_644' title='bbox 2249 1569 2304 1594; x_wconf 88' lang='lat' dir='ltr'><strong>est.</strong></span> <span class='ocrx_word' id='word_1_645' title='bbox 2329 1562 2393 1594; x_wconf 92' lang='lat' dir='ltr'><strong>Sed</strong></span> <span class='ocrx_word' id='word_1_646' title='bbox 2408 1563 2497 1594; x_wconf 92' lang='lat' dir='ltr'><strong>Deus</strong></span> <span class='ocrx_word' id='word_1_647' title='bbox 2513 1563 2576 1595; x_wconf 89' lang='lat' dir='ltr'><strong>alio</strong></span> 
     </span>
     <span class='ocr_line' id='line_1_86' title="bbox 1506 1606 2578 1648; baseline 0.002 -11"><span class='ocrx_word' id='word_1_648' title='bbox 1506 1606 1607 1637; x_wconf 91' lang='lat' dir='ltr'><strong>modo</strong></span> <span class='ocrx_word' id='word_1_649' title='bbox 1637 1613 1700 1642; x_wconf 78' lang='lat' dir='ltr'><strong>est.</strong></span> <span class='ocrx_word' id='word_1_650' title='bbox 1725 1613 1757 1638; x_wconf 89' lang='lat' dir='ltr'><strong>et</strong></span> <span class='ocrx_word' id='word_1_651' title='bbox 1781 1608 1844 1639; x_wconf 90' lang='lat' dir='ltr'><strong>alio</strong></span> <span class='ocrx_word' id='word_1_652' title='bbox 1867 1607 1969 1638; x_wconf 90' lang='lat' dir='ltr'><strong>modo</strong></span> <span class='ocrx_word' id='word_1_653' title='bbox 1993 1607 2118 1639; x_wconf 90' lang='lat' dir='ltr'><strong>videtur</strong></span> <span class='ocrx_word' id='word_1_654' title='bbox 2141 1618 2159 1639; x_wconf 89' lang='lat' dir='ltr'><strong>a</strong></span> <span class='ocrx_word' id='word_1_655' title='bbox 2182 1609 2298 1643; x_wconf 82' lang='lat' dir='ltr'><strong>sanctis</strong></span> <span class='ocrx_word' id='word_1_656' title='bbox 2322 1608 2356 1638; x_wconf 89' lang='lat' dir='ltr'><strong>in</strong></span> <span class='ocrx_word' id='word_1_657' title='bbox 2378 1608 2497 1648; x_wconf 88' lang='lat' dir='ltr'><strong>patria:</strong></span> <span class='ocrx_word' id='word_1_658' title='bbox 2530 1614 2578 1639; x_wconf 86' lang='lat' dir='ltr'><strong>est</strong></span> 
     </span>
     <span class='ocr_line' id='line_1_87' title="bbox 1507 1651 2576 1693; baseline 0.003 -12"><span class='ocrx_word' id='word_1_659' title='bbox 1507 1652 1594 1681; x_wconf 91' lang='lat' dir='ltr'><strong>enim</strong></span> <span class='ocrx_word' id='word_1_660' title='bbox 1617 1661 1674 1691; x_wconf 89' lang='lat' dir='ltr'><strong>per</strong></span> <span class='ocrx_word' id='word_1_661' title='bbox 1696 1651 1834 1683; x_wconf 89' lang='lat' dir='ltr'><strong>modum</strong></span> <span class='ocrx_word' id='word_1_662' title='bbox 1856 1662 1952 1683; x_wconf 88' lang='lat' dir='ltr'><strong>suum</strong></span> <span class='ocrx_word' id='word_1_663' title='bbox 1965 1676 1972 1689; x_wconf 91' lang='lat'><em>‚</em></span> <span class='ocrx_word' id='word_1_664' title='bbox 1997 1652 2054 1683; x_wconf 89' lang='lat' dir='ltr'><strong>sed</strong></span> <span class='ocrx_word' id='word_1_665' title='bbox 2076 1652 2236 1684; x_wconf 90' lang='lat' dir='ltr'><strong>videbitur</strong></span> <span class='ocrx_word' id='word_1_666' title='bbox 2259 1662 2277 1683; x_wconf 88' lang='lat' dir='ltr'><strong>a</strong></span> <span class='ocrx_word' id='word_1_667' title='bbox 2299 1652 2416 1683; x_wconf 86' lang='lat' dir='ltr'><strong>sanctis</strong></span> <span class='ocrx_word' id='word_1_668' title='bbox 2432 1662 2490 1693; x_wconf 88' lang='lat' dir='ltr'><strong>per</strong></span> <span class='ocrx_word' id='word_1_669' title='bbox 2504 1660 2576 1684; x_wconf 88' lang='lat' dir='ltr'><strong>mo·</strong></span> 
     </span>
     <span class='ocr_line' id='line_1_88' title="bbox 1506 1694 2578 1737; baseline 0.002 -11"><span class='ocrx_word' id='word_1_670' title='bbox 1506 1694 1585 1726; x_wconf 93' lang='lat' dir='ltr'><strong>dum</strong></span> <span class='ocrx_word' id='word_1_671' title='bbox 1610 1705 1733 1727; x_wconf 89' lang='lat' dir='ltr'><strong>eorum.</strong></span> <span class='ocrx_word' id='word_1_672' title='bbox 1767 1696 1853 1737; x_wconf 87' lang='lat' dir='ltr'><strong>Ergo</strong></span> <span class='ocrx_word' id='word_1_673' title='bbox 1881 1707 1950 1727; x_wconf 92' lang='lat' dir='ltr'><strong>non</strong></span> <span class='ocrx_word' id='word_1_674' title='bbox 1973 1696 2132 1728; x_wconf 89' lang='lat' dir='ltr'><strong>videbitur</strong></span> <span class='ocrx_word' id='word_1_675' title='bbox 2155 1707 2173 1728; x_wconf 89' lang='lat' dir='ltr'><strong>a</strong></span> <span class='ocrx_word' id='word_1_676' title='bbox 2196 1698 2312 1728; x_wconf 89' lang='lat' dir='ltr'><strong>sanctis</strong></span> <span class='ocrx_word' id='word_1_677' title='bbox 2341 1696 2522 1728; x_wconf 88' lang='lat' dir='ltr'><strong>secundum</strong></span> <span class='ocrx_word' id='word_1_678' title='bbox 2544 1696 2578 1728; x_wconf 91' lang='lat' dir='ltr'><strong>id</strong></span> 
     </span>
     <span class='ocr_line' id='line_1_89' title="bbox 1507 1739 2368 1782; baseline 0.002 -12"><span class='ocrx_word' id='word_1_679' title='bbox 1507 1739 1597 1780; x_wconf 92' lang='lat' dir='ltr'><strong>quod</strong></span> <span class='ocrx_word' id='word_1_680' title='bbox 1621 1746 1677 1771; x_wconf 89' lang='lat' dir='ltr'><strong>est.</strong></span> <span class='ocrx_word' id='word_1_681' title='bbox 1702 1741 1743 1771; x_wconf 90' lang='lat' dir='ltr'><strong>Et</strong></span> <span class='ocrx_word' id='word_1_682' title='bbox 1766 1741 1811 1771; x_wconf 90' lang='lat' dir='ltr'><strong>sic</strong></span> <span class='ocrx_word' id='word_1_683' title='bbox 1834 1750 1902 1771; x_wconf 92' lang='lat' dir='ltr'><strong>non</strong></span> <span class='ocrx_word' id='word_1_684' title='bbox 1925 1740 2085 1772; x_wconf 88' lang='lat' dir='ltr'><strong>videbitur</strong></span> <span class='ocrx_word' id='word_1_685' title='bbox 2106 1751 2165 1782; x_wconf 91' lang='lat' dir='ltr'><strong>per</strong></span> <span class='ocrx_word' id='word_1_686' title='bbox 2187 1742 2368 1772; x_wconf 85' lang='lat' dir='ltr'><strong>essentiam.</strong></span> 
     </span>
    </p>

    <p class='ocr_par' dir='ltr' id='par_1_35' title="bbox 1505 1785 2579 1960">
     <span class='ocr_line' id='line_1_90' title="bbox 1567 1785 2577 1826; baseline 0.001 -11"><span class='ocrx_word' id='word_1_687' title='bbox 1567 1785 1615 1815; x_wconf 91' lang='grc'><strong>15.</strong></span> <span class='ocrx_word' id='word_1_688' title='bbox 1640 1785 1844 1821; x_wconf 57' lang='lat' dir='ltr'><strong>Prummu,</strong></span> <span class='ocrx_word' id='word_1_689' title='bbox 1869 1785 1949 1816; x_wconf 88' lang='lat' dir='ltr'><strong>inud</strong></span> <span class='ocrx_word' id='word_1_690' title='bbox 1977 1785 2067 1826; x_wconf 91' lang='lat' dir='ltr'><strong>quod</strong></span> <span class='ocrx_word' id='word_1_691' title='bbox 2094 1795 2152 1826; x_wconf 90' lang='lat' dir='ltr'><strong>per</strong></span> <span class='ocrx_word' id='word_1_692' title='bbox 2175 1785 2320 1816; x_wconf 91' lang='lat' dir='ltr'><strong>medium</strong></span> <span class='ocrx_word' id='word_1_693' title='bbox 2342 1785 2483 1822; x_wconf 87' lang='lat' dir='ltr'><strong>videtur,</strong></span> <span class='ocrx_word' id='word_1_694' title='bbox 2508 1794 2577 1817; x_wconf 89' lang='lat' dir='ltr'><strong>non</strong></span> 
     </span>
     <span class='ocr_line' id='line_1_91' title="bbox 1505 1828 2577 1870; baseline 0.001 -11"><span class='ocrx_word' id='word_1_695' title='bbox 1505 1828 1632 1859; x_wconf 89' lang='lat' dir='ltr'><strong>videtur</strong></span> <span class='ocrx_word' id='word_1_696' title='bbox 1659 1838 1716 1869; x_wconf 90' lang='lat' dir='ltr'><strong>per</strong></span> <span class='ocrx_word' id='word_1_697' title='bbox 1740 1830 1920 1860; x_wconf 89' lang='lat' dir='ltr'><strong>essentiam.</strong></span> <span class='ocrx_word' id='word_1_698' title='bbox 1955 1829 2017 1860; x_wconf 91' lang='lat' dir='ltr'><strong>Sed</strong></span> <span class='ocrx_word' id='word_1_699' title='bbox 2041 1830 2129 1860; x_wconf 92' lang='lat' dir='ltr'><strong>Deus</strong></span> <span class='ocrx_word' id='word_1_700' title='bbox 2156 1830 2191 1860; x_wconf 91' lang='lat' dir='ltr'><strong>in</strong></span> <span class='ocrx_word' id='word_1_701' title='bbox 2213 1830 2315 1870; x_wconf 85' lang='lat' dir='ltr'><strong>patria</strong></span> <span class='ocrx_word' id='word_1_702' title='bbox 2337 1829 2497 1860; x_wconf 87' lang='lat' dir='ltr'><strong>videbitur</strong></span> <span class='ocrx_word' id='word_1_703' title='bbox 2519 1839 2577 1870; x_wconf 86' lang='lat' dir='ltr'><strong>per</strong></span> 
     </span>
     <span class='ocr_line' id='line_1_92' title="bbox 1506 1873 2576 1915; baseline 0.001 -11"><span class='ocrx_word' id='word_1_704' title='bbox 1506 1873 1665 1910; x_wconf 89' lang='lat' dir='ltr'><strong>medium,</strong></span> <span class='ocrx_word' id='word_1_705' title='bbox 1691 1874 1795 1914; x_wconf 57' lang='lat' dir='ltr'><strong>quod,</strong></span> <span class='ocrx_word' id='word_1_706' title='bbox 1805 1879 1851 1905; x_wconf 88' lang='lat' dir='ltr'><strong>est</strong></span> <span class='ocrx_word' id='word_1_707' title='bbox 1874 1874 1986 1904; x_wconf 89' lang='lat' dir='ltr'><strong>lumen</strong></span> <span class='ocrx_word' id='word_1_708' title='bbox 2009 1874 2148 1914; x_wconf 90' lang='lat' dir='ltr'><strong>gloriae:</strong></span> <span class='ocrx_word' id='word_1_709' title='bbox 2180 1880 2216 1904; x_wconf 93' lang='lat' dir='ltr'><strong>ut</strong></span> <span class='ocrx_word' id='word_1_710' title='bbox 2238 1879 2327 1915; x_wconf 90' lang='lat' dir='ltr'><strong>patet</strong></span> <span class='ocrx_word' id='word_1_711' title='bbox 2349 1874 2383 1904; x_wconf 90' lang='lat' dir='ltr'><strong>in</strong></span> <span class='ocrx_word' id='word_1_712' title='bbox 2405 1874 2533 1906; x_wconf 78' lang='lat' dir='ltr'><strong>Psalmo</strong></span> <span class='ocrx_word' id='word_1_713' title='bbox 2549 1875 2576 1910; x_wconf 67' lang='lat'><strong>⁴⁹,</strong></span> 
     </span>
     <span class='ocr_line' id='line_1_93' title="bbox 1506 1917 2579 1960; baseline 0.002 -13"><span class='ocrx_word' id='word_1_714' title='bbox 1506 1917 1545 1947; x_wconf 90' lang='lat' dir='ltr'><strong>In</strong></span> <span class='ocrx_word' id='word_1_715' title='bbox 1571 1918 1691 1948; x_wconf 85' lang='lat' dir='ltr'><strong>lumine</strong></span> <span class='ocrx_word' id='word_1_716' title='bbox 1715 1923 1770 1948; x_wconf 90' lang='lat' dir='ltr'><strong>tuo</strong></span> <span class='ocrx_word' id='word_1_717' title='bbox 1795 1919 1969 1949; x_wconf 80' lang='lat' dir='ltr'><strong>videbimus</strong></span> <span class='ocrx_word' id='word_1_718' title='bbox 1993 1919 2111 1950; x_wconf 91' lang='lat' dir='ltr'><strong>lumen.</strong></span> <span class='ocrx_word' id='word_1_719' title='bbox 2138 1918 2224 1959; x_wconf 87' lang='lat' dir='ltr'><strong>Ergo</strong></span> <span class='ocrx_word' id='word_1_720' title='bbox 2248 1928 2316 1950; x_wconf 92' lang='lat' dir='ltr'><strong>non</strong></span> <span class='ocrx_word' id='word_1_721' title='bbox 2339 1917 2498 1949; x_wconf 89' lang='lat' dir='ltr'><strong>videbitur</strong></span> <span class='ocrx_word' id='word_1_722' title='bbox 2520 1928 2579 1960; x_wconf 87' lang='lat' dir='ltr'><strong>per</strong></span> 
     </span>
    </p>
   </div>
   <div class='ocr_carea' id='block_1_27' title="bbox 438 1961 1686 2002">
    <p class='ocr_par' dir='ltr' id='par_1_36' title="bbox 438 1961 1686 2002">
     <span class='ocr_line' id='line_1_94' title="bbox 438 1961 1686 2002; baseline 0.001 -11"><span class='ocrx_word' id='word_1_723' title='bbox 438 1961 467 1991; x_wconf 87' lang='lat'><strong>6.</strong></span> <span class='ocrx_word' id='word_1_724' title='bbox 492 1962 688 1997; x_wconf 50' lang='lat' dir='ltr'><strong>Pressuram,</strong></span> <span class='ocrx_word' id='word_1_725' title='bbox 707 1971 782 1991; x_wconf 91' lang='lat' dir='ltr'><strong>cum</strong></span> <span class='ocrx_word' id='word_1_726' title='bbox 798 1962 996 2002; x_wconf 90' lang='lat' dir='ltr'><strong>intelligibile</strong></span> <span class='ocrx_word' id='word_1_727' title='bbox 1019 1963 1059 1992; x_wconf 91' lang='lat' dir='ltr'><strong>sit</strong></span> <span class='ocrx_word' id='word_1_728' title='bbox 1079 1962 1235 2002; x_wconf 91' lang='lat' dir='ltr'><strong>perfectio</strong></span> <span class='ocrx_word' id='word_1_729' title='bbox 1259 1962 1449 1998; x_wconf 88' lang='lat' dir='ltr'><strong>intellectus,</strong></span> <span class='ocrx_word' id='word_1_730' title='bbox 1465 1973 1492 1992; x_wconf 79' lang='lat'><strong>40</strong></span> <span class='ocrx_word' id='word_1_731' title='bbox 1507 1962 1686 1992; x_wconf 78' lang='lat' dir='ltr'><strong>essentiam.</strong></span> 
     </span>
    </p>
   </div>
   <div class='ocr_carea' id='block_1_28' title="bbox 380 2006 1452 2837">
    <p class='ocr_par' dir='ltr' id='par_1_37' title="bbox 380 2006 1452 2223">
     <span class='ocr_line' id='line_1_95' title="bbox 382 2006 1452 2046; baseline 0.001 -11"><span class='ocrx_word' id='word_1_732' title='bbox 382 2011 509 2045; x_wconf 91' lang='lat' dir='ltr'><strong>oportet</strong></span> <span class='ocrx_word' id='word_1_733' title='bbox 540 2015 607 2036; x_wconf 91' lang='lat' dir='ltr'><strong>esse</strong></span> <span class='ocrx_word' id='word_1_734' title='bbox 638 2006 884 2045; x_wconf 88' lang='lat' dir='ltr'><strong>proportionem</strong></span> <span class='ocrx_word' id='word_1_735' title='bbox 916 2006 1057 2046; x_wconf 90' lang='lat' dir='ltr'><strong>aliquam</strong></span> <span class='ocrx_word' id='word_1_736' title='bbox 1087 2007 1168 2036; x_wconf 89' lang='lat' dir='ltr'><strong>inter</strong></span> <span class='ocrx_word' id='word_1_737' title='bbox 1197 2006 1396 2046; x_wconf 88' lang='lat' dir='ltr'><strong>intelligibile</strong></span> <span class='ocrx_word' id='word_1_738' title='bbox 1420 2011 1452 2036; x_wconf 89' lang='lat' dir='ltr'><strong>et</strong></span> 
     </span>
     <span class='ocr_line' id='line_1_96' title="bbox 381 2049 1450 2090; baseline 0.001 -11"><span class='ocrx_word' id='word_1_739' title='bbox 381 2050 589 2086; x_wconf 88' lang='lat' dir='ltr'><strong>intellectum,</strong></span> <span class='ocrx_word' id='word_1_740' title='bbox 615 2050 736 2080; x_wconf 92' lang='lat' dir='ltr'><strong>visibile</strong></span> <span class='ocrx_word' id='word_1_741' title='bbox 761 2055 791 2080; x_wconf 92' lang='lat' dir='ltr'><strong>et</strong></span> <span class='ocrx_word' id='word_1_742' title='bbox 815 2051 928 2080; x_wconf 90' lang='lat' dir='ltr'><strong>visum.</strong></span> <span class='ocrx_word' id='word_1_743' title='bbox 959 2049 1022 2081; x_wconf 91' lang='lat' dir='ltr'><strong>Sed</strong></span> <span class='ocrx_word' id='word_1_744' title='bbox 1045 2060 1113 2080; x_wconf 92' lang='lat' dir='ltr'><strong>non</strong></span> <span class='ocrx_word' id='word_1_745' title='bbox 1137 2056 1184 2080; x_wconf 79' lang='lat' dir='ltr'><strong>est</strong></span> <span class='ocrx_word' id='word_1_746' title='bbox 1207 2051 1351 2090; x_wconf 88' lang='lat' dir='ltr'><strong>accipere</strong></span> <span class='ocrx_word' id='word_1_747' title='bbox 1375 2059 1450 2090; x_wconf 92' lang='lat' dir='ltr'><strong>pro-</strong></span> 
     </span>
     <span class='ocr_line' id='line_1_97' title="bbox 380 2094 1451 2134; baseline 0 -10"><span class='ocrx_word' id='word_1_748' title='bbox 380 2095 564 2134; x_wconf 90' lang='lat' dir='ltr'><strong>portionem</strong></span> <span class='ocrx_word' id='word_1_749' title='bbox 588 2094 729 2134; x_wconf 86' lang='lat' dir='ltr'><strong>aliquam</strong></span> <span class='ocrx_word' id='word_1_750' title='bbox 750 2094 831 2124; x_wconf 89' lang='lat' dir='ltr'><strong>inter</strong></span> <span class='ocrx_word' id='word_1_751' title='bbox 847 2095 1046 2125; x_wconf 91' lang='lat' dir='ltr'><strong>intellectum</strong></span> <span class='ocrx_word' id='word_1_752' title='bbox 1069 2100 1217 2125; x_wconf 89' lang='lat' dir='ltr'><strong>nostrum</strong></span> <span class='ocrx_word' id='word_1_753' title='bbox 1234 2100 1264 2124; x_wconf 93' lang='lat' dir='ltr'><strong>et</strong></span> <span class='ocrx_word' id='word_1_754' title='bbox 1281 2095 1451 2125; x_wconf 87' lang='lat' dir='ltr'><strong>essentiam</strong></span> 
     </span>
     <span class='ocr_line' id='line_1_98' title="bbox 381 2137 1451 2179; baseline 0.001 -11"><span class='ocrx_word' id='word_1_755' title='bbox 381 2138 536 2168; x_wconf 89' lang='lat' dir='ltr'><strong>divinam:</strong></span> <span class='ocrx_word' id='word_1_756' title='bbox 563 2148 637 2169; x_wconf 92' lang='lat' dir='ltr'><strong>cum</strong></span> <span class='ocrx_word' id='word_1_757' title='bbox 654 2139 687 2168; x_wconf 90' lang='lat' dir='ltr'><strong>in</strong></span> <span class='ocrx_word' id='word_1_758' title='bbox 702 2137 866 2169; x_wconf 90' lang='lat' dir='ltr'><strong>infinitum</strong></span> <span class='ocrx_word' id='word_1_759' title='bbox 890 2138 1015 2169; x_wconf 91' lang='lat' dir='ltr'><strong>distent.</strong></span> <span class='ocrx_word' id='word_1_760' title='bbox 1041 2139 1126 2179; x_wconf 87' lang='lat' dir='ltr'><strong>Ergo</strong></span> <span class='ocrx_word' id='word_1_761' title='bbox 1144 2139 1324 2169; x_wconf 88' lang='lat' dir='ltr'><strong>intellectus</strong></span> <span class='ocrx_word' id='word_1_762' title='bbox 1340 2144 1451 2170; x_wconf 87' lang='lat' dir='ltr'><strong>noster</strong></span> 
     </span>
     <span class='ocr_line' id='line_1_99' title="bbox 380 2182 1404 2223; baseline 0 -10"><span class='ocrx_word' id='word_1_763' title='bbox 380 2193 447 2213; x_wconf 90' lang='lat' dir='ltr'><strong>non</strong></span> <span class='ocrx_word' id='word_1_764' title='bbox 470 2188 577 2223; x_wconf 88' lang='lat' dir='ltr'><strong>potest</strong></span> <span class='ocrx_word' id='word_1_765' title='bbox 600 2183 778 2223; x_wconf 87' lang='lat' dir='ltr'><strong>pertingere</strong></span> <span class='ocrx_word' id='word_1_766' title='bbox 802 2183 842 2213; x_wconf 90' lang='lat' dir='ltr'><strong>ad</strong></span> <span class='ocrx_word' id='word_1_767' title='bbox 864 2184 1033 2214; x_wconf 88' lang='lat' dir='ltr'><strong>essentiam</strong></span> <span class='ocrx_word' id='word_1_768' title='bbox 1059 2183 1199 2214; x_wconf 91' lang='lat' dir='ltr'><strong>divinam</strong></span> <span class='ocrx_word' id='word_1_769' title='bbox 1222 2182 1404 2214; x_wconf 88' lang='lat' dir='ltr'><strong>videndam.</strong></span> 
     </span>
    </p>

    <p class='ocr_par' dir='ltr' id='par_1_38' title="bbox 380 2227 1450 2435">
     <span class='ocr_line' id='line_1_100' title="bbox 435 2227 1450 2267; baseline 0.001 -10"><span class='ocrx_word' id='word_1_770' title='bbox 435 2237 466 2267; x_wconf 90' lang='lat'><strong>7.</strong></span> <span class='ocrx_word' id='word_1_771' title='bbox 491 2228 693 2263; x_wconf 73' lang='lat' dir='ltr'><strong>PRAETEREA,</strong></span> <span class='ocrx_word' id='word_1_772' title='bbox 726 2227 799 2267; x_wconf 93' lang='lat' dir='ltr'><strong>plus</strong></span> <span class='ocrx_word' id='word_1_773' title='bbox 830 2227 922 2258; x_wconf 91' lang='lat' dir='ltr'><strong>distat</strong></span> <span class='ocrx_word' id='word_1_774' title='bbox 953 2228 1041 2258; x_wconf 93' lang='lat' dir='ltr'><strong>Deus</strong></span> <span class='ocrx_word' id='word_1_775' title='bbox 1072 2229 1110 2258; x_wconf 89' lang='lat' dir='ltr'><strong>ab</strong></span> <span class='ocrx_word' id='word_1_776' title='bbox 1141 2228 1306 2258; x_wconf 89' lang='lat' dir='ltr'><strong>intellectu</strong></span> <span class='ocrx_word' id='word_1_777' title='bbox 1339 2233 1450 2258; x_wconf 89' lang='lat' dir='ltr'><strong>nostro</strong></span> 
     </span>
     <span class='ocr_line' id='line_1_101' title="bbox 380 2271 1449 2311; baseline 0.002 -10"><span class='ocrx_word' id='word_1_778' title='bbox 380 2281 478 2311; x_wconf 91' lang='lat' dir='ltr'><strong>quam</strong></span> <span class='ocrx_word' id='word_1_779' title='bbox 494 2271 691 2311; x_wconf 88' lang='lat' dir='ltr'><strong>intelligibile</strong></span> <span class='ocrx_word' id='word_1_780' title='bbox 711 2277 853 2302; x_wconf 85' lang='lat' dir='ltr'><strong>creatum</strong></span> <span class='ocrx_word' id='word_1_781' title='bbox 870 2282 887 2302; x_wconf 90' lang='lat' dir='ltr'><strong>a</strong></span> <span class='ocrx_word' id='word_1_782' title='bbox 904 2282 1009 2303; x_wconf 88' lang='lat' dir='ltr'><strong>sensu.</strong></span> <span class='ocrx_word' id='word_1_783' title='bbox 1036 2271 1098 2303; x_wconf 90' lang='lat' dir='ltr'><strong>Sed</strong></span> <span class='ocrx_word' id='word_1_784' title='bbox 1114 2282 1226 2303; x_wconf 89' lang='lat' dir='ltr'><strong>sensus</strong></span> <span class='ocrx_word' id='word_1_785' title='bbox 1242 2272 1332 2303; x_wconf 91' lang='lat' dir='ltr'><strong>nullo</strong></span> <span class='ocrx_word' id='word_1_786' title='bbox 1349 2272 1449 2303; x_wconf 91' lang='lat' dir='ltr'><strong>modo</strong></span> 
     </span>
     <span class='ocr_line' id='line_1_102' title="bbox 380 2315 1449 2357; baseline 0.001 -11"><span class='ocrx_word' id='word_1_787' title='bbox 380 2321 486 2356; x_wconf 90' lang='lat' dir='ltr'><strong>potest</strong></span> <span class='ocrx_word' id='word_1_788' title='bbox 502 2317 679 2356; x_wconf 88' lang='lat' dir='ltr'><strong>pertingere</strong></span> <span class='ocrx_word' id='word_1_789' title='bbox 696 2315 735 2346; x_wconf 91' lang='lat' dir='ltr'><strong>ad</strong></span> <span class='ocrx_word' id='word_1_790' title='bbox 752 2322 928 2347; x_wconf 89' lang='lat' dir='ltr'><strong>creaturam</strong></span> <span class='ocrx_word' id='word_1_791' title='bbox 950 2317 1147 2357; x_wconf 88' lang='lat' dir='ltr'><strong>spiritualem</strong></span> <span class='ocrx_word' id='word_1_792' title='bbox 1163 2316 1344 2347; x_wconf 89' lang='lat' dir='ltr'><strong>videndam.</strong></span> <span class='ocrx_word' id='word_1_793' title='bbox 1363 2317 1449 2357; x_wconf 89' lang='lat' dir='ltr'><strong>Ergo</strong></span> 
     </span>
     <span class='ocr_line' id='line_1_103' title="bbox 380 2360 1449 2402; baseline 0.002 -12"><span class='ocrx_word' id='word_1_794' title='bbox 380 2370 439 2391; x_wconf 91' lang='lat' dir='ltr'><strong>nec</strong></span> <span class='ocrx_word' id='word_1_795' title='bbox 463 2361 642 2391; x_wconf 91' lang='lat' dir='ltr'><strong>intellectus</strong></span> <span class='ocrx_word' id='word_1_796' title='bbox 666 2366 775 2391; x_wconf 90' lang='lat' dir='ltr'><strong>noster</strong></span> <span class='ocrx_word' id='word_1_797' title='bbox 798 2362 917 2401; x_wconf 90' lang='lat' dir='ltr'><strong>poterit</strong></span> <span class='ocrx_word' id='word_1_798' title='bbox 939 2362 1120 2402; x_wconf 89' lang='lat' dir='ltr'><strong>pertingere</strong></span> <span class='ocrx_word' id='word_1_799' title='bbox 1144 2361 1184 2392; x_wconf 94' lang='lat' dir='ltr'><strong>ad</strong></span> <span class='ocrx_word' id='word_1_800' title='bbox 1207 2361 1379 2392; x_wconf 89' lang='lat' dir='ltr'><strong>videndam</strong></span> <span class='ocrx_word' id='word_1_801' title='bbox 1402 2360 1449 2392; x_wconf 93' lang='lat' dir='ltr'><strong>di-</strong></span> 
     </span>
     <span class='ocr_line' id='line_1_104' title="bbox 380 2406 691 2435; baseline 0 0"><span class='ocrx_word' id='word_1_802' title='bbox 380 2406 487 2435; x_wconf 87' lang='lat' dir='ltr'><strong>vinam</strong></span> <span class='ocrx_word' id='word_1_803' title='bbox 512 2406 691 2435; x_wconf 88' lang='lat' dir='ltr'><strong>essentiam.</strong></span> 
     </span>
    </p>

    <p class='ocr_par' dir='ltr' id='par_1_39' title="bbox 380 2448 1451 2837">
     <span class='ocr_line' id='line_1_105' title="bbox 411 2448 1450 2490; baseline 0.001 -11"><span class='ocrx_word' id='word_1_804' title='bbox 411 2451 416 2456; x_wconf 89' lang='grc'><strong>’</strong></span> <span class='ocrx_word' id='word_1_805' title='bbox 436 2449 465 2480; x_wconf 94' lang='grc'><strong>8.</strong></span> <span class='ocrx_word' id='word_1_806' title='bbox 490 2450 693 2485; x_wconf 56' lang='lat' dir='ltr'><strong>Passa-nam,</strong></span> <span class='ocrx_word' id='word_1_807' title='bbox 719 2448 994 2490; x_wconf 91' lang='lat' dir='ltr'><strong>quandocumque</strong></span> <span class='ocrx_word' id='word_1_808' title='bbox 1017 2450 1199 2480; x_wconf 90' lang='lat' dir='ltr'><strong>intellectus</strong></span> <span class='ocrx_word' id='word_1_809' title='bbox 1223 2450 1371 2490; x_wconf 89' lang='lat' dir='ltr'><strong>intelligit</strong></span> <span class='ocrx_word' id='word_1_810' title='bbox 1395 2450 1450 2480; x_wconf 93' lang='lat' dir='ltr'><strong>ali-</strong></span> 
     </span>
     <span class='ocr_line' id='line_1_106' title="bbox 381 2493 1450 2535; baseline 0.001 -11"><span class='ocrx_word' id='word_1_811' title='bbox 381 2493 459 2534; x_wconf 89' lang='lat' dir='ltr'><strong>quid</strong></span> <span class='ocrx_word' id='word_1_812' title='bbox 482 2494 515 2524; x_wconf 91' lang='lat' dir='ltr'><strong>in</strong></span> <span class='ocrx_word' id='word_1_813' title='bbox 539 2499 622 2530; x_wconf 87' lang='lat' dir='ltr'><strong>actu,</strong></span> <span class='ocrx_word' id='word_1_814' title='bbox 647 2499 776 2534; x_wconf 91' lang='lat' dir='ltr'><strong>oportet</strong></span> <span class='ocrx_word' id='word_1_815' title='bbox 800 2494 891 2534; x_wconf 92' lang='lat' dir='ltr'><strong>quod</strong></span> <span class='ocrx_word' id='word_1_816' title='bbox 913 2493 1104 2525; x_wconf 89' lang='lat' dir='ltr'><strong>informetur</strong></span> <span class='ocrx_word' id='word_1_817' title='bbox 1127 2504 1184 2535; x_wconf 94' lang='lat' dir='ltr'><strong>per</strong></span> <span class='ocrx_word' id='word_1_818' title='bbox 1207 2494 1450 2525; x_wconf 89' lang='lat' dir='ltr'><strong>similitudinem</strong></span> 
     </span>
     <span class='ocr_line' id='line_1_107' title="bbox 380 2538 1450 2579; baseline 0.001 -11"><span class='ocrx_word' id='word_1_819' title='bbox 380 2538 542 2574; x_wconf 87' lang='lat' dir='ltr'><strong>intellecti,</strong></span> <span class='ocrx_word' id='word_1_820' title='bbox 561 2547 643 2579; x_wconf 90' lang='lat' dir='ltr'><strong>quae</strong></span> <span class='ocrx_word' id='word_1_821' title='bbox 668 2543 714 2569; x_wconf 91' lang='lat' dir='ltr'><strong>est</strong></span> <span class='ocrx_word' id='word_1_822' title='bbox 736 2538 932 2578; x_wconf 88' lang='lat' dir='ltr'><strong>principium</strong></span> <span class='ocrx_word' id='word_1_823' title='bbox 955 2539 1177 2570; x_wconf 86' lang='lat' dir='ltr'><strong>intellectualis</strong></span> <span class='ocrx_word' id='word_1_824' title='bbox 1202 2539 1398 2579; x_wconf 89' lang='lat' dir='ltr'><strong>operationis</strong></span> <span class='ocrx_word' id='word_1_825' title='bbox 1417 2540 1450 2570; x_wconf 93' lang='lat' dir='ltr'><strong>in</strong></span> 
     </span>
     <span class='ocr_line' id='line_1_108' title="bbox 380 2582 1451 2624; baseline 0.001 -11"><span class='ocrx_word' id='word_1_826' title='bbox 380 2583 442 2613; x_wconf 89' lang='lat' dir='ltr'><strong>tale</strong></span> <span class='ocrx_word' id='word_1_827' title='bbox 473 2583 637 2613; x_wconf 89' lang='lat' dir='ltr'><strong>obiectum</strong></span> <span class='ocrx_word' id='word_1_828' title='bbox 670 2582 915 2619; x_wconf 87' lang='lat' dir='ltr'><strong>determinatae,</strong></span> <span class='ocrx_word' id='word_1_829' title='bbox 949 2584 1031 2614; x_wconf 89' lang='lat' dir='ltr'><strong>sicut</strong></span> <span class='ocrx_word' id='word_1_830' title='bbox 1061 2583 1147 2614; x_wconf 90' lang='lat' dir='ltr'><strong>calor</strong></span> <span class='ocrx_word' id='word_1_831' title='bbox 1178 2589 1224 2614; x_wconf 89' lang='lat' dir='ltr'><strong>est</strong></span> <span class='ocrx_word' id='word_1_832' title='bbox 1255 2583 1451 2624; x_wconf 88' lang='lat' dir='ltr'><strong>principium</strong></span> 
     </span>
     <span class='ocr_line' id='line_1_109' title="bbox 381 2626 1449 2668; baseline 0.001 -11"><span class='ocrx_word' id='word_1_833' title='bbox 381 2626 608 2658; x_wconf 88' lang='lat' dir='ltr'><strong>calefactionis.</strong></span> <span class='ocrx_word' id='word_1_834' title='bbox 643 2627 676 2658; x_wconf 92' lang='lat' dir='ltr'><strong>Si</strong></span> <span class='ocrx_word' id='word_1_835' title='bbox 700 2637 776 2667; x_wconf 90' lang='lat' dir='ltr'><strong>ergo</strong></span> <span class='ocrx_word' id='word_1_836' title='bbox 800 2627 981 2658; x_wconf 89' lang='lat' dir='ltr'><strong>intellectus</strong></span> <span class='ocrx_word' id='word_1_837' title='bbox 1013 2633 1122 2658; x_wconf 90' lang='lat' dir='ltr'><strong>noster</strong></span> <span class='ocrx_word' id='word_1_838' title='bbox 1148 2628 1256 2658; x_wconf 90' lang='lat' dir='ltr'><strong>Deum</strong></span> <span class='ocrx_word' id='word_1_839' title='bbox 1285 2628 1449 2668; x_wconf 89' lang='lat' dir='ltr'><strong>intelligat,</strong></span> 
     </span>
     <span class='ocr_line' id='line_1_110' title="bbox 381 2670 1451 2712; baseline 0.001 -10"><span class='ocrx_word' id='word_1_840' title='bbox 381 2677 509 2712; x_wconf 91' lang='lat' dir='ltr'><strong>oportet</strong></span> <span class='ocrx_word' id='word_1_841' title='bbox 532 2671 622 2712; x_wconf 92' lang='lat' dir='ltr'><strong>quod</strong></span> <span class='ocrx_word' id='word_1_842' title='bbox 643 2670 698 2702; x_wconf 88' lang='lat' dir='ltr'><strong>fiat</strong></span> <span class='ocrx_word' id='word_1_843' title='bbox 717 2681 775 2711; x_wconf 89' lang='lat' dir='ltr'><strong>per</strong></span> <span class='ocrx_word' id='word_1_844' title='bbox 791 2672 932 2712; x_wconf 89' lang='lat' dir='ltr'><strong>aliquam</strong></span> <span class='ocrx_word' id='word_1_845' title='bbox 956 2672 1199 2703; x_wconf 89' lang='lat' dir='ltr'><strong>similitudinem</strong></span> <span class='ocrx_word' id='word_1_846' title='bbox 1222 2672 1451 2703; x_wconf 89' lang='lat' dir='ltr'><strong>informantem</strong></span> 
     </span>
     <span class='ocr_line' id='line_1_111' title="bbox 381 2716 1451 2757; baseline 0.001 -11"><span class='ocrx_word' id='word_1_847' title='bbox 381 2717 488 2756; x_wconf 91' lang='lat' dir='ltr'><strong>ipsum</strong></span> <span class='ocrx_word' id='word_1_848' title='bbox 510 2716 719 2746; x_wconf 89' lang='lat' dir='ltr'><strong>intellectum.</strong></span> <span class='ocrx_word' id='word_1_849' title='bbox 745 2716 819 2746; x_wconf 90' lang='lat' dir='ltr'><strong>Hoc</strong></span> <span class='ocrx_word' id='word_1_850' title='bbox 835 2722 943 2747; x_wconf 92' lang='lat' dir='ltr'><strong>autem</strong></span> <span class='ocrx_word' id='word_1_851' title='bbox 960 2727 1027 2747; x_wconf 92' lang='lat' dir='ltr'><strong>non</strong></span> <span class='ocrx_word' id='word_1_852' title='bbox 1043 2722 1150 2757; x_wconf 87' lang='lat' dir='ltr'><strong>potest</strong></span> <span class='ocrx_word' id='word_1_853' title='bbox 1174 2727 1242 2747; x_wconf 90' lang='lat' dir='ltr'><strong>esse</strong></span> <span class='ocrx_word' id='word_1_854' title='bbox 1261 2718 1330 2757; x_wconf 89' lang='lat' dir='ltr'><strong>ipsa</strong></span> <span class='ocrx_word' id='word_1_855' title='bbox 1345 2717 1451 2748; x_wconf 91' lang='lat' dir='ltr'><strong>divina</strong></span> 
     </span>
     <span class='ocr_line' id='line_1_112' title="bbox 382 2760 1448 2801; baseline 0.002 -11"><span class='ocrx_word' id='word_1_856' title='bbox 382 2761 535 2791; x_wconf 86' lang='lat' dir='ltr'><strong>essentia:</strong></span> <span class='ocrx_word' id='word_1_857' title='bbox 561 2761 636 2801; x_wconf 90' lang='lat' dir='ltr'><strong>quia</strong></span> <span class='ocrx_word' id='word_1_858' title='bbox 660 2760 782 2791; x_wconf 86' lang='lat' dir='ltr'><strong>formae</strong></span> <span class='ocrx_word' id='word_1_859' title='bbox 799 2766 830 2790; x_wconf 93' lang='lat' dir='ltr'><strong>et</strong></span> <span class='ocrx_word' id='word_1_860' title='bbox 846 2761 975 2791; x_wconf 88' lang='lat' dir='ltr'><strong>formati</strong></span> <span class='ocrx_word' id='word_1_861' title='bbox 999 2767 1128 2801; x_wconf 91' lang='lat' dir='ltr'><strong>oportet</strong></span> <span class='ocrx_word' id='word_1_862' title='bbox 1152 2771 1220 2792; x_wconf 90' lang='lat' dir='ltr'><strong>esse</strong></span> <span class='ocrx_word' id='word_1_863' title='bbox 1244 2771 1347 2792; x_wconf 90' lang='lat' dir='ltr'><strong>unum</strong></span> <span class='ocrx_word' id='word_1_864' title='bbox 1364 2771 1448 2798; x_wconf 89' lang='lat' dir='ltr'><strong>esse;</strong></span> 
     </span>
     <span class='ocr_line' id='line_1_113' title="bbox 382 2805 1451 2837; baseline 0.001 -2"><span class='ocrx_word' id='word_1_865' title='bbox 382 2805 488 2835; x_wconf 88' lang='lat' dir='ltr'><strong>divina</strong></span> <span class='ocrx_word' id='word_1_866' title='bbox 504 2811 612 2835; x_wconf 90' lang='lat' dir='ltr'><strong>autem</strong></span> <span class='ocrx_word' id='word_1_867' title='bbox 629 2806 764 2836; x_wconf 89' lang='lat' dir='ltr'><strong>essentia</strong></span> <span class='ocrx_word' id='word_1_868' title='bbox 780 2805 818 2835; x_wconf 90' lang='lat' dir='ltr'><strong>ab</strong></span> <span class='ocrx_word' id='word_1_869' title='bbox 835 2806 1000 2836; x_wconf 89' lang='lat' dir='ltr'><strong>intellectu</strong></span> <span class='ocrx_word' id='word_1_870' title='bbox 1017 2811 1128 2836; x_wconf 92' lang='lat' dir='ltr'><strong>nostro</strong></span> <span class='ocrx_word' id='word_1_871' title='bbox 1146 2805 1250 2836; x_wconf 88' lang='lat' dir='ltr'><strong>differt</strong></span> <span class='ocrx_word' id='word_1_872' title='bbox 1272 2806 1451 2837; x_wconf 89' lang='lat' dir='ltr'><strong>secundum</strong></span> 
     </span>
    </p>
   </div>
   <div class='ocr_carea' id='block_1_29' title="bbox 1506 2006 2579 2271">
    <p class='ocr_par' dir='ltr' id='par_1_40' title="bbox 1506 2006 2579 2181">
     <span class='ocr_line' id='line_1_114' title="bbox 1566 2006 2576 2049; baseline 0.002 -13"><span class='ocrx_word' id='word_1_873' title='bbox 1566 2006 1615 2036; x_wconf 87' lang='grc'><strong>16.</strong></span> <span class='ocrx_word' id='word_1_874' title='bbox 1632 2006 1830 2042; x_wconf 74' lang='lat' dir='ltr'><strong>PRAETEREA,</strong></span> <span class='ocrx_word' id='word_1_875' title='bbox 1843 2006 1932 2037; x_wconf 92' lang='lat' dir='ltr'><strong>Deus</strong></span> <span class='ocrx_word' id='word_1_876' title='bbox 1949 2008 1981 2037; x_wconf 90' lang='lat' dir='ltr'><strong>in</strong></span> <span class='ocrx_word' id='word_1_877' title='bbox 1998 2007 2099 2047; x_wconf 87' lang='lat' dir='ltr'><strong>patria</strong></span> <span class='ocrx_word' id='word_1_878' title='bbox 2114 2006 2274 2038; x_wconf 88' lang='lat' dir='ltr'><strong>videbitur</strong></span> <span class='ocrx_word' id='word_1_879' title='bbox 2280 2007 2376 2049; x_wconf 87' lang='lat' dir='ltr'><strong>facie</strong></span> <span class='ocrx_word' id='word_1_880' title='bbox 2390 2006 2576 2049; x_wconf 80' lang='lat' dir='ltr'><strong>adfaciem,</strong></span> 
     </span>
     <span class='ocr_line' id='line_1_115' title="bbox 1506 2049 2578 2091; baseline 0.003 -12"><span class='ocrx_word' id='word_1_881' title='bbox 1506 2054 1542 2079; x_wconf 91' lang='lat' dir='ltr'><strong>ut</strong></span> <span class='ocrx_word' id='word_1_882' title='bbox 1558 2049 1674 2080; x_wconf 88' lang='lat' dir='ltr'><strong>dicitur</strong></span> <span class='ocrx_word' id='word_1_883' title='bbox 1689 2050 1702 2080; x_wconf 96' lang='lat' dir='ltr'>I</span> <span class='ocrx_word' id='word_1_884' title='bbox 1721 2050 1798 2081; x_wconf 91' lang='lat' dir='ltr'><strong>Cor.</strong></span> <span class='ocrx_word' id='word_1_885' title='bbox 1815 2061 1871 2081; x_wconf 87' lang='lat' dir='ltr'><strong>xm</strong></span> <span class='ocrx_word' id='word_1_886' title='bbox 1882 2052 1909 2081; x_wconf 75' lang='lat'><strong>*.</strong></span> <span class='ocrx_word' id='word_1_887' title='bbox 1935 2051 1998 2082; x_wconf 90' lang='lat' dir='ltr'><strong>Sed</strong></span> <span class='ocrx_word' id='word_1_888' title='bbox 2021 2051 2189 2082; x_wconf 89' lang='lat' dir='ltr'><strong>hominem</strong></span> <span class='ocrx_word' id='word_1_889' title='bbox 2213 2061 2311 2091; x_wconf 89' lang='lat' dir='ltr'><strong>quem</strong></span> <span class='ocrx_word' id='word_1_890' title='bbox 2334 2050 2481 2082; x_wconf 89' lang='lat' dir='ltr'><strong>videmus</strong></span> <span class='ocrx_word' id='word_1_891' title='bbox 2497 2051 2578 2082; x_wconf 79' lang='lat' dir='ltr'><strong>facie</strong></span> 
     </span>
     <span class='ocr_line' id='line_1_116' title="bbox 1506 2093 2579 2136; baseline 0.002 -12"><span class='ocrx_word' id='word_1_892' title='bbox 1506 2093 1547 2124; x_wconf 88' lang='lat' dir='ltr'><strong>ad</strong></span> <span class='ocrx_word' id='word_1_893' title='bbox 1563 2094 1688 2131; x_wconf 88' lang='lat' dir='ltr'><strong>faciem,</strong></span> <span class='ocrx_word' id='word_1_894' title='bbox 1705 2094 1852 2125; x_wconf 89' lang='lat' dir='ltr'><strong>videmus</strong></span> <span class='ocrx_word' id='word_1_895' title='bbox 1868 2105 1925 2135; x_wconf 92' lang='lat' dir='ltr'><strong>per</strong></span> <span class='ocrx_word' id='word_1_896' title='bbox 1941 2095 2195 2126; x_wconf 89' lang='lat' dir='ltr'><strong>similitudinem.</strong></span> <span class='ocrx_word' id='word_1_897' title='bbox 2220 2095 2306 2136; x_wconf 89' lang='lat' dir='ltr'><strong>Ergo</strong></span> <span class='ocrx_word' id='word_1_898' title='bbox 2325 2095 2414 2126; x_wconf 89' lang='lat' dir='ltr'><strong>Deus</strong></span> <span class='ocrx_word' id='word_1_899' title='bbox 2429 2095 2463 2126; x_wconf 93' lang='lat' dir='ltr'><strong>in</strong></span> <span class='ocrx_word' id='word_1_900' title='bbox 2478 2095 2579 2136; x_wconf 86' lang='lat' dir='ltr'><strong>patria</strong></span> 
     </span>
     <span class='ocr_line' id='line_1_117' title="bbox 1506 2137 2533 2181; baseline 0.003 -13"><span class='ocrx_word' id='word_1_901' title='bbox 1506 2137 1665 2169; x_wconf 90' lang='lat' dir='ltr'><strong>videbitur</strong></span> <span class='ocrx_word' id='word_1_902' title='bbox 1687 2148 1745 2179; x_wconf 90' lang='lat' dir='ltr'><strong>per</strong></span> <span class='ocrx_word' id='word_1_903' title='bbox 1768 2139 2021 2170; x_wconf 89' lang='lat' dir='ltr'><strong>similitudinem.</strong></span> <span class='ocrx_word' id='word_1_904' title='bbox 2049 2140 2090 2170; x_wconf 92' lang='lat' dir='ltr'><strong>Et</strong></span> <span class='ocrx_word' id='word_1_905' title='bbox 2113 2140 2158 2170; x_wconf 90' lang='lat' dir='ltr'><strong>sic</strong></span> <span class='ocrx_word' id='word_1_906' title='bbox 2181 2149 2250 2170; x_wconf 92' lang='lat' dir='ltr'><strong>non</strong></span> <span class='ocrx_word' id='word_1_907' title='bbox 2272 2149 2330 2181; x_wconf 89' lang='lat' dir='ltr'><strong>per</strong></span> <span class='ocrx_word' id='word_1_908' title='bbox 2353 2140 2533 2171; x_wconf 88' lang='lat' dir='ltr'><strong>essentiam.</strong></span> 
     </span>
    </p>

    <p class='ocr_par' dir='ltr' id='par_1_41' title="bbox 1507 2182 2579 2271">
     <span class='ocr_line' id='line_1_118' title="bbox 1563 2182 2579 2224; baseline 0.003 -11"><span class='ocrx_word' id='word_1_909' title='bbox 1563 2182 1625 2214; x_wconf 71' lang='lat' dir='ltr'><strong>San</strong></span> <span class='ocrx_word' id='word_1_910' title='bbox 1656 2193 1780 2214; x_wconf 78' lang='lat' dir='ltr'>CONTRA</span> <span class='ocrx_word' id='word_1_911' title='bbox 1810 2193 1864 2214; x_wconf 77' lang='lat' dir='ltr'><strong>nsr</strong></span> <span class='ocrx_word' id='word_1_912' title='bbox 1894 2183 1985 2224; x_wconf 94' lang='lat' dir='ltr'><strong>quod</strong></span> <span class='ocrx_word' id='word_1_913' title='bbox 2015 2183 2131 2215; x_wconf 84' lang='lat' dir='ltr'><strong>dicitur</strong></span> <span class='ocrx_word' id='word_1_914' title='bbox 2155 2185 2168 2215; x_wconf 94' lang='lat' dir='ltr'>I</span> <span class='ocrx_word' id='word_1_915' title='bbox 2195 2184 2272 2216; x_wconf 89' lang='lat' dir='ltr'><strong>Cor.</strong></span> <span class='ocrx_word' id='word_1_916' title='bbox 2296 2194 2351 2216; x_wconf 88' lang='lat' dir='ltr'><strong>xm</strong></span> <span class='ocrx_word' id='word_1_917' title='bbox 2366 2184 2402 2214; x_wconf 57' lang='grc' dir='ltr'><strong><em>ἰ</em></strong></span> <span class='ocrx_word' id='word_1_918' title='bbox 2432 2184 2579 2216; x_wconf 79' lang='lat' dir='ltr'><strong>Videmus</strong></span> 
     </span>
     <span class='ocr_line' id='line_1_119' title="bbox 1507 2228 2579 2271; baseline 0.002 -13"><span class='ocrx_word' id='word_1_919' title='bbox 1507 2237 1594 2258; x_wconf 89' lang='lat' dir='ltr'><strong>nunc</strong></span> <span class='ocrx_word' id='word_1_920' title='bbox 1611 2237 1675 2268; x_wconf 81' lang='lat' dir='ltr'><strong>per</strong></span> <span class='ocrx_word' id='word_1_921' title='bbox 1697 2229 1862 2269; x_wconf 81' lang='lat' dir='ltr'><strong>speculum</strong></span> <span class='ocrx_word' id='word_1_922' title='bbox 1885 2228 1918 2259; x_wconf 91' lang='lat' dir='ltr'><strong>in</strong></span> <span class='ocrx_word' id='word_1_923' title='bbox 1943 2228 2149 2270; x_wconf 82' lang='lat' dir='ltr'><strong>aenigmate:</strong></span> <span class='ocrx_word' id='word_1_924' title='bbox 2179 2234 2256 2260; x_wconf 86' lang='lat' dir='ltr'><strong>tunc</strong></span> <span class='ocrx_word' id='word_1_925' title='bbox 2285 2234 2392 2260; x_wconf 84' lang='lat' dir='ltr'><strong>autem</strong></span> <span class='ocrx_word' id='word_1_926' title='bbox 2413 2229 2509 2271; x_wconf 86' lang='lat' dir='ltr'><strong>facie</strong></span> <span class='ocrx_word' id='word_1_927' title='bbox 2535 2229 2579 2261; x_wconf 82' lang='lat' dir='ltr'><strong>ad</strong></span> 
     </span>
    </p>
   </div>
   <div class='ocr_carea' id='block_1_30' title="bbox 1496 2272 2580 2315">
    <p class='ocr_par' dir='ltr' id='par_1_42' title="bbox 1496 2272 2580 2315">
     <span class='ocr_line' id='line_1_120' title="bbox 1496 2272 2580 2315; baseline 0.003 -13"><span class='ocrx_word' id='word_1_928' title='bbox 1496 2272 1635 2313; x_wconf 88' lang='lat' dir='ltr'><strong>faciem.</strong></span> <span class='ocrx_word' id='word_1_929' title='bbox 1662 2272 1726 2303; x_wconf 91' lang='lat' dir='ltr'><strong>Sed</strong></span> <span class='ocrx_word' id='word_1_930' title='bbox 1748 2272 1781 2303; x_wconf 94' lang='lat' dir='ltr'><strong>id</strong></span> <span class='ocrx_word' id='word_1_931' title='bbox 1804 2272 1895 2313; x_wconf 91' lang='lat' dir='ltr'><strong>quod</strong></span> <span class='ocrx_word' id='word_1_932' title='bbox 1917 2273 2043 2304; x_wconf 87' lang='lat' dir='ltr'><strong>videtur</strong></span> <span class='ocrx_word' id='word_1_933' title='bbox 2066 2272 2148 2304; x_wconf 84' lang='lat' dir='ltr'><strong>facie</strong></span> <span class='ocrx_word' id='word_1_934' title='bbox 2167 2273 2207 2304; x_wconf 91' lang='lat' dir='ltr'><strong>ad</strong></span> <span class='ocrx_word' id='word_1_935' title='bbox 2222 2273 2349 2310; x_wconf 87' lang='lat' dir='ltr'><strong>faciem,</strong></span> <span class='ocrx_word' id='word_1_936' title='bbox 2373 2272 2499 2304; x_wconf 90' lang='lat' dir='ltr'><strong>videtur</strong></span> <span class='ocrx_word' id='word_1_937' title='bbox 2520 2283 2580 2315; x_wconf 81' lang='lat' dir='ltr'><strong>per</strong></span> 
     </span>
    </p>
   </div>
   <div class='ocr_carea' id='block_1_31' title="bbox 1504 2317 2579 2626">
    <p class='ocr_par' dir='ltr' id='par_1_43' title="bbox 1505 2317 2579 2401">
     <span class='ocr_line' id='line_1_121' title="bbox 1506 2317 2579 2358; baseline 0.003 -11"><span class='ocrx_word' id='word_1_938' title='bbox 1506 2317 1688 2347; x_wconf 89' lang='lat' dir='ltr'><strong>essentiam.</strong></span> <span class='ocrx_word' id='word_1_939' title='bbox 1714 2317 1800 2358; x_wconf 86' lang='lat' dir='ltr'><strong>Ergo</strong></span> <span class='ocrx_word' id='word_1_940' title='bbox 1825 2317 1914 2348; x_wconf 91' lang='lat' dir='ltr'><strong>Deus</strong></span> <span class='ocrx_word' id='word_1_941' title='bbox 1937 2327 1995 2358; x_wconf 91' lang='lat' dir='ltr'><strong>per</strong></span> <span class='ocrx_word' id='word_1_942' title='bbox 2014 2318 2183 2349; x_wconf 88' lang='lat' dir='ltr'><strong>essentiam</strong></span> <span class='ocrx_word' id='word_1_943' title='bbox 2207 2318 2367 2350; x_wconf 86' lang='lat' dir='ltr'><strong>videbitur</strong></span> <span class='ocrx_word' id='word_1_944' title='bbox 2382 2327 2400 2348; x_wconf 83' lang='lat' dir='ltr'><strong>a</strong></span> <span class='ocrx_word' id='word_1_945' title='bbox 2415 2318 2531 2349; x_wconf 84' lang='lat' dir='ltr'><strong>sanctis</strong></span> <span class='ocrx_word' id='word_1_946' title='bbox 2545 2318 2579 2350; x_wconf 88' lang='lat' dir='ltr'><strong>in</strong></span> 
     </span>
     <span class='ocr_line' id='line_1_122' title="bbox 1505 2362 1615 2401; baseline 0.009 -10"><span class='ocrx_word' id='word_1_947' title='bbox 1505 2362 1615 2401; x_wconf 86' lang='lat' dir='ltr'><strong>patria.</strong></span> 
     </span>
    </p>

    <p class='ocr_par' dir='ltr' id='par_1_44' title="bbox 1504 2406 2578 2535">
     <span class='ocr_line' id='line_1_123' title="bbox 1562 2406 2578 2448; baseline 0.003 -12"><span class='ocrx_word' id='word_1_948' title='bbox 1562 2415 1592 2436; x_wconf 91' lang='lat'><strong>2.</strong></span> <span class='ocrx_word' id='word_1_949' title='bbox 1616 2406 1813 2442; x_wconf 61' lang='lat' dir='ltr'><strong>Pani-nam,</strong></span> <span class='ocrx_word' id='word_1_950' title='bbox 1839 2406 1851 2436; x_wconf 83' lang='lat'>1</span> <span class='ocrx_word' id='word_1_951' title='bbox 1876 2406 1963 2437; x_wconf 86' lang='lat' dir='ltr'><strong>Ioan.</strong></span> <span class='ocrx_word' id='word_1_952' title='bbox 1980 2417 2015 2437; x_wconf 88' lang='lat'><strong>111</strong></span> <span class='ocrx_word' id='word_1_953' title='bbox 2029 2407 2062 2437; x_wconf 75' lang='lat'><strong>*:</strong></span> <span class='ocrx_word' id='word_1_954' title='bbox 2091 2406 2172 2438; x_wconf 92' lang='lat' dir='ltr'><strong>Cum</strong></span> <span class='ocrx_word' id='word_1_955' title='bbox 2196 2409 2395 2448; x_wconf 80' lang='lat' dir='ltr'><strong>apparuerit,</strong></span> <span class='ocrx_word' id='word_1_956' title='bbox 2411 2407 2532 2439; x_wconf 81' lang='lat' dir='ltr'><strong>similes</strong></span> <span class='ocrx_word' id='word_1_957' title='bbox 2547 2407 2578 2439; x_wconf 86' lang='lat' dir='ltr'><strong>ei</strong></span> 
     </span>
     <span class='ocr_line' id='line_1_124' title="bbox 1505 2450 2578 2493; baseline 0.002 -13"><span class='ocrx_word' id='word_1_958' title='bbox 1505 2450 1635 2486; x_wconf 86' lang='lat' dir='ltr'><strong>erimus,</strong></span> <span class='ocrx_word' id='word_1_959' title='bbox 1652 2455 1684 2481; x_wconf 87' lang='lat' dir='ltr'><strong>et</strong></span> <span class='ocrx_word' id='word_1_960' title='bbox 1698 2450 1874 2482; x_wconf 82' lang='lat' dir='ltr'><strong>videbimus</strong></span> <span class='ocrx_word' id='word_1_961' title='bbox 1890 2461 1962 2482; x_wconf 90' lang='lat' dir='ltr'><strong>eum</strong></span> <span class='ocrx_word' id='word_1_962' title='bbox 1978 2451 2073 2482; x_wconf 88' lang='lat' dir='ltr'><strong>sicuti</strong></span> <span class='ocrx_word' id='word_1_963' title='bbox 2089 2456 2145 2482; x_wconf 90' lang='lat' dir='ltr'><strong>est.</strong></span> <span class='ocrx_word' id='word_1_964' title='bbox 2170 2451 2256 2493; x_wconf 88' lang='lat' dir='ltr'><strong>Ergo</strong></span> <span class='ocrx_word' id='word_1_965' title='bbox 2273 2452 2454 2484; x_wconf 89' lang='lat' dir='ltr'><strong>videbimus</strong></span> <span class='ocrx_word' id='word_1_966' title='bbox 2469 2451 2578 2483; x_wconf 87' lang='lat' dir='ltr'><strong>Deum</strong></span> 
     </span>
     <span class='ocr_line' id='line_1_125' title="bbox 1504 2496 1765 2535; baseline 0 -10"><span class='ocrx_word' id='word_1_967' title='bbox 1504 2504 1562 2535; x_wconf 90' lang='lat' dir='ltr'><strong>per</strong></span> <span class='ocrx_word' id='word_1_968' title='bbox 1586 2496 1765 2526; x_wconf 89' lang='lat' dir='ltr'><strong>essentiam.</strong></span> 
     </span>
    </p>

    <p class='ocr_par' dir='ltr' id='par_1_45' title="bbox 1506 2539 2579 2626">
     <span class='ocr_line' id='line_1_126' title="bbox 1562 2539 2579 2580; baseline 0.002 -11"><span class='ocrx_word' id='word_1_969' title='bbox 1562 2539 1591 2570; x_wconf 91' lang='lat'><strong>3.</strong></span> <span class='ocrx_word' id='word_1_970' title='bbox 1615 2539 1812 2576; x_wconf 61' lang='lat' dir='ltr'><strong>Puni-mum,</strong></span> <span class='ocrx_word' id='word_1_971' title='bbox 1833 2539 1845 2570; x_wconf 91' lang='grc' dir='ltr'>Ι</span> <span class='ocrx_word' id='word_1_972' title='bbox 1865 2539 1941 2570; x_wconf 91' lang='lat' dir='ltr'><strong>Cor.</strong></span> <span class='ocrx_word' id='word_1_973' title='bbox 1958 2550 2009 2576; x_wconf 88' lang='lat' dir='ltr'><strong>xv,</strong></span> <span class='ocrx_word' id='word_1_974' title='bbox 2030 2549 2127 2580; x_wconf 87' lang='lat' dir='ltr'><strong>super</strong></span> <span class='ocrx_word' id='word_1_975' title='bbox 2150 2540 2230 2571; x_wconf 89' lang='lat' dir='ltr'><strong>illud</strong></span> <span class='ocrx_word' id='word_1_976' title='bbox 2246 2541 2272 2577; x_wconf 49' lang='grc' dir='ltr'>ἢ</span> <span class='ocrx_word' id='word_1_977' title='bbox 2300 2541 2382 2572; x_wconf 90' lang='lat' dir='ltr'><strong>Cum</strong></span> <span class='ocrx_word' id='word_1_978' title='bbox 2406 2539 2579 2572; x_wconf 79' lang='lat' dir='ltr'><strong>tradiderit</strong></span> 
     </span>
     <span class='ocr_line' id='line_1_127' title="bbox 1506 2583 2576 2626; baseline 0.002 -12"><span class='ocrx_word' id='word_1_979' title='bbox 1506 2594 1644 2625; x_wconf 85' lang='lat' dir='ltr'><strong>regnum</strong></span> <span class='ocrx_word' id='word_1_980' title='bbox 1659 2584 1730 2615; x_wconf 90' lang='lat' dir='ltr'><strong>Deo</strong></span> <span class='ocrx_word' id='word_1_981' title='bbox 1747 2589 1779 2615; x_wconf 89' lang='lat' dir='ltr'><strong>et</strong></span> <span class='ocrx_word' id='word_1_982' title='bbox 1794 2584 1894 2620; x_wconf 87' lang='lat' dir='ltr'><strong>Patri,</strong></span> <span class='ocrx_word' id='word_1_983' title='bbox 1908 2584 1984 2615; x_wconf 90' lang='lat' dir='ltr'><strong>dicit</strong></span> <span class='ocrx_word' id='word_1_984' title='bbox 2000 2583 2116 2616; x_wconf 85' lang='lat' dir='ltr'><strong>Glossa</strong></span> <span class='ocrx_word' id='word_1_985' title='bbox 2130 2585 2166 2615; x_wconf 65' lang='lat' dir='ltr'><strong>*t</strong></span> <span class='ocrx_word' id='word_1_986' title='bbox 2190 2585 2262 2622; x_wconf 87' lang='lat' dir='ltr'><strong>Ubi,</strong></span> <span class='ocrx_word' id='word_1_987' title='bbox 2279 2586 2399 2616; x_wconf 87' lang='lat' dir='ltr'><strong>scilicet</strong></span> <span class='ocrx_word' id='word_1_988' title='bbox 2417 2585 2450 2616; x_wconf 89' lang='lat' dir='ltr'><strong>in</strong></span> <span class='ocrx_word' id='word_1_989' title='bbox 2466 2585 2576 2626; x_wconf 81' lang='lat' dir='ltr'><strong>patria,</strong></span> 
     </span>
    </p>
   </div>
   <div class='ocr_carea' id='block_1_32' title="bbox 1466 2628 2575 2671">
    <p class='ocr_par' dir='ltr' id='par_1_46' title="bbox 1466 2628 2575 2671">
     <span class='ocr_line' id='line_1_128' title="bbox 1466 2628 2575 2671; baseline 0.003 -14"><span class='ocrx_word' id='word_1_990' title='bbox 1466 2638 1487 2658; x_wconf 84' lang='lat'><strong>55</strong></span> <span class='ocrx_word' id='word_1_991' title='bbox 1506 2629 1642 2660; x_wconf 88' lang='lat' dir='ltr'><strong>essentia</strong></span> <span class='ocrx_word' id='word_1_992' title='bbox 1666 2629 1775 2660; x_wconf 87' lang='lat' dir='ltr'><strong>Patris</strong></span> <span class='ocrx_word' id='word_1_993' title='bbox 1798 2634 1829 2659; x_wconf 90' lang='lat' dir='ltr'><strong>et</strong></span> <span class='ocrx_word' id='word_1_994' title='bbox 1846 2629 1925 2659; x_wconf 86' lang='lat' dir='ltr'><strong>Filii</strong></span> <span class='ocrx_word' id='word_1_995' title='bbox 1948 2634 1979 2659; x_wconf 89' lang='lat' dir='ltr'><strong>et</strong></span> <span class='ocrx_word' id='word_1_996' title='bbox 2001 2629 2141 2670; x_wconf 81' lang='lat' dir='ltr'><strong>Spiritus</strong></span> <span class='ocrx_word' id='word_1_997' title='bbox 2165 2629 2277 2660; x_wconf 85' lang='lat' dir='ltr'><strong>Sancti</strong></span> <span class='ocrx_word' id='word_1_998' title='bbox 2292 2630 2470 2661; x_wconf 84' lang='lat' dir='ltr'><strong>videbitur:</strong></span> <span class='ocrx_word' id='word_1_999' title='bbox 2486 2628 2575 2671; x_wconf 79' lang='lat' dir='ltr'><strong>quod</strong></span> 
     </span>
    </p>
   </div>
   <div class='ocr_carea' id='block_1_33' title="bbox 1505 2673 2576 2849">
    <p class='ocr_par' dir='ltr' id='par_1_47' title="bbox 1505 2673 2575 2758">
     <span class='ocr_line' id='line_1_129' title="bbox 1505 2673 2575 2715; baseline 0.001 -12"><span class='ocrx_word' id='word_1_1000' title='bbox 1505 2673 1610 2704; x_wconf 88' lang='lat' dir='ltr'><strong>solum</strong></span> <span class='ocrx_word' id='word_1_1001' title='bbox 1627 2673 1755 2704; x_wconf 86' lang='lat' dir='ltr'><strong>mundis</strong></span> <span class='ocrx_word' id='word_1_1002' title='bbox 1778 2673 1928 2704; x_wconf 85' lang='lat' dir='ltr'><strong>cordibus</strong></span> <span class='ocrx_word' id='word_1_1003' title='bbox 1943 2673 2082 2710; x_wconf 86' lang='lat' dir='ltr'><strong>dabitur,</strong></span> <span class='ocrx_word' id='word_1_1004' title='bbox 2099 2683 2183 2715; x_wconf 85' lang='lat' dir='ltr'><strong>quae</strong></span> <span class='ocrx_word' id='word_1_1005' title='bbox 2198 2679 2246 2705; x_wconf 87' lang='lat' dir='ltr'><strong>est</strong></span> <span class='ocrx_word' id='word_1_1006' title='bbox 2259 2683 2385 2706; x_wconf 87' lang='lat' dir='ltr'><strong>summa</strong></span> <span class='ocrx_word' id='word_1_1007' title='bbox 2401 2673 2575 2705; x_wconf 75' lang='lat' dir='ltr'><strong>beatimdo.</strong></span> 
     </span>
     <span class='ocr_line' id='line_1_130' title="bbox 1506 2718 2292 2758; baseline 0.001 -10"><span class='ocrx_word' id='word_1_1008' title='bbox 1506 2718 1592 2758; x_wconf 91' lang='lat' dir='ltr'><strong>Ergo</strong></span> <span class='ocrx_word' id='word_1_1009' title='bbox 1616 2718 1700 2748; x_wconf 91' lang='lat' dir='ltr'><strong>beati</strong></span> <span class='ocrx_word' id='word_1_1010' title='bbox 1724 2718 1831 2748; x_wconf 91' lang='lat' dir='ltr'><strong>Deum</strong></span> <span class='ocrx_word' id='word_1_1011' title='bbox 1854 2727 1911 2758; x_wconf 92' lang='lat' dir='ltr'><strong>per</strong></span> <span class='ocrx_word' id='word_1_1012' title='bbox 1935 2719 2104 2749; x_wconf 90' lang='lat' dir='ltr'><strong>essentiam</strong></span> <span class='ocrx_word' id='word_1_1013' title='bbox 2127 2718 2292 2750; x_wconf 88' lang='lat' dir='ltr'><strong>videbunt.</strong></span> 
     </span>
    </p>

    <p class='ocr_par' dir='ltr' id='par_1_48' title="bbox 1506 2762 2576 2849">
     <span class='ocr_line' id='line_1_131' title="bbox 1560 2762 2575 2804; baseline 0.002 -12"><span class='ocrx_word' id='word_1_1014' title='bbox 1560 2771 1592 2801; x_wconf 90' lang='lat'><strong>4.</strong></span> <span class='ocrx_word' id='word_1_1015' title='bbox 1617 2762 1820 2799; x_wconf 53' lang='lat' dir='ltr'><strong>Proxumum,</strong></span> <span class='ocrx_word' id='word_1_1016' title='bbox 1846 2762 1933 2793; x_wconf 86' lang='lat' dir='ltr'><strong>loan.</strong></span> <span class='ocrx_word' id='word_1_1017' title='bbox 1958 2772 2011 2793; x_wconf 83' lang='lat' dir='ltr'><strong>xrv</strong></span> <span class='ocrx_word' id='word_1_1018' title='bbox 2026 2763 2043 2779; x_wconf 64' lang='lat'><strong>⁸*</strong></span> <span class='ocrx_word' id='word_1_1019' title='bbox 2066 2762 2199 2794; x_wconf 90' lang='lat' dir='ltr'><strong>dicitur:</strong></span> <span class='ocrx_word' id='word_1_1020' title='bbox 2231 2763 2268 2794; x_wconf 85' lang='lat' dir='ltr'><strong>Si</strong></span> <span class='ocrx_word' id='word_1_1021' title='bbox 2290 2763 2361 2804; x_wconf 82' lang='lat' dir='ltr'><strong>quis</strong></span> <span class='ocrx_word' id='word_1_1022' title='bbox 2383 2762 2494 2804; x_wconf 81' lang='lat' dir='ltr'><strong>diligit</strong></span> <span class='ocrx_word' id='word_1_1023' title='bbox 2515 2772 2575 2799; x_wconf 76' lang='lat' dir='ltr'><strong>me,</strong></span> 
     </span>
     <span class='ocr_line' id='line_1_132' title="bbox 1506 2806 2576 2849; baseline 0.001 -12"><span class='ocrx_word' id='word_1_1024' title='bbox 1506 2806 1662 2848; x_wconf 84' lang='lat' dir='ltr'><strong>diligetur</strong></span> <span class='ocrx_word' id='word_1_1025' title='bbox 1678 2817 1698 2837; x_wconf 93' lang='lat' dir='ltr'><strong>a</strong></span> <span class='ocrx_word' id='word_1_1026' title='bbox 1713 2807 1811 2838; x_wconf 89' lang='lat' dir='ltr'><strong>Patre</strong></span> <span class='ocrx_word' id='word_1_1027' title='bbox 1834 2817 1915 2843; x_wconf 87' lang='lat' dir='ltr'><strong>meo,</strong></span> <span class='ocrx_word' id='word_1_1028' title='bbox 1932 2811 1963 2838; x_wconf 91' lang='lat' dir='ltr'><strong>et</strong></span> <span class='ocrx_word' id='word_1_1029' title='bbox 1978 2817 2040 2848; x_wconf 88' lang='lat' dir='ltr'><strong>ego</strong></span> <span class='ocrx_word' id='word_1_1030' title='bbox 2056 2807 2194 2849; x_wconf 81' lang='lat' dir='ltr'><strong>diligam</strong></span> <span class='ocrx_word' id='word_1_1031' title='bbox 2217 2817 2299 2844; x_wconf 86' lang='lat' dir='ltr'><strong>eum,</strong></span> <span class='ocrx_word' id='word_1_1032' title='bbox 2316 2813 2348 2838; x_wconf 94' lang='lat' dir='ltr'><strong>et</strong></span> <span class='ocrx_word' id='word_1_1033' title='bbox 2361 2806 2576 2849; x_wconf 78' lang='lat' dir='ltr'><strong>manifestabo</strong></span> 
     </span>
    </p>
   </div>
   <div class='ocr_carea' id='block_1_34' title="bbox 382 2850 2576 2892">
    <p class='ocr_par' dir='ltr' id='par_1_49' title="bbox 382 2850 2576 2892">
     <span class='ocr_line' id='line_1_133' title="bbox 382 2850 2576 2892; baseline 0.001 -13"><span class='ocrx_word' id='word_1_1034' title='bbox 382 2851 550 2880; x_wconf 86' lang='lat' dir='ltr'><strong>essentiam</strong></span> <span class='ocrx_word' id='word_1_1035' title='bbox 575 2854 606 2880; x_wconf 91' lang='lat' dir='ltr'><strong>et</strong></span> <span class='ocrx_word' id='word_1_1036' title='bbox 630 2859 707 2880; x_wconf 91' lang='lat' dir='ltr'><strong>esse.</strong></span> <span class='ocrx_word' id='word_1_1037' title='bbox 742 2850 828 2889; x_wconf 89' lang='lat' dir='ltr'><strong>Ergo</strong></span> <span class='ocrx_word' id='word_1_1038' title='bbox 857 2855 987 2890; x_wconf 91' lang='lat' dir='ltr'><strong>oportet</strong></span> <span class='ocrx_word' id='word_1_1039' title='bbox 1016 2850 1107 2891; x_wconf 90' lang='lat' dir='ltr'><strong>quod</strong></span> <span class='ocrx_word' id='word_1_1040' title='bbox 1135 2850 1238 2881; x_wconf 86' lang='lat' dir='ltr'><strong>forma</strong></span> <span class='ocrx_word' id='word_1_1041' title='bbox 1266 2860 1330 2891; x_wconf 90' lang='lat' dir='ltr'><strong>qua</strong></span> <span class='ocrx_word' id='word_1_1042' title='bbox 1352 2850 1451 2882; x_wconf 86' lang='lat' dir='ltr'><strong>infor·</strong></span> <span class='ocrx_word' id='word_1_1043' title='bbox 1465 2859 1492 2878; x_wconf 84' lang='lat'><strong>60</strong></span> <span class='ocrx_word' id='word_1_1044' title='bbox 1506 2852 1536 2881; x_wconf 88' lang='lat' dir='ltr'><strong>ei</strong></span> <span class='ocrx_word' id='word_1_1045' title='bbox 1559 2852 1722 2892; x_wconf 83' lang='lat' dir='ltr'><strong>meipsum.</strong></span> <span class='ocrx_word' id='word_1_1046' title='bbox 1749 2851 1811 2882; x_wconf 91' lang='lat' dir='ltr'><strong>Sed</strong></span> <span class='ocrx_word' id='word_1_1047' title='bbox 1834 2851 1914 2882; x_wconf 94' lang='lat' dir='ltr'><strong>illud</strong></span> <span class='ocrx_word' id='word_1_1048' title='bbox 1937 2851 2028 2892; x_wconf 92' lang='lat' dir='ltr'><strong>quod</strong></span> <span class='ocrx_word' id='word_1_1049' title='bbox 2050 2851 2280 2889; x_wconf 88' lang='lat' dir='ltr'><strong>manifestatur,</strong></span> <span class='ocrx_word' id='word_1_1050' title='bbox 2305 2851 2513 2883; x_wconf 77' lang='lat' dir='ltr'><strong>essentialiter</strong></span> <span class='ocrx_word' id='word_1_1051' title='bbox 2530 2851 2576 2882; x_wconf 81' lang='lat' dir='ltr'><strong>vi·</strong></span> 
     </span>
    </p>
   </div>
   <div class='ocr_carea' id='block_1_35' title="bbox 381 2894 1452 3070">
    <p class='ocr_par' dir='ltr' id='par_1_50' title="bbox 381 2894 1452 3070">
     <span class='ocr_line' id='line_1_134' title="bbox 381 2894 1451 2935; baseline 0.002 -11"><span class='ocrx_word' id='word_1_1052' title='bbox 381 2899 485 2924; x_wconf 88' lang='lat' dir='ltr'><strong>matur</strong></span> <span class='ocrx_word' id='word_1_1053' title='bbox 501 2894 680 2925; x_wconf 90' lang='lat' dir='ltr'><strong>intellectus</strong></span> <span class='ocrx_word' id='word_1_1054' title='bbox 700 2899 808 2924; x_wconf 90' lang='lat' dir='ltr'><strong>noster</strong></span> <span class='ocrx_word' id='word_1_1055' title='bbox 827 2894 1036 2935; x_wconf 90' lang='lat' dir='ltr'><strong>intelligendo</strong></span> <span class='ocrx_word' id='word_1_1056' title='bbox 1053 2895 1171 2931; x_wconf 88' lang='lat' dir='ltr'><strong>Deum,</strong></span> <span class='ocrx_word' id='word_1_1057' title='bbox 1188 2895 1228 2925; x_wconf 90' lang='lat' dir='ltr'><strong>sit</strong></span> <span class='ocrx_word' id='word_1_1058' title='bbox 1243 2895 1349 2935; x_wconf 85' lang='lat' dir='ltr'><strong>aliqua</strong></span> <span class='ocrx_word' id='word_1_1059' title='bbox 1366 2895 1451 2926; x_wconf 89' lang='lat' dir='ltr'><strong>simi-</strong></span> 
     </span>
     <span class='ocr_line' id='line_1_135' title="bbox 381 2938 1452 2979; baseline 0.002 -11"><span class='ocrx_word' id='word_1_1060' title='bbox 381 2938 482 2968; x_wconf 86' lang='lat' dir='ltr'><strong>litudo</strong></span> <span class='ocrx_word' id='word_1_1061' title='bbox 506 2939 660 2979; x_wconf 89' lang='lat' dir='ltr'><strong>impressa</strong></span> <span class='ocrx_word' id='word_1_1062' title='bbox 684 2949 700 2968; x_wconf 90' lang='lat' dir='ltr'><strong>a</strong></span> <span class='ocrx_word' id='word_1_1063' title='bbox 720 2939 791 2969; x_wconf 88' lang='lat' dir='ltr'><strong>Deo</strong></span> <span class='ocrx_word' id='word_1_1064' title='bbox 816 2939 849 2969; x_wconf 92' lang='lat' dir='ltr'><strong>in</strong></span> <span class='ocrx_word' id='word_1_1065' title='bbox 873 2940 1073 2970; x_wconf 91' lang='lat' dir='ltr'><strong>intellectum</strong></span> <span class='ocrx_word' id='word_1_1066' title='bbox 1096 2945 1253 2970; x_wconf 87' lang='lat' dir='ltr'><strong>nostrum.</strong></span> <span class='ocrx_word' id='word_1_1067' title='bbox 1279 2939 1342 2970; x_wconf 90' lang='lat' dir='ltr'><strong>Sed</strong></span> <span class='ocrx_word' id='word_1_1068' title='bbox 1366 2940 1452 2970; x_wconf 87' lang='lat' dir='ltr'><strong>simi-</strong></span> 
     </span>
     <span class='ocr_line' id='line_1_136' title="bbox 382 2982 1452 3024; baseline 0.003 -12"><span class='ocrx_word' id='word_1_1069' title='bbox 382 2982 484 3013; x_wconf 88' lang='lat' dir='ltr'><strong>litudo</strong></span> <span class='ocrx_word' id='word_1_1070' title='bbox 508 2983 575 3019; x_wconf 91' lang='lat' dir='ltr'><strong>illa,</strong></span> <span class='ocrx_word' id='word_1_1071' title='bbox 601 2993 676 3013; x_wconf 85' lang='lat' dir='ltr'><strong>curn</strong></span> <span class='ocrx_word' id='word_1_1072' title='bbox 701 2983 739 3013; x_wconf 91' lang='lat' dir='ltr'><strong>sit</strong></span> <span class='ocrx_word' id='word_1_1073' title='bbox 763 2983 842 3023; x_wconf 93' lang='lat' dir='ltr'><strong>quid</strong></span> <span class='ocrx_word' id='word_1_1074' title='bbox 870 2989 1027 3020; x_wconf 90' lang='lat' dir='ltr'><strong>creatum,</strong></span> <span class='ocrx_word' id='word_1_1075' title='bbox 1051 2994 1119 3014; x_wconf 92' lang='grc'><strong>11011</strong></span> <span class='ocrx_word' id='word_1_1076' title='bbox 1143 2990 1250 3024; x_wconf 89' lang='lat' dir='ltr'><strong>potest</strong></span> <span class='ocrx_word' id='word_1_1077' title='bbox 1277 2984 1395 3015; x_wconf 85' lang='lat' dir='ltr'><strong>ducere</strong></span> <span class='ocrx_word' id='word_1_1078' title='bbox 1419 2985 1452 3015; x_wconf 90' lang='lat' dir='ltr'><strong>in</strong></span> 
     </span>
     <span class='ocr_line' id='line_1_137' title="bbox 382 3027 1452 3070; baseline 0.002 -13"><span class='ocrx_word' id='word_1_1079' title='bbox 382 3027 442 3057; x_wconf 94' lang='lat' dir='ltr'><strong>Dei</strong></span> <span class='ocrx_word' id='word_1_1080' title='bbox 459 3028 679 3067; x_wconf 90' lang='lat' dir='ltr'><strong>cognitionem</strong></span> <span class='ocrx_word' id='word_1_1081' title='bbox 695 3028 756 3058; x_wconf 87' lang='lat' dir='ltr'><strong>nisi</strong></span> <span class='ocrx_word' id='word_1_1082' title='bbox 773 3029 855 3059; x_wconf 88' lang='lat' dir='ltr'><strong>sicut</strong></span> <span class='ocrx_word' id='word_1_1083' title='bbox 872 3027 1004 3059; x_wconf 83' lang='lat' dir='ltr'><strong>effectus</strong></span> <span class='ocrx_word' id='word_1_1084' title='bbox 1020 3029 1054 3059; x_wconf 88' lang='lat' dir='ltr'><strong>in</strong></span> <span class='ocrx_word' id='word_1_1085' title='bbox 1071 3038 1210 3059; x_wconf 89' lang='lat' dir='ltr'><strong>causam.</strong></span> <span class='ocrx_word' id='word_1_1086' title='bbox 1228 3029 1314 3069; x_wconf 90' lang='lat' dir='ltr'><strong>Ergo</strong></span> <span class='ocrx_word' id='word_1_1087' title='bbox 1331 3029 1452 3070; x_wconf 90' lang='lat' dir='ltr'><strong>impos-</strong></span> 
     </span>
    </p>
   </div>
   <div class='ocr_carea' id='block_1_36' title="bbox 1506 2895 2577 3071">
    <p class='ocr_par' dir='ltr' id='par_1_51' title="bbox 1507 2895 2575 2936">
     <span class='ocr_line' id='line_1_138' title="bbox 1507 2895 2575 2936; baseline -0.001 -10"><span class='ocrx_word' id='word_1_1088' title='bbox 1507 2895 1608 2926; x_wconf 89' lang='lat' dir='ltr'><strong>detur.</strong></span> <span class='ocrx_word' id='word_1_1089' title='bbox 1634 2896 1719 2936; x_wconf 90' lang='lat' dir='ltr'><strong>Ergo</strong></span> <span class='ocrx_word' id='word_1_1090' title='bbox 1735 2896 1824 2926; x_wconf 93' lang='lat' dir='ltr'><strong>Deus</strong></span> <span class='ocrx_word' id='word_1_1091' title='bbox 1840 2906 1858 2926; x_wconf 94' lang='lat' dir='ltr'><strong>a</strong></span> <span class='ocrx_word' id='word_1_1092' title='bbox 1873 2896 1989 2926; x_wconf 88' lang='lat' dir='ltr'><strong>sanetis</strong></span> <span class='ocrx_word' id='word_1_1093' title='bbox 2004 2897 2038 2926; x_wconf 92' lang='lat' dir='ltr'><strong>in</strong></span> <span class='ocrx_word' id='word_1_1094' title='bbox 2053 2897 2154 2936; x_wconf 86' lang='lat' dir='ltr'><strong>patria</strong></span> <span class='ocrx_word' id='word_1_1095' title='bbox 2179 2897 2385 2928; x_wconf 86' lang='lat' dir='ltr'><strong>essentialiter</strong></span> <span class='ocrx_word' id='word_1_1096' title='bbox 2407 2895 2575 2927; x_wconf 86' lang='lat' dir='ltr'><strong>videbitur.</strong></span> 
     </span>
    </p>

    <p class='ocr_par' dir='ltr' id='par_1_52' title="bbox 1506 2938 2577 3071">
     <span class='ocr_line' id='line_1_139' title="bbox 1563 2938 2577 2981; baseline -0.001 -11"><span class='ocrx_word' id='word_1_1097' title='bbox 1563 2941 1592 2970; x_wconf 90' lang='grc'><strong>5.</strong></span> <span class='ocrx_word' id='word_1_1098' title='bbox 1617 2940 1814 2977; x_wconf 66' lang='lat' dir='ltr'><strong>Pmnraam,</strong></span> <span class='ocrx_word' id='word_1_1099' title='bbox 1838 2940 1946 2971; x_wconf 85' lang='lat' dir='ltr'><strong>Exod.</strong></span> <span class='ocrx_word' id='word_1_1100' title='bbox 1963 2950 2069 2976; x_wconf 77' lang='lat' dir='ltr'><strong>xxxin,</strong></span> <span class='ocrx_word' id='word_1_1101' title='bbox 2093 2950 2190 2981; x_wconf 89' lang='lat' dir='ltr'><strong>super</strong></span> <span class='ocrx_word' id='word_1_1102' title='bbox 2212 2940 2292 2972; x_wconf 91' lang='lat' dir='ltr'><strong>illud</strong></span> <span class='ocrx_word' id='word_1_1103' title='bbox 2307 2941 2335 2977; x_wconf 73' lang='lat'><strong>*,</strong></span> <span class='ocrx_word' id='word_1_1104' title='bbox 2358 2940 2434 2971; x_wconf 89' lang='lat' dir='ltr'><strong>Non</strong></span> <span class='ocrx_word' id='word_1_1105' title='bbox 2459 2938 2577 2970; x_wconf 73' lang='lat' dir='ltr'><strong>videbit</strong></span> 
     </span>
     <span class='ocr_line' id='line_1_140' title="bbox 1506 2983 2575 3026; baseline 0 -12"><span class='ocrx_word' id='word_1_1106' title='bbox 1506 2994 1556 3015; x_wconf 86' lang='lat' dir='ltr'><strong>me</strong></span> <span class='ocrx_word' id='word_1_1107' title='bbox 1571 2985 1667 3015; x_wconf 84' lang='lat' dir='ltr'><strong>homo</strong></span> <span class='ocrx_word' id='word_1_1108' title='bbox 1684 2990 1715 3015; x_wconf 89' lang='lat' dir='ltr'><strong>et</strong></span> <span class='ocrx_word' id='word_1_1109' title='bbox 1730 2985 1821 3020; x_wconf 81' lang='lat' dir='ltr'><strong>vivet,</strong></span> <span class='ocrx_word' id='word_1_1110' title='bbox 1840 2984 2014 3025; x_wconf 88' lang='lat' dir='ltr'><strong>Gregorius</strong></span> <span class='ocrx_word' id='word_1_1111' title='bbox 2027 2985 2043 3001; x_wconf 76' lang='lat'><strong>⁴·</strong></span> <span class='ocrx_word' id='word_1_1112' title='bbox 2062 2985 2224 3026; x_wconf 86' lang='lat' dir='ltr'><strong>improbat</strong></span> <span class='ocrx_word' id='word_1_1113' title='bbox 2240 2985 2431 3025; x_wconf 84' lang='lat' dir='ltr'><strong>opinionem</strong></span> <span class='ocrx_word' id='word_1_1114' title='bbox 2445 2983 2575 3014; x_wconf 89' lang='lat' dir='ltr'><strong>illorum</strong></span> 
     </span>
     <span class='ocr_line' id='line_1_141' title="bbox 1508 3027 2576 3071; baseline -0.002 -11"><span class='ocrx_word' id='word_1_1115' title='bbox 1508 3030 1564 3069; x_wconf 89' lang='lat' dir='ltr'><strong>qui</strong></span> <span class='ocrx_word' id='word_1_1116' title='bbox 1581 3029 1730 3060; x_wconf 86' lang='lat' dir='ltr'><strong>dicebant</strong></span> <span class='ocrx_word' id='word_1_1117' title='bbox 1749 3029 1841 3070; x_wconf 91' lang='lat' dir='ltr'><strong>quod</strong></span> <span class='ocrx_word' id='word_1_1118' title='bbox 1856 3029 1888 3060; x_wconf 85' lang='lat' dir='ltr'><strong>in</strong></span> <span class='ocrx_word' id='word_1_1119' title='bbox 1905 3029 1964 3060; x_wconf 88' lang='lat' dir='ltr'><strong>illa</strong></span> <span class='ocrx_word' id='word_1_1120' title='bbox 1981 3029 2116 3071; x_wconf 87' lang='lat' dir='ltr'><strong>regione</strong></span> <span class='ocrx_word' id='word_1_1121' title='bbox 2134 3029 2340 3060; x_wconf 82' lang='lat' dir='ltr'><strong>beatitudinis</strong></span> <span class='ocrx_word' id='word_1_1122' title='bbox 2354 3027 2444 3059; x_wconf 80' lang='lat' dir='ltr'><strong>Deus</strong></span> <span class='ocrx_word' id='word_1_1123' title='bbox 2460 3027 2493 3058; x_wconf 85' lang='lat' dir='ltr'><strong>in</strong></span> <span class='ocrx_word' id='word_1_1124' title='bbox 2510 3027 2576 3058; x_wconf 85' lang='lat' dir='ltr'><strong>cla-</strong></span> 
     </span>
    </p>
   </div>
   <div class='ocr_carea' id='block_1_37' title="bbox 382 3071 2575 3114">
    <p class='ocr_par' dir='ltr' id='par_1_53' title="bbox 382 3071 2575 3114">
     <span class='ocr_line' id='line_1_142' title="bbox 382 3071 2575 3114; baseline 0 -13"><span class='ocrx_word' id='word_1_1125' title='bbox 382 3071 471 3102; x_wconf 90' lang='lat' dir='ltr'><strong>sibile</strong></span> <span class='ocrx_word' id='word_1_1126' title='bbox 496 3077 543 3102; x_wconf 90' lang='lat' dir='ltr'><strong>est</strong></span> <span class='ocrx_word' id='word_1_1127' title='bbox 565 3077 601 3102; x_wconf 87' lang='lat' dir='ltr'><strong>ut</strong></span> <span class='ocrx_word' id='word_1_1128' title='bbox 624 3072 804 3103; x_wconf 87' lang='lat' dir='ltr'><strong>intellectus</strong></span> <span class='ocrx_word' id='word_1_1129' title='bbox 828 3079 937 3103; x_wconf 86' lang='lat' dir='ltr'><strong>noster</strong></span> <span class='ocrx_word' id='word_1_1130' title='bbox 953 3073 1061 3104; x_wconf 92' lang='lat' dir='ltr'><strong>Deum</strong></span> <span class='ocrx_word' id='word_1_1131' title='bbox 1084 3073 1190 3103; x_wconf 88' lang='lat' dir='ltr'><strong>videat</strong></span> <span class='ocrx_word' id='word_1_1132' title='bbox 1213 3073 1273 3103; x_wconf 87' lang='lat' dir='ltr'><strong>nisi</strong></span> <span class='ocrx_word' id='word_1_1133' title='bbox 1296 3083 1354 3114; x_wconf 91' lang='lat' dir='ltr'><strong>per</strong></span> <span class='ocrx_word' id='word_1_1134' title='bbox 1377 3073 1452 3104; x_wconf 84' lang='lat' dir='ltr'><strong>effe·</strong></span> <span class='ocrx_word' id='word_1_1135' title='bbox 1465 3079 1490 3106; x_wconf 85' lang='lat'><strong>⁶5</strong></span> <span class='ocrx_word' id='word_1_1136' title='bbox 1507 3074 1604 3104; x_wconf 90' lang='lat' dir='ltr'><strong>ritate</strong></span> <span class='ocrx_word' id='word_1_1137' title='bbox 1626 3084 1686 3105; x_wconf 87' lang='lat' dir='ltr'><strong>sua</strong></span> <span class='ocrx_word' id='word_1_1138' title='bbox 1710 3074 1853 3114; x_wconf 82' lang='lat' dir='ltr'><strong>conspici</strong></span> <span class='ocrx_word' id='word_1_1139' title='bbox 1870 3078 1988 3114; x_wconf 81' lang='lat' dir='ltr'><strong>potest,</strong></span> <span class='ocrx_word' id='word_1_1140' title='bbox 2004 3073 2061 3104; x_wconf 84' lang='lat' dir='ltr'><strong>sed</strong></span> <span class='ocrx_word' id='word_1_1141' title='bbox 2077 3074 2109 3104; x_wconf 89' lang='lat' dir='ltr'><strong>in</strong></span> <span class='ocrx_word' id='word_1_1142' title='bbox 2127 3079 2246 3105; x_wconf 81' lang='lat' dir='ltr'><strong>natura</strong></span> <span class='ocrx_word' id='word_1_1143' title='bbox 2262 3071 2367 3104; x_wconf 77' lang='lat' dir='ltr'><strong>videri</strong></span> <span class='ocrx_word' id='word_1_1144' title='bbox 2382 3081 2447 3102; x_wconf 88' lang='lat' dir='ltr'><strong>non</strong></span> <span class='ocrx_word' id='word_1_1145' title='bbox 2458 3077 2575 3112; x_wconf 81' lang='lat' dir='ltr'><strong>potest,</strong></span> 
     </span>
    </p>
   </div>
   <div class='ocr_carea' id='block_1_38' title="bbox 383 3116 1452 3290">
    <p class='ocr_par' dir='ltr' id='par_1_54' title="bbox 383 3116 1452 3244">
     <span class='ocr_line' id='line_1_143' title="bbox 383 3116 1452 3157; baseline 0.003 -12"><span class='ocrx_word' id='word_1_1146' title='bbox 383 3121 470 3146; x_wconf 87' lang='lat' dir='ltr'><strong>ctum</strong></span> <span class='ocrx_word' id='word_1_1147' title='bbox 494 3117 604 3156; x_wconf 89' lang='lat' dir='ltr'><strong>ipsius.</strong></span> <span class='ocrx_word' id='word_1_1148' title='bbox 629 3116 692 3147; x_wconf 91' lang='lat' dir='ltr'><strong>Sed</strong></span> <span class='ocrx_word' id='word_1_1149' title='bbox 715 3117 794 3147; x_wconf 89' lang='lat' dir='ltr'><strong>visio</strong></span> <span class='ocrx_word' id='word_1_1150' title='bbox 819 3117 878 3147; x_wconf 90' lang='lat' dir='ltr'><strong>Dei</strong></span> <span class='ocrx_word' id='word_1_1151' title='bbox 905 3127 988 3157; x_wconf 89' lang='lat' dir='ltr'><strong>quae</strong></span> <span class='ocrx_word' id='word_1_1152' title='bbox 1012 3123 1059 3148; x_wconf 88' lang='lat' dir='ltr'><strong>est</strong></span> <span class='ocrx_word' id='word_1_1153' title='bbox 1082 3127 1139 3157; x_wconf 89' lang='lat' dir='ltr'><strong>per</strong></span> <span class='ocrx_word' id='word_1_1154' title='bbox 1162 3116 1304 3154; x_wconf 86' lang='lat' dir='ltr'><strong>effectus,</strong></span> <span class='ocrx_word' id='word_1_1155' title='bbox 1321 3127 1389 3148; x_wconf 91' lang='lat' dir='ltr'><strong>non</strong></span> <span class='ocrx_word' id='word_1_1156' title='bbox 1406 3124 1452 3149; x_wconf 86' lang='lat' dir='ltr'><strong>est</strong></span> 
     </span>
     <span class='ocr_line' id='line_1_144' title="bbox 383 3160 1452 3203; baseline 0.004 -14"><span class='ocrx_word' id='word_1_1157' title='bbox 383 3160 462 3190; x_wconf 88' lang='lat' dir='ltr'><strong>visio</strong></span> <span class='ocrx_word' id='word_1_1158' title='bbox 487 3161 548 3190; x_wconf 92' lang='lat' dir='ltr'><strong>Dei</strong></span> <span class='ocrx_word' id='word_1_1159' title='bbox 570 3170 627 3200; x_wconf 89' lang='lat' dir='ltr'><strong>per</strong></span> <span class='ocrx_word' id='word_1_1160' title='bbox 651 3162 830 3192; x_wconf 88' lang='lat' dir='ltr'><strong>essentiam.</strong></span> <span class='ocrx_word' id='word_1_1161' title='bbox 855 3162 941 3202; x_wconf 87' lang='lat' dir='ltr'><strong>Ergo</strong></span> <span class='ocrx_word' id='word_1_1162' title='bbox 966 3162 1146 3192; x_wconf 86' lang='lat' dir='ltr'><strong>intellectus</strong></span> <span class='ocrx_word' id='word_1_1163' title='bbox 1169 3167 1279 3192; x_wconf 89' lang='lat' dir='ltr'><strong>noster</strong></span> <span class='ocrx_word' id='word_1_1164' title='bbox 1301 3172 1369 3193; x_wconf 91' lang='lat' dir='ltr'><strong>non</strong></span> <span class='ocrx_word' id='word_1_1165' title='bbox 1392 3172 1452 3203; x_wconf 92' lang='lat' dir='ltr'><strong>po-</strong></span> 
     </span>
     <span class='ocr_line' id='line_1_145' title="bbox 383 3205 999 3244; baseline 0.003 -10"><span class='ocrx_word' id='word_1_1166' title='bbox 383 3205 454 3234; x_wconf 90' lang='lat' dir='ltr'><strong>terit</strong></span> <span class='ocrx_word' id='word_1_1167' title='bbox 477 3205 584 3235; x_wconf 92' lang='lat' dir='ltr'><strong>Deum</strong></span> <span class='ocrx_word' id='word_1_1168' title='bbox 608 3214 665 3244; x_wconf 90' lang='lat' dir='ltr'><strong>per</strong></span> <span class='ocrx_word' id='word_1_1169' title='bbox 689 3206 859 3236; x_wconf 89' lang='lat' dir='ltr'><strong>essentiam</strong></span> <span class='ocrx_word' id='word_1_1170' title='bbox 882 3205 999 3236; x_wconf 86' lang='lat' dir='ltr'><strong>videre.</strong></span> 
     </span>
    </p>

    <p class='ocr_par' dir='ltr' id='par_1_55' title="bbox 439 3249 1452 3290">
     <span class='ocr_line' id='line_1_146' title="bbox 439 3249 1452 3290; baseline 0.003 -12"><span class='ocrx_word' id='word_1_1171' title='bbox 439 3258 469 3288; x_wconf 89' lang='lat'><strong>9.</strong></span> <span class='ocrx_word' id='word_1_1172' title='bbox 494 3249 690 3285; x_wconf 54' lang='lat' dir='ltr'><strong>Puni-anax,</strong></span> <span class='ocrx_word' id='word_1_1173' title='bbox 711 3249 817 3280; x_wconf 92' lang='lat' dir='ltr'><strong>divina</strong></span> <span class='ocrx_word' id='word_1_1174' title='bbox 841 3250 976 3281; x_wconf 91' lang='lat' dir='ltr'><strong>essentia</strong></span> <span class='ocrx_word' id='word_1_1175' title='bbox 999 3251 1099 3290; x_wconf 89' lang='lat' dir='ltr'><strong>magis</strong></span> <span class='ocrx_word' id='word_1_1176' title='bbox 1124 3250 1217 3281; x_wconf 87' lang='lat' dir='ltr'><strong>distat</strong></span> <span class='ocrx_word' id='word_1_1177' title='bbox 1233 3251 1270 3281; x_wconf 90' lang='lat' dir='ltr'><strong>ab</strong></span> <span class='ocrx_word' id='word_1_1178' title='bbox 1287 3251 1452 3282; x_wconf 89' lang='lat' dir='ltr'><strong>intellectu</strong></span> 
     </span>
    </p>
   </div>
   <div class='ocr_carea' id='block_1_39' title="bbox 1507 3116 2576 3282">
    <p class='ocr_par' dir='ltr' id='par_1_56' title="bbox 1508 3116 2576 3202">
     <span class='ocr_line' id='line_1_147' title="bbox 1508 3116 2576 3159; baseline -0.002 -10"><span class='ocrx_word' id='word_1_1179' title='bbox 1508 3119 1584 3159; x_wconf 92' lang='lat' dir='ltr'><strong>quia</strong></span> <span class='ocrx_word' id='word_1_1180' title='bbox 1607 3118 1699 3149; x_wconf 83' lang='lat' dir='ltr'><strong>aliud</strong></span> <span class='ocrx_word' id='word_1_1181' title='bbox 1715 3128 1779 3149; x_wconf 88' lang='lat' dir='ltr'><strong>non</strong></span> <span class='ocrx_word' id='word_1_1182' title='bbox 1797 3123 1844 3150; x_wconf 89' lang='lat' dir='ltr'><strong>est</strong></span> <span class='ocrx_word' id='word_1_1183' title='bbox 1859 3118 1928 3149; x_wconf 87' lang='lat' dir='ltr'><strong>eius</strong></span> <span class='ocrx_word' id='word_1_1184' title='bbox 1943 3117 2078 3148; x_wconf 85' lang='lat' dir='ltr'><strong>claritas</strong></span> <span class='ocrx_word' id='word_1_1185' title='bbox 2094 3122 2125 3148; x_wconf 89' lang='lat' dir='ltr'><strong>et</strong></span> <span class='ocrx_word' id='word_1_1186' title='bbox 2139 3117 2209 3148; x_wconf 84' lang='lat' dir='ltr'><strong>eius</strong></span> <span class='ocrx_word' id='word_1_1187' title='bbox 2232 3122 2362 3148; x_wconf 79' lang='lat' dir='ltr'><strong>natura.</strong></span> <span class='ocrx_word' id='word_1_1188' title='bbox 2386 3116 2450 3147; x_wconf 90' lang='lat' dir='ltr'><strong>Sed</strong></span> <span class='ocrx_word' id='word_1_1189' title='bbox 2463 3121 2576 3147; x_wconf 89' lang='lat' dir='ltr'><strong>natura</strong></span> 
     </span>
     <span class='ocr_line' id='line_1_148' title="bbox 1508 3161 2574 3202; baseline -0.002 -8"><span class='ocrx_word' id='word_1_1190' title='bbox 1508 3163 1577 3194; x_wconf 87' lang='lat' dir='ltr'><strong>eius</strong></span> <span class='ocrx_word' id='word_1_1191' title='bbox 1601 3168 1648 3194; x_wconf 90' lang='lat' dir='ltr'><strong>est</strong></span> <span class='ocrx_word' id='word_1_1192' title='bbox 1671 3163 1808 3194; x_wconf 82' lang='lat' dir='ltr'><strong>essentia</strong></span> <span class='ocrx_word' id='word_1_1193' title='bbox 1831 3163 1910 3193; x_wconf 87' lang='lat' dir='ltr'><strong>eius.</strong></span> <span class='ocrx_word' id='word_1_1194' title='bbox 1934 3162 2020 3202; x_wconf 87' lang='lat' dir='ltr'><strong>Ergo</strong></span> <span class='ocrx_word' id='word_1_1195' title='bbox 2041 3161 2200 3192; x_wconf 86' lang='lat' dir='ltr'><strong>videbitur</strong></span> <span class='ocrx_word' id='word_1_1196' title='bbox 2214 3170 2272 3202; x_wconf 88' lang='lat' dir='ltr'><strong>per</strong></span> <span class='ocrx_word' id='word_1_1197' title='bbox 2287 3161 2457 3192; x_wconf 89' lang='lat' dir='ltr'><strong>essentiam</strong></span> <span class='ocrx_word' id='word_1_1198' title='bbox 2473 3169 2574 3192; x_wconf 84' lang='lat' dir='ltr'><strong>suam.</strong></span> 
     </span>
    </p>

    <p class='ocr_par' dir='ltr' id='par_1_57' title="bbox 1507 3204 2576 3282">
     <span class='ocr_line' id='line_1_149' title="bbox 1564 3204 2574 3245; baseline -0.001 -8"><span class='ocrx_word' id='word_1_1199' title='bbox 1564 3207 1594 3237; x_wconf 90' lang='lat'><strong>6.</strong></span> <span class='ocrx_word' id='word_1_1200' title='bbox 1611 3206 1808 3243; x_wconf 58' lang='lat' dir='ltr'><strong>Pus-mnas,</strong></span> <span class='ocrx_word' id='word_1_1201' title='bbox 1821 3212 2007 3238; x_wconf 82' lang='lat' dir='ltr'><strong>sanctorum</strong></span> <span class='ocrx_word' id='word_1_1202' title='bbox 2023 3204 2217 3236; x_wconf 87' lang='lat' dir='ltr'><strong>desiderium</strong></span> <span class='ocrx_word' id='word_1_1203' title='bbox 2231 3215 2300 3236; x_wconf 92' lang='lat' dir='ltr'><strong>non</strong></span> <span class='ocrx_word' id='word_1_1204' title='bbox 2316 3210 2423 3245; x_wconf 87' lang='lat' dir='ltr'><strong>potest</strong></span> <span class='ocrx_word' id='word_1_1205' title='bbox 2439 3205 2574 3236; x_wconf 88' lang='lat' dir='ltr'><strong>omnino</strong></span> 
     </span>
     <span class='ocr_line' id='line_1_150' title="bbox 1507 3249 2576 3282; baseline -0.002 0"><span class='ocrx_word' id='word_1_1206' title='bbox 1507 3251 1657 3282; x_wconf 87' lang='lat' dir='ltr'><strong>frustrari.</strong></span> <span class='ocrx_word' id='word_1_1207' title='bbox 1674 3251 1738 3282; x_wconf 92' lang='lat' dir='ltr'><strong>Sed</strong></span> <span class='ocrx_word' id='word_1_1208' title='bbox 1753 3256 1938 3282; x_wconf 86' lang='lat' dir='ltr'><strong>sanctorum</strong></span> <span class='ocrx_word' id='word_1_1209' title='bbox 1953 3249 2146 3281; x_wconf 87' lang='lat' dir='ltr'><strong>desiderium</strong></span> <span class='ocrx_word' id='word_1_1210' title='bbox 2163 3259 2338 3280; x_wconf 89' lang='lat' dir='ltr'><strong>commune</strong></span> <span class='ocrx_word' id='word_1_1211' title='bbox 2355 3255 2401 3280; x_wconf 91' lang='lat' dir='ltr'><strong>est</strong></span> <span class='ocrx_word' id='word_1_1212' title='bbox 2416 3255 2452 3280; x_wconf 93' lang='lat' dir='ltr'><strong>ut</strong></span> <span class='ocrx_word' id='word_1_1213' title='bbox 2468 3249 2576 3281; x_wconf 87' lang='lat' dir='ltr'><strong>Deum</strong></span> 
     </span>
    </p>
   </div>
   <div class='ocr_carea' id='block_1_40' title="bbox 384 3293 2576 3336">
    <p class='ocr_par' dir='ltr' id='par_1_58' title="bbox 384 3293 2576 3336">
     <span class='ocr_line' id='line_1_151' title="bbox 384 3293 2576 3336; baseline 0.001 -14"><span class='ocrx_word' id='word_1_1214' title='bbox 384 3298 494 3322; x_wconf 88' lang='lat' dir='ltr'><strong>nostro</strong></span> <span class='ocrx_word' id='word_1_1215' title='bbox 525 3303 623 3332; x_wconf 90' lang='lat' dir='ltr'><strong>quam</strong></span> <span class='ocrx_word' id='word_1_1216' title='bbox 654 3294 853 3334; x_wconf 87' lang='lat' dir='ltr'><strong>quicumque</strong></span> <span class='ocrx_word' id='word_1_1217' title='bbox 883 3294 1015 3334; x_wconf 90' lang='lat' dir='ltr'><strong>angelus</strong></span> <span class='ocrx_word' id='word_1_1218' title='bbox 1043 3295 1094 3325; x_wconf 94' lang='lat' dir='ltr'><strong>vel</strong></span> <span class='ocrx_word' id='word_1_1219' title='bbox 1125 3295 1343 3335; x_wconf 89' lang='lat' dir='ltr'><strong>intelligentia.</strong></span> <span class='ocrx_word' id='word_1_1220' title='bbox 1378 3294 1451 3332; x_wconf 90' lang='lat' dir='ltr'><strong>Sed,</strong></span> <span class='ocrx_word' id='word_1_1221' title='bbox 1466 3306 1493 3327; x_wconf 83' lang='grc' dir='ltr'><strong>7ο</strong></span> <span class='ocrx_word' id='word_1_1222' title='bbox 1507 3305 1564 3336; x_wconf 92' lang='lat' dir='ltr'><strong>per</strong></span> <span class='ocrx_word' id='word_1_1223' title='bbox 1592 3297 1762 3326; x_wconf 79' lang='lat' dir='ltr'><strong>essentiam</strong></span> <span class='ocrx_word' id='word_1_1224' title='bbox 1789 3293 1935 3326; x_wconf 83' lang='lat' dir='ltr'><strong>videant:</strong></span> <span class='ocrx_word' id='word_1_1225' title='bbox 1967 3300 2004 3324; x_wconf 90' lang='lat' dir='ltr'><strong>ut</strong></span> <span class='ocrx_word' id='word_1_1226' title='bbox 2030 3298 2117 3334; x_wconf 86' lang='lat' dir='ltr'><strong>patet</strong></span> <span class='ocrx_word' id='word_1_1227' title='bbox 2139 3293 2247 3324; x_wconf 82' lang='lat' dir='ltr'><strong>Exod.</strong></span> <span class='ocrx_word' id='word_1_1228' title='bbox 2272 3304 2367 3324; x_wconf 81' lang='lat' dir='ltr'><strong>xxxin</strong></span> <span class='ocrx_word' id='word_1_1229' title='bbox 2382 3295 2409 3330; x_wconf 68' lang='lat'><strong>*,</strong></span> <span class='ocrx_word' id='word_1_1230' title='bbox 2437 3293 2576 3326; x_wconf 84' lang='lat' dir='ltr'><strong>Ostende</strong></span> 
     </span>
    </p>
   </div>
   <div class='ocr_carea' id='block_1_41' title="bbox 385 3336 1453 3511">
    <p class='ocr_par' dir='ltr' id='par_1_59' title="bbox 385 3336 1453 3511">
     <span class='ocr_line' id='line_1_152' title="bbox 385 3336 1452 3380; baseline 0.004 -14"><span class='ocrx_word' id='word_1_1231' title='bbox 385 3337 466 3366; x_wconf 89' lang='lat' dir='ltr'><strong>sicut</strong></span> <span class='ocrx_word' id='word_1_1232' title='bbox 490 3336 565 3367; x_wconf 88' lang='lat' dir='ltr'><strong>dicit</strong></span> <span class='ocrx_word' id='word_1_1233' title='bbox 588 3337 762 3374; x_wconf 89' lang='lat' dir='ltr'><strong>Avicenna,</strong></span> <span class='ocrx_word' id='word_1_1234' title='bbox 786 3339 819 3369; x_wconf 91' lang='lat' dir='ltr'><strong>in</strong></span> <span class='ocrx_word' id='word_1_1235' title='bbox 844 3348 900 3369; x_wconf 87' lang='lat' dir='ltr'><strong>sua</strong></span> <span class='ocrx_word' id='word_1_1236' title='bbox 924 3339 1151 3380; x_wconf 80' lang='lat' dir='ltr'><strong>Metaphysica</strong></span> <span class='ocrx_word' id='word_1_1237' title='bbox 1165 3340 1192 3375; x_wconf 49' lang='grc' dir='ltr'>ἡ</span> <span class='ocrx_word' id='word_1_1238' title='bbox 1209 3339 1452 3379; x_wconf 84' lang='lat' dir='ltr'><strong>intelligentiam</strong></span> 
     </span>
     <span class='ocr_line' id='line_1_153' title="bbox 386 3381 1452 3423; baseline 0.004 -13"><span class='ocrx_word' id='word_1_1239' title='bbox 386 3389 454 3410; x_wconf 90' lang='lat' dir='ltr'><strong>esse</strong></span> <span class='ocrx_word' id='word_1_1240' title='bbox 477 3381 510 3410; x_wconf 91' lang='lat' dir='ltr'><strong>in</strong></span> <span class='ocrx_word' id='word_1_1241' title='bbox 533 3386 644 3411; x_wconf 88' lang='lat' dir='ltr'><strong>nostro</strong></span> <span class='ocrx_word' id='word_1_1242' title='bbox 672 3382 837 3412; x_wconf 90' lang='lat' dir='ltr'><strong>intellectu</strong></span> <span class='ocrx_word' id='word_1_1243' title='bbox 860 3392 928 3412; x_wconf 91' lang='lat' dir='ltr'><strong>non</strong></span> <span class='ocrx_word' id='word_1_1244' title='bbox 952 3388 998 3412; x_wconf 91' lang='lat' dir='ltr'><strong>est</strong></span> <span class='ocrx_word' id='word_1_1245' title='bbox 1028 3383 1198 3414; x_wconf 88' lang='lat' dir='ltr'><strong>essentiam</strong></span> <span class='ocrx_word' id='word_1_1246' title='bbox 1225 3383 1452 3423; x_wconf 85' lang='lat' dir='ltr'><strong>intelligentiae</strong></span> 
     </span>
     <span class='ocr_line' id='line_1_154' title="bbox 387 3425 1452 3467; baseline 0.005 -14"><span class='ocrx_word' id='word_1_1247' title='bbox 387 3433 454 3453; x_wconf 89' lang='lat' dir='ltr'><strong>esse</strong></span> <span class='ocrx_word' id='word_1_1248' title='bbox 477 3425 510 3454; x_wconf 91' lang='lat' dir='ltr'><strong>in</strong></span> <span class='ocrx_word' id='word_1_1249' title='bbox 531 3425 695 3455; x_wconf 89' lang='lat' dir='ltr'><strong>intellectu</strong></span> <span class='ocrx_word' id='word_1_1250' title='bbox 718 3426 807 3466; x_wconf 91' lang='lat' dir='ltr'><strong>(quia</strong></span> <span class='ocrx_word' id='word_1_1251' title='bbox 831 3427 876 3456; x_wconf 88' lang='lat' dir='ltr'><strong>sic</strong></span> <span class='ocrx_word' id='word_1_1252' title='bbox 899 3427 1031 3456; x_wconf 84' lang='lat' dir='ltr'><strong>scientia</strong></span> <span class='ocrx_word' id='word_1_1253' title='bbox 1052 3437 1150 3467; x_wconf 90' lang='lat' dir='ltr'><strong>quam</strong></span> <span class='ocrx_word' id='word_1_1254' title='bbox 1174 3427 1214 3458; x_wconf 94' lang='lat' dir='ltr'><strong>de</strong></span> <span class='ocrx_word' id='word_1_1255' title='bbox 1237 3428 1452 3467; x_wconf 87' lang='lat' dir='ltr'><strong>intelligentiis</strong></span> 
     </span>
     <span class='ocr_line' id='line_1_155' title="bbox 386 3468 1453 3511; baseline 0.005 -14"><span class='ocrx_word' id='word_1_1256' title='bbox 386 3468 557 3504; x_wconf 85' lang='lat' dir='ltr'><strong>habemus,</strong></span> <span class='ocrx_word' id='word_1_1257' title='bbox 583 3475 664 3499; x_wconf 91' lang='lat' dir='ltr'><strong>esset</strong></span> <span class='ocrx_word' id='word_1_1258' title='bbox 687 3470 860 3500; x_wconf 89' lang='lat' dir='ltr'><strong>substantia</strong></span> <span class='ocrx_word' id='word_1_1259' title='bbox 884 3475 916 3500; x_wconf 92' lang='lat' dir='ltr'><strong>et</strong></span> <span class='ocrx_word' id='word_1_1260' title='bbox 938 3480 1006 3500; x_wconf 92' lang='lat' dir='ltr'><strong>non</strong></span> <span class='ocrx_word' id='word_1_1261' title='bbox 1031 3471 1212 3511; x_wconf 86' lang='lat' dir='ltr'><strong>accidens):</strong></span> <span class='ocrx_word' id='word_1_1262' title='bbox 1236 3471 1292 3501; x_wconf 91' lang='lat' dir='ltr'><strong>sed</strong></span> <span class='ocrx_word' id='word_1_1263' title='bbox 1318 3471 1382 3502; x_wconf 92' lang='lat' dir='ltr'><strong>hoc</strong></span> <span class='ocrx_word' id='word_1_1264' title='bbox 1407 3476 1453 3501; x_wconf 90' lang='lat' dir='ltr'><strong>est</strong></span> 
     </span>
    </p>
   </div>
   <div class='ocr_carea' id='block_1_42' title="bbox 1507 3337 2577 3512">
    <p class='ocr_par' dir='ltr' id='par_1_60' title="bbox 1507 3337 2577 3468">
     <span class='ocr_line' id='line_1_156' title="bbox 1507 3337 2575 3381; baseline 0 -11"><span class='ocrx_word' id='word_1_1265' title='bbox 1507 3339 1586 3373; x_wconf 86' lang='lat' dir='ltr'><strong>mihi</strong></span> <span class='ocrx_word' id='word_1_1266' title='bbox 1599 3339 1744 3381; x_wconf 87' lang='lat' dir='ltr'><strong>gloriam</strong></span> <span class='ocrx_word' id='word_1_1267' title='bbox 1760 3344 1848 3370; x_wconf 85' lang='lat' dir='ltr'><strong>tuam</strong></span> <span class='ocrx_word' id='word_1_1268' title='bbox 1859 3345 1872 3375; x_wconf 90' lang='lat'><em>;</em></span> <span class='ocrx_word' id='word_1_1269' title='bbox 1896 3343 1927 3368; x_wconf 91' lang='lat' dir='ltr'><strong>et</strong></span> <span class='ocrx_word' id='word_1_1270' title='bbox 1941 3338 1975 3368; x_wconf 93' lang='lat' dir='ltr'><strong>in</strong></span> <span class='ocrx_word' id='word_1_1271' title='bbox 1990 3337 2118 3368; x_wconf 81' lang='lat' dir='ltr'><strong>Psalmo</strong></span> <span class='ocrx_word' id='word_1_1272' title='bbox 2134 3338 2161 3374; x_wconf 76' lang='lat'><strong>*,</strong></span> <span class='ocrx_word' id='word_1_1273' title='bbox 2190 3337 2329 3369; x_wconf 87' lang='lat' dir='ltr'><strong>Ostende</strong></span> <span class='ocrx_word' id='word_1_1274' title='bbox 2343 3338 2470 3380; x_wconf 86' lang='lat' dir='ltr'><strong>faciem</strong></span> <span class='ocrx_word' id='word_1_1275' title='bbox 2486 3343 2575 3370; x_wconf 82' lang='lat' dir='ltr'><strong>tuam</strong></span> 
     </span>
     <span class='ocr_line' id='line_1_157' title="bbox 1507 3381 2577 3420; baseline 0 -6"><span class='ocrx_word' id='word_1_1276' title='bbox 1507 3389 1539 3414; x_wconf 89' lang='lat' dir='ltr'><strong>et</strong></span> <span class='ocrx_word' id='word_1_1277' title='bbox 1560 3384 1644 3414; x_wconf 80' lang='lat' dir='ltr'><strong>salvi</strong></span> <span class='ocrx_word' id='word_1_1278' title='bbox 1667 3383 1809 3420; x_wconf 87' lang='lat' dir='ltr'><strong>erimus;</strong></span> <span class='ocrx_word' id='word_1_1279' title='bbox 1832 3387 1864 3413; x_wconf 89' lang='lat' dir='ltr'><strong>et</strong></span> <span class='ocrx_word' id='word_1_1280' title='bbox 1886 3381 1974 3412; x_wconf 86' lang='lat' dir='ltr'><strong>Ioan.</strong></span> <span class='ocrx_word' id='word_1_1281' title='bbox 1998 3391 2050 3412; x_wconf 81' lang='lat' dir='ltr'><strong>xxv</strong></span> <span class='ocrx_word' id='word_1_1282' title='bbox 2065 3382 2092 3418; x_wconf 50' lang='grc' dir='ltr'>ἡ</span> <span class='ocrx_word' id='word_1_1283' title='bbox 2121 3381 2260 3413; x_wconf 85' lang='lat' dir='ltr'><strong>Ostende</strong></span> <span class='ocrx_word' id='word_1_1284' title='bbox 2283 3383 2374 3414; x_wconf 87' lang='lat' dir='ltr'><strong>nobis</strong></span> <span class='ocrx_word' id='word_1_1285' title='bbox 2396 3383 2526 3414; x_wconf 85' lang='lat' dir='ltr'><strong>Patrem</strong></span> <span class='ocrx_word' id='word_1_1286' title='bbox 2545 3388 2577 3414; x_wconf 91' lang='lat' dir='ltr'><strong>et</strong></span> 
     </span>
     <span class='ocr_line' id='line_1_158' title="bbox 1507 3425 2573 3468; baseline 0 -10"><span class='ocrx_word' id='word_1_1287' title='bbox 1507 3427 1630 3468; x_wconf 87' lang='lat' dir='ltr'><strong>sufficit</strong></span> <span class='ocrx_word' id='word_1_1288' title='bbox 1652 3427 1753 3458; x_wconf 86' lang='lat' dir='ltr'><strong>nobis.</strong></span> <span class='ocrx_word' id='word_1_1289' title='bbox 1777 3426 1863 3466; x_wconf 92' lang='lat' dir='ltr'><strong>Ergo</strong></span> <span class='ocrx_word' id='word_1_1290' title='bbox 1887 3425 1987 3456; x_wconf 90' lang='lat' dir='ltr'><strong>sancti</strong></span> <span class='ocrx_word' id='word_1_1291' title='bbox 2010 3435 2067 3466; x_wconf 89' lang='lat' dir='ltr'><strong>per</strong></span> <span class='ocrx_word' id='word_1_1292' title='bbox 2090 3427 2258 3459; x_wconf 84' lang='lat' dir='ltr'><strong>essentiam</strong></span> <span class='ocrx_word' id='word_1_1293' title='bbox 2278 3427 2386 3458; x_wconf 89' lang='lat' dir='ltr'><strong>Deum</strong></span> <span class='ocrx_word' id='word_1_1294' title='bbox 2408 3426 2573 3459; x_wconf 84' lang='lat' dir='ltr'><strong>videbunt.</strong></span> 
     </span>
    </p>

    <p class='ocr_par' dir='ltr' id='par_1_61' title="bbox 1563 3469 2574 3512">
     <span class='ocr_line' id='line_1_159' title="bbox 1563 3469 2574 3512; baseline 0.001 -10"><span class='ocrx_word' id='word_1_1295' title='bbox 1563 3471 1752 3502; x_wconf 64' lang='lat' dir='ltr'><strong>Rasponnno</strong></span> <span class='ocrx_word' id='word_1_1296' title='bbox 1777 3480 1937 3500; x_wconf 72' lang='lat' dir='ltr'><strong>mmmmm</strong></span> <span class='ocrx_word' id='word_1_1297' title='bbox 1960 3469 2059 3510; x_wconf 93' lang='lat' dir='ltr'><strong>quod,</strong></span> <span class='ocrx_word' id='word_1_1298' title='bbox 2084 3472 2166 3502; x_wconf 85' lang='lat' dir='ltr'><strong>sicut</strong></span> <span class='ocrx_word' id='word_1_1299' title='bbox 2189 3471 2369 3503; x_wconf 87' lang='lat' dir='ltr'><strong>secundum</strong></span> <span class='ocrx_word' id='word_1_1300' title='bbox 2392 3470 2491 3502; x_wconf 90' lang='lat' dir='ltr'><strong>fidem</strong></span> <span class='ocrx_word' id='word_1_1301' title='bbox 2514 3481 2574 3512; x_wconf 88' lang='lat' dir='ltr'><strong>po-</strong></span> 
     </span>
    </p>
   </div>
   <div class='ocr_carea' id='block_1_43' title="bbox 387 3512 2573 3555">
    <p class='ocr_par' dir='ltr' id='par_1_62' title="bbox 387 3512 2573 3555">
     <span class='ocr_line' id='line_1_160' title="bbox 387 3512 2573 3555; baseline 0.003 -14"><span class='ocrx_word' id='word_1_1302' title='bbox 387 3512 630 3551; x_wconf 85' lang='lat' dir='ltr'><strong>impressionem</strong></span> <span class='ocrx_word' id='word_1_1303' title='bbox 653 3513 879 3553; x_wconf 85' lang='lat' dir='ltr'><strong>intelligentiae</strong></span> <span class='ocrx_word' id='word_1_1304' title='bbox 899 3523 965 3544; x_wconf 90' lang='lat' dir='ltr'><strong>esse</strong></span> <span class='ocrx_word' id='word_1_1305' title='bbox 982 3515 1015 3544; x_wconf 90' lang='lat' dir='ltr'><strong>in</strong></span> <span class='ocrx_word' id='word_1_1306' title='bbox 1031 3521 1143 3545; x_wconf 89' lang='lat' dir='ltr'><strong>nostro</strong></span> <span class='ocrx_word' id='word_1_1307' title='bbox 1167 3515 1341 3546; x_wconf 89' lang='lat' dir='ltr'><strong>intellectu.</strong></span> <span class='ocrx_word' id='word_1_1308' title='bbox 1366 3515 1452 3555; x_wconf 89' lang='lat' dir='ltr'><strong>Ergo</strong></span> <span class='ocrx_word' id='word_1_1309' title='bbox 1467 3525 1492 3546; x_wconf 81' lang='lat'><strong>75</strong></span> <span class='ocrx_word' id='word_1_1310' title='bbox 1508 3515 1616 3546; x_wconf 90' lang='lat' dir='ltr'><strong>nimus</strong></span> <span class='ocrx_word' id='word_1_1311' title='bbox 1640 3514 1738 3546; x_wconf 85' lang='lat' dir='ltr'><strong>finem</strong></span> <span class='ocrx_word' id='word_1_1312' title='bbox 1762 3514 1912 3545; x_wconf 85' lang='lat' dir='ltr'><strong>ultimum</strong></span> <span class='ocrx_word' id='word_1_1313' title='bbox 1939 3515 2099 3546; x_wconf 87' lang='lat' dir='ltr'><strong>humanae</strong></span> <span class='ocrx_word' id='word_1_1314' title='bbox 2122 3516 2204 3547; x_wconf 90' lang='lat' dir='ltr'><strong>vitae</strong></span> <span class='ocrx_word' id='word_1_1315' title='bbox 2229 3526 2296 3547; x_wconf 89' lang='lat' dir='ltr'><strong>esse</strong></span> <span class='ocrx_word' id='word_1_1316' title='bbox 2319 3516 2479 3548; x_wconf 84' lang='lat' dir='ltr'><strong>visionem</strong></span> <span class='ocrx_word' id='word_1_1317' title='bbox 2502 3515 2573 3552; x_wconf 84' lang='lat' dir='ltr'><strong>Dei,</strong></span> 
     </span>
    </p>
   </div>
   <div class='ocr_carea' id='block_1_44' title="bbox 2690 726 2818 770">
    <p class='ocr_par' dir='ltr' id='par_1_63' title="bbox 2690 726 2818 770">
     <span class='ocr_line' id='line_1_161' title="bbox 2690 726 2818 748; baseline 0.008 -6"><span class='ocrx_word' id='word_1_1318' title='bbox 2690 726 2721 748; x_wconf 81' lang='grc' dir='ltr'><strong>ιν,</strong></span> <span class='ocrx_word' id='word_1_1319' title='bbox 2730 727 2752 743; x_wconf 91' lang='lat' dir='ltr'><strong>n.</strong></span> <span class='ocrx_word' id='word_1_1320' title='bbox 2766 726 2797 743; x_wconf 70' lang='lat' dir='ltr'><strong>«a.</strong></span> <span class='ocrx_word' id='word_1_1321' title='bbox 2807 730 2818 736; x_wconf 85' lang='lat'>-</span> 
     </span>
     <span class='ocr_line' id='line_1_162' title="bbox 2698 747 2797 770; baseline 0 -1"><span class='ocrx_word' id='word_1_1322' title='bbox 2698 747 2751 770; x_wconf 81' lang='lat' dir='ltr'><strong>lect.</strong></span> <span class='ocrx_word' id='word_1_1323' title='bbox 2767 753 2797 769; x_wconf 79' lang='lat' dir='ltr'><strong>ix.</strong></span> 
     </span>
    </p>
   </div>
   <div class='ocr_carea' id='block_1_45' title="bbox 2603 1075 2817 1239">
    <p class='ocr_par' dir='ltr' id='par_1_64' title="bbox 2603 1075 2817 1239">
     <span class='ocr_line' id='line_1_163' title="bbox 2604 1075 2816 1102; baseline 0 -4"><span class='ocrx_word' id='word_1_1324' title='bbox 2604 1078 2614 1088; x_wconf 92' lang='grc'>·</span> <span class='ocrx_word' id='word_1_1325' title='bbox 2620 1076 2657 1098; x_wconf 90' lang='lat' dir='ltr'><strong>De</strong></span> <span class='ocrx_word' id='word_1_1326' title='bbox 2667 1075 2732 1099; x_wconf 83' lang='lat' dir='ltr'><strong>Cael.</strong></span> <span class='ocrx_word' id='word_1_1327' title='bbox 2739 1075 2816 1102; x_wconf 71' lang='lat' dir='ltr'><strong>Hier„</strong></span> 
     </span>
     <span class='ocr_line' id='line_1_164' title="bbox 2603 1109 2817 1185; baseline 0.005 -7"><span class='ocrx_word' id='word_1_1328' title='bbox 2603 1157 2644 1179; x_wconf 77' lang='lat' dir='ltr'><strong>ub.</strong></span> <span class='ocrx_word' id='word_1_1329' title='bbox 2658 1156 2678 1184; x_wconf 88' lang='lat'><strong>1,</strong></span> <span class='ocrx_word' id='word_1_1330' title='bbox 2692 1109 2743 1185; x_wconf 56' lang='grc' dir='ltr'><strong>ἐξ.</strong></span> <span class='ocrx_word' id='word_1_1331' title='bbox 2748 1129 2817 1179; x_wconf 52' lang='lat'><strong>⁰15⁰*</strong></span> 
     </span>
     <span class='ocr_line' id='line_1_165' title="bbox 2604 1209 2816 1239; baseline 0 -7"><span class='ocrx_word' id='word_1_1332' title='bbox 2604 1211 2614 1221; x_wconf 91' lang='grc'>·</span> <span class='ocrx_word' id='word_1_1333' title='bbox 2633 1209 2706 1232; x_wconf 73' lang='lat' dir='ltr'><strong>Ari-t.</strong></span> <span class='ocrx_word' id='word_1_1334' title='bbox 2723 1209 2816 1239; x_wconf 67' lang='lat' dir='ltr'><strong>mync.</strong></span> 
     </span>
    </p>
   </div>
   <div class='ocr_carea' id='block_1_46' title="bbox 2603 1235 2707 1312">
    <p class='ocr_par' dir='ltr' id='par_1_65' title="bbox 2603 1235 2707 1312">
     <span class='ocr_line' id='line_1_166' title="bbox 2604 1235 2707 1291; baseline 0.01 -7"><span class='ocrx_word' id='word_1_1335' title='bbox 2604 1235 2707 1291; x_wconf 60' lang='lat' dir='ltr'><strong>:23³th</strong></span> 
     </span>
     <span class='ocr_line' id='line_1_167' title="bbox 2603 1294 2635 1312; baseline 0 0"><span class='ocrx_word' id='word_1_1336' title='bbox 2603 1294 2635 1312; x_wconf 70' lang='lat'><strong>18.</strong></span> 
     </span>
    </p>
   </div>
   <div class='ocr_carea' id='block_1_47' title="bbox 2604 1109 2690 1142">
    <p class='ocr_par' dir='ltr' id='par_1_66' title="bbox 2604 1109 2690 1142">
     <span class='ocr_line' id='line_1_168' title="bbox 2604 1109 2690 1128; baseline 0.012 -4"><span class='ocrx_word' id='word_1_1337' title='bbox 2604 1109 2631 1125; x_wconf 76' lang='lat' dir='ltr'><strong>ca</strong></span> <span class='ocrx_word' id='word_1_1338' title='bbox 2649 1119 2655 1124; x_wconf 87' lang='lat'>·</span> <span class='ocrx_word' id='word_1_1339' title='bbox 2666 1109 2690 1128; x_wconf 86' lang='lat' dir='ltr'><strong>u,</strong></span> 
     </span>
     <span class='ocr_line' id='line_1_169' title="bbox 2604 1131 2625 1142; baseline 0 0"><span class='ocrx_word' id='word_1_1340' title='bbox 2604 1131 2625 1142; x_wconf 71' lang='lat' dir='ltr'><strong>n·</strong></span> 
     </span>
    </p>
   </div>
   <div class='ocr_carea' id='block_1_48' title="bbox 2709 1241 2760 1285">
    <p class='ocr_par' dir='ltr' id='par_1_67' title="bbox 2709 1241 2760 1285">
     <span class='ocr_line' id='line_1_170' title="bbox 2709 1241 2760 1285; baseline -0.02 0"><span class='ocrx_word' id='word_1_1341' title='bbox 2709 1241 2760 1285; x_wconf 61' lang='lat'><strong>42¹3</strong></span> 
     </span>
    </p>
   </div>
   <div class='ocr_carea' id='block_1_49' title="bbox 2764 1252 2817 1286">
    <p class='ocr_par' dir='ltr' id='par_1_68' title="bbox 2764 1252 2817 1286">
     <span class='ocr_line' id='line_1_171' title="bbox 2764 1252 2817 1286; baseline 0.019 -1"><span class='ocrx_word' id='word_1_1342' title='bbox 2764 1252 2817 1286; x_wconf 70' lang='grc' dir='ltr'><strong>ικιῖ</strong></span> 
     </span>
    </p>
   </div>
   <div class='ocr_carea' id='block_1_50' title="bbox 2604 1386 2816 1468">
    <p class='ocr_par' dir='ltr' id='par_1_69' title="bbox 2604 1386 2816 1468">
     <span class='ocr_line' id='line_1_172' title="bbox 2604 1386 2816 1416; baseline 0.009 -7"><span class='ocrx_word' id='word_1_1343' title='bbox 2604 1388 2615 1399; x_wconf 92' lang='grc'>·</span> <span class='ocrx_word' id='word_1_1344' title='bbox 2632 1386 2676 1416; x_wconf 74' lang='lat' dir='ltr'><strong>Ep.</strong></span> <span class='ocrx_word' id='word_1_1345' title='bbox 2698 1386 2816 1412; x_wconf 65' lang='lat' dir='ltr'><strong>cxrvu.</strong></span> 
     </span>
     <span class='ocr_line' id='line_1_173' title="bbox 2604 1413 2816 1468; baseline 0.009 -6"><span class='ocrx_word' id='word_1_1346' title='bbox 2604 1413 2816 1468; x_wconf 56' lang='lat' dir='ltr'><strong>:l;,›3¹‚¹;5.‘¹&#39;⁹·</strong></span> 
     </span>
    </p>
   </div>
   <div class='ocr_carea' id='block_1_51' title="bbox 2605 1875 2817 1901">
    <p class='ocr_par' dir='ltr' id='par_1_70' title="bbox 2605 1875 2817 1901">
     <span class='ocr_line' id='line_1_174' title="bbox 2605 1875 2817 1901; baseline 0 -5"><span class='ocrx_word' id='word_1_1347' title='bbox 2605 1875 2659 1896; x_wconf 78' lang='lat' dir='ltr'><strong>·Ps.</strong></span> <span class='ocrx_word' id='word_1_1348' title='bbox 2674 1880 2743 1901; x_wconf 82' lang='lat' dir='ltr'><strong>xxxv,</strong></span> <span class='ocrx_word' id='word_1_1349' title='bbox 2758 1880 2817 1896; x_wconf 78' lang='lat' dir='ltr'><strong>vers.</strong></span> 
     </span>
    </p>
   </div>
   <div class='ocr_carea' id='block_1_52' title="bbox 2605 2055 2748 2078">
    <p class='ocr_par' dir='ltr' id='par_1_71' title="bbox 2605 2055 2748 2078">
     <span class='ocr_line' id='line_1_175' title="bbox 2605 2055 2748 2078; baseline 0 0"><span class='ocrx_word' id='word_1_1350' title='bbox 2605 2057 2616 2068; x_wconf 84' lang='grc'><em>·</em></span> <span class='ocrx_word' id='word_1_1351' title='bbox 2629 2055 2701 2078; x_wconf 77' lang='lat' dir='ltr'><strong>Vm.</strong></span> <span class='ocrx_word' id='word_1_1352' title='bbox 2716 2061 2748 2078; x_wconf 73' lang='lat'><strong>12.</strong></span> 
     </span>
    </p>
   </div>
   <div class='ocr_carea' id='block_1_53' title="bbox 2605 2189 2688 2212">
    <p class='ocr_par' dir='ltr' id='par_1_72' title="bbox 2605 2189 2688 2212">
     <span class='ocr_line' id='line_1_176' title="bbox 2605 2189 2688 2212; baseline 0 0"><span class='ocrx_word' id='word_1_1353' title='bbox 2605 2190 2616 2202; x_wconf 81' lang='grc'><em>·</em></span> <span class='ocrx_word' id='word_1_1354' title='bbox 2630 2189 2688 2212; x_wconf 72' lang='lat' dir='ltr'><strong>ibid.</strong></span> 
     </span>
    </p>
   </div>
   <div class='ocr_carea' id='block_1_54' title="bbox 2604 2410 2733 2433">
    <p class='ocr_par' dir='ltr' id='par_1_73' title="bbox 2604 2410 2733 2433">
     <span class='ocr_line' id='line_1_177' title="bbox 2604 2410 2733 2433; baseline 0.008 -1"><span class='ocrx_word' id='word_1_1355' title='bbox 2604 2412 2616 2423; x_wconf 84' lang='grc'>·</span> <span class='ocrx_word' id='word_1_1356' title='bbox 2629 2410 2697 2433; x_wconf 75' lang='lat' dir='ltr'><strong>Vm.</strong></span> <span class='ocrx_word' id='word_1_1357' title='bbox 2712 2416 2733 2433; x_wconf 77' lang='lat'><strong>².</strong></span> 
     </span>
    </p>
   </div>
   <div class='ocr_carea' id='block_1_55' title="bbox 2604 2545 2815 2608">
    <p class='ocr_par' dir='ltr' id='par_1_74' title="bbox 2604 2545 2815 2608">
     <span class='ocr_line' id='line_1_178' title="bbox 2604 2545 2749 2574; baseline 0.007 -6"><span class='ocrx_word' id='word_1_1358' title='bbox 2604 2548 2615 2560; x_wconf 88' lang='grc'><em>·</em></span> <span class='ocrx_word' id='word_1_1359' title='bbox 2630 2545 2697 2569; x_wconf 72' lang='lat' dir='ltr'><strong>ven.</strong></span> <span class='ocrx_word' id='word_1_1360' title='bbox 2712 2551 2749 2574; x_wconf 81' lang='lat'><strong>²⁴-</strong></span> 
     </span>
     <span class='ocr_line' id='line_1_179' title="bbox 2604 2585 2815 2608; baseline -0.005 0"><span class='ocrx_word' id='word_1_1361' title='bbox 2604 2587 2615 2597; x_wconf 75' lang='grc'><em>“</em></span> <span class='ocrx_word' id='word_1_1362' title='bbox 2624 2585 2682 2608; x_wconf 74' lang='lat' dir='ltr'><strong>Ord.</strong></span> <span class='ocrx_word' id='word_1_1363' title='bbox 2695 2588 2718 2607; x_wconf 78' lang='lat' dir='ltr'><strong>et</strong></span> <span class='ocrx_word' id='word_1_1364' title='bbox 2731 2585 2815 2608; x_wconf 62' lang='lat' dir='ltr'><strong>[amb.</strong></span> 
     </span>
    </p>
   </div>
   <div class='ocr_carea' id='block_1_56' title="bbox 2603 2767 2744 2790">
    <p class='ocr_par' dir='ltr' id='par_1_75' title="bbox 2603 2767 2744 2790">
     <span class='ocr_line' id='line_1_180' title="bbox 2603 2767 2744 2790; baseline 0 0"><span class='ocrx_word' id='word_1_1365' title='bbox 2603 2769 2613 2780; x_wconf 73' lang='lat'>⁸</span> <span class='ocrx_word' id='word_1_1366' title='bbox 2630 2767 2696 2790; x_wconf 72' lang='lat' dir='ltr'><strong>Vm.</strong></span> <span class='ocrx_word' id='word_1_1367' title='bbox 2710 2773 2744 2790; x_wconf 69' lang='grc' dir='ltr'><strong>ιι.</strong></span> 
     </span>
    </p>
   </div>
   <div class='ocr_carea' id='block_1_57' title="bbox 2602 2940 2746 2964">
    <p class='ocr_par' dir='ltr' id='par_1_76' title="bbox 2602 2940 2746 2964">
     <span class='ocr_line' id='line_1_181' title="bbox 2602 2940 2746 2964; baseline 0.007 -2"><span class='ocrx_word' id='word_1_1368' title='bbox 2602 2943 2613 2953; x_wconf 94' lang='grc'>·</span> <span class='ocrx_word' id='word_1_1369' title='bbox 2629 2940 2696 2963; x_wconf 77' lang='lat' dir='ltr'><strong>Vm.</strong></span> <span class='ocrx_word' id='word_1_1370' title='bbox 2710 2947 2746 2964; x_wconf 78' lang='lat'><strong>20.</strong></span> 
     </span>
    </p>
   </div>
   <div class='ocr_carea' id='block_1_58' title="bbox 2602 2985 2802 3088">
    <p class='ocr_par' dir='ltr' id='par_1_77' title="bbox 2602 2985 2802 3088">
     <span class='ocr_line' id='line_1_182' title="bbox 2603 2985 2802 3008; baseline 0.005 -1"><span class='ocrx_word' id='word_1_1371' title='bbox 2603 2987 2612 2997; x_wconf 88' lang='grc'><em>·</em></span> <span class='ocrx_word' id='word_1_1372' title='bbox 2640 2985 2729 3008; x_wconf 75' lang='lat' dir='ltr'><strong>Mor-al.</strong></span> <span class='ocrx_word' id='word_1_1373' title='bbox 2761 2985 2802 3008; x_wconf 80' lang='lat' dir='ltr'><strong>lib.</strong></span> 
     </span>
     <span class='ocr_line' id='line_1_183' title="bbox 2602 3011 2802 3044; baseline 0 -10"><span class='ocrx_word' id='word_1_1374' title='bbox 2602 3011 2687 3039; x_wconf 75' lang='lat' dir='ltr'><strong>XVIII,</strong></span> <span class='ocrx_word' id='word_1_1375' title='bbox 2698 3018 2749 3044; x_wconf 72' lang='lat' dir='ltr'><strong>etp.</strong></span> <span class='ocrx_word' id='word_1_1376' title='bbox 2758 3018 2802 3040; x_wconf 77' lang='lat' dir='ltr'><strong>nv,</strong></span> 
     </span>
     <span class='ocr_line' id='line_1_184' title="bbox 2602 3039 2801 3067; baseline 0 -6"><span class='ocrx_word' id='word_1_1377' title='bbox 2602 3039 2631 3061; x_wconf 70' lang='lat' dir='ltr'><strong>nl.</strong></span> <span class='ocrx_word' id='word_1_1378' title='bbox 2640 3044 2748 3067; x_wconf 74' lang='lat' dir='ltr'><strong>xxvm,=n</strong></span> <span class='ocrx_word' id='word_1_1379' title='bbox 2755 3043 2801 3062; x_wconf 75' lang='lat' dir='ltr'><strong>vet.</strong></span> 
     </span>
     <span class='ocr_line' id='line_1_185' title="bbox 2603 3071 2702 3088; baseline 0.01 -1"><span class='ocrx_word' id='word_1_1380' title='bbox 2603 3071 2702 3088; x_wconf 77' lang='lat' dir='ltr'><strong>xxxvm.</strong></span> 
     </span>
    </p>
   </div>
   <div class='ocr_carea' id='block_1_59' title="bbox 2602 3295 2814 3366">
    <p class='ocr_par' dir='ltr' id='par_1_78' title="bbox 2602 3295 2814 3366">
     <span class='ocr_line' id='line_1_186' title="bbox 2602 3295 2746 3319; baseline 0 -1"><span class='ocrx_word' id='word_1_1381' title='bbox 2602 3298 2613 3308; x_wconf 88' lang='grc'><em>·</em></span> <span class='ocrx_word' id='word_1_1382' title='bbox 2627 3295 2694 3319; x_wconf 69' lang='lat' dir='ltr'><strong>Van.</strong></span> <span class='ocrx_word' id='word_1_1383' title='bbox 2711 3295 2746 3319; x_wconf 73' lang='grc'><strong>18.</strong></span> 
     </span>
     <span class='ocr_line' id='line_1_187' title="bbox 2602 3343 2814 3366; baseline -0.005 0"><span class='ocrx_word' id='word_1_1384' title='bbox 2602 3343 2658 3366; x_wconf 55' lang='lat' dir='ltr'><strong>‘Pa</strong></span> <span class='ocrx_word' id='word_1_1385' title='bbox 2665 3348 2743 3366; x_wconf 71' lang='lat' dir='ltr'><strong>mxx.</strong></span> <span class='ocrx_word' id='word_1_1386' title='bbox 2753 3348 2814 3366; x_wconf 70' lang='lat' dir='ltr'><strong>vnn.</strong></span> 
     </span>
    </p>
   </div>
   <div class='ocr_carea' id='block_1_60' title="bbox 2601 3386 2730 3420">
    <p class='ocr_par' dir='ltr' id='par_1_79' title="bbox 2601 3386 2730 3420">
     <span class='ocr_line' id='line_1_188' title="bbox 2601 3386 2730 3420; baseline 0.016 -2"><span class='ocrx_word' id='word_1_1387' title='bbox 2601 3386 2730 3420; x_wconf 73' lang='lat' dir='ltr'><strong>·vm.8.</strong></span> 
     </span>
    </p>
   </div>
  </div>
 </body>
</html>
