2878 4088
168 319 176 327 ·
190 316 262 337 Arist.
273 315 308 336 De
321 315 377 336 Ani-

166 343 220 363 mal.
230 342 376 368 Histor.,1ib.

168 369 195 394 V,
203 375 253 396 cap.
260 374 307 395 xix,
314 374 336 390 n.
345 374 376 394 ¹2,

168 401 198 423 ¹3·

167 496 175 504 ·
190 494 240 516 Lib.
253 493 314 520 XXI,
325 499 375 521 cap.

165 527 189 546 ιι,
206 527 236 542 1v.

162 1066 171 1075 ·
186 1064 252 1085 Vei-s.
268 1069 300 1089 52.

162 1107 372 1129 'Interl.etLomb.

408 203 482 229 202

461 269 490 299 3.
514 269 713 304 PRAnrnmzA,
738 268 885 298 animalia
909 278 991 308 quae
1014 269 1048 298 in
1071 269 1144 309 igne
1167 269 1235 298 sine
1259 267 1465 307 corruptione

405 312 553 343 dicuntur
575 313 690 348 vivere,
715 318 750 342 ut
774 311 814 342 de
837 312 1033 343 salamandra
1057 312 1171 343 dicitur
1187 313 1213 348 *,
1239 313 1277 342 ab
1302 313 1375 351 igne
1398 320 1466 340 non

404 357 602 397 affliguntur:
628 357 744 387 animal
760 357 847 387 enim
868 356 979 387 dolore
1000 357 1143 397 corporis
1158 366 1226 387 non
1243 356 1390 396 affligitur
1405 355 1466 385 nisi

404 411 520 441 corpus
536 401 644 441 aliquo
661 400 760 431 modo
777 400 928 431 laedatur.
949 401 982 432 Si
998 411 1073 441 ergo
1091 410 1226 441 corpora
1242 400 1465 430 damnatorum

403 446 435 475 in
451 446 523 485 igne
542 446 610 475 sine
633 446 882 485 consumptione
906 455 1069 476 remanere
1092 450 1237 485 possunt,
1254 445 1336 474 sicut
1352 449 1383 474 et
1398 444 1464 473 ani-

403 489 681 530 malia-praedicta,
694 495 730 520 ut
745 490 954 530 Augustinus,
968 491 1001 519 in
1023 489 1104 519 libro
1121 489 1160 518 de
1178 489 1246 519 Civ.
1260 488 1323 518 Dei
1334 489 1360 524 *,
1379 487 1463 523 dicit,

403 533 526 564 videtur
556 533 645 574 quod
674 534 797 564 nullam
827 533 1031 564 afflictionem
1055 533 1098 562 ibi
1121 533 1331 562 sustinebunt.
1365 531 1465 570 Quod

402 588 468 608 non
485 584 566 608 esset
581 579 641 608 nisi
657 588 771 608 eorum
787 587 923 618 corpora
938 577 1143 617 impassibilia
1159 581 1272 607 essent.
1290 577 1386 616 Ergo,
1404 582 1463 607 etc.

456 631 487 661 4.
512 623 714 659 PRAETEREA,
739 623 764 652 si
788 631 923 662 corpora
950 621 1174 651 damnatorum
1198 626 1272 650 sunt
1295 621 1464 660 passibilia,

403 666 495 696 dolor
518 667 574 707 qui
598 676 635 697 ex
660 676 772 697 eorum
796 666 943 706 passione
966 665 1142 705 proveniet,
1161 670 1196 694 ut
1219 664 1352 700 videtur,
1370 675 1465 706 supe·
1481 677 1489 690 ι

402 721 468 741 rare
485 710 578 741 debet
595 721 726 741 omnem
742 715 940 751 praesentem
961 718 1133 748 corporum
1151 707 1314 740 dolorem:
1336 710 1418 740 sicut
1434 715 1465 741 et

402 761 585 786 sanctorum
608 755 786 785 iucunditas
810 754 969 793 superabit
985 762 1117 783 omnem
1133 759 1334 793 praesentem
1350 754 1464 785 iucun-

403 799 541 830 ditatem.
556 799 618 830 Sed
633 805 763 839 propter
778 798 1024 828 immensitatem
1041 796 1160 827 doloris
1177 798 1375 838 quandoque
1387 809 1465 829 con—

402 845 493 884 tingit
516 845 549 874 in
572 844 728 884 praesenti
752 848 833 872 statu
858 841 947 882 quod
971 842 1076 871 anima
1095 851 1113 871 a
1132 851 1268 882 corpore
1291 849 1463 883 separatur.

402 888 486 928 Ergo
509 889 612 918 multo
637 887 758 922 fortius,
783 887 809 916 si
833 895 968 926 corpora
990 886 1043 915 illa
1067 885 1174 916 futura
1197 893 1271 917 sunt
1294 888 1463 928 passibilia,

401 942 438 962 ex
458 932 668 962 immensitate
693 931 811 961 doloris
829 931 934 960 anima
949 940 967 959 a
983 939 1119 970 corpore
1136 932 1347 970 separabitur:
1373 938 1404 962 et
1420 933 1465 963 sic

401 986 535 1016 corpora
556 980 810 1015 corrumpentur.
828 974 927 1012 Quod
945 974 1059 1005 falsum
1076 980 1131 1005 est.
1157 975 1242 1016 Ergo
1260 985 1396 1016 corpora
1412 977 1465 1007 illa

400 1026 492 1050 erunt
514 1020 727 1060 impassibilia.

454 1064 515 1094 San
540 1074 662 1094 CONTRA
686 1073 740 1093 usr
756 1062 845 1102 quod
861 1061 975 1093 dicitur
991 1063 1003 1092 I
1023 1063 1099 1093 Cor.
1113 1073 1153 1093 xv
1165 1065 1198 1094 *z
1215 1064 1259 1094 Et
1275 1073 1334 1094 nos
1351 1065 1464 1095 immu—

399 1109 556 1139 tabimur:
581 1108 694 1139 Glossa
706 1109 732 1144 ³⁶,
750 1107 819 1137 Nos
835 1107 911 1137 boni
927 1108 1148 1138 tantummodo
1174 1108 1415 1139 immutabimur
1431 1109 1463 1139 in

396 1153 539 1194 gloriam
560 1152 825 1183 immutabilitatis
841 1156 872 1181 et
887 1152 1160 1192 impassibilitatis.
1185 1153 1271 1194 Ergo
1288 1163 1355 1184 non
1373 1159 1465 1184 erunt

398 1207 533 1237 corpora
557 1197 782 1227 damnatorum
804 1197 1019 1236 impassibilia.

454 1252 482 1272 2.
507 1242 702 1277 PRAETEREA,
728 1241 809 1271 sicut
833 1250 950 1281 corpus
974 1247 1167 1282 cooperatur
1190 1243 1315 1272 animae
1339 1242 1379 1272 ad
1397 1252 1464 1273 me-

397 1287 502 1322 ritum,
519 1287 562 1316 ita
578 1291 770 1326 cooperatur
790 1286 818 1316 ei
835 1284 874 1315 ad
896 1291 1077 1326 peccatum.
1103 1286 1165 1317 Sed
1188 1292 1320 1327 propter
1344 1297 1461 1327 coope—

373 1352 376 1355 -
397 1331 553 1361 rationem
576 1330 771 1371 praedictam
793 1339 861 1360 non
882 1330 989 1361 solum
1005 1331 1120 1367 anima,
1138 1331 1194 1362 sed
1210 1337 1241 1362 et
1257 1341 1375 1372 corpus
1391 1337 1465 1372 post

160 2358 170 2367 ·
185 2356 232 2377 Art.
249 2355 353 2382 praeced.

164 3110 173 3119 ·
189 3108 213 3130 In
228 3114 335 3136 corpore.

397 1376 661 1406 resurrectionem
688 1375 924 1415 praemiabitur.
958 1375 1044 1416 Ergo
1069 1376 1164 1406 simili
1187 1377 1310 1406 ratione
1335 1376 1464 1407 damna-

397 1426 505 1450 torum
529 1429 664 1460 corpora
687 1419 871 1459 punientur.
897 1419 996 1457 Quod
1019 1429 1085 1450 non
1107 1426 1188 1451 esset
1211 1421 1237 1451 si
1260 1421 1465 1461 impassibilia

398 1464 511 1494 forent.
537 1464 622 1504 Ergo
648 1469 740 1494 erunt
762 1463 931 1504 passibilia.

451 1510 639 1539 Respommo
664 1518 824 1538 mmmmm
849 1508 938 1548 quod
961 1509 1145 1549 principalis
1167 1519 1262 1540 causa
1278 1518 1377 1549 quare
1393 1519 1463 1540 cor-

397 1563 476 1593 pora
499 1553 723 1583 damnatorum
747 1553 785 1583 ab
809 1554 883 1593 igne
906 1562 974 1583 non
999 1559 1244 1590 consumentur,
1269 1555 1328 1584 erit
1357 1554 1464 1585 divina

397 1598 531 1634 iustitia,
557 1607 620 1637 qua
648 1607 762 1627 eorum
791 1607 926 1637 corpora
949 1597 989 1627 ad
1012 1607 1153 1638 poenam
1177 1603 1366 1639 perpetuam
1390 1605 1464 1630 sunt

398 1641 531 1672 addicta.
557 1641 619 1673 Sed
642 1641 767 1672 divinae
790 1642 927 1672 iustitiae
951 1643 1045 1672 servit
1069 1644 1164 1673 etiam
1187 1644 1338 1674 naturalis
1355 1643 1463 1684 dispo-

398 1687 470 1717 sitio
487 1697 525 1717 ex
540 1692 629 1726 pa1te
646 1687 788 1726 corporis
804 1686 962 1726 patientis,
976 1692 1007 1717 et
1023 1696 1061 1717 ex
1077 1693 1165 1727 parte
1181 1689 1354 1727 agentium.
1367 1688 1463 1726 Quia,

399 1741 474 1761 cum
497 1731 562 1771 pati
586 1732 624 1761 sit
647 1731 788 1771 recipere
819 1730 1000 1771 quoddam,
1026 1731 1144 1772 duplex
1176 1737 1222 1762 est
1251 1732 1369 1763 modus
1392 1742 1464 1773 pas-

398 1776 516 1811 sionis,
547 1774 726 1805 secundum
758 1775 847 1815 quod
879 1775 999 1816 aliquid
1026 1776 1060 1806 in
1087 1776 1197 1816 aliquo
1228 1777 1327 1817 recipi
1358 1782 1465 1817 potest

399 1819 576 1859 dupliciter.
600 1819 709 1849 Potest
729 1820 815 1849 enim
835 1820 940 1859 aliqua
957 1819 1060 1850 forma
1075 1821 1174 1861 recipi
1190 1821 1223 1850 in
1239 1821 1337 1851 altero
1355 1821 1464 1861 aliquo

400 1863 577 1894 secundum
606 1873 673 1894 esse
697 1864 839 1894 naturale
867 1864 1083 1901 materialiter,
1109 1865 1191 1895 sicut
1219 1865 1305 1895 calor
1329 1866 1367 1895 ab
1391 1866 1464 1906 igne

398 1909 548 1948 recipitur
570 1909 604 1938 in
628 1918 708 1938 aere.
733 1908 774 1938 Et
796 1909 975 1939 secundum
1003 1910 1089 1939 hunc
1112 1909 1249 1939 modum
1272 1910 1465 1950 receptionis

400 1958 445 1982 est
460 1962 544 1982 unus
560 1952 676 1982 modus
692 1953 858 1992 passionis,
876 1954 932 1993 qui
949 1953 1063 1983 dicitur
1078 1954 1183 1993 passio
1199 1959 1341 1984 naturae.
1353 1972 1376 1976 —
1390 1954 1464 1984 Alio

398 1996 497 2027 modo
522 1996 642 2036 aliquid
665 1997 816 2036 recipitur
839 1998 872 2027 in
896 1998 995 2027 altero
1022 1998 1225 2037 spiritualiter
1248 2008 1305 2038 per
1328 1998 1464 2028 modum

397 2041 583 2071 intentionis
607 2040 789 2077 cuiusdam,
814 2041 896 2071 sicut
924 2041 1100 2072 similitudo
1132 2041 1286 2072 albedinis
1314 2043 1464 2082 recipitur

397 2086 430 2115 in
454 2095 525 2115 aere
549 2090 580 2115 et
602 2085 636 2115 in
659 2085 800 2124 pupilla:
833 2091 864 2115 et
887 2085 965 2116 haec
993 2086 1136 2126 receptio
1166 2086 1320 2116 similatur
1347 2086 1392 2117 illi
1415 2096 1464 2117 re-

398 2129 539 2170 ceptioni
563 2138 627 2169 qua
650 2130 755 2159 anima
778 2130 891 2170 recipit
914 2130 1135 2161 similitudines
1159 2140 1276 2161 rerum.
1301 2130 1395 2161 Unde
1415 2140 1463 2161 se-

398 2173 540 2204 cundum
570 2174 656 2204 hunc
687 2173 823 2204 modum
853 2175 1045 2214 receptionis
1074 2180 1121 2205 est
1148 2175 1227 2205 alius
1251 2174 1368 2205 modus
1391 2184 1463 2215 pas-

397 2219 504 2254 sionis,
530 2219 586 2258 qui
609 2223 741 2248 vocatur
765 2218 869 2258 passio
894 2219 1028 2249 animae.

452 2262 536 2300 Quia
561 2272 636 2302 ergo
660 2267 733 2302 post
760 2263 1043 2299 resurrectionem,
1067 2269 1161 2294 motu
1193 2263 1272 2294 caeli
1303 2269 1462 2301 cessante,

397 2317 463 2337 non
487 2307 604 2347 poterit
627 2306 758 2347 aliquod
781 2317 898 2347 corpus
922 2308 1045 2338 alterari
1069 2318 1086 2338 a
1108 2318 1165 2338 sua
1187 2309 1323 2338 naturali
1347 2318 1463 2349 aequa-

397 2352 493 2387 litate,
510 2357 545 2382 ut
562 2351 682 2381 dictum
699 2356 745 2381 est
757 2352 783 2387 *‚
800 2351 927 2382 nullum
951 2362 1068 2392 corpus
1093 2353 1158 2392 pati
1181 2353 1299 2393 poterit
1314 2353 1463 2393 passione

397 2402 537 2426 naturae.
562 2395 655 2426 Unde
673 2401 830 2435 quantum
846 2396 884 2426 ad
901 2397 987 2427 hunc
1003 2397 1140 2427 modum
1155 2398 1311 2437 passionis
1328 2407 1463 2438 corpora

398 2440 621 2470 damnatorum
644 2441 849 2480 impassibilia
873 2447 975 2475 erunt.
1001 2442 1082 2472 sicut
1106 2447 1137 2472 et
1160 2442 1424 2482 incorruptibilia.
1441 2460 1464 2464 -

398 2484 476 2520 Sed,
502 2490 643 2515 cessante
667 2490 759 2514 motu
785 2485 880 2521 caeli,
905 2485 1009 2516 adhuc
1039 2487 1217 2516 remanebit
1244 2487 1350 2526 passio
1380 2496 1463 2527 quae

399 2534 446 2559 est
468 2539 525 2569 per
547 2528 683 2559 modum
707 2530 849 2559 animae:
876 2531 951 2570 quia
975 2536 1006 2560 et
1029 2541 1081 2561 aer
1097 2541 1114 2561 a
1131 2531 1198 2561 sole
1221 2531 1462 2567 illuminabitur,

399 2579 430 2603 et
454 2574 600 2604 colorum
624 2572 813 2604 differentias
837 2573 877 2604 ad
900 2576 1005 2605 visum
1029 2574 1158 2606 deferet.
1184 2575 1278 2606 Unde
1302 2581 1333 2606 et
1349 2585 1463 2606 secun-

400 2617 477 2648 dum
500 2618 587 2648 hunc
610 2617 745 2648 modum
768 2619 924 2658 passionis
953 2629 1089 2660 corpora
1117 2620 1342 2651 damnatorum
1364 2621 1463 2660 passi-

400 2661 474 2692 bilia
497 2667 599 2692 erunt.
624 2662 664 2692 Et
681 2663 755 2702 quia
771 2663 803 2692 in
820 2663 872 2693 tali
893 2665 1041 2703 passione
1065 2674 1176 2695 sensus
1199 2664 1372 2705 perficitur,
1389 2665 1462 2695 ideo

399 2706 432 2735 in
449 2707 636 2747 corporibus
661 2706 883 2737 damnatorum
900 2717 1010 2739 sensus
1033 2719 1157 2750 poenae
1182 2715 1284 2745 erunt,
1302 2710 1370 2740 sine
1393 2719 1464 2740 mu-

400 2752 519 2781 tatione
542 2751 691 2781 naturalis
716 2751 942 2791 dispositionis.

456 2795 601 2835 Corpora
616 2805 691 2825 vero
708 2796 856 2835 gloriosa,
875 2797 932 2827 etsi
948 2798 1101 2837 recipiant
1122 2797 1243 2838 aliquid
1259 2804 1290 2828 et
1307 2797 1464 2839 quodam-

400 2839 499 2870 modo
523 2841 681 2879 patiantur
704 2841 737 2870 in
761 2841 938 2878 sentiendo,
955 2851 1023 2872 non
1044 2848 1152 2872 tamen
1168 2843 1328 2883 passibilia
1352 2848 1462 2873 erunt:

401 2884 475 2922 quia
497 2884 575 2914 nihil
597 2885 750 2924 recipient
773 2894 830 2925 per
853 2885 988 2916 modum
1013 2886 1152 2917 afflictivi
1174 2887 1224 2917 vel
1247 2887 1365 2923 laesivi,
1383 2888 1465 2918 sicut

402 2937 536 2968 corpora
561 2928 793 2964 damnatorum,
807 2939 890 2970 quae
913 2931 955 2960 ob
977 2931 1039 2961 hoc
1056 2932 1215 2971 passibilia
1238 2931 1397 2962 dicuntur.

456 2973 506 3002 An
530 2983 646 3002 PRxMUM
674 2983 756 3003 aizoo
785 2984 944 3004 nranmm
969 2975 1058 3015 quod
1081 2976 1297 3016 Philosophus
1321 2977 1465 3016 loquitur

402 3017 441 3047 de
463 3017 516 3047 illa
538 3018 684 3057 passione
708 3027 764 3057 per
788 3028 885 3058 quam
909 3024 1136 3050 transmutatur
1158 3021 1281 3060 patiens
1301 3031 1319 3050 a
1337 3030 1394 3051 sua
1409 3031 1464 3051 na-

402 3061 493 3091 turali
517 3060 734 3101 dispositione.
760 3062 846 3092 Talis
870 3069 977 3093 autem
1000 3065 1106 3104 passio
1130 3074 1198 3095 non
1221 3065 1279 3095 erit
1299 3065 1332 3095 in
1349 3075 1465 3106 corpo-

402 3106 487 3135 ribus
511 3105 743 3142 damnatorum,
768 3112 804 3136 ut
827 3106 948 3138 dictum
973 3114 1018 3138 est
1034 3109 1060 3138 ⁴⁶.

457 3150 506 3179 AD
531 3159 692 3179 SECUNDUM
715 3160 873 3181 mmmmm
896 3152 985 3192 quod
1009 3152 1183 3183 similitudo
1208 3154 1328 3194 agentis
1345 3159 1391 3184 est
1407 3153 1465 3184 du—

403 3194 524 3233 pliciter
540 3194 572 3223 in
587 3195 736 3234 patiente.
761 3195 836 3226 Uno
860 3196 970 3230 modo.
995 3206 1052 3236 per
1075 3197 1210 3228 modum
1235 3197 1373 3228 eundem
1398 3207 1464 3238 quo

404 3243 450 3267 est
464 3238 497 3267 in
514 3243 635 3277 agente,
652 3239 733 3269 sicut
757 3245 803 3269 est
825 3240 858 3270 in
882 3241 1033 3271 omnibus
1058 3242 1223 3281 agentibus
1246 3243 1408 3273 univocis:
1430 3248 1465 3273 ut

404 3281 540 3311 calidum
557 3282 630 3312 facit
647 3282 794 3319 calidum,
812 3290 843 3314 et
858 3285 939 3324 ignis
953 3291 1083 3325 generat
1098 3286 1216 3326 ignem.
1229 3305 1251 3309 -
1262 3287 1337 3317 Alio
1353 3286 1464 3324 modo,

404 3334 460 3364 per
475 3326 609 3356 modum
634 3326 792 3358 diversum
809 3338 826 3358 a
842 3328 941 3359 modo
966 3339 1032 3369 quo
1056 3336 1102 3360 est
1118 3331 1150 3360 in
1168 3336 1296 3371 agente:
1322 3331 1404 3362 sicut
1419 3337 1466 3362 est

405 3369 437 3398 in
466 3370 614 3400 omnibus
637 3372 802 3410 agentibus
832 3374 1026 3412 aequivocis.
1062 3374 1096 3404 In
1121 3375 1237 3414 quibus
1268 3375 1466 3416 quandoque

406 3414 560 3453 contingit
583 3414 672 3454 quod
694 3415 727 3445 in
751 3422 862 3455 agente
892 3423 938 3447 est
966 3417 1068 3448 forma
1096 3419 1298 3459 spiritualiter
1326 3429 1409 3460 quae
1432 3421 1465 3450 in

406 3457 544 3495 patiente
575 3459 775 3489 materialiter
807 3461 972 3500 recipitur:
998 3462 1078 3492 sicut
1109 3462 1212 3494 forma
1243 3473 1326 3504 quae
1356 3470 1402 3494 est
1432 3464 1465 3494 in

407 3500 504 3530 domo
532 3501 612 3532 facta
635 3512 691 3542 per
721 3502 890 3540 artificem,
916 3511 961 3535 est
991 3507 1192 3538 materialiter
1214 3509 1247 3538 in
1271 3509 1353 3548 ipsa,
1379 3514 1409 3539 et
1432 3509 1465 3539 in

1481 897 1502 918 ¹5

1480 1119 1506 1133 ΞΟ

1479 1339 1503 1360 25

1480 1561 1505 1582 30

1480 1784 1502 1803 ³5

1479 2004 1506 2024 40

1477 2225 1501 2245 45

1478 2447 1504 2467 ςο

1479 2668 1501 2689 55

1478 2892 1505 2912 60

1479 3116 1503 3139 65

1479 3343 1506 3363 70

1060 189 1323 236 QUAESTIO
1353 187 1574 234 LXXXVII,
1596 187 1890 225 ARTICULUS
1918 189 1932 224 I

1521 271 1568 295 est
1590 266 1792 296 materialiter
1814 267 1848 296 in
1872 272 1994 307 agente,
2020 273 2051 298 et
2073 268 2224 308 recipitur
2247 269 2449 308 spiritualiter
2476 271 2510 301 in
2533 281 2589 311 pa-

1520 310 1636 340 tiente:
1661 311 1742 340 sicut
1765 310 1879 341 albedo
1904 312 2107 342 materialiter
2123 317 2170 342 est
2193 313 2226 342 in
2249 314 2370 353 pariete
2385 324 2404 344 a
2419 324 2486 356 quo
2509 313 2600 353 reci?

1520 354 1621 393 pitur,
1647 354 1849 394 spiritualiter
1871 356 1904 386 in
1927 356 2051 396 pupilla
2081 361 2112 386 et
2140 357 2175 386 in
2205 357 2313 387 medio
2345 357 2516 390 deferente.
2548 360 2590 390 Et

1520 398 1663 429 similiter
1687 404 1733 429 est
1755 399 1789 429 in
1812 401 1992 440 proposito.
2024 400 2109 438 Quia
2136 401 2258 441 species
2282 411 2365 441 quae
2387 404 2589 435 materialiter

1520 447 1567 472 est
1589 443 1623 472 in
1645 443 1729 483 igne,
1753 444 1905 484 recipitur
1927 445 2130 485 spiritualiter
2152 446 2186 475 in
2210 446 2399 486 corporibus
2422 447 2588 478 damnato—

1519 496 1601 517 rum.
1619 487 1660 517 Et
1675 488 1720 518 sic
1735 488 1816 528 ignis
1833 489 1892 519 sibi
1908 489 2092 519 assimilabit
2116 488 2342 520 damnatorum
2365 500 2511 532 corpora,
2527 501 2588 523 nec

1519 535 1627 561 tamen
1652 541 1688 562 ea
1712 538 1891 563 consumet.

1575 576 1626 605 An
1650 585 1786 606 rantum
1808 586 1968 608 nrcunmm
1997 577 2103 618 quod,
2128 577 2307 609 secundum
2335 579 2588 620 Philosophum,

1519 620 1552 650 in
1576 620 1657 650 libro
1681 620 1720 651 de
1735 621 1991 661 Proprietatibus
2011 622 2255 653 Elementorum
2269 624 2296 659 ἦ
2320 623 2447 654 nullum
2471 625 2588 655 animal

1518 664 1553 694 in
1576 664 1649 704 igne
1672 665 1779 695 vivere
1802 671 1918 706 potest.
1944 666 2098 697 Galienus
2122 667 2227 703 etiarn,
2249 668 2283 697 in
2306 667 2388 698 libro
2404 667 2444 699 de
2460 667 2588 709 Simpli-

1519 708 1608 739 cibus
1632 709 1813 746 Medic-inis,
1831 710 1907 741 dicit
1931 710 2020 751 quod
2043 711 2170 742 nullum
2195 721 2312 752 corpus
2336 718 2383 742 est
2406 712 2496 753 quod
2519 718 2588 743 tan—

1520 752 1594 783 dern
1617 753 1655 783 ab
1679 754 1754 794 igne
1777 764 1845 785 non
1868 761 2087 792 consumatur,
2105 757 2251 796 quamvis
2274 756 2433 797 quaedam
2453 766 2589 797 corpora

1519 798 1581 827 sint
1605 807 1687 838 quae
1712 798 1751 828 ad
1773 799 1887 829 horam
1910 800 1944 830 in
1963 801 2038 840 igne
2061 801 2130 831 sine
2152 800 2294 831 laesione
2318 807 2535 841 permaneant,
2552 806 2590 832 ut

1518 847 1606 882 patet
1622 842 1661 873 de
1685 843 1800 874 ebeno.
1825 843 1919 875 Unde
1935 843 2025 884 quod
2048 844 2211 875 inducitur
2234 845 2274 876 de
2297 845 2503 882 salamandra,
2520 855 2589 876 non

1518 891 1625 926 potest
1649 888 1784 918 omnino
1809 897 1876 918 esse
1905 889 2026 919 simile:
2059 890 2135 930 quia
2157 899 2225 920 non
2249 895 2357 930 posset
2387 899 2589 930 perseverare

1518 929 1654 961 finaliter
1676 932 1710 962 in
1733 933 1807 972 igne
1830 933 1898 963 sine
1922 934 2140 973 corruptione,
2158 935 2240 965 sicut
2263 944 2399 975 corpora
2422 934 2589 965 damnato-

1518 984 1591 1005 rum
1613 976 1648 1005 in
1670 975 1806 1006 inferno.

1574 1019 1642 1050 Nec
1665 1025 1773 1050 tamen
1797 1026 1926 1060 oportet
1942 1021 2041 1062 quod,
2059 1023 2135 1063 quia
2150 1032 2286 1063 corpora
2307 1023 2533 1054 damnatorum
2549 1023 2588 1054 ab

1518 1063 1592 1102 igne
1623 1063 1738 1094 inferni
1769 1074 1827 1104 per
1857 1066 2099 1106 corruptionem
2131 1067 2273 1107 aliquam
2302 1077 2370 1098 non
2400 1067 2587 1104 laeduntur,

1520 1107 1610 1147 quod
1633 1113 1765 1148 propter
1786 1109 1851 1139 hoc
1874 1109 1913 1139 ab
1929 1110 2003 1150 igne
2026 1120 2095 1141 non
2118 1111 2306 1152 affligantur.
2331 1111 2417 1150 Quia
2440 1112 2588 1143 sensibile

1518 1161 1587 1181 non
1603 1152 1710 1182 solum
1733 1158 1846 1183 natum
1861 1159 1908 1184 est
1924 1153 2080 1185 delectare
2095 1155 2147 1185 vel
2163 1155 2302 1196 affligere
2324 1166 2455 1187 sensum
2474 1166 2588 1187 secun-

1519 1195 1598 1226 dum
1623 1196 1712 1236 quod
1736 1197 1800 1237 agit
1823 1198 1950 1228 actione
1975 1204 2116 1235 naturae,
2141 1199 2355 1230 confortando
2371 1201 2422 1231 vel
2445 1210 2589 1231 corrum—

1519 1240 1627 1281 pendo
1652 1251 1826 1281 organum;
1856 1241 1911 1272 sed
1935 1243 2031 1273 etiam
2054 1243 2234 1274 secundum
2258 1243 2348 1284 quod
2371 1245 2435 1284 agit
2462 1245 2589 1276 actione

1518 1285 1683 1325 spirituali.
1708 1285 1794 1323 Quia
1817 1286 1948 1327 quando
1972 1288 2120 1318 sensibile
2137 1294 2184 1319 est
2198 1289 2232 1319 in
2249 1288 2354 1319 debita
2377 1290 2589 1330 proportione

1519 1329 1559 1360 ad
1582 1330 1803 1367 sentiendum,
1832 1330 1985 1362 delectat:
2018 1342 2036 1362 e
2063 1342 2220 1363 converso
2252 1339 2361 1364 autem
2392 1333 2524 1374 quando
2555 1342 2590 1365 se

1518 1374 1614 1405 habet
1641 1375 1675 1405 in
1704 1375 1996 1415 superabundantia
2025 1377 2076 1407 vel
2106 1376 2244 1408 defectu.
2278 1377 2373 1409 Unde
2403 1383 2435 1408 et
2464 1378 2589 1409 colores

1518 1418 1616 1449 medii
1647 1424 1678 1449 et
1707 1428 1804 1450 voces
1835 1426 2050 1451 consonantes
2080 1427 2155 1452 sunt
2184 1421 2405 1453 delectabiles:
2436 1423 2589 1454 inconso-

1517 1468 1630 1494 nantes
1654 1469 1761 1494 autem
1786 1464 1955 1495 offendunt
1978 1465 2134 1496 auditum.

1573 1508 1624 1538 An
1649 1519 1797 1539 QUARTUM
1820 1519 1980 1540 mcuumm
2000 1510 2090 1550 quod
2109 1510 2202 1541 dolor
2217 1520 2286 1541 non
2302 1516 2426 1552 separat
2448 1512 2589 1554 animam

1518 1562 1537 1582 a
1560 1562 1696 1593 corpore
1719 1553 1899 1584 secundum
1923 1554 2013 1594 quod
2035 1560 2145 1585 manet
2167 1560 2293 1586 tantum
2310 1556 2345 1586 in
2360 1557 2505 1596 potentia
2521 1557 2588 1587 ani—

1517 1606 1589 1627 mae
1613 1598 1704 1628 cuius
1728 1603 1775 1628 est
1798 1597 1925 1629 dolere:
1951 1599 2007 1630 sed
2030 1599 2209 1630 secundum
2233 1599 2323 1640 quod
2347 1600 2386 1630 ad
2405 1601 2588 1641 passionem

1519 1642 1643 1672 animae
1662 1647 1804 1673 mutatur
1820 1653 1938 1684 corpus
1954 1654 1972 1674 a
1987 1654 2045 1674 sua
2059 1645 2195 1675 naturali
2218 1640 2448 1685 dispositione;
2473 1654 2587 1676 secun-

1519 1685 1597 1716 dum
1620 1686 1756 1717 modum
1780 1697 1847 1727 quo
1871 1687 2019 1718 videmus
2042 1688 2133 1729 quod
2154 1699 2192 1719 ex
2207 1689 2253 1719 ira
2272 1698 2390 1730 corpus
2414 1690 2542 1721 calescit
2557 1695 2589 1721 et

1519 1739 1557 1760 ex
1580 1731 1696 1761 timore
1719 1730 1867 1771 frigescit.
1902 1732 1965 1763 Sed
1988 1738 2062 1773 post
2084 1734 2351 1764 resurrectionem
2379 1743 2497 1774 corpus
2518 1743 2588 1766 non

1517 1775 1636 1814 poterit
1651 1777 1853 1806 transmutari
1869 1786 1887 1806 a
1903 1786 1960 1807 sua
1975 1777 2110 1808 naturali
2127 1777 2347 1818 dispositione,
2360 1783 2396 1809 ut
2413 1787 2451 1809 ex
2467 1778 2559 1809 dictis
2570 1780 2587 1796 “

1517 1824 1614 1859 patet.
1639 1819 1743 1856 Unde,
1765 1826 2046 1862 quantuscumque
2070 1822 2109 1852 sit
2133 1821 2236 1859 dolor,
2261 1823 2401 1853 animam
2417 1833 2435 1853 a
2451 1832 2587 1864 corpore

1518 1872 1586 1894 non
1610 1865 1775 1904 separabit.

1642 1937 1895 1982 QUAESTIO
1921 1938 2463 1975 OCTOGESIMASEPTIMA

1616 1992 1661 2016 DE
1687 1992 1901 2018 COGNITlONE
1927 1993 2026 2023 QUAM
2052 1994 2240 2019 HABEBUNT
2265 1995 2490 2021 RESUSCITATI

1578 2027 1610 2051 IN
1631 2027 1758 2052 IUDICIO
1779 2028 1956 2054 RESPECTU
1976 2029 2185 2055 MERITORUM
2205 2030 2251 2055 ET
2271 2031 2527 2057 DEMERITORUM

1522 2094 1631 2157 posi·
1659 2086 1722 2115 hoc
1754 2085 1915 2125 agendum
1943 2091 1990 2116 est
2019 2086 2059 2117 de
2085 2087 2134 2117 his
2164 2096 2248 2128 quae
2279 2094 2457 2128 sequuntur
2485 2097 2587 2120 resur-

1573 2130 1750 2160 rectionem
1769 2131 1796 2160 *.
1831 2130 1982 2168 Quorum
2012 2131 2115 2171 prima
2145 2131 2358 2163 consideratio
2391 2138 2439 2164 est
2465 2133 2505 2164 de
2532 2143 2588 2164 co-

1517 2174 1662 2213 gnitione
1694 2183 1792 2214 quam
1825 2175 1988 2205 habebunt
2019 2176 2194 2206 resuscitati
2225 2177 2258 2207 in
2285 2176 2405 2208 iudicio
2439 2183 2588 2218 respectu

1517 2219 1706 2249 meritorum
1730 2224 1762 2249 et
1785 2218 2033 2257 demeritorum3
2056 2220 2219 2257 sectmdm
2248 2220 2287 2252 de
2310 2222 2382 2262 ipso
2409 2222 2530 2253 iudicio
2553 2223 2588 2254 in

1516 2263 1670 2302 generali,
1695 2268 1842 2303 tempore
1866 2269 1897 2294 et
1920 2264 1995 2295 loco
2018 2265 2052 2295 in
2076 2274 2143 2305 quo
2168 2266 2227 2296 erit
2241 2266 2277 2302 *;
2308 2267 2417 2303 tertio,
2442 2266 2482 2297 de
2505 2267 2587 2298 iudi·
2613 2276 2624 2286 ·

1981 2315 2114 2350 quarto,
2139 2309 2179 2340 de
2205 2309 2311 2341 forma
2337 2311 2371 2341 in
2399 2320 2464 2351 qua
2491 2311 2587 2343 iudex
2614 2321 2624 2331 ·

1516 2352 1623 2382 veniet
1647 2352 1686 2383 ad
1709 2352 1917 2383 iudicandum
1933 2354 1969 2390 ’ς
1995 2354 2120 2394 quinto,
2138 2354 2178 2385 de
2201 2359 2284 2385 statu
2307 2355 2422 2386 mundi
2437 2361 2469 2386 et
2483 2365 2587 2387 resur·
2614 2367 2624 2377 ·

1517 2307 1663 2338 cantibus
1692 2313 1723 2338 et
1749 2307 1895 2339 iudicatis
1911 2309 1947 2345 *;

1516 2397 1662 2436 gentium
1685 2403 1760 2437 post
1782 2397 1938 2428 iudicium
1954 2399 1980 2428 “.

1518 2439 1611 2471 Circa
1634 2442 1775 2481 primum
1800 2448 1997 2482 quaeruntur
2019 2443 2087 2473 tria.

1572 2486 1695 2516 Primo:
1713 2492 1822 2517 utrum
1837 2492 2012 2527 cognoscat
2028 2487 2162 2528 quilibet
2177 2488 2279 2519 homo
2295 2489 2328 2519 in
2340 2488 2461 2519 iudicio
2477 2490 2587 2520 omnia

1606 2536 1738 2570 peccata
1760 2541 1827 2561 sua.

1573 2574 1743 2606 Secundo:
1778 2581 1887 2606 utrum
1919 2577 2020 2617 possit
2053 2577 2187 2617 quilibet
2220 2578 2325 2618 legere
2356 2578 2586 2609 conscientiam

1606 2619 1742 2650 alterius.

1573 2664 1703 2694 Tertio:
1729 2670 1838 2695 utrum
1866 2666 1975 2696 omnia
2004 2666 2117 2696 merita
2141 2672 2172 2697 et
2196 2665 2349 2697 demerita
2377 2676 2444 2698 uno
2468 2667 2587 2699 intuitu

1608 2710 1679 2749 quis
1702 2708 1809 2740 videre
1833 2710 1944 2750 possit.

1571 2776 1671 2806 ART.
1696 2776 1718 2806 1.
1745 2786 1849 2806 urium
1871 2786 1947 2807 Posr
1970 2787 2245 2808 Rusunnucrrouum
2269 2787 2462 2808 coemi-unus
2486 2787 2532 2809 sn·

1729 2831 1873 2863 nummu
1897 2831 1995 2851 omnA
2018 2831 2157 2852 peccam
2181 2832 2264 2852 QUAE
2288 2832 2377 2853 ruet-r

1583 2897 1604 2917 n
1621 2897 1737 2917 panum
1753 2897 1799 2917 sm
1815 2897 2020 2918 paocnnrrun.
2039 2887 2174 2918 Videtur
2186 2888 2276 2928 quod
2293 2894 2368 2929 post
2383 2889 2586 2919 resurrectio-

1520 2898 1660 2962 Anem
1675 2941 1742 2962 non
1766 2937 1941 2972 cognoscet
1965 2928 2099 2972 quilibet
2121 2933 2231 2963 omnia
2249 2938 2380 2973 peccata
2402 2941 2486 2973 quae
2501 2932 2585 2963 fecit.

1519 2975 1626 3006 Omne
1650 2977 1736 3006 enim
1760 2975 1850 3016 quod
1874 2977 2111 3016 cognoscimus,
2127 2977 2178 3007 vel
2202 2976 2242 3008 de
2265 2986 2352 3008 novo
2377 2986 2434 3017 per
2456 2986 2585 3008 sensum

1519 3021 1709 3061 accipimus,
1734 3021 1784 3051 vel
1807 3020 1847 3051 de
1870 3021 2020 3051 thesauro
2049 3022 2225 3052 memoriae
2253 3020 2408 3052 educitur.
2441 3020 2504 3051 Sed
2526 3021 2586 3052 ho-

1518 3065 1621 3095 mines
1637 3070 1711 3106 post
1726 3066 1993 3096 resurrectionem
2016 3075 2073 3096 sua
2094 3071 2225 3106 peccata
2239 3075 2308 3096 non
2322 3070 2476 3105 poterunt
2490 3075 2586 3096 sensu

1518 3110 1701 3150 percipere:
1727 3110 1802 3150 quia
1825 3110 1889 3140 iam
1913 3110 2119 3146 transierunt;
2144 3119 2255 3140 sensus
2274 3115 2382 3140 autem
2399 3114 2446 3139 est
2460 3114 2586 3141 tantum

1518 3155 1735 3194 praesentium
1751 3155 1778 3184 *.
1803 3154 1904 3184 Multa
1928 3154 2024 3185 etiam
2038 3159 2170 3194 peccata
2189 3163 2207 3184 a
2229 3154 2386 3184 memoria
2402 3153 2587 3185 exciderunt

1518 3199 1690 3238 peccantis,
1708 3208 1791 3239 quae
1807 3208 1875 3228 non
1890 3203 2043 3239 poterunt
2058 3197 2098 3228 de
2113 3198 2262 3228 thesauro
2286 3199 2462 3229 memoriae
2481 3198 2585 3230 educi.

1519 3242 1605 3283 Ergo
1629 3252 1696 3273 non
1721 3243 1869 3273 omnium
1892 3248 2099 3283 peccatorum
2127 3251 2210 3282 quae
2238 3241 2313 3273 fecit
2340 3252 2507 3283 resurgens
2531 3252 2586 3274 co-

1519 3287 1698 3327 gnitionem
1720 3287 1859 3318 habebit.

1577 3341 1605 3361 2.
1630 3331 1826 3368 Pium-uam,
1843 3331 1924 3361 sicut
1939 3331 1973 3361 in
1988 3330 2090 3360 littera
2101 3331 2118 3347 ⁴*
2134 3330 2258 3366 dicitur,
2277 3331 2351 3361 libri
2370 3331 2587 3363 conscientiae

1519 3375 1651 3416 quidam
1675 3380 1758 3412 sunt,
1782 3376 1816 3409 in
1840 3375 1956 3415 quibus
1979 3375 2091 3405 merita
2115 3375 2316 3415 singulorum
2339 3375 2498 3416 leguntur.
2523 3375 2587 3407 Sed

1518 3420 1552 3450 in
1567 3420 1654 3450 libris
1669 3429 1735 3450 non
1752 3424 1858 3460 potest
1879 3418 1999 3459 aliquid
2021 3419 2085 3459 legi
2107 3420 2168 3449 nisi
2192 3420 2260 3450 eius
2283 3425 2361 3450 nota
2385 3421 2586 3451 contineatur

1518 3464 1552 3494 in
1576 3464 1667 3494 libro.
1692 3464 1800 3494 Notae
1823 3468 1930 3493 autem
1954 3463 2111 3504 quaedam
2134 3469 2343 3504 peccatorum
2366 3470 2532 3495 remanent
2552 3465 2586 3495 in

1520 3508 1730 3545 conscientia,
1754 3513 1791 3538 ut
1813 3512 1900 3548 patet
1922 3508 2014 3538 Rom.
2039 3518 2061 3537 11
2077 3509 2108 3544 *‚
2132 3509 2165 3538 in
2190 3507 2305 3539 Glossa
2320 3510 2373 3539 ”z
2405 3518 2488 3549 quae
2517 3518 2585 3539 non

406 3550 512 3574 mente
528 3545 652 3575 artificis
670 3552 715 3576 est
731 3548 940 3586 spiritualiter.
965 3549 1170 3591 Quandoque
1183 3562 1258 3582 vero
1276 3562 1292 3582 e
1309 3562 1464 3583 converso
1480 3566 1503 3587 75
1519 3552 1667 3583 videntur
1690 3551 1776 3582 aliud
1804 3561 1871 3582 esse
1900 3561 1997 3592 quarn
2025 3558 2129 3582 reatus
2152 3552 2202 3583 vel
2226 3553 2361 3584 macula.
2395 3552 2480 3584 Cum
2508 3562 2584 3594 ergo

2616 630 2625 640 ·
2639 629 2676 651 ΑΙ.
2695 628 2725 650 de
2743 628 2829 651 Cauris

2615 655 2829 713 fflttt‘tfflzt

2615 709 2715 731 Ari-tot.

2613 1782 2624 1794 ·
2639 1783 2690 1804 Art.
2705 1782 2812 1810 pneced.

2613 2144 2695 2195 lutei-516
2701 2151 2741 2174 qu.
2763 2151 2827 2173 ιιιι,

2640 2274 2688 2303 Qu.
2702 2280 2814 2298 uxum.

2639 2319 2688 2348 Qu.
2702 2325 2797 2342 mxxix.

2639 2365 2687 2394 Qu.
2701 2371 2740 2388 xc.

2614 2405 2624 2415 '
2639 2403 2687 2432 Qu.
2702 2408 2751 2441 xm.

2613 3161 2623 3171 ·
2638 3159 2697 3182 ῡίιῑ.
2707 3165 2770 3187 mx,
2785 3165 2825 3188 qu.

2614 3192 2648 3213 ιιι,
2658 3189 2701 3209 ιη.
2713 3193 2733 3214 ι,
2743 3186 2788 3214 qu·
2801 3194 2825 3212 4·

2613 3334 2826 3384 fflffiffl‘ss&

2612 3390 2655 3410 cle.

2612 3513 2751 3562 :3333
2757 3540 2825 3568 orig.
