<?xml version="1.0" encoding="UTF-8"?>
<!DOCTYPE html PUBLIC "-//W3C//DTD XHTML 1.0 Transitional//EN"
    "http://www.w3.org/TR/xhtml1/DTD/xhtml1-transitional.dtd">
<html xmlns="http://www.w3.org/1999/xhtml" xml:lang="en" lang="en">
 <head>
  <title>
</title>
<meta http-equiv="Content-Type" content="text/html;charset=utf-8" />
  <meta name='ocr-system' content='tesseract 3.04.00' />
  <meta name='ocr-capabilities' content='ocr_page ocr_carea ocr_par ocr_line ocrx_word'/>
</head>
<body>
  <div class='ocr_page' id='page_1' title='image "./operaomniaiussui12thom/operaomniaiussui12thom_0497.png"; bbox 0 0 2878 4088; ppageno 0'>
   <div class='ocr_carea' id='block_1_1' title="bbox 0 184 36 3653">
    <p class='ocr_par' dir='ltr' id='par_1_1' title="bbox 0 184 36 3653">
     <span class='ocr_line' id='line_1_1' title="bbox 0 184 36 3653; baseline 0 0"><span class='ocrx_word' id='word_1_1' title='bbox 0 184 36 3653; x_wconf 95' lang='lat' dir='ltr'> </span> 
     </span>
    </p>
   </div>
   <div class='ocr_carea' id='block_1_2' title="bbox 91 465 303 519">
    <p class='ocr_par' dir='ltr' id='par_1_2' title="bbox 91 465 303 519">
     <span class='ocr_line' id='line_1_2' title="bbox 93 465 302 492; baseline 0 -5"><span class='ocrx_word' id='word_1_2' title='bbox 93 467 103 477; x_wconf 84' lang='grc'><em>·</em></span> <span class='ocrx_word' id='word_1_3' title='bbox 113 465 145 487; x_wconf 84' lang='lat' dir='ltr'>lv</span> <span class='ocrx_word' id='word_1_4' title='bbox 156 465 229 492; x_wconf 69' lang='lat' dir='ltr'>Sem„</span> <span class='ocrx_word' id='word_1_5' title='bbox 248 465 302 488; x_wconf 83' lang='lat' dir='ltr'>dist.</span> 
     </span>
     <span class='ocr_line' id='line_1_3' title="bbox 91 492 303 519; baseline 0 -6"><span class='ocrx_word' id='word_1_6' title='bbox 91 498 162 518; x_wconf 83' lang='lat' dir='ltr'>xvm,</span> <span class='ocrx_word' id='word_1_7' title='bbox 179 497 220 519; x_wconf 82' lang='lat' dir='ltr'>per</span> <span class='ocrx_word' id='word_1_8' title='bbox 238 492 303 518; x_wconf 76' lang='lat' dir='ltr'>plura</span> 
     </span>
    </p>
   </div>
   <div class='ocr_carea' id='block_1_3' title="bbox 90 524 158 546">
    <p class='ocr_par' dir='ltr' id='par_1_3' title="bbox 90 524 158 546">
     <span class='ocr_line' id='line_1_4' title="bbox 90 524 158 546; baseline 0 -6"><span class='ocrx_word' id='word_1_9' title='bbox 90 524 158 546; x_wconf 76' lang='lat' dir='ltr'>capp.</span> 
     </span>
    </p>
   </div>
   <div class='ocr_carea' id='block_1_4' title="bbox 90 597 301 650">
    <p class='ocr_par' dir='ltr' id='par_1_4' title="bbox 90 597 301 650">
     <span class='ocr_line' id='line_1_5' title="bbox 91 597 301 626; baseline 0 -7"><span class='ocrx_word' id='word_1_10' title='bbox 91 599 101 609; x_wconf 90' lang='grc'><em>·</em></span> <span class='ocrx_word' id='word_1_11' title='bbox 115 597 180 620; x_wconf 84' lang='lat' dir='ltr'>Ioan.</span> <span class='ocrx_word' id='word_1_12' title='bbox 195 603 245 626; x_wconf 79' lang='lat' dir='ltr'>cap.</span> <span class='ocrx_word' id='word_1_13' title='bbox 259 604 301 625; x_wconf 83' lang='lat' dir='ltr'>xx,</span> 
     </span>
     <span class='ocr_line' id='line_1_6' title="bbox 90 630 199 650; baseline 0 -4"><span class='ocrx_word' id='word_1_14' title='bbox 90 630 150 646; x_wconf 76' lang='lat' dir='ltr'>vers.</span> <span class='ocrx_word' id='word_1_15' title='bbox 165 630 199 650; x_wconf 65' lang='lat' dir='ltr'>aq.</span> 
     </span>
    </p>
   </div>
   <div class='ocr_carea' id='block_1_5' title="bbox 299 1344 1422 1385">
    <p class='ocr_par' dir='ltr' id='par_1_5' title="bbox 299 1344 1422 1385">
     <span class='ocr_line' id='line_1_7' title="bbox 299 1344 1422 1385; baseline -0.001 -10"><span class='ocrx_word' id='word_1_16' title='bbox 299 1362 302 1363; x_wconf 32' lang='grc' dir='ltr'><em>ν</em></span> <span class='ocrx_word' id='word_1_17' title='bbox 320 1344 429 1375; x_wconf 66' lang='grc' dir='ltr'>-Ιῑοῐῶ</span> <span class='ocrx_word' id='word_1_18' title='bbox 454 1344 671 1385; x_wconf 88' lang='lat' dir='ltr'>configuratur</span> <span class='ocrx_word' id='word_1_19' title='bbox 692 1345 833 1385; x_wconf 91' lang='lat' dir='ltr'>passioni</span> <span class='ocrx_word' id='word_1_20' title='bbox 850 1344 967 1375; x_wconf 85' lang='lat' dir='ltr'>Christi</span> <span class='ocrx_word' id='word_1_21' title='bbox 983 1345 1121 1375; x_wconf 83' lang='lat' dir='ltr'>totaliter</span> <span class='ocrx_word' id='word_1_22' title='bbox 1136 1344 1310 1375; x_wconf 89' lang='lat' dir='ltr'>efficaciam</span> <span class='ocrx_word' id='word_1_23' title='bbox 1325 1354 1396 1384; x_wconf 80' lang='lat' dir='ltr'>pas·</span> <span class='ocrx_word' id='word_1_24' title='bbox 1411 1355 1422 1368; x_wconf 86' lang='lat'>2</span> 
     </span>
    </p>
   </div>
   <div class='ocr_carea' id='block_1_6' title="bbox 86 2406 301 2435">
    <p class='ocr_par' dir='ltr' id='par_1_6' title="bbox 86 2406 301 2435">
     <span class='ocr_line' id='line_1_8' title="bbox 86 2406 301 2435; baseline 0.009 -7"><span class='ocrx_word' id='word_1_25' title='bbox 86 2408 100 2419; x_wconf 65' lang='lat'>²</span> <span class='ocrx_word' id='word_1_26' title='bbox 113 2406 124 2428; x_wconf 87' lang='lat'>1</span> <span class='ocrx_word' id='word_1_27' title='bbox 133 2406 198 2430; x_wconf 79' lang='lat' dir='ltr'>lom.</span> <span class='ocrx_word' id='word_1_28' title='bbox 212 2413 263 2435; x_wconf 71' lang='lat' dir='ltr'>etp.</span> <span class='ocrx_word' id='word_1_29' title='bbox 275 2413 301 2435; x_wconf 85' lang='grc' dir='ltr'>ιι,</span> 
     </span>
    </p>
   </div>
   <div class='ocr_carea' id='block_1_7' title="bbox 27 2437 185 2456">
    <p class='ocr_par' dir='ltr' id='par_1_7' title="bbox 27 2437 185 2456">
     <span class='ocr_line' id='line_1_9' title="bbox 27 2437 185 2456; baseline 0.006 -1"><span class='ocrx_word' id='word_1_30' title='bbox 27 2437 39 2448; x_wconf 79' lang='lat'><strong>¹</strong></span> <span class='ocrx_word' id='word_1_31' title='bbox 88 2439 149 2456; x_wconf 68' lang='lat' dir='ltr'>ven.</span> <span class='ocrx_word' id='word_1_32' title='bbox 163 2439 185 2456; x_wconf 75' lang='lat'>2.</span> 
     </span>
    </p>
   </div>
   <div class='ocr_carea' id='block_1_8' title="bbox 90 2977 303 3080">
    <p class='ocr_par' dir='ltr' id='par_1_8' title="bbox 90 2977 303 3080">
     <span class='ocr_line' id='line_1_10' title="bbox 90 2977 302 3001; baseline 0.005 -1"><span class='ocrx_word' id='word_1_33' title='bbox 90 2979 103 2990; x_wconf 80' lang='grc'><em>·</em></span> <span class='ocrx_word' id='word_1_34' title='bbox 120 2977 215 3001; x_wconf 64' lang='lat' dir='ltr'>Halone.</span> <span class='ocrx_word' id='word_1_35' title='bbox 238 2978 302 3001; x_wconf 71' lang='lat' dir='ltr'>Sm.</span> 
     </span>
     <span class='ocr_line' id='line_1_11' title="bbox 91 3004 292 3033; baseline 0 -6"><span class='ocrx_word' id='word_1_36' title='bbox 91 3011 115 3033; x_wconf 82' lang='lat' dir='ltr'>p.</span> <span class='ocrx_word' id='word_1_37' title='bbox 134 3004 176 3032; x_wconf 78' lang='lat' dir='ltr'>IV,</span> <span class='ocrx_word' id='word_1_38' title='bbox 193 3011 232 3033; x_wconf 85' lang='lat' dir='ltr'>qu.</span> <span class='ocrx_word' id='word_1_39' title='bbox 252 3011 292 3027; x_wconf 75' lang='lat' dir='ltr'>xxi</span> 
     </span>
     <span class='ocr_line' id='line_1_12' title="bbox 91 3022 303 3080; baseline 0.005 -27"><span class='ocrx_word' id='word_1_40' title='bbox 91 3037 165 3080; x_wconf 47' lang='lat'>32²⁷</span> <span class='ocrx_word' id='word_1_41' title='bbox 179 3035 222 3054; x_wconf 71' lang='lat' dir='ltr'>art.</span> <span class='ocrx_word' id='word_1_42' title='bbox 238 3038 258 3060; x_wconf 76' lang='grc' dir='ltr'>ι,</span> <span class='ocrx_word' id='word_1_43' title='bbox 273 3022 303 3054; x_wconf 81' lang='lat' dir='ltr'>ad</span> 
     </span>
    </p>
   </div>
   <div class='ocr_carea' id='block_1_9' title="bbox 986 206 1882 255">
    <p class='ocr_par' dir='ltr' id='par_1_9' title="bbox 986 206 1882 255">
     <span class='ocr_line' id='line_1_13' title="bbox 986 206 1882 255; baseline -0.001 -10"><span class='ocrx_word' id='word_1_44' title='bbox 986 207 1248 255; x_wconf 91' lang='lat' dir='ltr'>QUAESTIO</span> <span class='ocrx_word' id='word_1_45' title='bbox 1279 206 1407 253; x_wconf 83' lang='lat' dir='ltr'>XVIII,</span> <span class='ocrx_word' id='word_1_46' title='bbox 1427 206 1719 244; x_wconf 91' lang='lat' dir='ltr'>ARTICULUS</span> <span class='ocrx_word' id='word_1_47' title='bbox 1748 208 1804 254; x_wconf 88' lang='lat' dir='ltr'>III,</span> <span class='ocrx_word' id='word_1_48' title='bbox 1832 209 1882 244; x_wconf 90' lang='lat' dir='ltr'>IV</span> 
     </span>
    </p>
   </div>
   <div class='ocr_carea' id='block_1_10' title="bbox 329 284 1396 680">
    <p class='ocr_par' dir='ltr' id='par_1_10' title="bbox 330 284 1396 415">
     <span class='ocr_line' id='line_1_14' title="bbox 386 284 1396 328; baseline -0.001 -12"><span class='ocrx_word' id='word_1_49' title='bbox 386 285 448 316; x_wconf 76' lang='lat' dir='ltr'>San</span> <span class='ocrx_word' id='word_1_50' title='bbox 473 295 605 322; x_wconf 76' lang='lat' dir='ltr'>CONTRA,</span> <span class='ocrx_word' id='word_1_51' title='bbox 623 287 718 317; x_wconf 86' lang='lat' dir='ltr'>clavis</span> <span class='ocrx_word' id='word_1_52' title='bbox 742 292 788 318; x_wconf 91' lang='lat' dir='ltr'>est</span> <span class='ocrx_word' id='word_1_53' title='bbox 811 292 951 328; x_wconf 88' lang='lat' dir='ltr'>potestas</span> <span class='ocrx_word' id='word_1_54' title='bbox 974 286 1092 327; x_wconf 87' lang='lat' dir='ltr'>ligandi</span> <span class='ocrx_word' id='word_1_55' title='bbox 1108 293 1139 317; x_wconf 90' lang='lat' dir='ltr'>et</span> <span class='ocrx_word' id='word_1_56' title='bbox 1155 285 1308 317; x_wconf 89' lang='lat' dir='ltr'>solvendi.</span> <span class='ocrx_word' id='word_1_57' title='bbox 1333 284 1396 316; x_wconf 88' lang='lat' dir='ltr'>Sed</span> 
     </span>
     <span class='ocr_line' id='line_1_15' title="bbox 330 330 1396 372; baseline -0.001 -12"><span class='ocrx_word' id='word_1_58' title='bbox 330 335 436 370; x_wconf 88' lang='lat' dir='ltr'>potest</span> <span class='ocrx_word' id='word_1_59' title='bbox 463 330 609 361; x_wconf 86' lang='lat' dir='ltr'>sacerdos</span> <span class='ocrx_word' id='word_1_60' title='bbox 637 332 802 371; x_wconf 88' lang='lat' dir='ltr'>iniungere</span> <span class='ocrx_word' id='word_1_61' title='bbox 829 341 970 372; x_wconf 91' lang='lat' dir='ltr'>poenam</span> <span class='ocrx_word' id='word_1_62' title='bbox 1001 331 1222 371; x_wconf 89' lang='lat' dir='ltr'>temporalem.</span> <span class='ocrx_word' id='word_1_63' title='bbox 1255 330 1340 369; x_wconf 89' lang='lat' dir='ltr'>Ergo</span> <span class='ocrx_word' id='word_1_64' title='bbox 1366 334 1396 359; x_wconf 91' lang='lat' dir='ltr'>et</span> 
     </span>
     <span class='ocr_line' id='line_1_16' title="bbox 330 375 801 415; baseline 0.004 -11"><span class='ocrx_word' id='word_1_65' title='bbox 330 379 436 414; x_wconf 90' lang='lat' dir='ltr'>potest</span> <span class='ocrx_word' id='word_1_66' title='bbox 458 375 621 405; x_wconf 91' lang='lat' dir='ltr'>absolvere</span> <span class='ocrx_word' id='word_1_67' title='bbox 646 385 663 405; x_wconf 90' lang='lat' dir='ltr'>a</span> <span class='ocrx_word' id='word_1_68' title='bbox 686 385 801 415; x_wconf 91' lang='lat' dir='ltr'>poena.</span> 
     </span>
    </p>

    <p class='ocr_par' dir='ltr' id='par_1_11' title="bbox 329 418 1396 636">
     <span class='ocr_line' id='line_1_17' title="bbox 387 418 1396 460; baseline -0.001 -12"><span class='ocrx_word' id='word_1_69' title='bbox 387 428 416 448; x_wconf 93' lang='lat'>2.</span> <span class='ocrx_word' id='word_1_70' title='bbox 440 418 636 455; x_wconf 71' lang='lat' dir='ltr'>PRAETEREA,</span> <span class='ocrx_word' id='word_1_71' title='bbox 659 419 805 450; x_wconf 87' lang='lat' dir='ltr'>sacerdos</span> <span class='ocrx_word' id='word_1_72' title='bbox 827 429 895 450; x_wconf 92' lang='lat' dir='ltr'>non</span> <span class='ocrx_word' id='word_1_73' title='bbox 918 425 1024 460; x_wconf 87' lang='lat' dir='ltr'>potest</span> <span class='ocrx_word' id='word_1_74' title='bbox 1047 419 1204 449; x_wconf 86' lang='lat' dir='ltr'>dimittere</span> <span class='ocrx_word' id='word_1_75' title='bbox 1226 423 1396 459; x_wconf 86' lang='lat' dir='ltr'>peccatum</span> 
     </span>
     <span class='ocr_line' id='line_1_18' title="bbox 331 461 1396 503; baseline -0.001 -11"><span class='ocrx_word' id='word_1_76' title='bbox 331 467 487 502; x_wconf 91' lang='lat' dir='ltr'>quantum</span> <span class='ocrx_word' id='word_1_77' title='bbox 504 463 544 493; x_wconf 89' lang='lat' dir='ltr'>ad</span> <span class='ocrx_word' id='word_1_78' title='bbox 559 464 698 503; x_wconf 82' lang='lat' dir='ltr'>culpam,</span> <span class='ocrx_word' id='word_1_79' title='bbox 715 470 751 494; x_wconf 93' lang='lat' dir='ltr'>ut</span> <span class='ocrx_word' id='word_1_80' title='bbox 766 464 799 494; x_wconf 92' lang='lat' dir='ltr'>in</span> <span class='ocrx_word' id='word_1_81' title='bbox 814 464 916 494; x_wconf 89' lang='lat' dir='ltr'>littera</span> <span class='ocrx_word' id='word_1_82' title='bbox 927 465 944 481; x_wconf 43' lang='grc' dir='ltr'><strong><em>ὓ</em></strong></span> <span class='ocrx_word' id='word_1_83' title='bbox 961 464 1090 494; x_wconf 86' lang='lat' dir='ltr'>dicitur:</span> <span class='ocrx_word' id='word_1_84' title='bbox 1107 472 1167 493; x_wconf 89' lang='lat' dir='ltr'>nec</span> <span class='ocrx_word' id='word_1_85' title='bbox 1183 468 1340 503; x_wconf 90' lang='lat' dir='ltr'>quantum</span> <span class='ocrx_word' id='word_1_86' title='bbox 1356 461 1396 491; x_wconf 91' lang='lat' dir='ltr'>ad</span> 
     </span>
     <span class='ocr_line' id='line_1_19' title="bbox 330 507 1396 548; baseline -0.001 -12"><span class='ocrx_word' id='word_1_87' title='bbox 330 516 470 546; x_wconf 87' lang='lat' dir='ltr'>poenam</span> <span class='ocrx_word' id='word_1_88' title='bbox 494 513 663 544; x_wconf 87' lang='lat' dir='ltr'>aeternam,</span> <span class='ocrx_word' id='word_1_89' title='bbox 681 509 748 548; x_wconf 90' lang='lat' dir='ltr'>pari</span> <span class='ocrx_word' id='word_1_90' title='bbox 771 509 903 538; x_wconf 89' lang='lat' dir='ltr'>ratione.</span> <span class='ocrx_word' id='word_1_91' title='bbox 928 508 961 538; x_wconf 90' lang='lat' dir='ltr'>Si</span> <span class='ocrx_word' id='word_1_92' title='bbox 977 517 1052 547; x_wconf 87' lang='lat' dir='ltr'>ergo</span> <span class='ocrx_word' id='word_1_93' title='bbox 1073 517 1141 537; x_wconf 94' lang='lat' dir='ltr'>non</span> <span class='ocrx_word' id='word_1_94' title='bbox 1163 512 1270 547; x_wconf 90' lang='lat' dir='ltr'>potest</span> <span class='ocrx_word' id='word_1_95' title='bbox 1290 507 1396 536; x_wconf 88' lang='lat' dir='ltr'>remit-</span> 
     </span>
     <span class='ocr_line' id='line_1_20' title="bbox 329 550 1396 592; baseline -0.001 -12"><span class='ocrx_word' id='word_1_96' title='bbox 329 556 395 581; x_wconf 87' lang='lat' dir='ltr'>tere</span> <span class='ocrx_word' id='word_1_97' title='bbox 419 557 576 591; x_wconf 90' lang='lat' dir='ltr'>quantum</span> <span class='ocrx_word' id='word_1_98' title='bbox 597 552 636 582; x_wconf 91' lang='lat' dir='ltr'>ad</span> <span class='ocrx_word' id='word_1_99' title='bbox 651 562 792 592; x_wconf 88' lang='lat' dir='ltr'>poenam</span> <span class='ocrx_word' id='word_1_100' title='bbox 814 552 1034 592; x_wconf 85' lang='lat' dir='ltr'>temporalem,</span> <span class='ocrx_word' id='word_1_101' title='bbox 1051 551 1141 581; x_wconf 92' lang='lat' dir='ltr'>nullo</span> <span class='ocrx_word' id='word_1_102' title='bbox 1165 551 1265 581; x_wconf 92' lang='lat' dir='ltr'>modo</span> <span class='ocrx_word' id='word_1_103' title='bbox 1290 550 1396 580; x_wconf 91' lang='lat' dir='ltr'>remit-</span> 
     </span>
     <span class='ocr_line' id='line_1_21' title="bbox 329 595 1395 636; baseline -0.002 -11"><span class='ocrx_word' id='word_1_104' title='bbox 329 600 395 625; x_wconf 88' lang='lat' dir='ltr'>tere</span> <span class='ocrx_word' id='word_1_105' title='bbox 410 597 537 636; x_wconf 88' lang='lat' dir='ltr'>poterit.</span> <span class='ocrx_word' id='word_1_106' title='bbox 551 596 651 634; x_wconf 92' lang='lat' dir='ltr'>Quod</span> <span class='ocrx_word' id='word_1_107' title='bbox 667 602 714 626; x_wconf 88' lang='lat' dir='ltr'>est</span> <span class='ocrx_word' id='word_1_108' title='bbox 729 597 864 626; x_wconf 89' lang='lat' dir='ltr'>omnino</span> <span class='ocrx_word' id='word_1_109' title='bbox 881 596 1075 626; x_wconf 89' lang='lat' dir='ltr'>contrarium</span> <span class='ocrx_word' id='word_1_110' title='bbox 1091 595 1181 625; x_wconf 88' lang='lat' dir='ltr'>dictis</span> <span class='ocrx_word' id='word_1_111' title='bbox 1194 595 1358 634; x_wconf 86' lang='lat' dir='ltr'>Evangelii</span> <span class='ocrx_word' id='word_1_112' title='bbox 1368 595 1395 624; x_wconf 45' lang='grc' dir='ltr'><strong>ἦ</strong></span> 
     </span>
    </p>

    <p class='ocr_par' dir='ltr' id='par_1_12' title="bbox 384 638 1396 680">
     <span class='ocr_line' id='line_1_22' title="bbox 384 638 1396 680; baseline -0.002 -10"><span class='ocrx_word' id='word_1_113' title='bbox 384 640 573 670; x_wconf 65' lang='grc' dir='ltr'><strong>ΒΕεΡοΝοιιο</strong></span> <span class='ocrx_word' id='word_1_114' title='bbox 598 650 758 670; x_wconf 66' lang='lat' dir='ltr'>mmmmm</span> <span class='ocrx_word' id='word_1_115' title='bbox 781 639 870 680; x_wconf 91' lang='lat' dir='ltr'>quod</span> <span class='ocrx_word' id='word_1_116' title='bbox 888 639 975 670; x_wconf 93' lang='lat' dir='ltr'>idem</span> <span class='ocrx_word' id='word_1_117' title='bbox 990 639 1146 669; x_wconf 92' lang='lat' dir='ltr'>iudicium</span> <span class='ocrx_word' id='word_1_118' title='bbox 1163 644 1209 669; x_wconf 89' lang='lat' dir='ltr'>est</span> <span class='ocrx_word' id='word_1_119' title='bbox 1225 638 1265 668; x_wconf 91' lang='lat' dir='ltr'>de</span> <span class='ocrx_word' id='word_1_120' title='bbox 1281 638 1396 668; x_wconf 86' lang='lat' dir='ltr'>effectu</span> 
     </span>
    </p>
   </div>
   <div class='ocr_carea' id='block_1_11' title="bbox 330 683 1421 724">
    <p class='ocr_par' dir='ltr' id='par_1_13' title="bbox 330 683 1421 724">
     <span class='ocr_line' id='line_1_23' title="bbox 330 683 1421 724; baseline -0.003 -10"><span class='ocrx_word' id='word_1_121' title='bbox 330 693 428 724; x_wconf 92' lang='lat' dir='ltr'>quem</span> <span class='ocrx_word' id='word_1_122' title='bbox 451 689 591 724; x_wconf 90' lang='lat' dir='ltr'>potestas</span> <span class='ocrx_word' id='word_1_123' title='bbox 615 685 753 714; x_wconf 83' lang='lat' dir='ltr'>clavium</span> <span class='ocrx_word' id='word_1_124' title='bbox 776 684 939 714; x_wconf 82' lang='lat' dir='ltr'>actualiter</span> <span class='ocrx_word' id='word_1_125' title='bbox 969 684 1104 713; x_wconf 85' lang='lat' dir='ltr'>exercita</span> <span class='ocrx_word' id='word_1_126' title='bbox 1135 683 1278 722; x_wconf 87' lang='lat' dir='ltr'>complet</span> <span class='ocrx_word' id='word_1_127' title='bbox 1300 683 1333 712; x_wconf 91' lang='lat' dir='ltr'>in</span> <span class='ocrx_word' id='word_1_128' title='bbox 1356 691 1395 711; x_wconf 92' lang='lat' dir='ltr'>eo</span> <span class='ocrx_word' id='word_1_129' title='bbox 1413 694 1421 707; x_wconf 81' lang='grc' dir='ltr'><strong>ι</strong></span> 
     </span>
    </p>
   </div>
   <div class='ocr_carea' id='block_1_12' title="bbox 327 726 1397 1341">
    <p class='ocr_par' dir='ltr' id='par_1_14' title="bbox 327 726 1397 1341">
     <span class='ocr_line' id='line_1_24' title="bbox 329 726 1397 768; baseline -0.003 -10"><span class='ocrx_word' id='word_1_130' title='bbox 329 729 362 758; x_wconf 91' lang='lat' dir='ltr'>in</span> <span class='ocrx_word' id='word_1_131' title='bbox 387 737 453 768; x_wconf 91' lang='lat' dir='ltr'>quo</span> <span class='ocrx_word' id='word_1_132' title='bbox 481 729 630 758; x_wconf 90' lang='lat' dir='ltr'>contritio</span> <span class='ocrx_word' id='word_1_133' title='bbox 661 734 807 768; x_wconf 87' lang='lat' dir='ltr'>ternpore</span> <span class='ocrx_word' id='word_1_134' title='bbox 837 728 1022 768; x_wconf 85' lang='lat' dir='ltr'>praecessit,</span> <span class='ocrx_word' id='word_1_135' title='bbox 1048 732 1079 756; x_wconf 89' lang='lat' dir='ltr'>et</span> <span class='ocrx_word' id='word_1_136' title='bbox 1103 726 1218 757; x_wconf 84' lang='lat' dir='ltr'>effectu</span> <span class='ocrx_word' id='word_1_137' title='bbox 1249 726 1397 765; x_wconf 88' lang='lat' dir='ltr'>baptismi</span> 
     </span>
     <span class='ocr_line' id='line_1_25' title="bbox 330 769 1397 812; baseline -0.003 -10"><span class='ocrx_word' id='word_1_138' title='bbox 330 773 387 812; x_wconf 92' lang='lat' dir='ltr'>qui</span> <span class='ocrx_word' id='word_1_139' title='bbox 409 773 473 802; x_wconf 90' lang='lat' dir='ltr'>iam</span> <span class='ocrx_word' id='word_1_140' title='bbox 496 772 624 802; x_wconf 91' lang='lat' dir='ltr'>habenti</span> <span class='ocrx_word' id='word_1_141' title='bbox 648 773 779 812; x_wconf 87' lang='lat' dir='ltr'>gratiam</span> <span class='ocrx_word' id='word_1_142' title='bbox 803 771 903 802; x_wconf 91' lang='lat' dir='ltr'>datur.</span> <span class='ocrx_word' id='word_1_143' title='bbox 927 771 1053 810; x_wconf 88' lang='lat' dir='ltr'>Aliquis</span> <span class='ocrx_word' id='word_1_144' title='bbox 1075 771 1160 800; x_wconf 90' lang='lat' dir='ltr'>enim</span> <span class='ocrx_word' id='word_1_145' title='bbox 1179 779 1237 810; x_wconf 89' lang='lat' dir='ltr'>per</span> <span class='ocrx_word' id='word_1_146' title='bbox 1252 769 1350 800; x_wconf 88' lang='lat' dir='ltr'>fidem</span> <span class='ocrx_word' id='word_1_147' title='bbox 1366 775 1397 799; x_wconf 87' lang='lat' dir='ltr'>et</span> 
     </span>
     <span class='ocr_line' id='line_1_26' title="bbox 330 814 1396 856; baseline -0.003 -10"><span class='ocrx_word' id='word_1_148' title='bbox 330 817 557 846; x_wconf 90' lang='lat' dir='ltr'>contritionem</span> <span class='ocrx_word' id='word_1_149' title='bbox 579 815 823 856; x_wconf 89' lang='lat' dir='ltr'>praecedentem</span> <span class='ocrx_word' id='word_1_150' title='bbox 849 816 1044 855; x_wconf 90' lang='lat' dir='ltr'>baptismum</span> <span class='ocrx_word' id='word_1_151' title='bbox 1075 815 1208 854; x_wconf 85' lang='lat' dir='ltr'>gratiam</span> <span class='ocrx_word' id='word_1_152' title='bbox 1237 814 1396 844; x_wconf 92' lang='lat' dir='ltr'>remissio-</span> 
     </span>
     <span class='ocr_line' id='line_1_27' title="bbox 329 857 1396 900; baseline -0.004 -9"><span class='ocrx_word' id='word_1_153' title='bbox 329 861 377 891; x_wconf 87' lang='lat' dir='ltr'>nis</span> <span class='ocrx_word' id='word_1_154' title='bbox 399 865 606 900; x_wconf 90' lang='lat' dir='ltr'>peccatorum</span> <span class='ocrx_word' id='word_1_155' title='bbox 637 865 794 899; x_wconf 90' lang='lat' dir='ltr'>quantum</span> <span class='ocrx_word' id='word_1_156' title='bbox 817 859 856 889; x_wconf 93' lang='lat' dir='ltr'>ad</span> <span class='ocrx_word' id='word_1_157' title='bbox 880 859 1008 898; x_wconf 88' lang='lat' dir='ltr'>culpam</span> <span class='ocrx_word' id='word_1_158' title='bbox 1033 863 1225 888; x_wconf 90' lang='lat' dir='ltr'>consecutus</span> <span class='ocrx_word' id='word_1_159' title='bbox 1254 863 1315 887; x_wconf 89' lang='lat' dir='ltr'>est:</span> <span class='ocrx_word' id='word_1_160' title='bbox 1341 857 1396 888; x_wconf 90' lang='lat' dir='ltr'>sed</span> 
     </span>
     <span class='ocr_line' id='line_1_28' title="bbox 329 903 1395 944; baseline -0.002 -10"><span class='ocrx_word' id='word_1_161' title='bbox 329 904 459 944; x_wconf 92' lang='lat' dir='ltr'>quando</span> <span class='ocrx_word' id='word_1_162' title='bbox 483 904 646 934; x_wconf 89' lang='lat' dir='ltr'>actualiter</span> <span class='ocrx_word' id='word_1_163' title='bbox 668 909 781 943; x_wconf 89' lang='lat' dir='ltr'>postea</span> <span class='ocrx_word' id='word_1_164' title='bbox 803 903 998 943; x_wconf 89' lang='lat' dir='ltr'>baptismum</span> <span class='ocrx_word' id='word_1_165' title='bbox 1021 903 1163 942; x_wconf 87' lang='lat' dir='ltr'>suscipit,</span> <span class='ocrx_word' id='word_1_166' title='bbox 1180 903 1277 942; x_wconf 89' lang='lat' dir='ltr'>gratia</span> <span class='ocrx_word' id='word_1_167' title='bbox 1300 911 1395 942; x_wconf 89' lang='lat' dir='ltr'>auge-</span> 
     </span>
     <span class='ocr_line' id='line_1_29' title="bbox 327 945 1396 987; baseline -0.002 -9"><span class='ocrx_word' id='word_1_168' title='bbox 327 954 389 984; x_wconf 87' lang='lat' dir='ltr'>tur,</span> <span class='ocrx_word' id='word_1_169' title='bbox 407 953 438 978; x_wconf 91' lang='lat' dir='ltr'>et</span> <span class='ocrx_word' id='word_1_170' title='bbox 453 957 471 978; x_wconf 89' lang='lat' dir='ltr'>a</span> <span class='ocrx_word' id='word_1_171' title='bbox 485 953 574 978; x_wconf 89' lang='lat' dir='ltr'>reatu</span> <span class='ocrx_word' id='word_1_172' title='bbox 597 956 724 987; x_wconf 88' lang='lat' dir='ltr'>poenae</span> <span class='ocrx_word' id='word_1_173' title='bbox 746 947 884 977; x_wconf 91' lang='lat' dir='ltr'>totaliter</span> <span class='ocrx_word' id='word_1_174' title='bbox 907 947 1090 982; x_wconf 88' lang='lat' dir='ltr'>absolvitur,</span> <span class='ocrx_word' id='word_1_175' title='bbox 1108 956 1147 976; x_wconf 91' lang='lat' dir='ltr'>eo</span> <span class='ocrx_word' id='word_1_176' title='bbox 1165 946 1255 986; x_wconf 89' lang='lat' dir='ltr'>quod</span> <span class='ocrx_word' id='word_1_177' title='bbox 1274 945 1310 976; x_wconf 89' lang='lat' dir='ltr'>fit</span> <span class='ocrx_word' id='word_1_178' title='bbox 1325 956 1396 986; x_wconf 90' lang='lat' dir='ltr'>par-</span> 
     </span>
     <span class='ocr_line' id='line_1_30' title="bbox 327 990 1395 1032; baseline -0.002 -10"><span class='ocrx_word' id='word_1_179' title='bbox 327 993 428 1032; x_wconf 89' lang='lat' dir='ltr'>ticeps</span> <span class='ocrx_word' id='word_1_180' title='bbox 451 992 608 1031; x_wconf 90' lang='lat' dir='ltr'>passionis</span> <span class='ocrx_word' id='word_1_181' title='bbox 624 991 751 1022; x_wconf 88' lang='lat' dir='ltr'>Christi.</span> <span class='ocrx_word' id='word_1_182' title='bbox 776 991 817 1021; x_wconf 91' lang='lat' dir='ltr'>Et</span> <span class='ocrx_word' id='word_1_183' title='bbox 837 991 979 1021; x_wconf 89' lang='lat' dir='ltr'>similiter</span> <span class='ocrx_word' id='word_1_184' title='bbox 1002 990 1047 1021; x_wconf 89' lang='lat' dir='ltr'>illi</span> <span class='ocrx_word' id='word_1_185' title='bbox 1071 991 1127 1030; x_wconf 91' lang='lat' dir='ltr'>qui</span> <span class='ocrx_word' id='word_1_186' title='bbox 1150 1000 1207 1030; x_wconf 90' lang='lat' dir='ltr'>per</span> <span class='ocrx_word' id='word_1_187' title='bbox 1230 991 1395 1020; x_wconf 90' lang='lat' dir='ltr'>contritio-</span> 
     </span>
     <span class='ocr_line' id='line_1_31' title="bbox 327 1034 1396 1075; baseline -0.001 -9"><span class='ocrx_word' id='word_1_188' title='bbox 327 1045 403 1066; x_wconf 92' lang='lat' dir='ltr'>nem</span> <span class='ocrx_word' id='word_1_189' title='bbox 423 1041 614 1066; x_wconf 90' lang='lat' dir='ltr'>consecutus</span> <span class='ocrx_word' id='word_1_190' title='bbox 639 1040 685 1066; x_wconf 91' lang='lat' dir='ltr'>est</span> <span class='ocrx_word' id='word_1_191' title='bbox 707 1036 929 1066; x_wconf 88' lang='lat' dir='ltr'>remissionem</span> <span class='ocrx_word' id='word_1_192' title='bbox 952 1040 1158 1075; x_wconf 89' lang='lat' dir='ltr'>peccatorum</span> <span class='ocrx_word' id='word_1_193' title='bbox 1183 1040 1340 1075; x_wconf 90' lang='lat' dir='ltr'>quantum</span> <span class='ocrx_word' id='word_1_194' title='bbox 1357 1034 1396 1065; x_wconf 92' lang='lat' dir='ltr'>ad</span> 
     </span>
     <span class='ocr_line' id='line_1_32' title="bbox 328 1079 1395 1120; baseline -0.001 -10"><span class='ocrx_word' id='word_1_195' title='bbox 328 1080 475 1120; x_wconf 87' lang='lat' dir='ltr'>culpam,</span> <span class='ocrx_word' id='word_1_196' title='bbox 500 1085 531 1110; x_wconf 89' lang='lat' dir='ltr'>et</span> <span class='ocrx_word' id='word_1_197' title='bbox 557 1089 615 1120; x_wconf 91' lang='lat' dir='ltr'>per</span> <span class='ocrx_word' id='word_1_198' title='bbox 643 1089 844 1119; x_wconf 88' lang='lat' dir='ltr'>consequens</span> <span class='ocrx_word' id='word_1_199' title='bbox 875 1085 1032 1119; x_wconf 90' lang='lat' dir='ltr'>quantum</span> <span class='ocrx_word' id='word_1_200' title='bbox 1056 1079 1095 1109; x_wconf 90' lang='lat' dir='ltr'>ad</span> <span class='ocrx_word' id='word_1_201' title='bbox 1118 1085 1242 1110; x_wconf 88' lang='lat' dir='ltr'>reatum</span> <span class='ocrx_word' id='word_1_202' title='bbox 1270 1089 1395 1119; x_wconf 90' lang='lat' dir='ltr'>poenae</span> 
     </span>
     <span class='ocr_line' id='line_1_33' title="bbox 328 1123 1394 1164; baseline -0.001 -10"><span class='ocrx_word' id='word_1_203' title='bbox 328 1129 483 1160; x_wconf 89' lang='lat' dir='ltr'>aeternae,</span> <span class='ocrx_word' id='word_1_204' title='bbox 508 1133 591 1164; x_wconf 89' lang='lat' dir='ltr'>quae</span> <span class='ocrx_word' id='word_1_205' title='bbox 614 1124 710 1154; x_wconf 91' lang='lat' dir='ltr'>simul</span> <span class='ocrx_word' id='word_1_206' title='bbox 733 1133 809 1154; x_wconf 87' lang='lat' dir='ltr'>curn</span> <span class='ocrx_word' id='word_1_207' title='bbox 833 1124 928 1164; x_wconf 88' lang='lat' dir='ltr'>culpa</span> <span class='ocrx_word' id='word_1_208' title='bbox 951 1123 1127 1159; x_wconf 87' lang='lat' dir='ltr'>dimittitur,</span> <span class='ocrx_word' id='word_1_209' title='bbox 1145 1133 1183 1154; x_wconf 85' lang='lat' dir='ltr'>ex</span> <span class='ocrx_word' id='word_1_210' title='bbox 1198 1124 1230 1153; x_wconf 92' lang='lat' dir='ltr'>vi</span> <span class='ocrx_word' id='word_1_211' title='bbox 1247 1124 1394 1159; x_wconf 90' lang='lat' dir='ltr'>clavium,</span> 
     </span>
     <span class='ocr_line' id='line_1_34' title="bbox 328 1167 1396 1208; baseline -0.001 -10"><span class='ocrx_word' id='word_1_212' title='bbox 328 1178 366 1198; x_wconf 87' lang='lat' dir='ltr'>ex</span> <span class='ocrx_word' id='word_1_213' title='bbox 389 1169 537 1208; x_wconf 87' lang='lat' dir='ltr'>passione</span> <span class='ocrx_word' id='word_1_214' title='bbox 561 1167 679 1199; x_wconf 81' lang='lat' dir='ltr'>Christi</span> <span class='ocrx_word' id='word_1_215' title='bbox 708 1167 881 1198; x_wconf 89' lang='lat' dir='ltr'>efficaciam</span> <span class='ocrx_word' id='word_1_216' title='bbox 911 1168 1114 1203; x_wconf 90' lang='lat' dir='ltr'>habentium,</span> <span class='ocrx_word' id='word_1_217' title='bbox 1139 1173 1272 1207; x_wconf 87' lang='lat' dir='ltr'>augetur</span> <span class='ocrx_word' id='word_1_218' title='bbox 1298 1168 1396 1207; x_wconf 89' lang='lat' dir='ltr'>gratia</span> 
     </span>
     <span class='ocr_line' id='line_1_35' title="bbox 328 1212 1396 1252; baseline 0 -10"><span class='ocrx_word' id='word_1_219' title='bbox 328 1218 360 1242; x_wconf 91' lang='lat' dir='ltr'>et</span> <span class='ocrx_word' id='word_1_220' title='bbox 374 1213 543 1242; x_wconf 86' lang='lat' dir='ltr'>remittitur</span> <span class='ocrx_word' id='word_1_221' title='bbox 566 1212 750 1252; x_wconf 89' lang='lat' dir='ltr'>temporalis</span> <span class='ocrx_word' id='word_1_222' title='bbox 773 1222 889 1252; x_wconf 90' lang='lat' dir='ltr'>poena,</span> <span class='ocrx_word' id='word_1_223' title='bbox 907 1213 998 1242; x_wconf 90' lang='lat' dir='ltr'>cuius</span> <span class='ocrx_word' id='word_1_224' title='bbox 1021 1218 1125 1242; x_wconf 88' lang='lat' dir='ltr'>reatus</span> <span class='ocrx_word' id='word_1_225' title='bbox 1149 1212 1253 1242; x_wconf 90' lang='lat' dir='ltr'>adhuc</span> <span class='ocrx_word' id='word_1_226' title='bbox 1270 1221 1396 1242; x_wconf 90' lang='lat' dir='ltr'>reman-</span> 
     </span>
     <span class='ocr_line' id='line_1_36' title="bbox 327 1257 1395 1297; baseline -0.001 -10"><span class='ocrx_word' id='word_1_227' title='bbox 327 1262 409 1287; x_wconf 85' lang='lat' dir='ltr'>serat</span> <span class='ocrx_word' id='word_1_228' title='bbox 431 1261 505 1297; x_wconf 91' lang='lat' dir='ltr'>post</span> <span class='ocrx_word' id='word_1_229' title='bbox 528 1257 641 1297; x_wconf 90' lang='lat' dir='ltr'>culpae</span> <span class='ocrx_word' id='word_1_230' title='bbox 664 1257 895 1287; x_wconf 87' lang='lat' dir='ltr'>remissionem.</span> <span class='ocrx_word' id='word_1_231' title='bbox 919 1257 996 1286; x_wconf 94' lang='lat' dir='ltr'>Non</span> <span class='ocrx_word' id='word_1_232' title='bbox 1018 1261 1126 1286; x_wconf 90' lang='lat' dir='ltr'>tamen</span> <span class='ocrx_word' id='word_1_233' title='bbox 1148 1262 1245 1292; x_wconf 88' lang='lat' dir='ltr'>totus,</span> <span class='ocrx_word' id='word_1_234' title='bbox 1263 1257 1344 1286; x_wconf 92' lang='lat' dir='ltr'>sicut</span> <span class='ocrx_word' id='word_1_235' title='bbox 1362 1257 1395 1286; x_wconf 90' lang='lat' dir='ltr'>in</span> 
     </span>
     <span class='ocr_line' id='line_1_37' title="bbox 327 1300 1396 1341; baseline 0 -11"><span class='ocrx_word' id='word_1_236' title='bbox 327 1301 503 1341; x_wconf 87' lang='lat' dir='ltr'>baptismo:</span> <span class='ocrx_word' id='word_1_237' title='bbox 531 1300 588 1331; x_wconf 87' lang='lat' dir='ltr'>sed</span> <span class='ocrx_word' id='word_1_238' title='bbox 619 1310 690 1341; x_wconf 88' lang='lat' dir='ltr'>pars</span> <span class='ocrx_word' id='word_1_239' title='bbox 721 1301 798 1331; x_wconf 85' lang='lat' dir='ltr'>eius.</span> <span class='ocrx_word' id='word_1_240' title='bbox 832 1300 917 1338; x_wconf 88' lang='lat' dir='ltr'>Quia</span> <span class='ocrx_word' id='word_1_241' title='bbox 945 1301 978 1330; x_wconf 93' lang='lat' dir='ltr'>in</span> <span class='ocrx_word' id='word_1_242' title='bbox 1006 1301 1164 1340; x_wconf 90' lang='lat' dir='ltr'>baptismo</span> <span class='ocrx_word' id='word_1_243' title='bbox 1194 1306 1396 1340; x_wconf 89' lang='lat' dir='ltr'>regeneratus</span> 
     </span>
    </p>
   </div>
   <div class='ocr_carea' id='block_1_13' title="bbox 327 1388 1397 1606">
    <p class='ocr_par' dir='ltr' id='par_1_15' title="bbox 327 1388 1397 1606">
     <span class='ocr_line' id='line_1_38' title="bbox 328 1388 1395 1429; baseline 0 -10"><span class='ocrx_word' id='word_1_244' title='bbox 328 1389 426 1420; x_wconf 86' lang='lat' dir='ltr'>sionis</span> <span class='ocrx_word' id='word_1_245' title='bbox 450 1389 578 1425; x_wconf 87' lang='lat' dir='ltr'>Christi,</span> <span class='ocrx_word' id='word_1_246' title='bbox 603 1398 686 1429; x_wconf 91' lang='lat' dir='ltr'>quae</span> <span class='ocrx_word' id='word_1_247' title='bbox 709 1389 825 1419; x_wconf 89' lang='lat' dir='ltr'>sufficit</span> <span class='ocrx_word' id='word_1_248' title='bbox 841 1388 880 1419; x_wconf 90' lang='lat' dir='ltr'>ad</span> <span class='ocrx_word' id='word_1_249' title='bbox 897 1398 1029 1419; x_wconf 91' lang='lat' dir='ltr'>omnem</span> <span class='ocrx_word' id='word_1_250' title='bbox 1051 1398 1192 1428; x_wconf 90' lang='lat' dir='ltr'>poenam</span> <span class='ocrx_word' id='word_1_251' title='bbox 1216 1388 1395 1425; x_wconf 83' lang='lat' dir='ltr'>delendam,</span> 
     </span>
     <span class='ocr_line' id='line_1_39' title="bbox 328 1433 1397 1474; baseline 0 -11"><span class='ocrx_word' id='word_1_252' title='bbox 328 1434 362 1463; x_wconf 90' lang='lat' dir='ltr'>in</span> <span class='ocrx_word' id='word_1_253' title='bbox 377 1443 411 1464; x_wconf 89' lang='lat' dir='ltr'>se</span> <span class='ocrx_word' id='word_1_254' title='bbox 434 1434 620 1474; x_wconf 89' lang='lat' dir='ltr'>suscipiens,</span> <span class='ocrx_word' id='word_1_255' title='bbox 637 1438 674 1463; x_wconf 93' lang='lat' dir='ltr'>ut</span> <span class='ocrx_word' id='word_1_256' title='bbox 688 1433 767 1463; x_wconf 88' lang='lat' dir='ltr'>nihil</span> <span class='ocrx_word' id='word_1_257' title='bbox 791 1433 830 1463; x_wconf 91' lang='lat' dir='ltr'>de</span> <span class='ocrx_word' id='word_1_258' title='bbox 854 1433 968 1473; x_wconf 89' lang='lat' dir='ltr'>prioris</span> <span class='ocrx_word' id='word_1_259' title='bbox 990 1434 1113 1473; x_wconf 88' lang='lat' dir='ltr'>peccati</span> <span class='ocrx_word' id='word_1_260' title='bbox 1137 1433 1267 1463; x_wconf 91' lang='lat' dir='ltr'>actualis</span> <span class='ocrx_word' id='word_1_261' title='bbox 1290 1442 1397 1473; x_wconf 90' lang='lat' dir='ltr'>poena</span> 
     </span>
     <span class='ocr_line' id='line_1_40' title="bbox 328 1476 1397 1517; baseline -0.001 -9"><span class='ocrx_word' id='word_1_262' title='bbox 328 1483 506 1508; x_wconf 87' lang='lat' dir='ltr'>remaneat:</span> <span class='ocrx_word' id='word_1_263' title='bbox 531 1478 607 1517; x_wconf 91' lang='lat' dir='ltr'>quia</span> <span class='ocrx_word' id='word_1_264' title='bbox 629 1487 698 1508; x_wconf 90' lang='lat' dir='ltr'>non</span> <span class='ocrx_word' id='word_1_265' title='bbox 721 1477 815 1508; x_wconf 93' lang='lat' dir='ltr'>debet</span> <span class='ocrx_word' id='word_1_266' title='bbox 838 1477 932 1507; x_wconf 91' lang='lat' dir='ltr'>alicui</span> <span class='ocrx_word' id='word_1_267' title='bbox 955 1478 1105 1517; x_wconf 90' lang='lat' dir='ltr'>imputari</span> <span class='ocrx_word' id='word_1_268' title='bbox 1126 1477 1165 1507; x_wconf 89' lang='lat' dir='ltr'>ad</span> <span class='ocrx_word' id='word_1_269' title='bbox 1180 1487 1320 1517; x_wconf 89' lang='lat' dir='ltr'>poenam</span> <span class='ocrx_word' id='word_1_270' title='bbox 1335 1476 1397 1507; x_wconf 91' lang='lat' dir='ltr'>nisi</span> 
     </span>
     <span class='ocr_line' id='line_1_41' title="bbox 329 1521 1396 1562; baseline -0.001 -10"><span class='ocrx_word' id='word_1_271' title='bbox 329 1521 419 1562; x_wconf 92' lang='lat' dir='ltr'>quod</span> <span class='ocrx_word' id='word_1_272' title='bbox 440 1522 576 1562; x_wconf 90' lang='lat' dir='ltr'>ipsemet</span> <span class='ocrx_word' id='word_1_273' title='bbox 598 1521 691 1558; x_wconf 82' lang='lat' dir='ltr'>fecit;</span> <span class='ocrx_word' id='word_1_274' title='bbox 714 1522 748 1551; x_wconf 93' lang='lat' dir='ltr'>in</span> <span class='ocrx_word' id='word_1_275' title='bbox 771 1522 930 1561; x_wconf 89' lang='lat' dir='ltr'>baptismo</span> <span class='ocrx_word' id='word_1_276' title='bbox 954 1527 1062 1551; x_wconf 88' lang='lat' dir='ltr'>autern</span> <span class='ocrx_word' id='word_1_277' title='bbox 1085 1522 1196 1557; x_wconf 90' lang='lat' dir='ltr'>homo,</span> <span class='ocrx_word' id='word_1_278' title='bbox 1216 1531 1335 1551; x_wconf 89' lang='lat' dir='ltr'>novam</span> <span class='ocrx_word' id='word_1_279' title='bbox 1350 1522 1396 1551; x_wconf 92' lang='lat' dir='ltr'>vi-</span> 
     </span>
     <span class='ocr_line' id='line_1_42' title="bbox 327 1565 1394 1606; baseline -0.001 -10"><span class='ocrx_word' id='word_1_280' title='bbox 327 1571 393 1596; x_wconf 79' lang='lat' dir='ltr'>tam</span> <span class='ocrx_word' id='word_1_281' title='bbox 409 1566 595 1606; x_wconf 87' lang='lat' dir='ltr'>suscipiens,</span> <span class='ocrx_word' id='word_1_282' title='bbox 611 1565 647 1595; x_wconf 90' lang='lat' dir='ltr'>fit</span> <span class='ocrx_word' id='word_1_283' title='bbox 661 1575 719 1606; x_wconf 94' lang='lat' dir='ltr'>per</span> <span class='ocrx_word' id='word_1_284' title='bbox 734 1566 866 1605; x_wconf 86' lang='lat' dir='ltr'>gratiam</span> <span class='ocrx_word' id='word_1_285' title='bbox 882 1565 1103 1605; x_wconf 90' lang='lat' dir='ltr'>baptismalem</span> <span class='ocrx_word' id='word_1_286' title='bbox 1127 1575 1230 1596; x_wconf 79' lang='lat' dir='ltr'>novus</span> <span class='ocrx_word' id='word_1_287' title='bbox 1252 1566 1347 1595; x_wconf 82' lang='lat' dir='ltr'>homo</span> <span class='ocrx_word' id='word_1_288' title='bbox 1363 1566 1394 1602; x_wconf 69' lang='lat'>*3</span> 
     </span>
    </p>
   </div>
   <div class='ocr_carea' id='block_1_14' title="bbox 293 1609 1396 1650">
    <p class='ocr_par' dir='ltr' id='par_1_16' title="bbox 293 1609 1396 1650">
     <span class='ocr_line' id='line_1_43' title="bbox 293 1609 1396 1650; baseline -0.001 -10"><span class='ocrx_word' id='word_1_289' title='bbox 293 1638 300 1650; x_wconf 77' lang='lat'><em>‚</em></span> <span class='ocrx_word' id='word_1_290' title='bbox 328 1615 360 1640; x_wconf 91' lang='lat' dir='ltr'>et</span> <span class='ocrx_word' id='word_1_291' title='bbox 381 1609 455 1640; x_wconf 89' lang='lat' dir='ltr'>ideo</span> <span class='ocrx_word' id='word_1_292' title='bbox 482 1610 590 1640; x_wconf 87' lang='lat' dir='ltr'>nullus</span> <span class='ocrx_word' id='word_1_293' title='bbox 618 1615 722 1640; x_wconf 88' lang='lat' dir='ltr'>reatus</span> <span class='ocrx_word' id='word_1_294' title='bbox 750 1619 875 1650; x_wconf 89' lang='lat' dir='ltr'>poenae</span> <span class='ocrx_word' id='word_1_295' title='bbox 899 1610 933 1639; x_wconf 91' lang='lat' dir='ltr'>in</span> <span class='ocrx_word' id='word_1_296' title='bbox 956 1619 996 1639; x_wconf 90' lang='lat' dir='ltr'>eo</span> <span class='ocrx_word' id='word_1_297' title='bbox 1019 1615 1163 1639; x_wconf 90' lang='lat' dir='ltr'>remanet</span> <span class='ocrx_word' id='word_1_298' title='bbox 1185 1619 1244 1649; x_wconf 92' lang='lat' dir='ltr'>pro</span> <span class='ocrx_word' id='word_1_299' title='bbox 1267 1619 1396 1649; x_wconf 88' lang='lat' dir='ltr'>praece-</span> 
     </span>
    </p>
   </div>
   <div class='ocr_carea' id='block_1_15' title="bbox 325 1653 1399 3324">
    <p class='ocr_par' dir='ltr' id='par_1_17' title="bbox 325 1653 1397 2214">
     <span class='ocr_line' id='line_1_44' title="bbox 328 1653 1396 1694; baseline -0.002 -9"><span class='ocrx_word' id='word_1_300' title='bbox 328 1653 414 1685; x_wconf 89' lang='lat' dir='ltr'>denti</span> <span class='ocrx_word' id='word_1_301' title='bbox 437 1658 581 1693; x_wconf 89' lang='lat' dir='ltr'>peccato.</span> <span class='ocrx_word' id='word_1_302' title='bbox 610 1653 675 1684; x_wconf 89' lang='lat' dir='ltr'>Sed</span> <span class='ocrx_word' id='word_1_303' title='bbox 697 1654 731 1683; x_wconf 90' lang='lat' dir='ltr'>in</span> <span class='ocrx_word' id='word_1_304' title='bbox 753 1654 952 1694; x_wconf 88' lang='lat' dir='ltr'>poenitentia</span> <span class='ocrx_word' id='word_1_305' title='bbox 974 1663 1042 1683; x_wconf 91' lang='lat' dir='ltr'>non</span> <span class='ocrx_word' id='word_1_306' title='bbox 1070 1659 1211 1683; x_wconf 90' lang='lat' dir='ltr'>mutatur</span> <span class='ocrx_word' id='word_1_307' title='bbox 1238 1654 1339 1683; x_wconf 89' lang='lat' dir='ltr'>homo</span> <span class='ocrx_word' id='word_1_308' title='bbox 1363 1654 1396 1683; x_wconf 92' lang='lat' dir='ltr'>in</span> 
     </span>
     <span class='ocr_line' id='line_1_45' title="bbox 326 1697 1396 1738; baseline 0 -11"><span class='ocrx_word' id='word_1_309' title='bbox 326 1698 421 1728; x_wconf 86' lang='lat' dir='ltr'>aliam</span> <span class='ocrx_word' id='word_1_310' title='bbox 443 1698 558 1727; x_wconf 85' lang='lat' dir='ltr'>vitam:</span> <span class='ocrx_word' id='word_1_311' title='bbox 583 1698 659 1738; x_wconf 90' lang='lat' dir='ltr'>quia</span> <span class='ocrx_word' id='word_1_312' title='bbox 680 1706 749 1727; x_wconf 84' lang='lat' dir='ltr'>non</span> <span class='ocrx_word' id='word_1_313' title='bbox 773 1702 819 1727; x_wconf 92' lang='lat' dir='ltr'>est</span> <span class='ocrx_word' id='word_1_314' title='bbox 841 1697 1048 1737; x_wconf 83' lang='lat' dir='ltr'>regeneratio,</span> <span class='ocrx_word' id='word_1_315' title='bbox 1073 1697 1129 1727; x_wconf 93' lang='lat' dir='ltr'>sed</span> <span class='ocrx_word' id='word_1_316' title='bbox 1152 1698 1274 1727; x_wconf 91' lang='lat' dir='ltr'>sanatio</span> <span class='ocrx_word' id='word_1_317' title='bbox 1299 1707 1396 1737; x_wconf 90' lang='lat' dir='ltr'>quae-</span> 
     </span>
     <span class='ocr_line' id='line_1_46' title="bbox 327 1741 1396 1781; baseline -0.001 -9"><span class='ocrx_word' id='word_1_318' title='bbox 327 1741 411 1772; x_wconf 89' lang='lat' dir='ltr'>dam.</span> <span class='ocrx_word' id='word_1_319' title='bbox 437 1741 512 1772; x_wconf 81' lang='lat' dir='ltr'>Ideo</span> <span class='ocrx_word' id='word_1_320' title='bbox 542 1751 580 1772; x_wconf 88' lang='lat' dir='ltr'>ex</span> <span class='ocrx_word' id='word_1_321' title='bbox 606 1742 638 1771; x_wconf 86' lang='lat' dir='ltr'>vi</span> <span class='ocrx_word' id='word_1_322' title='bbox 666 1741 820 1778; x_wconf 89' lang='lat' dir='ltr'>clavium,</span> <span class='ocrx_word' id='word_1_323' title='bbox 846 1751 929 1781; x_wconf 91' lang='lat' dir='ltr'>quae</span> <span class='ocrx_word' id='word_1_324' title='bbox 959 1746 1109 1781; x_wconf 89' lang='lat' dir='ltr'>operatur</span> <span class='ocrx_word' id='word_1_325' title='bbox 1137 1742 1170 1771; x_wconf 90' lang='lat' dir='ltr'>in</span> <span class='ocrx_word' id='word_1_326' title='bbox 1197 1747 1396 1772; x_wconf 90' lang='lat' dir='ltr'>sacramento</span> 
     </span>
     <span class='ocr_line' id='line_1_47' title="bbox 326 1785 1396 1827; baseline -0.001 -11"><span class='ocrx_word' id='word_1_327' title='bbox 326 1786 553 1827; x_wconf 88' lang='lat' dir='ltr'>poenitentiae,</span> <span class='ocrx_word' id='word_1_328' title='bbox 581 1795 650 1816; x_wconf 90' lang='lat' dir='ltr'>non</span> <span class='ocrx_word' id='word_1_329' title='bbox 678 1790 746 1815; x_wconf 92' lang='lat' dir='ltr'>tota</span> <span class='ocrx_word' id='word_1_330' title='bbox 777 1795 885 1826; x_wconf 92' lang='lat' dir='ltr'>poena</span> <span class='ocrx_word' id='word_1_331' title='bbox 915 1786 1098 1821; x_wconf 89' lang='lat' dir='ltr'>remittitur,</span> <span class='ocrx_word' id='word_1_332' title='bbox 1123 1785 1179 1815; x_wconf 93' lang='lat' dir='ltr'>sed</span> <span class='ocrx_word' id='word_1_333' title='bbox 1209 1785 1329 1825; x_wconf 88' lang='lat' dir='ltr'>aliquid</span> <span class='ocrx_word' id='word_1_334' title='bbox 1357 1785 1396 1816; x_wconf 89' lang='lat' dir='ltr'>de</span> 
     </span>
     <span class='ocr_line' id='line_1_48' title="bbox 326 1829 1397 1871; baseline 0 -11"><span class='ocrx_word' id='word_1_335' title='bbox 326 1839 434 1871; x_wconf 86' lang='lat' dir='ltr'>poena</span> <span class='ocrx_word' id='word_1_336' title='bbox 455 1830 634 1870; x_wconf 86' lang='lat' dir='ltr'>temporali,</span> <span class='ocrx_word' id='word_1_337' title='bbox 652 1830 744 1860; x_wconf 91' lang='lat' dir='ltr'>cuius</span> <span class='ocrx_word' id='word_1_338' title='bbox 767 1835 871 1860; x_wconf 90' lang='lat' dir='ltr'>reatus</span> <span class='ocrx_word' id='word_1_339' title='bbox 894 1835 968 1870; x_wconf 92' lang='lat' dir='ltr'>post</span> <span class='ocrx_word' id='word_1_340' title='bbox 991 1829 1228 1860; x_wconf 89' lang='lat' dir='ltr'>absolutionem</span> <span class='ocrx_word' id='word_1_341' title='bbox 1251 1839 1270 1860; x_wconf 90' lang='lat' dir='ltr'>a</span> <span class='ocrx_word' id='word_1_342' title='bbox 1290 1839 1397 1870; x_wconf 89' lang='lat' dir='ltr'>poena</span> 
     </span>
     <span class='ocr_line' id='line_1_49' title="bbox 326 1874 1396 1914; baseline 0 -10"><span class='ocrx_word' id='word_1_343' title='bbox 326 1879 454 1905; x_wconf 88' lang='lat' dir='ltr'>aeterna</span> <span class='ocrx_word' id='word_1_344' title='bbox 481 1883 646 1904; x_wconf 87' lang='lat' dir='ltr'>remanere</span> <span class='ocrx_word' id='word_1_345' title='bbox 672 1875 788 1914; x_wconf 89' lang='lat' dir='ltr'>potuit.</span> <span class='ocrx_word' id='word_1_346' title='bbox 821 1874 890 1904; x_wconf 91' lang='lat' dir='ltr'>Nec</span> <span class='ocrx_word' id='word_1_347' title='bbox 918 1874 1027 1904; x_wconf 86' lang='lat' dir='ltr'>solum</span> <span class='ocrx_word' id='word_1_348' title='bbox 1049 1883 1066 1903; x_wconf 93' lang='lat' dir='ltr'>a</span> <span class='ocrx_word' id='word_1_349' title='bbox 1089 1883 1196 1914; x_wconf 89' lang='lat' dir='ltr'>poena</span> <span class='ocrx_word' id='word_1_350' title='bbox 1223 1874 1276 1904; x_wconf 90' lang='lat' dir='ltr'>illa</span> <span class='ocrx_word' id='word_1_351' title='bbox 1299 1883 1396 1914; x_wconf 90' lang='lat' dir='ltr'>quam</span> 
     </span>
     <span class='ocr_line' id='line_1_50' title="bbox 326 1918 1396 1959; baseline 0 -11"><span class='ocrx_word' id='word_1_352' title='bbox 326 1919 422 1949; x_wconf 81' lang='lat' dir='ltr'>habet</span> <span class='ocrx_word' id='word_1_353' title='bbox 443 1918 495 1948; x_wconf 86' lang='lat' dir='ltr'>vel</span> <span class='ocrx_word' id='word_1_354' title='bbox 517 1919 650 1958; x_wconf 89' lang='lat' dir='ltr'>suscipit</span> <span class='ocrx_word' id='word_1_355' title='bbox 673 1919 712 1948; x_wconf 93' lang='lat' dir='ltr'>ab</span> <span class='ocrx_word' id='word_1_356' title='bbox 736 1927 773 1948; x_wconf 92' lang='lat' dir='ltr'>ea</span> <span class='ocrx_word' id='word_1_357' title='bbox 796 1919 965 1959; x_wconf 89' lang='lat' dir='ltr'>poenitens</span> <span class='ocrx_word' id='word_1_358' title='bbox 988 1919 1022 1948; x_wconf 91' lang='lat' dir='ltr'>in</span> <span class='ocrx_word' id='word_1_359' title='bbox 1045 1918 1242 1954; x_wconf 88' lang='lat' dir='ltr'>confitendo,</span> <span class='ocrx_word' id='word_1_360' title='bbox 1266 1924 1303 1948; x_wconf 93' lang='lat' dir='ltr'>ut</span> <span class='ocrx_word' id='word_1_361' title='bbox 1326 1920 1396 1958; x_wconf 88' lang='lat' dir='ltr'>qui-</span> 
     </span>
     <span class='ocr_line' id='line_1_51' title="bbox 327 1962 1395 2003; baseline -0.001 -10"><span class='ocrx_word' id='word_1_362' title='bbox 327 1962 401 1993; x_wconf 86' lang='lat' dir='ltr'>dam</span> <span class='ocrx_word' id='word_1_363' title='bbox 425 1962 551 1993; x_wconf 85' lang='lat' dir='ltr'>dicunt:</span> <span class='ocrx_word' id='word_1_364' title='bbox 577 1963 652 2003; x_wconf 90' lang='lat' dir='ltr'>quia</span> <span class='ocrx_word' id='word_1_365' title='bbox 675 1962 720 1993; x_wconf 90' lang='lat' dir='ltr'>sic</span> <span class='ocrx_word' id='word_1_366' title='bbox 744 1962 904 1993; x_wconf 90' lang='lat' dir='ltr'>confessio</span> <span class='ocrx_word' id='word_1_367' title='bbox 929 1968 960 1993; x_wconf 92' lang='lat' dir='ltr'>et</span> <span class='ocrx_word' id='word_1_368' title='bbox 983 1963 1217 1992; x_wconf 90' lang='lat' dir='ltr'>sacramentalis</span> <span class='ocrx_word' id='word_1_369' title='bbox 1235 1963 1395 1993; x_wconf 89' lang='lat' dir='ltr'>absolutio</span> 
     </span>
     <span class='ocr_line' id='line_1_52' title="bbox 325 2007 1396 2047; baseline 0 -10"><span class='ocrx_word' id='word_1_370' title='bbox 325 2016 395 2037; x_wconf 88' lang='lat' dir='ltr'>non</span> <span class='ocrx_word' id='word_1_371' title='bbox 422 2012 504 2038; x_wconf 91' lang='lat' dir='ltr'>esset</span> <span class='ocrx_word' id='word_1_372' title='bbox 530 2007 591 2037; x_wconf 90' lang='lat' dir='ltr'>nisi</span> <span class='ocrx_word' id='word_1_373' title='bbox 617 2007 650 2037; x_wconf 91' lang='lat' dir='ltr'>in</span> <span class='ocrx_word' id='word_1_374' title='bbox 675 2016 772 2043; x_wconf 90' lang='lat' dir='ltr'>onus,</span> <span class='ocrx_word' id='word_1_375' title='bbox 798 2007 888 2047; x_wconf 91' lang='lat' dir='ltr'>quod</span> <span class='ocrx_word' id='word_1_376' title='bbox 914 2016 982 2037; x_wconf 93' lang='lat' dir='ltr'>non</span> <span class='ocrx_word' id='word_1_377' title='bbox 1010 2007 1166 2047; x_wconf 88' lang='lat' dir='ltr'>competit</span> <span class='ocrx_word' id='word_1_378' title='bbox 1193 2008 1396 2037; x_wconf 81' lang='lat' dir='ltr'>sacramentis</span> 
     </span>
     <span class='ocr_line' id='line_1_53' title="bbox 326 2050 1395 2092; baseline -0.001 -10"><span class='ocrx_word' id='word_1_379' title='bbox 326 2060 431 2082; x_wconf 83' lang='lat' dir='ltr'>novae</span> <span class='ocrx_word' id='word_1_380' title='bbox 453 2051 541 2092; x_wconf 90' lang='lat' dir='ltr'>legis.</span> <span class='ocrx_word' id='word_1_381' title='bbox 574 2050 638 2082; x_wconf 92' lang='lat' dir='ltr'>Sed</span> <span class='ocrx_word' id='word_1_382' title='bbox 661 2052 756 2081; x_wconf 87' lang='lat' dir='ltr'>etiam</span> <span class='ocrx_word' id='word_1_383' title='bbox 779 2050 819 2081; x_wconf 90' lang='lat' dir='ltr'>de</span> <span class='ocrx_word' id='word_1_384' title='bbox 842 2051 896 2081; x_wconf 91' lang='lat' dir='ltr'>illa</span> <span class='ocrx_word' id='word_1_385' title='bbox 917 2060 1025 2091; x_wconf 90' lang='lat' dir='ltr'>poena</span> <span class='ocrx_word' id='word_1_386' title='bbox 1049 2060 1132 2090; x_wconf 87' lang='lat' dir='ltr'>quae</span> <span class='ocrx_word' id='word_1_387' title='bbox 1155 2051 1188 2080; x_wconf 91' lang='lat' dir='ltr'>in</span> <span class='ocrx_word' id='word_1_388' title='bbox 1211 2052 1395 2091; x_wconf 83' lang='lat' dir='ltr'>purgatorio</span> 
     </span>
     <span class='ocr_line' id='line_1_54' title="bbox 327 2095 1396 2135; baseline -0.002 -9"><span class='ocrx_word' id='word_1_389' title='bbox 327 2095 461 2126; x_wconf 90' lang='lat' dir='ltr'>debetur</span> <span class='ocrx_word' id='word_1_390' title='bbox 484 2096 663 2131; x_wconf 89' lang='lat' dir='ltr'>remittitur,</span> <span class='ocrx_word' id='word_1_391' title='bbox 680 2100 716 2125; x_wconf 94' lang='lat' dir='ltr'>ut</span> <span class='ocrx_word' id='word_1_392' title='bbox 734 2096 840 2125; x_wconf 91' lang='lat' dir='ltr'>minus</span> <span class='ocrx_word' id='word_1_393' title='bbox 865 2096 897 2125; x_wconf 95' lang='lat' dir='ltr'>in</span> <span class='ocrx_word' id='word_1_394' title='bbox 921 2095 1106 2135; x_wconf 87' lang='lat' dir='ltr'>purgatorio</span> <span class='ocrx_word' id='word_1_395' title='bbox 1130 2095 1281 2134; x_wconf 73' lang='lat' dir='ltr'>puniatur</span> <span class='ocrx_word' id='word_1_396' title='bbox 1304 2095 1396 2125; x_wconf 86' lang='lat' dir='ltr'>abso-</span> 
     </span>
     <span class='ocr_line' id='line_1_55' title="bbox 326 2138 1397 2179; baseline -0.001 -9"><span class='ocrx_word' id='word_1_397' title='bbox 326 2139 413 2170; x_wconf 90' lang='lat' dir='ltr'>lutus</span> <span class='ocrx_word' id='word_1_398' title='bbox 437 2145 510 2170; x_wconf 89' lang='lat' dir='ltr'>ante</span> <span class='ocrx_word' id='word_1_399' title='bbox 533 2139 781 2170; x_wconf 88' lang='lat' dir='ltr'>satisfactionem</span> <span class='ocrx_word' id='word_1_400' title='bbox 805 2138 972 2175; x_wconf 90' lang='lat' dir='ltr'>decedens,</span> <span class='ocrx_word' id='word_1_401' title='bbox 998 2148 1096 2179; x_wconf 88' lang='lat' dir='ltr'>quarn</span> <span class='ocrx_word' id='word_1_402' title='bbox 1119 2139 1145 2168; x_wconf 91' lang='lat' dir='ltr'>si</span> <span class='ocrx_word' id='word_1_403' title='bbox 1165 2144 1238 2169; x_wconf 90' lang='lat' dir='ltr'>ante</span> <span class='ocrx_word' id='word_1_404' title='bbox 1269 2139 1397 2169; x_wconf 90' lang='lat' dir='ltr'>absolu-</span> 
     </span>
     <span class='ocr_line' id='line_1_56' title="bbox 326 2183 651 2214; baseline -0.003 0"><span class='ocrx_word' id='word_1_405' title='bbox 326 2185 450 2214; x_wconf 90' lang='lat' dir='ltr'>tionem</span> <span class='ocrx_word' id='word_1_406' title='bbox 474 2183 651 2214; x_wconf 90' lang='lat' dir='ltr'>decederet.</span> 
     </span>
    </p>

    <p class='ocr_par' dir='ltr' id='par_1_18' title="bbox 328 2226 1397 2356">
     <span class='ocr_line' id='line_1_57' title="bbox 382 2226 1397 2267; baseline -0.001 -9"><span class='ocrx_word' id='word_1_407' title='bbox 382 2228 434 2258; x_wconf 85' lang='lat' dir='ltr'>An</span> <span class='ocrx_word' id='word_1_408' title='bbox 457 2237 575 2258; x_wconf 72' lang='lat' dir='ltr'>numm</span> <span class='ocrx_word' id='word_1_409' title='bbox 598 2237 681 2257; x_wconf 66' lang='lat' dir='ltr'>aizoo</span> <span class='ocrx_word' id='word_1_410' title='bbox 705 2237 865 2257; x_wconf 63' lang='lat' dir='ltr'>monimum</span> <span class='ocrx_word' id='word_1_411' title='bbox 889 2226 978 2267; x_wconf 92' lang='lat' dir='ltr'>quod</span> <span class='ocrx_word' id='word_1_412' title='bbox 1005 2227 1152 2257; x_wconf 88' lang='lat' dir='ltr'>sacerdos</span> <span class='ocrx_word' id='word_1_413' title='bbox 1175 2236 1243 2257; x_wconf 92' lang='lat' dir='ltr'>non</span> <span class='ocrx_word' id='word_1_414' title='bbox 1266 2228 1397 2258; x_wconf 89' lang='lat' dir='ltr'>remittit</span> 
     </span>
     <span class='ocr_line' id='line_1_58' title="bbox 328 2271 1395 2312; baseline -0.001 -10"><span class='ocrx_word' id='word_1_415' title='bbox 328 2277 430 2302; x_wconf 90' lang='lat' dir='ltr'>totam</span> <span class='ocrx_word' id='word_1_416' title='bbox 457 2281 599 2312; x_wconf 90' lang='lat' dir='ltr'>poenam</span> <span class='ocrx_word' id='word_1_417' title='bbox 626 2271 855 2311; x_wconf 88' lang='lat' dir='ltr'>temporalem,</span> <span class='ocrx_word' id='word_1_418' title='bbox 880 2271 935 2301; x_wconf 91' lang='lat' dir='ltr'>sed</span> <span class='ocrx_word' id='word_1_419' title='bbox 963 2277 1096 2311; x_wconf 90' lang='lat' dir='ltr'>partem.</span> <span class='ocrx_word' id='word_1_420' title='bbox 1121 2271 1162 2301; x_wconf 93' lang='lat' dir='ltr'>Et</span> <span class='ocrx_word' id='word_1_421' title='bbox 1189 2271 1263 2302; x_wconf 90' lang='lat' dir='ltr'>ideo</span> <span class='ocrx_word' id='word_1_422' title='bbox 1292 2271 1395 2302; x_wconf 91' lang='lat' dir='ltr'>adhuc</span> 
     </span>
     <span class='ocr_line' id='line_1_59' title="bbox 328 2314 1118 2356; baseline -0.001 -10"><span class='ocrx_word' id='word_1_423' title='bbox 328 2321 437 2346; x_wconf 89' lang='lat' dir='ltr'>manet</span> <span class='ocrx_word' id='word_1_424' title='bbox 460 2316 618 2356; x_wconf 88' lang='lat' dir='ltr'>obligatus</span> <span class='ocrx_word' id='word_1_425' title='bbox 642 2315 681 2346; x_wconf 91' lang='lat' dir='ltr'>ad</span> <span class='ocrx_word' id='word_1_426' title='bbox 703 2325 844 2356; x_wconf 88' lang='lat' dir='ltr'>poenam</span> <span class='ocrx_word' id='word_1_427' title='bbox 868 2314 1118 2345; x_wconf 89' lang='lat' dir='ltr'>satisfactoriam.</span> 
     </span>
    </p>

    <p class='ocr_par' dir='ltr' id='par_1_19' title="bbox 328 2359 1398 2577">
     <span class='ocr_line' id='line_1_60' title="bbox 384 2359 1398 2400; baseline -0.001 -10"><span class='ocrx_word' id='word_1_428' title='bbox 384 2361 435 2390; x_wconf 85' lang='lat' dir='ltr'>An</span> <span class='ocrx_word' id='word_1_429' title='bbox 460 2370 621 2391; x_wconf 73' lang='lat' dir='ltr'>SECUNDUM</span> <span class='ocrx_word' id='word_1_430' title='bbox 644 2370 803 2390; x_wconf 60' lang='lat' dir='ltr'>morannum</span> <span class='ocrx_word' id='word_1_431' title='bbox 827 2359 916 2400; x_wconf 91' lang='lat' dir='ltr'>quod</span> <span class='ocrx_word' id='word_1_432' title='bbox 939 2361 1044 2399; x_wconf 92' lang='lat' dir='ltr'>passio</span> <span class='ocrx_word' id='word_1_433' title='bbox 1065 2359 1182 2390; x_wconf 92' lang='lat' dir='ltr'>Christi</span> <span class='ocrx_word' id='word_1_434' title='bbox 1206 2359 1398 2390; x_wconf 89' lang='lat' dir='ltr'>sufficienter</span> 
     </span>
     <span class='ocr_line' id='line_1_61' title="bbox 329 2403 1397 2445; baseline -0.002 -10"><span class='ocrx_word' id='word_1_435' title='bbox 329 2403 478 2435; x_wconf 86' lang='lat' dir='ltr'>satisfecit</span> <span class='ocrx_word' id='word_1_436' title='bbox 488 2403 560 2445; x_wconf 61' lang='lat' dir='ltr'>vpro</span> <span class='ocrx_word' id='word_1_437' title='bbox 582 2404 726 2444; x_wconf 80' lang='lat' dir='ltr'>peccatis</span> <span class='ocrx_word' id='word_1_438' title='bbox 749 2404 847 2434; x_wconf 81' lang='lat' dir='ltr'>totius</span> <span class='ocrx_word' id='word_1_439' title='bbox 869 2403 982 2434; x_wconf 83' lang='lat' dir='ltr'>mundi</span> <span class='ocrx_word' id='word_1_440' title='bbox 997 2405 1023 2434; x_wconf 43' lang='grc' dir='ltr'>ὕ.</span> <span class='ocrx_word' id='word_1_441' title='bbox 1055 2404 1096 2434; x_wconf 90' lang='lat' dir='ltr'>Et</span> <span class='ocrx_word' id='word_1_442' title='bbox 1119 2403 1192 2434; x_wconf 92' lang='lat' dir='ltr'>ideo</span> <span class='ocrx_word' id='word_1_443' title='bbox 1217 2405 1284 2434; x_wconf 91' lang='lat' dir='ltr'>sine</span> <span class='ocrx_word' id='word_1_444' title='bbox 1307 2414 1397 2443; x_wconf 89' lang='lat' dir='ltr'>prae-</span> 
     </span>
     <span class='ocr_line' id='line_1_62' title="bbox 329 2447 1398 2488; baseline -0.001 -9"><span class='ocrx_word' id='word_1_445' title='bbox 329 2448 448 2479; x_wconf 87' lang='lat' dir='ltr'>iudicio</span> <span class='ocrx_word' id='word_1_446' title='bbox 480 2448 604 2479; x_wconf 89' lang='lat' dir='ltr'>divinae</span> <span class='ocrx_word' id='word_1_447' title='bbox 634 2449 770 2478; x_wconf 88' lang='lat' dir='ltr'>iustitiae</span> <span class='ocrx_word' id='word_1_448' title='bbox 799 2447 919 2488; x_wconf 84' lang='lat' dir='ltr'>aliquid</span> <span class='ocrx_word' id='word_1_449' title='bbox 943 2447 982 2478; x_wconf 91' lang='lat' dir='ltr'>de</span> <span class='ocrx_word' id='word_1_450' title='bbox 1005 2457 1112 2488; x_wconf 91' lang='lat' dir='ltr'>poena</span> <span class='ocrx_word' id='word_1_451' title='bbox 1139 2448 1197 2477; x_wconf 91' lang='lat' dir='ltr'>sibi</span> <span class='ocrx_word' id='word_1_452' title='bbox 1221 2447 1326 2478; x_wconf 91' lang='lat' dir='ltr'>debita</span> <span class='ocrx_word' id='word_1_453' title='bbox 1349 2458 1398 2478; x_wconf 91' lang='lat' dir='ltr'>re-</span> 
     </span>
     <span class='ocr_line' id='line_1_63' title="bbox 329 2491 1396 2533; baseline -0.001 -10"><span class='ocrx_word' id='word_1_454' title='bbox 329 2493 411 2523; x_wconf 89' lang='lat' dir='ltr'>mitti</span> <span class='ocrx_word' id='word_1_455' title='bbox 433 2498 549 2533; x_wconf 89' lang='lat' dir='ltr'>potest,</span> <span class='ocrx_word' id='word_1_456' title='bbox 574 2492 752 2523; x_wconf 91' lang='lat' dir='ltr'>secundum</span> <span class='ocrx_word' id='word_1_457' title='bbox 776 2492 866 2532; x_wconf 91' lang='lat' dir='ltr'>quod</span> <span class='ocrx_word' id='word_1_458' title='bbox 890 2491 1021 2522; x_wconf 86' lang='lat' dir='ltr'>effectus</span> <span class='ocrx_word' id='word_1_459' title='bbox 1047 2492 1204 2532; x_wconf 88' lang='lat' dir='ltr'>passionis</span> <span class='ocrx_word' id='word_1_460' title='bbox 1228 2492 1267 2522; x_wconf 93' lang='lat' dir='ltr'>ad</span> <span class='ocrx_word' id='word_1_461' title='bbox 1290 2493 1396 2532; x_wconf 90' lang='lat' dir='ltr'>ipsum</span> 
     </span>
     <span class='ocr_line' id='line_1_64' title="bbox 328 2537 971 2577; baseline -0.002 -10"><span class='ocrx_word' id='word_1_462' title='bbox 328 2546 386 2577; x_wconf 91' lang='lat' dir='ltr'>per</span> <span class='ocrx_word' id='word_1_463' title='bbox 409 2542 605 2567; x_wconf 87' lang='lat' dir='ltr'>sacramenta</span> <span class='ocrx_word' id='word_1_464' title='bbox 627 2537 788 2567; x_wconf 88' lang='lat' dir='ltr'>Ecclesiae</span> <span class='ocrx_word' id='word_1_465' title='bbox 811 2537 971 2577; x_wconf 88' lang='lat' dir='ltr'>pertingit.</span> 
     </span>
    </p>

    <p class='ocr_par' dir='ltr' id='par_1_20' title="bbox 329 2580 1398 2975">
     <span class='ocr_line' id='line_1_65' title="bbox 384 2580 1398 2621; baseline -0.001 -10"><span class='ocrx_word' id='word_1_466' title='bbox 384 2581 435 2611; x_wconf 82' lang='lat' dir='ltr'>AD</span> <span class='ocrx_word' id='word_1_467' title='bbox 459 2591 593 2611; x_wconf 65' lang='lat' dir='ltr'>Taurum</span> <span class='ocrx_word' id='word_1_468' title='bbox 615 2591 775 2611; x_wconf 74' lang='lat' dir='ltr'><strong>DICENDUM</strong></span> <span class='ocrx_word' id='word_1_469' title='bbox 799 2580 889 2621; x_wconf 93' lang='lat' dir='ltr'>quod</span> <span class='ocrx_word' id='word_1_470' title='bbox 904 2590 963 2620; x_wconf 92' lang='lat' dir='ltr'>pro</span> <span class='ocrx_word' id='word_1_471' title='bbox 981 2580 1127 2620; x_wconf 91' lang='lat' dir='ltr'>quolibet</span> <span class='ocrx_word' id='word_1_472' title='bbox 1149 2585 1283 2621; x_wconf 89' lang='lat' dir='ltr'>peccato</span> <span class='ocrx_word' id='word_1_473' title='bbox 1301 2590 1398 2621; x_wconf 87' lang='lat' dir='ltr'>opor-</span> 
     </span>
     <span class='ocr_line' id='line_1_66' title="bbox 329 2624 1398 2665; baseline -0.001 -9"><span class='ocrx_word' id='word_1_474' title='bbox 329 2631 375 2656; x_wconf 91' lang='lat' dir='ltr'>tet</span> <span class='ocrx_word' id='word_1_475' title='bbox 393 2626 533 2665; x_wconf 88' lang='lat' dir='ltr'>aliquam</span> <span class='ocrx_word' id='word_1_476' title='bbox 555 2634 696 2665; x_wconf 87' lang='lat' dir='ltr'>poenam</span> <span class='ocrx_word' id='word_1_477' title='bbox 719 2624 959 2655; x_wconf 87' lang='lat' dir='ltr'>satisfactoriam</span> <span class='ocrx_word' id='word_1_478' title='bbox 982 2634 1156 2661; x_wconf 89' lang='lat' dir='ltr'>remanere,</span> <span class='ocrx_word' id='word_1_479' title='bbox 1173 2630 1204 2655; x_wconf 89' lang='lat' dir='ltr'>et</span> <span class='ocrx_word' id='word_1_480' title='bbox 1219 2634 1276 2665; x_wconf 91' lang='lat' dir='ltr'>per</span> <span class='ocrx_word' id='word_1_481' title='bbox 1300 2634 1398 2665; x_wconf 90' lang='lat' dir='ltr'>quam</span> 
     </span>
     <span class='ocr_line' id='line_1_67' title="bbox 329 2668 1398 2710; baseline 0 -10"><span class='ocrx_word' id='word_1_482' title='bbox 329 2669 487 2700; x_wconf 86' lang='lat' dir='ltr'>medicina</span> <span class='ocrx_word' id='word_1_483' title='bbox 504 2675 615 2700; x_wconf 89' lang='lat' dir='ltr'>contra</span> <span class='ocrx_word' id='word_1_484' title='bbox 630 2670 737 2709; x_wconf 91' lang='lat' dir='ltr'>ipsum</span> <span class='ocrx_word' id='word_1_485' title='bbox 752 2674 937 2710; x_wconf 89' lang='lat' dir='ltr'>praestetur.</span> <span class='ocrx_word' id='word_1_486' title='bbox 962 2669 1004 2699; x_wconf 92' lang='lat' dir='ltr'>Et</span> <span class='ocrx_word' id='word_1_487' title='bbox 1018 2668 1103 2705; x_wconf 91' lang='lat' dir='ltr'>ideo,</span> <span class='ocrx_word' id='word_1_488' title='bbox 1121 2670 1267 2709; x_wconf 88' lang='lat' dir='ltr'>quamvis</span> <span class='ocrx_word' id='word_1_489' title='bbox 1282 2670 1398 2700; x_wconf 89' lang='lat' dir='ltr'>virtute</span> 
     </span>
     <span class='ocr_line' id='line_1_68' title="bbox 330 2713 1397 2754; baseline 0 -10"><span class='ocrx_word' id='word_1_490' title='bbox 330 2714 541 2744; x_wconf 89' lang='lat' dir='ltr'>absolutionis</span> <span class='ocrx_word' id='word_1_491' title='bbox 564 2713 739 2744; x_wconf 87' lang='lat' dir='ltr'>dimittatur</span> <span class='ocrx_word' id='word_1_492' title='bbox 759 2714 866 2754; x_wconf 90' lang='lat' dir='ltr'>aliqua</span> <span class='ocrx_word' id='word_1_493' title='bbox 882 2714 1040 2753; x_wconf 89' lang='lat' dir='ltr'>quantitas</span> <span class='ocrx_word' id='word_1_494' title='bbox 1055 2723 1181 2754; x_wconf 91' lang='lat' dir='ltr'>poenae</span> <span class='ocrx_word' id='word_1_495' title='bbox 1198 2713 1322 2744; x_wconf 89' lang='lat' dir='ltr'>debitae</span> <span class='ocrx_word' id='word_1_496' title='bbox 1337 2723 1397 2754; x_wconf 94' lang='lat' dir='ltr'>pro</span> 
     </span>
     <span class='ocr_line' id='line_1_69' title="bbox 331 2758 1398 2798; baseline 0 -10"><span class='ocrx_word' id='word_1_497' title='bbox 331 2758 440 2798; x_wconf 89' lang='lat' dir='ltr'>aliquo</span> <span class='ocrx_word' id='word_1_498' title='bbox 464 2767 582 2798; x_wconf 88' lang='lat' dir='ltr'>magno</span> <span class='ocrx_word' id='word_1_499' title='bbox 605 2763 750 2798; x_wconf 90' lang='lat' dir='ltr'>peccato,</span> <span class='ocrx_word' id='word_1_500' title='bbox 773 2767 842 2788; x_wconf 92' lang='lat' dir='ltr'>non</span> <span class='ocrx_word' id='word_1_501' title='bbox 865 2763 994 2798; x_wconf 90' lang='lat' dir='ltr'>oportet</span> <span class='ocrx_word' id='word_1_502' title='bbox 1017 2758 1107 2798; x_wconf 92' lang='lat' dir='ltr'>quod</span> <span class='ocrx_word' id='word_1_503' title='bbox 1129 2763 1216 2788; x_wconf 89' lang='lat' dir='ltr'>tanta</span> <span class='ocrx_word' id='word_1_504' title='bbox 1239 2759 1398 2798; x_wconf 90' lang='lat' dir='ltr'>quantitas</span> 
     </span>
     <span class='ocr_line' id='line_1_70' title="bbox 330 2801 1398 2843; baseline 0 -11"><span class='ocrx_word' id='word_1_505' title='bbox 330 2811 456 2843; x_wconf 88' lang='lat' dir='ltr'>poenae</span> <span class='ocrx_word' id='word_1_506' title='bbox 480 2801 654 2832; x_wconf 89' lang='lat' dir='ltr'>dimittatur</span> <span class='ocrx_word' id='word_1_507' title='bbox 676 2807 824 2842; x_wconf 91' lang='lat' dir='ltr'>respectu</span> <span class='ocrx_word' id='word_1_508' title='bbox 847 2802 1016 2832; x_wconf 89' lang='lat' dir='ltr'>cuiuslibet</span> <span class='ocrx_word' id='word_1_509' title='bbox 1038 2803 1171 2842; x_wconf 88' lang='lat' dir='ltr'>peccati,</span> <span class='ocrx_word' id='word_1_510' title='bbox 1190 2803 1265 2842; x_wconf 89' lang='lat' dir='ltr'>quia</span> <span class='ocrx_word' id='word_1_511' title='bbox 1284 2812 1398 2833; x_wconf 90' lang='lat' dir='ltr'>secun—</span> 
     </span>
     <span class='ocr_line' id='line_1_71' title="bbox 331 2845 1396 2886; baseline 0 -10"><span class='ocrx_word' id='word_1_512' title='bbox 331 2845 410 2876; x_wconf 91' lang='lat' dir='ltr'>dum</span> <span class='ocrx_word' id='word_1_513' title='bbox 425 2847 488 2876; x_wconf 90' lang='lat' dir='ltr'>hoc</span> <span class='ocrx_word' id='word_1_514' title='bbox 505 2845 637 2886; x_wconf 90' lang='lat' dir='ltr'>aliquod</span> <span class='ocrx_word' id='word_1_515' title='bbox 658 2851 828 2886; x_wconf 89' lang='lat' dir='ltr'>peccatum</span> <span class='ocrx_word' id='word_1_516' title='bbox 846 2851 1024 2876; x_wconf 89' lang='lat' dir='ltr'>remaneret</span> <span class='ocrx_word' id='word_1_517' title='bbox 1040 2847 1175 2876; x_wconf 90' lang='lat' dir='ltr'>omnino</span> <span class='ocrx_word' id='word_1_518' title='bbox 1192 2847 1260 2876; x_wconf 89' lang='lat' dir='ltr'>sine</span> <span class='ocrx_word' id='word_1_519' title='bbox 1275 2856 1396 2886; x_wconf 89' lang='lat' dir='ltr'>poena:</span> 
     </span>
     <span class='ocr_line' id='line_1_72' title="bbox 331 2889 1398 2931; baseline 0 -10"><span class='ocrx_word' id='word_1_520' title='bbox 331 2889 387 2921; x_wconf 91' lang='lat' dir='ltr'>sed</span> <span class='ocrx_word' id='word_1_521' title='bbox 401 2891 517 2920; x_wconf 87' lang='lat' dir='ltr'>virtute</span> <span class='ocrx_word' id='word_1_522' title='bbox 534 2890 671 2920; x_wconf 88' lang='lat' dir='ltr'>clavium</span> <span class='ocrx_word' id='word_1_523' title='bbox 687 2890 726 2920; x_wconf 90' lang='lat' dir='ltr'>de</span> <span class='ocrx_word' id='word_1_524' title='bbox 742 2891 856 2930; x_wconf 91' lang='lat' dir='ltr'>poenis</span> <span class='ocrx_word' id='word_1_525' title='bbox 879 2890 1079 2930; x_wconf 89' lang='lat' dir='ltr'>singulorum</span> <span class='ocrx_word' id='word_1_526' title='bbox 1100 2896 1308 2931; x_wconf 87' lang='lat' dir='ltr'>peccatorum</span> <span class='ocrx_word' id='word_1_527' title='bbox 1323 2900 1398 2931; x_wconf 92' lang='lat' dir='ltr'>pro-</span> 
     </span>
     <span class='ocr_line' id='line_1_73' title="bbox 330 2933 751 2975; baseline -0.002 -10"><span class='ocrx_word' id='word_1_528' title='bbox 330 2934 552 2975; x_wconf 88' lang='lat' dir='ltr'>portionaliter</span> <span class='ocrx_word' id='word_1_529' title='bbox 575 2933 751 2964; x_wconf 81' lang='lat' dir='ltr'>dimittitur.</span> 
     </span>
    </p>

    <p class='ocr_par' dir='ltr' id='par_1_21' title="bbox 330 2977 1399 3230">
     <span class='ocr_line' id='line_1_74' title="bbox 385 2977 1399 3019; baseline 0.001 -11"><span class='ocrx_word' id='word_1_530' title='bbox 385 2979 436 3009; x_wconf 84' lang='lat' dir='ltr'>An</span> <span class='ocrx_word' id='word_1_531' title='bbox 461 2989 609 3009; x_wconf 64' lang='lat' dir='ltr'>auam-tm</span> <span class='ocrx_word' id='word_1_532' title='bbox 632 2988 791 3008; x_wconf 80' lang='lat' dir='ltr'>DICENDUM</span> <span class='ocrx_word' id='word_1_533' title='bbox 818 2977 908 3018; x_wconf 93' lang='lat' dir='ltr'>quod</span> <span class='ocrx_word' id='word_1_534' title='bbox 931 2978 1063 3018; x_wconf 89' lang='lat' dir='ltr'>quidam</span> <span class='ocrx_word' id='word_1_535' title='bbox 1078 2980 1095 2995; x_wconf 66' lang='lat'>³*</span> <span class='ocrx_word' id='word_1_536' title='bbox 1118 2979 1229 3009; x_wconf 91' lang='lat' dir='ltr'>dicunt</span> <span class='ocrx_word' id='word_1_537' title='bbox 1253 2979 1342 3019; x_wconf 93' lang='lat' dir='ltr'>quod</span> <span class='ocrx_word' id='word_1_538' title='bbox 1365 2981 1399 3010; x_wconf 90' lang='lat' dir='ltr'>in</span> 
     </span>
     <span class='ocr_line' id='line_1_75' title="bbox 330 3022 1399 3064; baseline 0.001 -11"><span class='ocrx_word' id='word_1_539' title='bbox 330 3024 434 3064; x_wconf 88' lang='lat' dir='ltr'>prima</span> <span class='ocrx_word' id='word_1_540' title='bbox 456 3023 658 3054; x_wconf 92' lang='lat' dir='ltr'>absolutione</span> <span class='ocrx_word' id='word_1_541' title='bbox 681 3028 806 3053; x_wconf 84' lang='lat' dir='ltr'>tantum</span> <span class='ocrx_word' id='word_1_542' title='bbox 829 3022 996 3053; x_wconf 85' lang='lat' dir='ltr'>dimittitur</span> <span class='ocrx_word' id='word_1_543' title='bbox 1018 3023 1050 3053; x_wconf 85' lang='lat' dir='ltr'>vi</span> <span class='ocrx_word' id='word_1_544' title='bbox 1073 3023 1211 3053; x_wconf 90' lang='lat' dir='ltr'>clavium</span> <span class='ocrx_word' id='word_1_545' title='bbox 1241 3029 1399 3064; x_wconf 88' lang='lat' dir='ltr'>quantum</span> 
     </span>
     <span class='ocr_line' id='line_1_76' title="bbox 331 3066 1398 3108; baseline 0 -10"><span class='ocrx_word' id='word_1_546' title='bbox 331 3067 446 3098; x_wconf 85' lang='lat' dir='ltr'>dimitti</span> <span class='ocrx_word' id='word_1_547' title='bbox 469 3073 590 3108; x_wconf 86' lang='lat' dir='ltr'>potest:</span> <span class='ocrx_word' id='word_1_548' title='bbox 615 3066 671 3097; x_wconf 92' lang='lat' dir='ltr'>sed</span> <span class='ocrx_word' id='word_1_549' title='bbox 689 3073 797 3097; x_wconf 88' lang='lat' dir='ltr'>tamen</span> <span class='ocrx_word' id='word_1_550' title='bbox 812 3067 895 3097; x_wconf 90' lang='lat' dir='ltr'>valet</span> <span class='ocrx_word' id='word_1_551' title='bbox 918 3067 1028 3100; x_wconf 84' lang='lat' dir='ltr'>iterata</span> <span class='ocrx_word' id='word_1_552' title='bbox 1051 3067 1221 3104; x_wconf 90' lang='lat' dir='ltr'>confessio,</span> <span class='ocrx_word' id='word_1_553' title='bbox 1237 3073 1308 3098; x_wconf 90' lang='lat' dir='ltr'>tum</span> <span class='ocrx_word' id='word_1_554' title='bbox 1323 3077 1398 3108; x_wconf 90' lang='lat' dir='ltr'>pro-</span> 
     </span>
     <span class='ocr_line' id='line_1_77' title="bbox 330 3111 1396 3152; baseline 0.001 -11"><span class='ocrx_word' id='word_1_555' title='bbox 330 3117 401 3152; x_wconf 89' lang='lat' dir='ltr'>pter</span> <span class='ocrx_word' id='word_1_556' title='bbox 423 3112 684 3148; x_wconf 66' lang='lat' dir='ltr'>instructionem</span> <span class='ocrx_word' id='word_1_557' title='bbox 713 3117 783 3142; x_wconf 91' lang='lat' dir='ltr'>tum</span> <span class='ocrx_word' id='word_1_558' title='bbox 812 3116 944 3151; x_wconf 91' lang='lat' dir='ltr'>propter</span> <span class='ocrx_word' id='word_1_559' title='bbox 972 3111 1127 3142; x_wconf 88' lang='lat' dir='ltr'>maiorem</span> <span class='ocrx_word' id='word_1_560' title='bbox 1157 3111 1396 3149; x_wconf 86' lang='lat' dir='ltr'>certitudinem;</span> 
     </span>
     <span class='ocr_line' id='line_1_78' title="bbox 331 3154 1398 3196; baseline 0 -10"><span class='ocrx_word' id='word_1_561' title='bbox 331 3161 401 3186; x_wconf 87' lang='lat' dir='ltr'>tum</span> <span class='ocrx_word' id='word_1_562' title='bbox 423 3161 555 3196; x_wconf 89' lang='lat' dir='ltr'>propter</span> <span class='ocrx_word' id='word_1_563' title='bbox 577 3156 838 3186; x_wconf 89' lang='lat' dir='ltr'>intercessionem</span> <span class='ocrx_word' id='word_1_564' title='bbox 862 3154 1073 3192; x_wconf 86' lang='lat' dir='ltr'>confessoris;</span> <span class='ocrx_word' id='word_1_565' title='bbox 1097 3161 1167 3186; x_wconf 90' lang='lat' dir='ltr'>turn</span> <span class='ocrx_word' id='word_1_566' title='bbox 1190 3162 1322 3196; x_wconf 91' lang='lat' dir='ltr'>propter</span> <span class='ocrx_word' id='word_1_567' title='bbox 1343 3166 1398 3187; x_wconf 86' lang='lat' dir='ltr'>ve-</span> 
     </span>
     <span class='ocr_line' id='line_1_79' title="bbox 331 3199 685 3230; baseline 0 0"><span class='ocrx_word' id='word_1_568' title='bbox 331 3199 502 3230; x_wconf 89' lang='lat' dir='ltr'>recundiae</span> <span class='ocrx_word' id='word_1_569' title='bbox 524 3201 685 3230; x_wconf 88' lang='lat' dir='ltr'>meritum.</span> 
     </span>
    </p>

    <p class='ocr_par' dir='ltr' id='par_1_22' title="bbox 333 3243 1397 3324">
     <span class='ocr_line' id='line_1_80' title="bbox 387 3243 1397 3281; baseline 0 -7"><span class='ocrx_word' id='word_1_570' title='bbox 387 3243 450 3274; x_wconf 91' lang='lat' dir='ltr'>Sed</span> <span class='ocrx_word' id='word_1_571' title='bbox 471 3244 535 3274; x_wconf 91' lang='lat' dir='ltr'>hoc</span> <span class='ocrx_word' id='word_1_572' title='bbox 557 3253 625 3274; x_wconf 91' lang='lat' dir='ltr'>non</span> <span class='ocrx_word' id='word_1_573' title='bbox 647 3243 773 3274; x_wconf 88' lang='lat' dir='ltr'>videtur</span> <span class='ocrx_word' id='word_1_574' title='bbox 793 3253 916 3274; x_wconf 88' lang='lat' dir='ltr'>verum.</span> <span class='ocrx_word' id='word_1_575' title='bbox 945 3243 1039 3281; x_wconf 91' lang='lat' dir='ltr'>Quia,</span> <span class='ocrx_word' id='word_1_576' title='bbox 1064 3244 1091 3274; x_wconf 88' lang='lat' dir='ltr'>si</span> <span class='ocrx_word' id='word_1_577' title='bbox 1112 3244 1191 3274; x_wconf 90' lang='lat' dir='ltr'>haec</span> <span class='ocrx_word' id='word_1_578' title='bbox 1214 3249 1295 3274; x_wconf 90' lang='lat' dir='ltr'>esset</span> <span class='ocrx_word' id='word_1_579' title='bbox 1317 3245 1397 3274; x_wconf 92' lang='lat' dir='ltr'>ratio</span> 
     </span>
     <span class='ocr_line' id='line_1_81' title="bbox 333 3287 1397 3324; baseline 0 -6"><span class='ocrx_word' id='word_1_580' title='bbox 333 3287 570 3318; x_wconf 89' lang='lat' dir='ltr'>confessionem</span> <span class='ocrx_word' id='word_1_581' title='bbox 592 3287 735 3324; x_wconf 91' lang='lat' dir='ltr'>iterandi,</span> <span class='ocrx_word' id='word_1_582' title='bbox 758 3297 827 3318; x_wconf 91' lang='lat' dir='ltr'>non</span> <span class='ocrx_word' id='word_1_583' title='bbox 849 3293 957 3318; x_wconf 88' lang='lat' dir='ltr'>tamen</span> <span class='ocrx_word' id='word_1_584' title='bbox 981 3293 1062 3318; x_wconf 91' lang='lat' dir='ltr'>esset</span> <span class='ocrx_word' id='word_1_585' title='bbox 1085 3288 1165 3318; x_wconf 89' lang='lat' dir='ltr'>ratio</span> <span class='ocrx_word' id='word_1_586' title='bbox 1188 3288 1321 3319; x_wconf 88' lang='lat' dir='ltr'>iterandi</span> <span class='ocrx_word' id='word_1_587' title='bbox 1344 3289 1397 3318; x_wconf 89' lang='lat' dir='ltr'>ab-</span> 
     </span>
    </p>
   </div>
   <div class='ocr_carea' id='block_1_16' title="bbox 333 3330 2552 3372">
    <p class='ocr_par' dir='ltr' id='par_1_23' title="bbox 333 3330 2552 3372">
     <span class='ocr_line' id='line_1_82' title="bbox 333 3330 2552 3372; baseline -0.001 -10"><span class='ocrx_word' id='word_1_588' title='bbox 333 3331 545 3362; x_wconf 77' lang='lat' dir='ltr'>solutionem:</span> <span class='ocrx_word' id='word_1_589' title='bbox 569 3333 740 3372; x_wconf 84' lang='lat' dir='ltr'>praecipue</span> <span class='ocrx_word' id='word_1_590' title='bbox 763 3333 797 3362; x_wconf 90' lang='lat' dir='ltr'>in</span> <span class='ocrx_word' id='word_1_591' title='bbox 821 3341 860 3362; x_wconf 89' lang='lat' dir='ltr'>eo</span> <span class='ocrx_word' id='word_1_592' title='bbox 881 3333 937 3372; x_wconf 87' lang='lat' dir='ltr'>qui</span> <span class='ocrx_word' id='word_1_593' title='bbox 959 3341 1027 3362; x_wconf 92' lang='lat' dir='ltr'>non</span> <span class='ocrx_word' id='word_1_594' title='bbox 1050 3332 1145 3363; x_wconf 90' lang='lat' dir='ltr'>habet</span> <span class='ocrx_word' id='word_1_595' title='bbox 1167 3332 1308 3372; x_wconf 89' lang='lat' dir='ltr'>aliquam</span> <span class='ocrx_word' id='word_1_596' title='bbox 1323 3342 1398 3363; x_wconf 90' lang='lat' dir='ltr'>cau-</span> <span class='ocrx_word' id='word_1_597' title='bbox 1412 3343 1438 3364; x_wconf 87' lang='lat'>70</span> <span class='ocrx_word' id='word_1_598' title='bbox 1451 3332 1669 3372; x_wconf 89' lang='lat' dir='ltr'>Hieronymus</span> <span class='ocrx_word' id='word_1_599' title='bbox 1693 3331 1779 3361; x_wconf 89' lang='lat' dir='ltr'>enim</span> <span class='ocrx_word' id='word_1_600' title='bbox 1803 3330 1879 3361; x_wconf 90' lang='lat' dir='ltr'>dicit</span> <span class='ocrx_word' id='word_1_601' title='bbox 1893 3332 1927 3361; x_wconf 71' lang='lat'>*1</span> <span class='ocrx_word' id='word_1_602' title='bbox 1951 3332 2141 3362; x_wconf 71' lang='lat' dir='ltr'>Mens-uram</span> <span class='ocrx_word' id='word_1_603' title='bbox 2158 3331 2309 3371; x_wconf 82' lang='lat' dir='ltr'>temporis</span> <span class='ocrx_word' id='word_1_604' title='bbox 2333 3331 2365 3360; x_wconf 88' lang='lat' dir='ltr'>in</span> <span class='ocrx_word' id='word_1_605' title='bbox 2386 3330 2513 3371; x_wconf 81' lang='lat' dir='ltr'>agendo</span> <span class='ocrx_word' id='word_1_606' title='bbox 2543 3339 2552 3348; x_wconf 90' lang='lat'>·</span> 
     </span>
    </p>
   </div>
   <div class='ocr_carea' id='block_1_17' title="bbox 1412 913 1434 933">
    <p class='ocr_par' dir='ltr' id='par_1_24' title="bbox 1412 913 1434 933">
     <span class='ocr_line' id='line_1_83' title="bbox 1412 913 1434 933; baseline 0 0"><span class='ocrx_word' id='word_1_607' title='bbox 1412 913 1434 933; x_wconf 80' lang='lat'>15</span> 
     </span>
    </p>
   </div>
   <div class='ocr_carea' id='block_1_18' title="bbox 1410 1134 1436 1148">
    <p class='ocr_par' dir='ltr' id='par_1_25' title="bbox 1410 1134 1436 1148">
     <span class='ocr_line' id='line_1_84' title="bbox 1410 1134 1436 1148; baseline 0 0"><span class='ocrx_word' id='word_1_608' title='bbox 1410 1134 1436 1148; x_wconf 84' lang='lat'>20</span> 
     </span>
    </p>
   </div>
   <div class='ocr_carea' id='block_1_19' title="bbox 1411 1574 1436 1594">
    <p class='ocr_par' dir='ltr' id='par_1_26' title="bbox 1411 1574 1436 1594">
     <span class='ocr_line' id='line_1_85' title="bbox 1411 1574 1436 1594; baseline 0 -6"><span class='ocrx_word' id='word_1_609' title='bbox 1411 1574 1436 1594; x_wconf 82' lang='lat'>30</span> 
     </span>
    </p>
   </div>
   <div class='ocr_carea' id='block_1_20' title="bbox 1413 1793 1434 1813">
    <p class='ocr_par' dir='ltr' id='par_1_27' title="bbox 1413 1793 1434 1813">
     <span class='ocr_line' id='line_1_86' title="bbox 1413 1793 1434 1813; baseline 0 0"><span class='ocrx_word' id='word_1_610' title='bbox 1413 1793 1434 1813; x_wconf 85' lang='lat'>³5</span> 
     </span>
    </p>
   </div>
   <div class='ocr_carea' id='block_1_21' title="bbox 1411 2017 1437 2037">
    <p class='ocr_par' dir='ltr' id='par_1_28' title="bbox 1411 2017 1437 2037">
     <span class='ocr_line' id='line_1_87' title="bbox 1411 2017 1437 2037; baseline 0 -6"><span class='ocrx_word' id='word_1_611' title='bbox 1411 2017 1437 2037; x_wconf 83' lang='lat'>4⁰</span> 
     </span>
    </p>
   </div>
   <div class='ocr_carea' id='block_1_22' title="bbox 1411 2237 1435 2257">
    <p class='ocr_par' dir='ltr' id='par_1_29' title="bbox 1411 2237 1435 2257">
     <span class='ocr_line' id='line_1_88' title="bbox 1411 2237 1435 2257; baseline 0 0"><span class='ocrx_word' id='word_1_612' title='bbox 1411 2237 1435 2257; x_wconf 83' lang='lat'>45</span> 
     </span>
    </p>
   </div>
   <div class='ocr_carea' id='block_1_23' title="bbox 1413 2457 1438 2477">
    <p class='ocr_par' dir='ltr' id='par_1_30' title="bbox 1413 2457 1438 2477">
     <span class='ocr_line' id='line_1_89' title="bbox 1413 2457 1438 2477; baseline 0 -6"><span class='ocrx_word' id='word_1_613' title='bbox 1413 2457 1438 2477; x_wconf 77' lang='lat'>50</span> 
     </span>
    </p>
   </div>
   <div class='ocr_carea' id='block_1_24' title="bbox 1413 2677 1435 2698">
    <p class='ocr_par' dir='ltr' id='par_1_31' title="bbox 1413 2677 1435 2698">
     <span class='ocr_line' id='line_1_90' title="bbox 1413 2677 1435 2698; baseline 0.045 -1"><span class='ocrx_word' id='word_1_614' title='bbox 1413 2677 1435 2698; x_wconf 80' lang='lat'>55</span> 
     </span>
    </p>
   </div>
   <div class='ocr_carea' id='block_1_25' title="bbox 1411 2896 1439 2916">
    <p class='ocr_par' dir='ltr' id='par_1_32' title="bbox 1411 2896 1439 2916">
     <span class='ocr_line' id='line_1_91' title="bbox 1411 2896 1439 2916; baseline 0 0"><span class='ocrx_word' id='word_1_615' title='bbox 1411 2896 1439 2916; x_wconf 87' lang='lat'>60</span> 
     </span>
    </p>
   </div>
   <div class='ocr_carea' id='block_1_26' title="bbox 1411 3117 1436 3142">
    <p class='ocr_par' dir='ltr' id='par_1_33' title="bbox 1411 3117 1436 3142">
     <span class='ocr_line' id='line_1_92' title="bbox 1411 3117 1436 3142; baseline 0 0"><span class='ocrx_word' id='word_1_616' title='bbox 1411 3117 1436 3142; x_wconf 79' lang='lat'>⁶5</span> 
     </span>
    </p>
   </div>
   <div class='ocr_carea' id='block_1_27' title="bbox 2467 208 2513 255">
    <p class='ocr_par' dir='ltr' id='par_1_34' title="bbox 2467 208 2513 255">
     <span class='ocr_line' id='line_1_93' title="bbox 2467 208 2513 255; baseline 0 0"><span class='ocrx_word' id='word_1_617' title='bbox 2467 208 2513 255; x_wconf 85' lang='lat'>37</span> 
     </span>
    </p>
   </div>
   <div class='ocr_carea' id='block_1_28' title="bbox 1450 284 2515 942">
    <p class='ocr_par' dir='ltr' id='par_1_35' title="bbox 1450 284 2513 412">
     <span class='ocr_line' id='line_1_94' title="bbox 1450 284 2513 327; baseline 0.004 -13"><span class='ocrx_word' id='word_1_618' title='bbox 1450 284 1491 314; x_wconf 90' lang='lat' dir='ltr'>Et</span> <span class='ocrx_word' id='word_1_619' title='bbox 1505 290 1668 324; x_wconf 89' lang='lat' dir='ltr'>praeterea</span> <span class='ocrx_word' id='word_1_620' title='bbox 1682 286 1716 315; x_wconf 91' lang='lat' dir='ltr'>in</span> <span class='ocrx_word' id='word_1_621' title='bbox 1732 284 1871 315; x_wconf 90' lang='lat' dir='ltr'>secunda</span> <span class='ocrx_word' id='word_1_622' title='bbox 1894 285 2095 316; x_wconf 89' lang='lat' dir='ltr'>confessione</span> <span class='ocrx_word' id='word_1_623' title='bbox 2112 296 2178 317; x_wconf 93' lang='lat' dir='ltr'>non</span> <span class='ocrx_word' id='word_1_624' title='bbox 2194 288 2405 327; x_wconf 89' lang='lat' dir='ltr'>requireretur</span> <span class='ocrx_word' id='word_1_625' title='bbox 2425 286 2513 327; x_wconf 90' lang='lat' dir='ltr'>quod</span> 
     </span>
     <span class='ocr_line' id='line_1_95' title="bbox 1450 328 2511 366; baseline 0.003 -8"><span class='ocrx_word' id='word_1_626' title='bbox 1450 329 1579 359; x_wconf 90' lang='lat' dir='ltr'>haberet</span> <span class='ocrx_word' id='word_1_627' title='bbox 1602 329 1705 359; x_wconf 87' lang='lat' dir='ltr'>claves</span> <span class='ocrx_word' id='word_1_628' title='bbox 1728 329 1780 359; x_wconf 91' lang='lat' dir='ltr'>ille</span> <span class='ocrx_word' id='word_1_629' title='bbox 1804 329 1856 359; x_wconf 90' lang='lat' dir='ltr'>cui</span> <span class='ocrx_word' id='word_1_630' title='bbox 1879 328 1915 359; x_wconf 92' lang='lat' dir='ltr'>fit</span> <span class='ocrx_word' id='word_1_631' title='bbox 1933 329 2102 366; x_wconf 88' lang='lat' dir='ltr'>confessio,</span> <span class='ocrx_word' id='word_1_632' title='bbox 2120 331 2146 360; x_wconf 92' lang='lat' dir='ltr'>si</span> <span class='ocrx_word' id='word_1_633' title='bbox 2160 332 2239 361; x_wconf 89' lang='lat' dir='ltr'>nihil</span> <span class='ocrx_word' id='word_1_634' title='bbox 2253 332 2298 362; x_wconf 89' lang='lat' dir='ltr'>ibi</span> <span class='ocrx_word' id='word_1_635' title='bbox 2312 332 2359 362; x_wconf 92' lang='lat' dir='ltr'>vis</span> <span class='ocrx_word' id='word_1_636' title='bbox 2375 331 2511 362; x_wconf 92' lang='lat' dir='ltr'>clavium</span> 
     </span>
     <span class='ocr_line' id='line_1_96' title="bbox 1451 378 1610 412; baseline 0.006 -10"><span class='ocrx_word' id='word_1_637' title='bbox 1451 378 1610 412; x_wconf 91' lang='lat' dir='ltr'>operatur.</span> 
     </span>
    </p>

    <p class='ocr_par' dir='ltr' id='par_1_36' title="bbox 1450 416 2515 942">
     <span class='ocr_line' id='line_1_97' title="bbox 1505 416 2511 456; baseline 0.002 -9"><span class='ocrx_word' id='word_1_638' title='bbox 1505 417 1546 447; x_wconf 87' lang='lat' dir='ltr'>Et</span> <span class='ocrx_word' id='word_1_639' title='bbox 1561 416 1635 447; x_wconf 93' lang='lat' dir='ltr'>ideo</span> <span class='ocrx_word' id='word_1_640' title='bbox 1651 416 1762 447; x_wconf 90' lang='lat' dir='ltr'>dicunt</span> <span class='ocrx_word' id='word_1_641' title='bbox 1777 417 1830 447; x_wconf 87' lang='lat' dir='ltr'>alii</span> <span class='ocrx_word' id='word_1_642' title='bbox 1845 418 1861 434; x_wconf 70' lang='lat'><em>*</em></span> <span class='ocrx_word' id='word_1_643' title='bbox 1885 416 1974 456; x_wconf 93' lang='lat' dir='ltr'>quod</span> <span class='ocrx_word' id='word_1_644' title='bbox 1990 418 2085 447; x_wconf 88' lang='lat' dir='ltr'>etiam</span> <span class='ocrx_word' id='word_1_645' title='bbox 2100 418 2133 447; x_wconf 89' lang='lat' dir='ltr'>in</span> <span class='ocrx_word' id='word_1_646' title='bbox 2149 419 2288 449; x_wconf 90' lang='lat' dir='ltr'>secunda</span> <span class='ocrx_word' id='word_1_647' title='bbox 2311 419 2511 449; x_wconf 87' lang='lat' dir='ltr'>absolutione</span> 
     </span>
     <span class='ocr_line' id='line_1_98' title="bbox 1450 461 2511 500; baseline 0.003 -9"><span class='ocrx_word' id='word_1_648' title='bbox 1450 461 1481 490; x_wconf 90' lang='lat' dir='ltr'>vi</span> <span class='ocrx_word' id='word_1_649' title='bbox 1505 461 1642 491; x_wconf 88' lang='lat' dir='ltr'>clavium</span> <span class='ocrx_word' id='word_1_650' title='bbox 1666 461 1832 491; x_wconf 89' lang='lat' dir='ltr'>dimittitur</span> <span class='ocrx_word' id='word_1_651' title='bbox 1855 461 1894 491; x_wconf 94' lang='lat' dir='ltr'>de</span> <span class='ocrx_word' id='word_1_652' title='bbox 1917 470 2033 500; x_wconf 89' lang='lat' dir='ltr'>poena.</span> <span class='ocrx_word' id='word_1_653' title='bbox 2061 461 2146 498; x_wconf 89' lang='lat' dir='ltr'>Quia</span> <span class='ocrx_word' id='word_1_654' title='bbox 2167 463 2201 492; x_wconf 93' lang='lat' dir='ltr'>in</span> <span class='ocrx_word' id='word_1_655' title='bbox 2224 463 2363 493; x_wconf 89' lang='lat' dir='ltr'>secunda</span> <span class='ocrx_word' id='word_1_656' title='bbox 2385 463 2511 493; x_wconf 90' lang='lat' dir='ltr'>absolu-</span> 
     </span>
     <span class='ocr_line' id='line_1_99' title="bbox 1450 505 2512 547; baseline 0.003 -13"><span class='ocrx_word' id='word_1_657' title='bbox 1450 505 1539 535; x_wconf 91' lang='lat' dir='ltr'>tione</span> <span class='ocrx_word' id='word_1_658' title='bbox 1554 506 1671 545; x_wconf 88' lang='lat' dir='ltr'>gratiae</span> <span class='ocrx_word' id='word_1_659' title='bbox 1688 505 1850 536; x_wconf 87' lang='lat' dir='ltr'>confertur</span> <span class='ocrx_word' id='word_1_660' title='bbox 1865 510 2090 544; x_wconf 88' lang='lat' dir='ltr'>augmentum:</span> <span class='ocrx_word' id='word_1_661' title='bbox 2116 511 2147 535; x_wconf 91' lang='lat' dir='ltr'>et</span> <span class='ocrx_word' id='word_1_662' title='bbox 2163 512 2283 545; x_wconf 90' lang='lat' dir='ltr'>quanto</span> <span class='ocrx_word' id='word_1_663' title='bbox 2299 508 2400 537; x_wconf 90' lang='lat' dir='ltr'>maior</span> <span class='ocrx_word' id='word_1_664' title='bbox 2415 508 2512 547; x_wconf 89' lang='lat' dir='ltr'>gratia</span> 
     </span>
     <span class='ocr_line' id='line_1_100' title="bbox 1450 549 2510 590; baseline 0.003 -12"><span class='ocrx_word' id='word_1_665' title='bbox 1450 549 1610 589; x_wconf 88' lang='lat' dir='ltr'>recipitur,</span> <span class='ocrx_word' id='word_1_666' title='bbox 1626 550 1733 579; x_wconf 89' lang='lat' dir='ltr'>minus</span> <span class='ocrx_word' id='word_1_667' title='bbox 1750 549 1790 580; x_wconf 92' lang='lat' dir='ltr'>de</span> <span class='ocrx_word' id='word_1_668' title='bbox 1805 550 1987 589; x_wconf 84' lang='lat' dir='ltr'>impuritate</span> <span class='ocrx_word' id='word_1_669' title='bbox 2010 549 2226 588; x_wconf 90' lang='lat' dir='ltr'>praecedentis</span> <span class='ocrx_word' id='word_1_670' title='bbox 2242 551 2364 590; x_wconf 87' lang='lat' dir='ltr'>peccati</span> <span class='ocrx_word' id='word_1_671' title='bbox 2387 556 2510 586; x_wconf 87' lang='lat' dir='ltr'>manet;</span> 
     </span>
     <span class='ocr_line' id='line_1_101' title="bbox 1451 592 2513 633; baseline 0.001 -10"><span class='ocrx_word' id='word_1_672' title='bbox 1451 599 1482 623; x_wconf 89' lang='lat' dir='ltr'>et</span> <span class='ocrx_word' id='word_1_673' title='bbox 1505 592 1578 623; x_wconf 91' lang='lat' dir='ltr'>ideo</span> <span class='ocrx_word' id='word_1_674' title='bbox 1610 594 1717 623; x_wconf 92' lang='lat' dir='ltr'>minor</span> <span class='ocrx_word' id='word_1_675' title='bbox 1748 603 1854 633; x_wconf 89' lang='lat' dir='ltr'>poena</span> <span class='ocrx_word' id='word_1_676' title='bbox 1885 602 2023 633; x_wconf 89' lang='lat' dir='ltr'>purgans</span> <span class='ocrx_word' id='word_1_677' title='bbox 2056 592 2197 624; x_wconf 89' lang='lat' dir='ltr'>debetur.</span> <span class='ocrx_word' id='word_1_678' title='bbox 2230 594 2324 624; x_wconf 92' lang='lat' dir='ltr'>Unde</span> <span class='ocrx_word' id='word_1_679' title='bbox 2356 596 2450 624; x_wconf 89' lang='lat' dir='ltr'>etiam</span> <span class='ocrx_word' id='word_1_680' title='bbox 2480 596 2513 624; x_wconf 92' lang='lat' dir='ltr'>in</span> 
     </span>
     <span class='ocr_line' id='line_1_102' title="bbox 1450 637 2513 678; baseline 0.001 -11"><span class='ocrx_word' id='word_1_681' title='bbox 1450 637 1552 677; x_wconf 90' lang='lat' dir='ltr'>prima</span> <span class='ocrx_word' id='word_1_682' title='bbox 1568 637 1770 668; x_wconf 88' lang='lat' dir='ltr'>absolutione</span> <span class='ocrx_word' id='word_1_683' title='bbox 1786 638 1880 668; x_wconf 89' lang='lat' dir='ltr'>alicui</span> <span class='ocrx_word' id='word_1_684' title='bbox 1895 638 1968 677; x_wconf 92' lang='lat' dir='ltr'>plus</span> <span class='ocrx_word' id='word_1_685' title='bbox 1985 642 2016 667; x_wconf 92' lang='lat' dir='ltr'>et</span> <span class='ocrx_word' id='word_1_686' title='bbox 2031 637 2136 667; x_wconf 88' lang='lat' dir='ltr'>minus</span> <span class='ocrx_word' id='word_1_687' title='bbox 2160 637 2326 668; x_wconf 91' lang='lat' dir='ltr'>dimittitur</span> <span class='ocrx_word' id='word_1_688' title='bbox 2347 638 2385 668; x_wconf 93' lang='lat' dir='ltr'>de</span> <span class='ocrx_word' id='word_1_689' title='bbox 2407 648 2513 678; x_wconf 90' lang='lat' dir='ltr'>poena</span> 
     </span>
     <span class='ocr_line' id='line_1_103' title="bbox 1450 681 2514 722; baseline 0.001 -11"><span class='ocrx_word' id='word_1_690' title='bbox 1450 681 1629 711; x_wconf 85' lang='lat' dir='ltr'>secundum</span> <span class='ocrx_word' id='word_1_691' title='bbox 1659 681 1749 721; x_wconf 91' lang='lat' dir='ltr'>quod</span> <span class='ocrx_word' id='word_1_692' title='bbox 1778 682 1851 721; x_wconf 92' lang='lat' dir='ltr'>plus</span> <span class='ocrx_word' id='word_1_693' title='bbox 1878 691 1912 712; x_wconf 88' lang='lat' dir='ltr'>se</span> <span class='ocrx_word' id='word_1_694' title='bbox 1935 681 1975 712; x_wconf 91' lang='lat' dir='ltr'>ad</span> <span class='ocrx_word' id='word_1_695' title='bbox 1997 683 2129 722; x_wconf 87' lang='lat' dir='ltr'>gratiam</span> <span class='ocrx_word' id='word_1_696' title='bbox 2162 681 2311 722; x_wconf 89' lang='lat' dir='ltr'>disponit.</span> <span class='ocrx_word' id='word_1_697' title='bbox 2345 682 2386 712; x_wconf 93' lang='lat' dir='ltr'>Et</span> <span class='ocrx_word' id='word_1_698' title='bbox 2409 688 2514 722; x_wconf 88' lang='lat' dir='ltr'>potest</span> 
     </span>
     <span class='ocr_line' id='line_1_104' title="bbox 1452 725 2514 765; baseline 0.002 -11"><span class='ocrx_word' id='word_1_699' title='bbox 1452 734 1518 754; x_wconf 92' lang='lat' dir='ltr'>esse</span> <span class='ocrx_word' id='word_1_700' title='bbox 1548 731 1634 755; x_wconf 87' lang='lat' dir='ltr'>tanta</span> <span class='ocrx_word' id='word_1_701' title='bbox 1663 725 1828 765; x_wconf 90' lang='lat' dir='ltr'>dispositio</span> <span class='ocrx_word' id='word_1_702' title='bbox 1861 725 1951 765; x_wconf 94' lang='lat' dir='ltr'>quod</span> <span class='ocrx_word' id='word_1_703' title='bbox 1981 726 2076 756; x_wconf 88' lang='lat' dir='ltr'>etiam</span> <span class='ocrx_word' id='word_1_704' title='bbox 2104 736 2141 756; x_wconf 89' lang='lat' dir='ltr'>ex</span> <span class='ocrx_word' id='word_1_705' title='bbox 2164 726 2196 756; x_wconf 90' lang='lat' dir='ltr'>vi</span> <span class='ocrx_word' id='word_1_706' title='bbox 2220 726 2418 756; x_wconf 89' lang='lat' dir='ltr'>contritionis</span> <span class='ocrx_word' id='word_1_707' title='bbox 2448 731 2514 756; x_wconf 89' lang='lat' dir='ltr'>tota</span> 
     </span>
     <span class='ocr_line' id='line_1_105' title="bbox 1450 769 2515 809; baseline 0.002 -11"><span class='ocrx_word' id='word_1_708' title='bbox 1450 778 1557 808; x_wconf 91' lang='lat' dir='ltr'>poena</span> <span class='ocrx_word' id='word_1_709' title='bbox 1578 769 1710 805; x_wconf 91' lang='lat' dir='ltr'>tollitur,</span> <span class='ocrx_word' id='word_1_710' title='bbox 1734 775 1771 799; x_wconf 94' lang='lat' dir='ltr'>ut</span> <span class='ocrx_word' id='word_1_711' title='bbox 1793 769 1992 809; x_wconf 90' lang='lat' dir='ltr'>praedictum</span> <span class='ocrx_word' id='word_1_712' title='bbox 2016 775 2062 800; x_wconf 90' lang='lat' dir='ltr'>est</span> <span class='ocrx_word' id='word_1_713' title='bbox 2078 771 2104 800; x_wconf 47' lang='grc' dir='ltr'><strong>ἢ</strong></span> <span class='ocrx_word' id='word_1_714' title='bbox 2135 769 2228 801; x_wconf 92' lang='lat' dir='ltr'>Unde</span> <span class='ocrx_word' id='word_1_715' title='bbox 2257 771 2351 800; x_wconf 89' lang='lat' dir='ltr'>etiam</span> <span class='ocrx_word' id='word_1_716' title='bbox 2377 779 2446 800; x_wconf 93' lang='lat' dir='ltr'>non</span> <span class='ocrx_word' id='word_1_717' title='bbox 2469 776 2515 800; x_wconf 89' lang='lat' dir='ltr'>est</span> 
     </span>
     <span class='ocr_line' id='line_1_106' title="bbox 1450 813 2515 854; baseline 0.002 -12"><span class='ocrx_word' id='word_1_718' title='bbox 1450 813 1681 843; x_wconf 87' lang='lat' dir='ltr'>inconveniens</span> <span class='ocrx_word' id='word_1_719' title='bbox 1704 814 1729 843; x_wconf 91' lang='lat' dir='ltr'>si</span> <span class='ocrx_word' id='word_1_720' title='bbox 1752 823 1810 853; x_wconf 91' lang='lat' dir='ltr'>per</span> <span class='ocrx_word' id='word_1_721' title='bbox 1832 813 2035 854; x_wconf 87' lang='lat' dir='ltr'>frequentem</span> <span class='ocrx_word' id='word_1_722' title='bbox 2063 814 2299 844; x_wconf 88' lang='lat' dir='ltr'>confessionem</span> <span class='ocrx_word' id='word_1_723' title='bbox 2327 814 2422 844; x_wconf 91' lang='lat' dir='ltr'>etiam</span> <span class='ocrx_word' id='word_1_724' title='bbox 2448 819 2515 844; x_wconf 87' lang='lat' dir='ltr'>tota</span> 
     </span>
     <span class='ocr_line' id='line_1_107' title="bbox 1450 857 2515 898; baseline 0.002 -12"><span class='ocrx_word' id='word_1_725' title='bbox 1450 866 1557 896; x_wconf 91' lang='lat' dir='ltr'>poena</span> <span class='ocrx_word' id='word_1_726' title='bbox 1579 857 1709 887; x_wconf 88' lang='lat' dir='ltr'>tollatur</span> <span class='ocrx_word' id='word_1_727' title='bbox 1724 859 1758 893; x_wconf 71' lang='lat'>*‚</span> <span class='ocrx_word' id='word_1_728' title='bbox 1783 863 1819 887; x_wconf 90' lang='lat' dir='ltr'>ut</span> <span class='ocrx_word' id='word_1_729' title='bbox 1841 864 2010 898; x_wconf 91' lang='lat' dir='ltr'>peccatum</span> <span class='ocrx_word' id='word_1_730' title='bbox 2034 859 2168 888; x_wconf 91' lang='lat' dir='ltr'>omnino</span> <span class='ocrx_word' id='word_1_731' title='bbox 2192 863 2353 889; x_wconf 89' lang='lat' dir='ltr'>remaneat</span> <span class='ocrx_word' id='word_1_732' title='bbox 2375 859 2515 898; x_wconf 90' lang='lat' dir='ltr'>impuni-</span> 
     </span>
     <span class='ocr_line' id='line_1_108' title="bbox 1450 901 2159 942; baseline 0.003 -12"><span class='ocrx_word' id='word_1_733' title='bbox 1450 906 1530 937; x_wconf 88' lang='lat' dir='ltr'>tum,</span> <span class='ocrx_word' id='word_1_734' title='bbox 1555 910 1614 941; x_wconf 91' lang='lat' dir='ltr'>pro</span> <span class='ocrx_word' id='word_1_735' title='bbox 1640 911 1706 941; x_wconf 92' lang='lat' dir='ltr'>quo</span> <span class='ocrx_word' id='word_1_736' title='bbox 1730 911 1837 942; x_wconf 91' lang='lat' dir='ltr'>poena</span> <span class='ocrx_word' id='word_1_737' title='bbox 1860 901 1977 932; x_wconf 87' lang='lat' dir='ltr'>Christi</span> <span class='ocrx_word' id='word_1_738' title='bbox 2001 902 2159 933; x_wconf 86' lang='lat' dir='ltr'>satisfecit.</span> 
     </span>
    </p>
   </div>
   <div class='ocr_carea' id='block_1_29' title="bbox 1515 967 2450 1043">
    <p class='ocr_par' dir='ltr' id='par_1_37' title="bbox 1515 967 2450 1043">
     <span class='ocr_line' id='line_1_109' title="bbox 1515 967 2450 999; baseline 0.002 -2"><span class='ocrx_word' id='word_1_739' title='bbox 1515 967 1614 998; x_wconf 85' lang='lat' dir='ltr'>ART.</span> <span class='ocrx_word' id='word_1_740' title='bbox 1633 967 1684 998; x_wconf 91' lang='lat' dir='ltr'>III.</span> <span class='ocrx_word' id='word_1_741' title='bbox 1708 978 1812 998; x_wconf 82' lang='lat' dir='ltr'>UTRUM</span> <span class='ocrx_word' id='word_1_742' title='bbox 1836 978 1990 999; x_wconf 77' lang='lat' dir='ltr'>sAcanos</span> <span class='ocrx_word' id='word_1_743' title='bbox 2014 979 2072 998; x_wconf 80' lang='lat' dir='ltr'>PER</span> <span class='ocrx_word' id='word_1_744' title='bbox 2094 978 2292 999; x_wconf 60' lang='lat' dir='ltr'>renisu-rim</span> <span class='ocrx_word' id='word_1_745' title='bbox 2316 978 2450 999; x_wconf 79' lang='lat' dir='ltr'>CLAVIUM</span> 
     </span>
     <span class='ocr_line' id='line_1_110' title="bbox 1862 1023 2102 1043; baseline 0.004 -1"><span class='ocrx_word' id='word_1_746' title='bbox 1862 1023 1975 1043; x_wconf 65' lang='lat' dir='ltr'>meana</span> <span class='ocrx_word' id='word_1_747' title='bbox 1998 1023 2102 1043; x_wconf 72' lang='lat' dir='ltr'>Possrr</span> 
     </span>
    </p>
   </div>
   <div class='ocr_carea' id='block_1_30' title="bbox 1448 1078 2516 3107">
    <p class='ocr_par' dir='ltr' id='par_1_38' title="bbox 1449 1078 2515 1339">
     <span class='ocr_line' id='line_1_111' title="bbox 1514 1078 2515 1119; baseline 0.002 -12"><span class='ocrx_word' id='word_1_748' title='bbox 1514 1087 1534 1107; x_wconf 90' lang='lat' dir='ltr'>D</span> <span class='ocrx_word' id='word_1_749' title='bbox 1559 1087 1693 1108; x_wconf 69' lang='lat' dir='ltr'>Taurum</span> <span class='ocrx_word' id='word_1_750' title='bbox 1716 1088 1762 1108; x_wconf 77' lang='lat' dir='ltr'>sm</span> <span class='ocrx_word' id='word_1_751' title='bbox 1785 1088 1988 1109; x_wconf 79' lang='lat' dir='ltr'>PROCEDITUR.</span> <span class='ocrx_word' id='word_1_752' title='bbox 2014 1078 2148 1109; x_wconf 91' lang='lat' dir='ltr'>Videtur</span> <span class='ocrx_word' id='word_1_753' title='bbox 2174 1078 2263 1119; x_wconf 92' lang='lat' dir='ltr'>quod</span> <span class='ocrx_word' id='word_1_754' title='bbox 2283 1078 2430 1109; x_wconf 91' lang='lat' dir='ltr'>sacerdos</span> <span class='ocrx_word' id='word_1_755' title='bbox 2457 1088 2515 1119; x_wconf 92' lang='lat' dir='ltr'>per</span> 
     </span>
     <span class='ocr_line' id='line_1_112' title="bbox 1454 1090 2514 1163; baseline 0.002 -12"><span class='ocrx_word' id='word_1_756' title='bbox 1454 1090 1705 1161; x_wconf 73' lang='lat' dir='ltr'>Apotestatem</span> <span class='ocrx_word' id='word_1_757' title='bbox 1733 1122 1871 1153; x_wconf 88' lang='lat' dir='ltr'>clavium</span> <span class='ocrx_word' id='word_1_758' title='bbox 1893 1123 1989 1163; x_wconf 91' lang='lat' dir='ltr'>ligare</span> <span class='ocrx_word' id='word_1_759' title='bbox 2021 1133 2089 1153; x_wconf 92' lang='lat' dir='ltr'>non</span> <span class='ocrx_word' id='word_1_760' title='bbox 2111 1124 2221 1163; x_wconf 90' lang='lat' dir='ltr'>possit.</span> <span class='ocrx_word' id='word_1_761' title='bbox 2259 1123 2398 1153; x_wconf 91' lang='lat' dir='ltr'>Virtutes</span> <span class='ocrx_word' id='word_1_762' title='bbox 2429 1123 2514 1153; x_wconf 89' lang='lat' dir='ltr'>enim</span> 
     </span>
     <span class='ocr_line' id='line_1_113' title="bbox 1449 1166 2515 1207; baseline 0.002 -12"><span class='ocrx_word' id='word_1_763' title='bbox 1449 1166 1690 1196; x_wconf 89' lang='lat' dir='ltr'>sacramentales</span> <span class='ocrx_word' id='word_1_764' title='bbox 1706 1166 1893 1197; x_wconf 85' lang='lat' dir='ltr'>ordinantur</span> <span class='ocrx_word' id='word_1_765' title='bbox 1908 1172 2019 1197; x_wconf 91' lang='lat' dir='ltr'>contra</span> <span class='ocrx_word' id='word_1_766' title='bbox 2030 1173 2199 1207; x_wconf 90' lang='lat' dir='ltr'>peccatum</span> <span class='ocrx_word' id='word_1_767' title='bbox 2215 1172 2251 1197; x_wconf 93' lang='lat' dir='ltr'>ut</span> <span class='ocrx_word' id='word_1_768' title='bbox 2266 1166 2434 1197; x_wconf 89' lang='lat' dir='ltr'>medicina.</span> <span class='ocrx_word' id='word_1_769' title='bbox 2453 1167 2515 1198; x_wconf 91' lang='lat' dir='ltr'>Sed</span> 
     </span>
     <span class='ocr_line' id='line_1_114' title="bbox 1449 1210 2513 1252; baseline 0.001 -12"><span class='ocrx_word' id='word_1_770' title='bbox 1449 1210 1546 1250; x_wconf 87' lang='lat' dir='ltr'>ligare</span> <span class='ocrx_word' id='word_1_771' title='bbox 1561 1220 1629 1240; x_wconf 93' lang='lat' dir='ltr'>non</span> <span class='ocrx_word' id='word_1_772' title='bbox 1645 1216 1692 1240; x_wconf 92' lang='lat' dir='ltr'>est</span> <span class='ocrx_word' id='word_1_773' title='bbox 1703 1210 1862 1241; x_wconf 88' lang='lat' dir='ltr'>medicina</span> <span class='ocrx_word' id='word_1_774' title='bbox 1873 1212 2005 1251; x_wconf 87' lang='lat' dir='ltr'>peccati,</span> <span class='ocrx_word' id='word_1_775' title='bbox 2019 1211 2074 1242; x_wconf 91' lang='lat' dir='ltr'>sed</span> <span class='ocrx_word' id='word_1_776' title='bbox 2090 1213 2190 1252; x_wconf 90' lang='lat' dir='ltr'>magis</span> <span class='ocrx_word' id='word_1_777' title='bbox 2203 1212 2382 1252; x_wconf 85' lang='lat' dir='ltr'>aggravatio</span> <span class='ocrx_word' id='word_1_778' title='bbox 2398 1212 2513 1247; x_wconf 87' lang='lat' dir='ltr'>morbi,</span> 
     </span>
     <span class='ocr_line' id='line_1_115' title="bbox 1450 1254 2514 1296; baseline 0.001 -12"><span class='ocrx_word' id='word_1_779' title='bbox 1450 1260 1486 1284; x_wconf 92' lang='lat' dir='ltr'>ut</span> <span class='ocrx_word' id='word_1_780' title='bbox 1508 1254 1642 1284; x_wconf 90' lang='lat' dir='ltr'>videtur.</span> <span class='ocrx_word' id='word_1_781' title='bbox 1666 1255 1752 1294; x_wconf 92' lang='lat' dir='ltr'>Ergo</span> <span class='ocrx_word' id='word_1_782' title='bbox 1776 1255 1922 1286; x_wconf 89' lang='lat' dir='ltr'>sacerdos</span> <span class='ocrx_word' id='word_1_783' title='bbox 1946 1265 2003 1295; x_wconf 91' lang='lat' dir='ltr'>per</span> <span class='ocrx_word' id='word_1_784' title='bbox 2025 1257 2091 1286; x_wconf 88' lang='lat' dir='ltr'>vim</span> <span class='ocrx_word' id='word_1_785' title='bbox 2115 1256 2267 1291; x_wconf 90' lang='lat' dir='ltr'>clavium,</span> <span class='ocrx_word' id='word_1_786' title='bbox 2292 1265 2375 1296; x_wconf 89' lang='lat' dir='ltr'>quae</span> <span class='ocrx_word' id='word_1_787' title='bbox 2398 1261 2445 1285; x_wconf 87' lang='lat' dir='ltr'>est</span> <span class='ocrx_word' id='word_1_788' title='bbox 2468 1256 2514 1285; x_wconf 91' lang='lat' dir='ltr'>vis</span> 
     </span>
     <span class='ocr_line' id='line_1_116' title="bbox 1450 1299 2036 1339; baseline 0.003 -11"><span class='ocrx_word' id='word_1_789' title='bbox 1450 1299 1693 1335; x_wconf 79' lang='lat' dir='ltr'>sacramentalis,</span> <span class='ocrx_word' id='word_1_790' title='bbox 1709 1309 1778 1329; x_wconf 91' lang='lat' dir='ltr'>non</span> <span class='ocrx_word' id='word_1_791' title='bbox 1800 1305 1907 1339; x_wconf 87' lang='lat' dir='ltr'>potest</span> <span class='ocrx_word' id='word_1_792' title='bbox 1930 1299 2036 1339; x_wconf 87' lang='lat' dir='ltr'>ligare.</span> 
     </span>
    </p>

    <p class='ocr_par' dir='ltr' id='par_1_39' title="bbox 1448 1343 2514 1560">
     <span class='ocr_line' id='line_1_117' title="bbox 1507 1343 2514 1384; baseline 0.001 -12"><span class='ocrx_word' id='word_1_793' title='bbox 1507 1352 1535 1372; x_wconf 91' lang='lat'>2.</span> <span class='ocrx_word' id='word_1_794' title='bbox 1560 1343 1756 1379; x_wconf 63' lang='lat' dir='ltr'>Pmnranaa,</span> <span class='ocrx_word' id='word_1_795' title='bbox 1773 1344 1854 1374; x_wconf 92' lang='lat' dir='ltr'>sicut</span> <span class='ocrx_word' id='word_1_796' title='bbox 1877 1344 2041 1374; x_wconf 87' lang='lat' dir='ltr'>absolvere</span> <span class='ocrx_word' id='word_1_797' title='bbox 2064 1344 2115 1374; x_wconf 92' lang='lat' dir='ltr'>vel</span> <span class='ocrx_word' id='word_1_798' title='bbox 2145 1345 2265 1384; x_wconf 89' lang='lat' dir='ltr'>aperire</span> <span class='ocrx_word' id='word_1_799' title='bbox 2290 1350 2336 1374; x_wconf 92' lang='lat' dir='ltr'>est</span> <span class='ocrx_word' id='word_1_800' title='bbox 2365 1353 2514 1374; x_wconf 90' lang='lat' dir='ltr'>amovere</span> 
     </span>
     <span class='ocr_line' id='line_1_118' title="bbox 1450 1387 2513 1428; baseline 0.001 -12"><span class='ocrx_word' id='word_1_801' title='bbox 1450 1387 1662 1423; x_wconf 90' lang='lat' dir='ltr'>obstaculum,</span> <span class='ocrx_word' id='word_1_802' title='bbox 1679 1388 1722 1417; x_wconf 92' lang='lat' dir='ltr'>ita</span> <span class='ocrx_word' id='word_1_803' title='bbox 1744 1388 1840 1427; x_wconf 88' lang='lat' dir='ltr'>ligare</span> <span class='ocrx_word' id='word_1_804' title='bbox 1865 1394 1912 1418; x_wconf 85' lang='lat' dir='ltr'>est</span> <span class='ocrx_word' id='word_1_805' title='bbox 1935 1388 2137 1418; x_wconf 90' lang='lat' dir='ltr'>obstaculum</span> <span class='ocrx_word' id='word_1_806' title='bbox 2160 1397 2292 1428; x_wconf 89' lang='lat' dir='ltr'>ponere.</span> <span class='ocrx_word' id='word_1_807' title='bbox 2322 1387 2385 1419; x_wconf 90' lang='lat' dir='ltr'>Sed</span> <span class='ocrx_word' id='word_1_808' title='bbox 2408 1388 2513 1418; x_wconf 91' lang='lat' dir='ltr'>obsta·</span> 
     </span>
     <span class='ocr_line' id='line_1_119' title="bbox 1450 1431 2514 1472; baseline 0.001 -11"><span class='ocrx_word' id='word_1_809' title='bbox 1450 1431 1560 1461; x_wconf 92' lang='lat' dir='ltr'>culum</span> <span class='ocrx_word' id='word_1_810' title='bbox 1583 1432 1686 1471; x_wconf 88' lang='lat' dir='ltr'>Regni</span> <span class='ocrx_word' id='word_1_811' title='bbox 1709 1437 1878 1471; x_wconf 87' lang='lat' dir='ltr'>peccatum</span> <span class='ocrx_word' id='word_1_812' title='bbox 1911 1437 1974 1468; x_wconf 90' lang='lat' dir='ltr'>est,</span> <span class='ocrx_word' id='word_1_813' title='bbox 2001 1432 2091 1472; x_wconf 93' lang='lat' dir='ltr'>quod</span> <span class='ocrx_word' id='word_1_814' title='bbox 2120 1433 2212 1463; x_wconf 92' lang='lat' dir='ltr'>nobis</span> <span class='ocrx_word' id='word_1_815' title='bbox 2242 1442 2280 1462; x_wconf 83' lang='lat' dir='ltr'>ex</span> <span class='ocrx_word' id='word_1_816' title='bbox 2303 1433 2366 1463; x_wconf 91' lang='lat' dir='ltr'>alio</span> <span class='ocrx_word' id='word_1_817' title='bbox 2389 1432 2514 1472; x_wconf 92' lang='lat' dir='ltr'>imponi</span> 
     </span>
     <span class='ocr_line' id='line_1_120' title="bbox 1448 1476 2513 1516; baseline 0.001 -11"><span class='ocrx_word' id='word_1_818' title='bbox 1448 1485 1517 1505; x_wconf 91' lang='lat' dir='ltr'>non</span> <span class='ocrx_word' id='word_1_819' title='bbox 1540 1481 1662 1515; x_wconf 89' lang='lat' dir='ltr'>potest:</span> <span class='ocrx_word' id='word_1_820' title='bbox 1689 1476 1764 1516; x_wconf 89' lang='lat' dir='ltr'>quia</span> <span class='ocrx_word' id='word_1_821' title='bbox 1778 1486 1846 1506; x_wconf 91' lang='lat' dir='ltr'>non</span> <span class='ocrx_word' id='word_1_822' title='bbox 1861 1477 1921 1507; x_wconf 90' lang='lat' dir='ltr'>nisi</span> <span class='ocrx_word' id='word_1_823' title='bbox 1944 1476 2109 1507; x_wconf 89' lang='lat' dir='ltr'>voluntate</span> <span class='ocrx_word' id='word_1_824' title='bbox 2124 1482 2285 1516; x_wconf 87' lang='lat' dir='ltr'>peccatur.</span> <span class='ocrx_word' id='word_1_825' title='bbox 2309 1477 2395 1516; x_wconf 87' lang='lat' dir='ltr'>Ergo</span> <span class='ocrx_word' id='word_1_826' title='bbox 2412 1485 2513 1506; x_wconf 90' lang='lat' dir='ltr'>sacer-</span> 
     </span>
     <span class='ocr_line' id='line_1_121' title="bbox 1450 1519 1856 1560; baseline 0.002 -11"><span class='ocrx_word' id='word_1_827' title='bbox 1450 1519 1508 1549; x_wconf 92' lang='lat' dir='ltr'>dos</span> <span class='ocrx_word' id='word_1_828' title='bbox 1531 1520 1627 1559; x_wconf 90' lang='lat' dir='ltr'>ligare</span> <span class='ocrx_word' id='word_1_829' title='bbox 1650 1529 1718 1550; x_wconf 91' lang='lat' dir='ltr'>non</span> <span class='ocrx_word' id='word_1_830' title='bbox 1741 1526 1856 1560; x_wconf 90' lang='lat' dir='ltr'>potest.</span> 
     </span>
    </p>

    <p class='ocr_par' dir='ltr' id='par_1_40' title="bbox 1449 1563 2514 1693">
     <span class='ocr_line' id='line_1_122' title="bbox 1507 1563 2514 1604; baseline 0.002 -11"><span class='ocrx_word' id='word_1_831' title='bbox 1507 1563 1536 1594; x_wconf 83' lang='lat'>3.</span> <span class='ocrx_word' id='word_1_832' title='bbox 1561 1564 1756 1600; x_wconf 62' lang='lat' dir='ltr'>Pnamnmm,</span> <span class='ocrx_word' id='word_1_833' title='bbox 1774 1564 1877 1595; x_wconf 89' lang='lat' dir='ltr'>claves</span> <span class='ocrx_word' id='word_1_834' title='bbox 1902 1574 1940 1594; x_wconf 84' lang='lat' dir='ltr'>ex</span> <span class='ocrx_word' id='word_1_835' title='bbox 1962 1565 2111 1604; x_wconf 89' lang='lat' dir='ltr'>passione</span> <span class='ocrx_word' id='word_1_836' title='bbox 2135 1564 2253 1595; x_wconf 89' lang='lat' dir='ltr'>Christi</span> <span class='ocrx_word' id='word_1_837' title='bbox 2269 1564 2443 1595; x_wconf 90' lang='lat' dir='ltr'>efficaciam</span> <span class='ocrx_word' id='word_1_838' title='bbox 2458 1565 2514 1595; x_wconf 90' lang='lat' dir='ltr'>ha-</span> 
     </span>
     <span class='ocr_line' id='line_1_123' title="bbox 1450 1607 2514 1649; baseline 0.001 -11"><span class='ocrx_word' id='word_1_839' title='bbox 1450 1608 1536 1638; x_wconf 87' lang='lat' dir='ltr'>bent.</span> <span class='ocrx_word' id='word_1_840' title='bbox 1561 1607 1624 1638; x_wconf 92' lang='lat' dir='ltr'>Sed</span> <span class='ocrx_word' id='word_1_841' title='bbox 1645 1608 1742 1648; x_wconf 85' lang='lat' dir='ltr'>ligare</span> <span class='ocrx_word' id='word_1_842' title='bbox 1765 1618 1833 1638; x_wconf 91' lang='lat' dir='ltr'>non</span> <span class='ocrx_word' id='word_1_843' title='bbox 1857 1614 1904 1638; x_wconf 93' lang='lat' dir='ltr'>est</span> <span class='ocrx_word' id='word_1_844' title='bbox 1927 1608 2058 1639; x_wconf 86' lang='lat' dir='ltr'>effectus</span> <span class='ocrx_word' id='word_1_845' title='bbox 2081 1610 2247 1648; x_wconf 87' lang='lat' dir='ltr'>passionis.</span> <span class='ocrx_word' id='word_1_846' title='bbox 2280 1609 2366 1649; x_wconf 90' lang='lat' dir='ltr'>Ergo</span> <span class='ocrx_word' id='word_1_847' title='bbox 2391 1619 2429 1639; x_wconf 88' lang='lat' dir='ltr'>ex</span> <span class='ocrx_word' id='word_1_848' title='bbox 2452 1609 2514 1639; x_wconf 88' lang='lat' dir='ltr'>cla-</span> 
     </span>
     <span class='ocr_line' id='line_1_124' title="bbox 1449 1652 2238 1693; baseline 0.001 -11"><span class='ocrx_word' id='word_1_849' title='bbox 1449 1653 1540 1682; x_wconf 86' lang='lat' dir='ltr'>vium</span> <span class='ocrx_word' id='word_1_850' title='bbox 1562 1657 1719 1692; x_wconf 89' lang='lat' dir='ltr'>potestate</span> <span class='ocrx_word' id='word_1_851' title='bbox 1741 1662 1810 1683; x_wconf 88' lang='lat' dir='ltr'>non</span> <span class='ocrx_word' id='word_1_852' title='bbox 1832 1658 1940 1692; x_wconf 90' lang='lat' dir='ltr'>potest</span> <span class='ocrx_word' id='word_1_853' title='bbox 1962 1652 2109 1683; x_wconf 90' lang='lat' dir='ltr'>sacerdos</span> <span class='ocrx_word' id='word_1_854' title='bbox 2133 1653 2238 1693; x_wconf 90' lang='lat' dir='ltr'>ligare.</span> 
     </span>
    </p>

    <p class='ocr_par' dir='ltr' id='par_1_41' title="bbox 1450 1696 2514 1781">
     <span class='ocr_line' id='line_1_125' title="bbox 1505 1696 2514 1736; baseline 0.001 -11"><span class='ocrx_word' id='word_1_855' title='bbox 1505 1696 1567 1726; x_wconf 72' lang='lat' dir='ltr'>San</span> <span class='ocrx_word' id='word_1_856' title='bbox 1592 1706 1715 1726; x_wconf 75' lang='lat' dir='ltr'>CONTRA</span> <span class='ocrx_word' id='word_1_857' title='bbox 1738 1706 1792 1726; x_wconf 75' lang='lat' dir='ltr'>Esr</span> <span class='ocrx_word' id='word_1_858' title='bbox 1816 1696 1906 1736; x_wconf 92' lang='lat' dir='ltr'>quod</span> <span class='ocrx_word' id='word_1_859' title='bbox 1929 1696 2043 1727; x_wconf 86' lang='lat' dir='ltr'>dicitur</span> <span class='ocrx_word' id='word_1_860' title='bbox 2066 1697 2177 1727; x_wconf 80' lang='lat' dir='ltr'>Matth.</span> <span class='ocrx_word' id='word_1_861' title='bbox 2201 1707 2254 1727; x_wconf 75' lang='lat' dir='ltr'>xw</span> <span class='ocrx_word' id='word_1_862' title='bbox 2269 1698 2302 1727; x_wconf 53' lang='grc' dir='ltr'>*ι</span> <span class='ocrx_word' id='word_1_863' title='bbox 2330 1696 2514 1733; x_wconf 86' lang='lat' dir='ltr'>Quodcum-</span> 
     </span>
     <span class='ocr_line' id='line_1_126' title="bbox 1450 1740 2450 1781; baseline 0.001 -11"><span class='ocrx_word' id='word_1_864' title='bbox 1450 1749 1511 1780; x_wconf 86' lang='lat' dir='ltr'>que</span> <span class='ocrx_word' id='word_1_865' title='bbox 1534 1740 1689 1781; x_wconf 82' lang='lat' dir='ltr'>ligaveris</span> <span class='ocrx_word' id='word_1_866' title='bbox 1711 1750 1808 1780; x_wconf 80' lang='lat' dir='ltr'>super</span> <span class='ocrx_word' id='word_1_867' title='bbox 1831 1745 1961 1776; x_wconf 86' lang='lat' dir='ltr'>terram,</span> <span class='ocrx_word' id='word_1_868' title='bbox 1987 1741 2049 1770; x_wconf 86' lang='lat' dir='ltr'>erit</span> <span class='ocrx_word' id='word_1_869' title='bbox 2071 1741 2208 1781; x_wconf 80' lang='lat' dir='ltr'>ligatum</span> <span class='ocrx_word' id='word_1_870' title='bbox 2232 1747 2263 1771; x_wconf 85' lang='lat' dir='ltr'>et</span> <span class='ocrx_word' id='word_1_871' title='bbox 2286 1742 2318 1772; x_wconf 91' lang='lat' dir='ltr'>in</span> <span class='ocrx_word' id='word_1_872' title='bbox 2343 1741 2450 1771; x_wconf 81' lang='lat' dir='ltr'>caelis.</span> 
     </span>
    </p>

    <p class='ocr_par' dir='ltr' id='par_1_42' title="bbox 1450 1785 2515 1957">
     <span class='ocr_line' id='line_1_127' title="bbox 1507 1785 2514 1826; baseline 0 -12"><span class='ocrx_word' id='word_1_873' title='bbox 1507 1793 1536 1814; x_wconf 88' lang='lat'>2.</span> <span class='ocrx_word' id='word_1_874' title='bbox 1560 1785 1756 1820; x_wconf 73' lang='lat' dir='ltr'>PRAETEREA,</span> <span class='ocrx_word' id='word_1_875' title='bbox 1768 1789 1943 1825; x_wconf 81' lang='lat' dir='ltr'>potestates</span> <span class='ocrx_word' id='word_1_876' title='bbox 1967 1785 2145 1815; x_wconf 84' lang='lat' dir='ltr'>rationales</span> <span class='ocrx_word' id='word_1_877' title='bbox 2167 1790 2243 1815; x_wconf 80' lang='lat' dir='ltr'>sunt</span> <span class='ocrx_word' id='word_1_878' title='bbox 2265 1785 2308 1816; x_wconf 85' lang='lat' dir='ltr'>ad</span> <span class='ocrx_word' id='word_1_879' title='bbox 2327 1785 2472 1826; x_wconf 83' lang='lat' dir='ltr'>opposita</span> <span class='ocrx_word' id='word_1_880' title='bbox 2487 1786 2514 1814; x_wconf 44' lang='grc' dir='ltr'>ὕ.</span> 
     </span>
     <span class='ocr_line' id='line_1_128' title="bbox 1451 1828 2515 1868; baseline 0.001 -10"><span class='ocrx_word' id='word_1_881' title='bbox 1451 1828 1514 1858; x_wconf 92' lang='lat' dir='ltr'>Sed</span> <span class='ocrx_word' id='word_1_882' title='bbox 1535 1833 1676 1868; x_wconf 91' lang='lat' dir='ltr'>potestas</span> <span class='ocrx_word' id='word_1_883' title='bbox 1701 1829 1837 1859; x_wconf 90' lang='lat' dir='ltr'>clavium</span> <span class='ocrx_word' id='word_1_884' title='bbox 1861 1834 1908 1859; x_wconf 92' lang='lat' dir='ltr'>est</span> <span class='ocrx_word' id='word_1_885' title='bbox 1930 1834 2070 1868; x_wconf 90' lang='lat' dir='ltr'>potestas</span> <span class='ocrx_word' id='word_1_886' title='bbox 2093 1830 2269 1860; x_wconf 85' lang='lat' dir='ltr'>rationalis:</span> <span class='ocrx_word' id='word_1_887' title='bbox 2303 1839 2378 1860; x_wconf 91' lang='lat' dir='ltr'>cum</span> <span class='ocrx_word' id='word_1_888' title='bbox 2401 1830 2515 1859; x_wconf 88' lang='lat' dir='ltr'>habeat</span> 
     </span>
     <span class='ocr_line' id='line_1_129' title="bbox 1451 1872 2514 1914; baseline 0.002 -12"><span class='ocrx_word' id='word_1_889' title='bbox 1451 1872 1675 1903; x_wconf 87' lang='lat' dir='ltr'>discretionem</span> <span class='ocrx_word' id='word_1_890' title='bbox 1691 1872 1884 1904; x_wconf 88' lang='lat' dir='ltr'>adiunctam.</span> <span class='ocrx_word' id='word_1_891' title='bbox 1908 1873 1994 1913; x_wconf 86' lang='lat' dir='ltr'>Ergo</span> <span class='ocrx_word' id='word_1_892' title='bbox 2011 1874 2106 1904; x_wconf 89' lang='lat' dir='ltr'>habet</span> <span class='ocrx_word' id='word_1_893' title='bbox 2122 1883 2155 1904; x_wconf 91' lang='lat' dir='ltr'>se</span> <span class='ocrx_word' id='word_1_894' title='bbox 2179 1873 2218 1904; x_wconf 90' lang='lat' dir='ltr'>ad</span> <span class='ocrx_word' id='word_1_895' title='bbox 2235 1874 2393 1914; x_wconf 88' lang='lat' dir='ltr'>opposita.</span> <span class='ocrx_word' id='word_1_896' title='bbox 2418 1873 2514 1913; x_wconf 85' lang='lat' dir='ltr'>Ergo,</span> 
     </span>
     <span class='ocr_line' id='line_1_130' title="bbox 1450 1917 2068 1957; baseline 0.003 -11"><span class='ocrx_word' id='word_1_897' title='bbox 1450 1917 1476 1946; x_wconf 91' lang='lat' dir='ltr'>si</span> <span class='ocrx_word' id='word_1_898' title='bbox 1498 1922 1606 1957; x_wconf 89' lang='lat' dir='ltr'>potest</span> <span class='ocrx_word' id='word_1_899' title='bbox 1628 1917 1762 1953; x_wconf 90' lang='lat' dir='ltr'>solvere,</span> <span class='ocrx_word' id='word_1_900' title='bbox 1778 1923 1885 1957; x_wconf 92' lang='lat' dir='ltr'>potest</span> <span class='ocrx_word' id='word_1_901' title='bbox 1908 1923 1940 1948; x_wconf 90' lang='lat' dir='ltr'>et</span> <span class='ocrx_word' id='word_1_902' title='bbox 1962 1917 2068 1957; x_wconf 86' lang='lat' dir='ltr'>ligare.</span> 
     </span>
    </p>

    <p class='ocr_par' dir='ltr' id='par_1_43' title="bbox 1450 1961 2516 2797">
     <span class='ocr_line' id='line_1_131' title="bbox 1505 1961 2516 2002; baseline 0.001 -11"><span class='ocrx_word' id='word_1_903' title='bbox 1505 1962 1694 1992; x_wconf 62' lang='lat' dir='ltr'>Rnsponmzo</span> <span class='ocrx_word' id='word_1_904' title='bbox 1718 1971 1878 1992; x_wconf 65' lang='lat' dir='ltr'>nrcannum</span> <span class='ocrx_word' id='word_1_905' title='bbox 1901 1961 1991 2002; x_wconf 92' lang='lat' dir='ltr'>quod</span> <span class='ocrx_word' id='word_1_906' title='bbox 2023 1963 2167 2002; x_wconf 90' lang='lat' dir='ltr'>operatio</span> <span class='ocrx_word' id='word_1_907' title='bbox 2197 1961 2369 1993; x_wconf 89' lang='lat' dir='ltr'>sacerdotis</span> <span class='ocrx_word' id='word_1_908' title='bbox 2397 1963 2430 1992; x_wconf 92' lang='lat' dir='ltr'>in</span> <span class='ocrx_word' id='word_1_909' title='bbox 2454 1971 2516 1992; x_wconf 91' lang='lat' dir='ltr'>usu</span> 
     </span>
     <span class='ocr_line' id='line_1_132' title="bbox 1451 2005 2514 2046; baseline 0.001 -11"><span class='ocrx_word' id='word_1_910' title='bbox 1451 2005 1589 2035; x_wconf 89' lang='lat' dir='ltr'>clavium</span> <span class='ocrx_word' id='word_1_911' title='bbox 1614 2011 1660 2035; x_wconf 92' lang='lat' dir='ltr'>est</span> <span class='ocrx_word' id='word_1_912' title='bbox 1684 2005 1860 2036; x_wconf 89' lang='lat' dir='ltr'>conformis</span> <span class='ocrx_word' id='word_1_913' title='bbox 1882 2006 1944 2036; x_wconf 90' lang='lat' dir='ltr'>Dei</span> <span class='ocrx_word' id='word_1_914' title='bbox 1968 2007 2157 2046; x_wconf 90' lang='lat' dir='ltr'>operationi,</span> <span class='ocrx_word' id='word_1_915' title='bbox 2180 2007 2271 2036; x_wconf 92' lang='lat' dir='ltr'>cuius</span> <span class='ocrx_word' id='word_1_916' title='bbox 2293 2007 2436 2036; x_wconf 88' lang='lat' dir='ltr'>minister</span> <span class='ocrx_word' id='word_1_917' title='bbox 2459 2011 2514 2036; x_wconf 91' lang='lat' dir='ltr'>est.</span> 
     </span>
     <span class='ocr_line' id='line_1_133' title="bbox 1451 2049 2515 2090; baseline 0.001 -11"><span class='ocrx_word' id='word_1_918' title='bbox 1451 2049 1539 2079; x_wconf 91' lang='lat' dir='ltr'>Deus</span> <span class='ocrx_word' id='word_1_919' title='bbox 1562 2055 1670 2080; x_wconf 89' lang='lat' dir='ltr'>autem</span> <span class='ocrx_word' id='word_1_920' title='bbox 1693 2050 1788 2080; x_wconf 87' lang='lat' dir='ltr'>habet</span> <span class='ocrx_word' id='word_1_921' title='bbox 1811 2051 2033 2090; x_wconf 88' lang='lat' dir='ltr'>operationem</span> <span class='ocrx_word' id='word_1_922' title='bbox 2065 2055 2096 2080; x_wconf 92' lang='lat' dir='ltr'>et</span> <span class='ocrx_word' id='word_1_923' title='bbox 2118 2051 2152 2080; x_wconf 92' lang='lat' dir='ltr'>in</span> <span class='ocrx_word' id='word_1_924' title='bbox 2176 2050 2303 2090; x_wconf 89' lang='lat' dir='ltr'>culpam</span> <span class='ocrx_word' id='word_1_925' title='bbox 2328 2056 2359 2080; x_wconf 93' lang='lat' dir='ltr'>et</span> <span class='ocrx_word' id='word_1_926' title='bbox 2381 2051 2414 2080; x_wconf 93' lang='lat' dir='ltr'>in</span> <span class='ocrx_word' id='word_1_927' title='bbox 2436 2059 2515 2090; x_wconf 90' lang='lat' dir='ltr'>poe-</span> 
     </span>
     <span class='ocr_line' id='line_1_134' title="bbox 1450 2093 2516 2134; baseline 0.001 -11"><span class='ocrx_word' id='word_1_928' title='bbox 1450 2103 1535 2123; x_wconf 89' lang='lat' dir='ltr'>nam.</span> <span class='ocrx_word' id='word_1_929' title='bbox 1561 2093 1624 2124; x_wconf 91' lang='lat' dir='ltr'>Sed</span> <span class='ocrx_word' id='word_1_930' title='bbox 1646 2094 1680 2124; x_wconf 93' lang='lat' dir='ltr'>in</span> <span class='ocrx_word' id='word_1_931' title='bbox 1704 2094 1832 2134; x_wconf 91' lang='lat' dir='ltr'>culpam</span> <span class='ocrx_word' id='word_1_932' title='bbox 1856 2094 1895 2124; x_wconf 89' lang='lat' dir='ltr'>ad</span> <span class='ocrx_word' id='word_1_933' title='bbox 1919 2093 2150 2124; x_wconf 90' lang='lat' dir='ltr'>absolvendum</span> <span class='ocrx_word' id='word_1_934' title='bbox 2174 2093 2305 2134; x_wconf 92' lang='lat' dir='ltr'>quidem</span> <span class='ocrx_word' id='word_1_935' title='bbox 2328 2094 2456 2130; x_wconf 90' lang='lat' dir='ltr'>directe,</span> <span class='ocrx_word' id='word_1_936' title='bbox 2476 2094 2516 2124; x_wconf 90' lang='lat' dir='ltr'>ad</span> 
     </span>
     <span class='ocr_line' id='line_1_135' title="bbox 1450 2136 2516 2178; baseline 0 -11"><span class='ocrx_word' id='word_1_937' title='bbox 1450 2136 1616 2177; x_wconf 86' lang='lat' dir='ltr'>ligandum</span> <span class='ocrx_word' id='word_1_938' title='bbox 1648 2143 1756 2168; x_wconf 91' lang='lat' dir='ltr'>autem</span> <span class='ocrx_word' id='word_1_939' title='bbox 1788 2137 1940 2168; x_wconf 90' lang='lat' dir='ltr'>indirecte</span> <span class='ocrx_word' id='word_1_940' title='bbox 1953 2162 1960 2174; x_wconf 89' lang='lat'>,</span> <span class='ocrx_word' id='word_1_941' title='bbox 1985 2138 2178 2178; x_wconf 86' lang='lat' dir='ltr'>inquantum</span> <span class='ocrx_word' id='word_1_942' title='bbox 2212 2138 2374 2169; x_wconf 85' lang='lat' dir='ltr'>obdurare</span> <span class='ocrx_word' id='word_1_943' title='bbox 2402 2138 2516 2169; x_wconf 89' lang='lat' dir='ltr'>dicitur</span> 
     </span>
     <span class='ocr_line' id='line_1_136' title="bbox 1451 2181 2515 2223; baseline 0.001 -12"><span class='ocrx_word' id='word_1_944' title='bbox 1451 2181 1529 2211; x_wconf 91' lang='lat' dir='ltr'>dum</span> <span class='ocrx_word' id='word_1_945' title='bbox 1552 2182 1684 2221; x_wconf 90' lang='lat' dir='ltr'>gratiam</span> <span class='ocrx_word' id='word_1_946' title='bbox 1707 2191 1775 2212; x_wconf 91' lang='lat' dir='ltr'>non</span> <span class='ocrx_word' id='word_1_947' title='bbox 1790 2182 1928 2222; x_wconf 88' lang='lat' dir='ltr'>largitur.</span> <span class='ocrx_word' id='word_1_948' title='bbox 1954 2182 2017 2213; x_wconf 93' lang='lat' dir='ltr'>Sed</span> <span class='ocrx_word' id='word_1_949' title='bbox 2031 2183 2065 2212; x_wconf 93' lang='lat' dir='ltr'>in</span> <span class='ocrx_word' id='word_1_950' title='bbox 2087 2192 2228 2222; x_wconf 89' lang='lat' dir='ltr'>poenam</span> <span class='ocrx_word' id='word_1_951' title='bbox 2242 2183 2340 2213; x_wconf 89' lang='lat' dir='ltr'>habet</span> <span class='ocrx_word' id='word_1_952' title='bbox 2357 2183 2515 2223; x_wconf 89' lang='lat' dir='ltr'>operatio-</span> 
     </span>
     <span class='ocr_line' id='line_1_137' title="bbox 1450 2225 2514 2267; baseline 0.001 -11"><span class='ocrx_word' id='word_1_953' title='bbox 1450 2235 1526 2256; x_wconf 91' lang='lat' dir='ltr'>nem</span> <span class='ocrx_word' id='word_1_954' title='bbox 1543 2225 1660 2256; x_wconf 90' lang='lat' dir='ltr'>directe</span> <span class='ocrx_word' id='word_1_955' title='bbox 1677 2232 1834 2266; x_wconf 90' lang='lat' dir='ltr'>quantum</span> <span class='ocrx_word' id='word_1_956' title='bbox 1850 2226 1890 2256; x_wconf 92' lang='lat' dir='ltr'>ad</span> <span class='ocrx_word' id='word_1_957' title='bbox 1905 2231 2096 2266; x_wconf 88' lang='lat' dir='ltr'>utrumque:</span> <span class='ocrx_word' id='word_1_958' title='bbox 2114 2227 2190 2266; x_wconf 89' lang='lat' dir='ltr'>quia</span> <span class='ocrx_word' id='word_1_959' title='bbox 2203 2232 2233 2257; x_wconf 91' lang='lat' dir='ltr'>et</span> <span class='ocrx_word' id='word_1_960' title='bbox 2248 2236 2388 2267; x_wconf 89' lang='lat' dir='ltr'>poenam</span> <span class='ocrx_word' id='word_1_961' title='bbox 2404 2227 2514 2267; x_wconf 87' lang='lat' dir='ltr'>parcit,</span> 
     </span>
     <span class='ocr_line' id='line_1_138' title="bbox 1452 2270 2515 2311; baseline 0.001 -11"><span class='ocrx_word' id='word_1_962' title='bbox 1452 2275 1483 2300; x_wconf 92' lang='lat' dir='ltr'>et</span> <span class='ocrx_word' id='word_1_963' title='bbox 1506 2279 1646 2310; x_wconf 87' lang='lat' dir='ltr'>poenam</span> <span class='ocrx_word' id='word_1_964' title='bbox 1669 2270 1792 2310; x_wconf 88' lang='lat' dir='ltr'>infligit.</span> <span class='ocrx_word' id='word_1_965' title='bbox 1818 2270 1968 2301; x_wconf 90' lang='lat' dir='ltr'>Similiter</span> <span class='ocrx_word' id='word_1_966' title='bbox 1992 2280 2067 2311; x_wconf 88' lang='lat' dir='ltr'>ergo</span> <span class='ocrx_word' id='word_1_967' title='bbox 2091 2275 2123 2300; x_wconf 92' lang='lat' dir='ltr'>et</span> <span class='ocrx_word' id='word_1_968' title='bbox 2145 2270 2301 2307; x_wconf 90' lang='lat' dir='ltr'>sacerdos,</span> <span class='ocrx_word' id='word_1_969' title='bbox 2324 2272 2382 2301; x_wconf 89' lang='lat' dir='ltr'>etsi</span> <span class='ocrx_word' id='word_1_970' title='bbox 2404 2272 2438 2301; x_wconf 89' lang='lat' dir='ltr'>in</span> <span class='ocrx_word' id='word_1_971' title='bbox 2461 2271 2515 2301; x_wconf 87' lang='lat' dir='ltr'>ab-</span> 
     </span>
     <span class='ocr_line' id='line_1_139' title="bbox 1451 2314 2514 2355; baseline 0 -11"><span class='ocrx_word' id='word_1_972' title='bbox 1451 2314 1607 2344; x_wconf 92' lang='lat' dir='ltr'>solvendo</span> <span class='ocrx_word' id='word_1_973' title='bbox 1632 2324 1670 2345; x_wconf 88' lang='lat' dir='ltr'>ex</span> <span class='ocrx_word' id='word_1_974' title='bbox 1693 2315 1725 2344; x_wconf 91' lang='lat' dir='ltr'>vi</span> <span class='ocrx_word' id='word_1_975' title='bbox 1748 2315 1886 2345; x_wconf 82' lang='lat' dir='ltr'>clavium</span> <span class='ocrx_word' id='word_1_976' title='bbox 1909 2315 2024 2345; x_wconf 89' lang='lat' dir='ltr'>habeat</span> <span class='ocrx_word' id='word_1_977' title='bbox 2046 2315 2186 2354; x_wconf 90' lang='lat' dir='ltr'>aliquam</span> <span class='ocrx_word' id='word_1_978' title='bbox 2219 2316 2440 2355; x_wconf 89' lang='lat' dir='ltr'>operationem</span> <span class='ocrx_word' id='word_1_979' title='bbox 2463 2325 2514 2345; x_wconf 91' lang='lat' dir='ltr'>or-</span> 
     </span>
     <span class='ocr_line' id='line_1_140' title="bbox 1452 2357 2514 2398; baseline 0.001 -10"><span class='ocrx_word' id='word_1_980' title='bbox 1452 2357 1592 2388; x_wconf 90' lang='lat' dir='ltr'>dinatam</span> <span class='ocrx_word' id='word_1_981' title='bbox 1616 2358 1655 2388; x_wconf 92' lang='lat' dir='ltr'>ad</span> <span class='ocrx_word' id='word_1_982' title='bbox 1678 2359 1792 2398; x_wconf 89' lang='lat' dir='ltr'>culpae</span> <span class='ocrx_word' id='word_1_983' title='bbox 1819 2358 2037 2389; x_wconf 90' lang='lat' dir='ltr'>dimissionem</span> <span class='ocrx_word' id='word_1_984' title='bbox 2068 2358 2168 2389; x_wconf 93' lang='lat' dir='ltr'>modo</span> <span class='ocrx_word' id='word_1_985' title='bbox 2191 2360 2254 2389; x_wconf 90' lang='lat' dir='ltr'>iam</span> <span class='ocrx_word' id='word_1_986' title='bbox 2285 2359 2370 2390; x_wconf 92' lang='lat' dir='ltr'>dicto</span> <span class='ocrx_word' id='word_1_987' title='bbox 2386 2360 2419 2395; x_wconf 40' lang='grc' dir='ltr'>ᾗ,</span> <span class='ocrx_word' id='word_1_988' title='bbox 2447 2369 2514 2389; x_wconf 92' lang='lat' dir='ltr'>non</span> 
     </span>
     <span class='ocr_line' id='line_1_141' title="bbox 1451 2402 2516 2444; baseline 0.001 -12"><span class='ocrx_word' id='word_1_989' title='bbox 1451 2407 1559 2432; x_wconf 89' lang='lat' dir='ltr'>tamen</span> <span class='ocrx_word' id='word_1_990' title='bbox 1575 2402 1703 2442; x_wconf 91' lang='lat' dir='ltr'>ligando</span> <span class='ocrx_word' id='word_1_991' title='bbox 1721 2403 1860 2443; x_wconf 88' lang='lat' dir='ltr'>aliquam</span> <span class='ocrx_word' id='word_1_992' title='bbox 1885 2404 2105 2443; x_wconf 89' lang='lat' dir='ltr'>operationem</span> <span class='ocrx_word' id='word_1_993' title='bbox 2121 2403 2216 2433; x_wconf 93' lang='lat' dir='ltr'>habet</span> <span class='ocrx_word' id='word_1_994' title='bbox 2231 2404 2265 2433; x_wconf 88' lang='lat' dir='ltr'>in</span> <span class='ocrx_word' id='word_1_995' title='bbox 2286 2404 2430 2444; x_wconf 86' lang='lat' dir='ltr'>culpam:</span> <span class='ocrx_word' id='word_1_996' title='bbox 2454 2404 2516 2433; x_wconf 92' lang='lat' dir='ltr'>nisi</span> 
     </span>
     <span class='ocr_line' id='line_1_142' title="bbox 1451 2446 2513 2487; baseline 0.001 -11"><span class='ocrx_word' id='word_1_997' title='bbox 1451 2446 1547 2486; x_wconf 87' lang='lat' dir='ltr'>ligare</span> <span class='ocrx_word' id='word_1_998' title='bbox 1571 2446 1693 2477; x_wconf 89' lang='lat' dir='ltr'>dicatur</span> <span class='ocrx_word' id='word_1_999' title='bbox 1708 2448 1900 2487; x_wconf 91' lang='lat' dir='ltr'>inquantum</span> <span class='ocrx_word' id='word_1_1000' title='bbox 1923 2457 1991 2477; x_wconf 92' lang='lat' dir='ltr'>non</span> <span class='ocrx_word' id='word_1_1001' title='bbox 2007 2447 2140 2478; x_wconf 91' lang='lat' dir='ltr'>absolvit</span> <span class='ocrx_word' id='word_1_1002' title='bbox 2162 2447 2218 2477; x_wconf 92' lang='lat' dir='ltr'>sed</span> <span class='ocrx_word' id='word_1_1003' title='bbox 2233 2447 2345 2487; x_wconf 91' lang='lat' dir='ltr'>ligatos</span> <span class='ocrx_word' id='word_1_1004' title='bbox 2366 2447 2513 2479; x_wconf 87' lang='lat' dir='ltr'>ostendit.</span> 
     </span>
     <span class='ocr_line' id='line_1_143' title="bbox 1452 2490 2513 2531; baseline 0 -10"><span class='ocrx_word' id='word_1_1005' title='bbox 1452 2490 1515 2521; x_wconf 93' lang='lat' dir='ltr'>Sed</span> <span class='ocrx_word' id='word_1_1006' title='bbox 1537 2492 1569 2521; x_wconf 87' lang='lat' dir='ltr'>in</span> <span class='ocrx_word' id='word_1_1007' title='bbox 1594 2500 1734 2531; x_wconf 89' lang='lat' dir='ltr'>poenam</span> <span class='ocrx_word' id='word_1_1008' title='bbox 1764 2492 1859 2521; x_wconf 90' lang='lat' dir='ltr'>habet</span> <span class='ocrx_word' id='word_1_1009' title='bbox 1888 2497 2080 2531; x_wconf 90' lang='lat' dir='ltr'>potestatem</span> <span class='ocrx_word' id='word_1_1010' title='bbox 2104 2497 2135 2521; x_wconf 93' lang='lat' dir='ltr'>et</span> <span class='ocrx_word' id='word_1_1011' title='bbox 2157 2491 2275 2530; x_wconf 89' lang='lat' dir='ltr'>ligandi</span> <span class='ocrx_word' id='word_1_1012' title='bbox 2299 2497 2330 2522; x_wconf 90' lang='lat' dir='ltr'>et</span> <span class='ocrx_word' id='word_1_1013' title='bbox 2359 2491 2513 2522; x_wconf 89' lang='lat' dir='ltr'>solvendi.</span> 
     </span>
     <span class='ocr_line' id='line_1_144' title="bbox 1452 2535 2515 2576; baseline 0 -10"><span class='ocrx_word' id='word_1_1014' title='bbox 1452 2535 1554 2566; x_wconf 91' lang='lat' dir='ltr'>Solvit</span> <span class='ocrx_word' id='word_1_1015' title='bbox 1577 2536 1663 2565; x_wconf 90' lang='lat' dir='ltr'>enim</span> <span class='ocrx_word' id='word_1_1016' title='bbox 1687 2545 1704 2565; x_wconf 91' lang='lat' dir='ltr'>a</span> <span class='ocrx_word' id='word_1_1017' title='bbox 1727 2545 1833 2575; x_wconf 90' lang='lat' dir='ltr'>poena</span> <span class='ocrx_word' id='word_1_1018' title='bbox 1857 2545 1955 2575; x_wconf 90' lang='lat' dir='ltr'>quam</span> <span class='ocrx_word' id='word_1_1019' title='bbox 1979 2535 2117 2571; x_wconf 90' lang='lat' dir='ltr'>dimittit,</span> <span class='ocrx_word' id='word_1_1020' title='bbox 2138 2535 2193 2566; x_wconf 92' lang='lat' dir='ltr'>sed</span> <span class='ocrx_word' id='word_1_1021' title='bbox 2215 2536 2291 2575; x_wconf 91' lang='lat' dir='ltr'>ligat</span> <span class='ocrx_word' id='word_1_1022' title='bbox 2313 2535 2353 2566; x_wconf 90' lang='lat' dir='ltr'>ad</span> <span class='ocrx_word' id='word_1_1023' title='bbox 2375 2545 2515 2576; x_wconf 91' lang='lat' dir='ltr'>poenam</span> 
     </span>
     <span class='ocr_line' id='line_1_145' title="bbox 1452 2579 2514 2620; baseline 0.001 -11"><span class='ocrx_word' id='word_1_1024' title='bbox 1452 2589 1535 2619; x_wconf 92' lang='lat' dir='ltr'>quae</span> <span class='ocrx_word' id='word_1_1025' title='bbox 1558 2585 1710 2610; x_wconf 90' lang='lat' dir='ltr'>remanet.</span> <span class='ocrx_word' id='word_1_1026' title='bbox 1735 2579 1798 2610; x_wconf 90' lang='lat' dir='ltr'>Sed</span> <span class='ocrx_word' id='word_1_1027' title='bbox 1821 2579 1860 2610; x_wconf 91' lang='lat' dir='ltr'>ad</span> <span class='ocrx_word' id='word_1_1028' title='bbox 1882 2580 1964 2610; x_wconf 90' lang='lat' dir='ltr'>hanc</span> <span class='ocrx_word' id='word_1_1029' title='bbox 1987 2580 2083 2620; x_wconf 89' lang='lat' dir='ltr'>ligare</span> <span class='ocrx_word' id='word_1_1030' title='bbox 2102 2579 2270 2620; x_wconf 90' lang='lat' dir='ltr'>dupliciter</span> <span class='ocrx_word' id='word_1_1031' title='bbox 2293 2580 2416 2610; x_wconf 85' lang='lat' dir='ltr'>dicitur.</span> <span class='ocrx_word' id='word_1_1032' title='bbox 2440 2580 2514 2611; x_wconf 93' lang='lat' dir='ltr'>Uno</span> 
     </span>
     <span class='ocr_line' id='line_1_146' title="bbox 1451 2623 2516 2664; baseline 0 -10"><span class='ocrx_word' id='word_1_1033' title='bbox 1451 2623 1563 2660; x_wconf 87' lang='lat' dir='ltr'>modo,</span> <span class='ocrx_word' id='word_1_1034' title='bbox 1589 2623 1822 2663; x_wconf 81' lang='lat' dir='ltr'>considerando</span> <span class='ocrx_word' id='word_1_1035' title='bbox 1854 2624 1957 2664; x_wconf 92' lang='lat' dir='ltr'>ipsam</span> <span class='ocrx_word' id='word_1_1036' title='bbox 1981 2625 2190 2664; x_wconf 90' lang='lat' dir='ltr'>quantitatem</span> <span class='ocrx_word' id='word_1_1037' title='bbox 2222 2634 2347 2664; x_wconf 90' lang='lat' dir='ltr'>poenae</span> <span class='ocrx_word' id='word_1_1038' title='bbox 2370 2625 2403 2654; x_wconf 90' lang='lat' dir='ltr'>in</span> <span class='ocrx_word' id='word_1_1039' title='bbox 2427 2634 2516 2654; x_wconf 87' lang='lat' dir='ltr'>com-</span> 
     </span>
     <span class='ocr_line' id='line_1_147' title="bbox 1451 2667 2516 2708; baseline 0 -10"><span class='ocrx_word' id='word_1_1040' title='bbox 1451 2669 1560 2698; x_wconf 89' lang='lat' dir='ltr'>muni:</span> <span class='ocrx_word' id='word_1_1041' title='bbox 1585 2673 1616 2698; x_wconf 89' lang='lat' dir='ltr'>et</span> <span class='ocrx_word' id='word_1_1042' title='bbox 1631 2669 1676 2698; x_wconf 91' lang='lat' dir='ltr'>sic</span> <span class='ocrx_word' id='word_1_1043' title='bbox 1692 2678 1760 2698; x_wconf 92' lang='lat' dir='ltr'>non</span> <span class='ocrx_word' id='word_1_1044' title='bbox 1779 2668 1865 2708; x_wconf 89' lang='lat' dir='ltr'>ligat,</span> <span class='ocrx_word' id='word_1_1045' title='bbox 1881 2669 1942 2698; x_wconf 90' lang='lat' dir='ltr'>nisi</span> <span class='ocrx_word' id='word_1_1046' title='bbox 1957 2669 2150 2708; x_wconf 91' lang='lat' dir='ltr'>inquantum</span> <span class='ocrx_word' id='word_1_1047' title='bbox 2169 2678 2237 2698; x_wconf 91' lang='lat' dir='ltr'>non</span> <span class='ocrx_word' id='word_1_1048' title='bbox 2261 2668 2355 2698; x_wconf 93' lang='lat' dir='ltr'>solvit</span> <span class='ocrx_word' id='word_1_1049' title='bbox 2370 2667 2425 2698; x_wconf 92' lang='lat' dir='ltr'>sed</span> <span class='ocrx_word' id='word_1_1050' title='bbox 2440 2669 2516 2708; x_wconf 88' lang='lat' dir='ltr'>liga-</span> 
     </span>
     <span class='ocr_line' id='line_1_148' title="bbox 1452 2712 2515 2753; baseline 0.001 -11"><span class='ocrx_word' id='word_1_1051' title='bbox 1452 2718 1522 2742; x_wconf 87' lang='lat' dir='ltr'>tum</span> <span class='ocrx_word' id='word_1_1052' title='bbox 1546 2712 1694 2743; x_wconf 89' lang='lat' dir='ltr'>ostendit.</span> <span class='ocrx_word' id='word_1_1053' title='bbox 1729 2712 1803 2743; x_wconf 93' lang='lat' dir='ltr'>Alio</span> <span class='ocrx_word' id='word_1_1054' title='bbox 1826 2712 1939 2749; x_wconf 87' lang='lat' dir='ltr'>modo,</span> <span class='ocrx_word' id='word_1_1055' title='bbox 1957 2712 2188 2743; x_wconf 88' lang='lat' dir='ltr'>considerando</span> <span class='ocrx_word' id='word_1_1056' title='bbox 2210 2722 2350 2753; x_wconf 89' lang='lat' dir='ltr'>poenam</span> <span class='ocrx_word' id='word_1_1057' title='bbox 2366 2713 2448 2743; x_wconf 91' lang='lat' dir='ltr'>hanc</span> <span class='ocrx_word' id='word_1_1058' title='bbox 2464 2713 2515 2743; x_wconf 89' lang='lat' dir='ltr'>vel</span> 
     </span>
     <span class='ocr_line' id='line_1_149' title="bbox 1451 2756 2514 2797; baseline 0 -10"><span class='ocrx_word' id='word_1_1059' title='bbox 1451 2757 1539 2787; x_wconf 85' lang='lat' dir='ltr'>illam</span> <span class='ocrx_word' id='word_1_1060' title='bbox 1556 2756 1780 2787; x_wconf 88' lang='lat' dir='ltr'>determinate:</span> <span class='ocrx_word' id='word_1_1061' title='bbox 1805 2762 1836 2787; x_wconf 89' lang='lat' dir='ltr'>et</span> <span class='ocrx_word' id='word_1_1062' title='bbox 1852 2757 1896 2787; x_wconf 89' lang='lat' dir='ltr'>sic</span> <span class='ocrx_word' id='word_1_1063' title='bbox 1911 2757 1987 2797; x_wconf 89' lang='lat' dir='ltr'>ligat</span> <span class='ocrx_word' id='word_1_1064' title='bbox 2007 2757 2047 2787; x_wconf 86' lang='lat' dir='ltr'>ad</span> <span class='ocrx_word' id='word_1_1065' title='bbox 2061 2766 2202 2797; x_wconf 90' lang='lat' dir='ltr'>poenam</span> <span class='ocrx_word' id='word_1_1066' title='bbox 2217 2757 2416 2797; x_wconf 90' lang='lat' dir='ltr'>imponendo</span> <span class='ocrx_word' id='word_1_1067' title='bbox 2434 2767 2514 2787; x_wconf 89' lang='lat' dir='ltr'>eam.</span> 
     </span>
    </p>

    <p class='ocr_par' dir='ltr' id='par_1_44' title="bbox 1453 2800 2516 2885">
     <span class='ocr_line' id='line_1_150' title="bbox 1507 2800 2516 2841; baseline 0 -10"><span class='ocrx_word' id='word_1_1068' title='bbox 1507 2802 1558 2831; x_wconf 84' lang='lat' dir='ltr'>AD</span> <span class='ocrx_word' id='word_1_1069' title='bbox 1582 2811 1699 2831; x_wconf 77' lang='lat' dir='ltr'>PRIMUM</span> <span class='ocrx_word' id='word_1_1070' title='bbox 1722 2811 1804 2831; x_wconf 80' lang='lat' dir='ltr'>ERGO</span> <span class='ocrx_word' id='word_1_1071' title='bbox 1821 2811 1980 2831; x_wconf 69' lang='lat' dir='ltr'>mcmvntm</span> <span class='ocrx_word' id='word_1_1072' title='bbox 2004 2800 2093 2841; x_wconf 93' lang='lat' dir='ltr'>quod</span> <span class='ocrx_word' id='word_1_1073' title='bbox 2116 2801 2195 2831; x_wconf 93' lang='lat' dir='ltr'>illud</span> <span class='ocrx_word' id='word_1_1074' title='bbox 2213 2801 2375 2831; x_wconf 89' lang='lat' dir='ltr'>residuum</span> <span class='ocrx_word' id='word_1_1075' title='bbox 2391 2811 2516 2841; x_wconf 88' lang='lat' dir='ltr'>poenae</span> 
     </span>
     <span class='ocr_line' id='line_1_151' title="bbox 1453 2845 2514 2885; baseline 0 -10"><span class='ocrx_word' id='word_1_1076' title='bbox 1453 2845 1492 2875; x_wconf 92' lang='lat' dir='ltr'>ad</span> <span class='ocrx_word' id='word_1_1077' title='bbox 1516 2845 1606 2885; x_wconf 92' lang='lat' dir='ltr'>quod</span> <span class='ocrx_word' id='word_1_1078' title='bbox 1621 2845 1750 2885; x_wconf 85' lang='lat' dir='ltr'>obligat,</span> <span class='ocrx_word' id='word_1_1079' title='bbox 1764 2851 1811 2875; x_wconf 88' lang='lat' dir='ltr'>est</span> <span class='ocrx_word' id='word_1_1080' title='bbox 1826 2845 1984 2876; x_wconf 90' lang='lat' dir='ltr'>medicina</span> <span class='ocrx_word' id='word_1_1081' title='bbox 1999 2855 2138 2885; x_wconf 89' lang='lat' dir='ltr'>purgans</span> <span class='ocrx_word' id='word_1_1082' title='bbox 2150 2846 2273 2885; x_wconf 89' lang='lat' dir='ltr'>peccati</span> <span class='ocrx_word' id='word_1_1083' title='bbox 2288 2846 2514 2885; x_wconf 89' lang='lat' dir='ltr'>impuritatem.</span> 
     </span>
    </p>

    <p class='ocr_par' dir='ltr' id='par_1_45' title="bbox 1452 2889 2515 3018">
     <span class='ocr_line' id='line_1_152' title="bbox 1507 2889 2515 2929; baseline 0.001 -10"><span class='ocrx_word' id='word_1_1084' title='bbox 1507 2890 1557 2919; x_wconf 85' lang='lat' dir='ltr'>An</span> <span class='ocrx_word' id='word_1_1085' title='bbox 1582 2898 1744 2919; x_wconf 75' lang='lat' dir='ltr'>sactmmm</span> <span class='ocrx_word' id='word_1_1086' title='bbox 1774 2899 1934 2920; x_wconf 59' lang='lat' dir='ltr'>menmium</span> <span class='ocrx_word' id='word_1_1087' title='bbox 1964 2889 2053 2929; x_wconf 92' lang='lat' dir='ltr'>quod</span> <span class='ocrx_word' id='word_1_1088' title='bbox 2083 2890 2284 2920; x_wconf 89' lang='lat' dir='ltr'>obstaculum</span> <span class='ocrx_word' id='word_1_1089' title='bbox 2314 2890 2417 2929; x_wconf 90' lang='lat' dir='ltr'>Regni</span> <span class='ocrx_word' id='word_1_1090' title='bbox 2447 2899 2515 2920; x_wconf 92' lang='lat' dir='ltr'>non</span> 
     </span>
     <span class='ocr_line' id='line_1_153' title="bbox 1452 2933 2515 2974; baseline 0 -10"><span class='ocrx_word' id='word_1_1091' title='bbox 1452 2934 1559 2964; x_wconf 90' lang='lat' dir='ltr'>solum</span> <span class='ocrx_word' id='word_1_1092' title='bbox 1583 2939 1630 2964; x_wconf 91' lang='lat' dir='ltr'>est</span> <span class='ocrx_word' id='word_1_1093' title='bbox 1651 2939 1831 2973; x_wconf 90' lang='lat' dir='ltr'>peccatum,</span> <span class='ocrx_word' id='word_1_1094' title='bbox 1848 2933 1904 2964; x_wconf 92' lang='lat' dir='ltr'>sed</span> <span class='ocrx_word' id='word_1_1095' title='bbox 1927 2935 2022 2964; x_wconf 91' lang='lat' dir='ltr'>etiam</span> <span class='ocrx_word' id='word_1_1096' title='bbox 2045 2944 2167 2974; x_wconf 87' lang='lat' dir='ltr'>poena:</span> <span class='ocrx_word' id='word_1_1097' title='bbox 2193 2944 2292 2974; x_wconf 89' lang='lat' dir='ltr'>quam</span> <span class='ocrx_word' id='word_1_1098' title='bbox 2311 2934 2445 2974; x_wconf 91' lang='lat' dir='ltr'>qualiter</span> <span class='ocrx_word' id='word_1_1099' title='bbox 2467 2943 2515 2964; x_wconf 86' lang='lat' dir='ltr'>sa-</span> 
     </span>
     <span class='ocr_line' id='line_1_154' title="bbox 1453 2977 1995 3018; baseline 0 -10"><span class='ocrx_word' id='word_1_1100' title='bbox 1453 2978 1564 3008; x_wconf 92' lang='lat' dir='ltr'>cerdos</span> <span class='ocrx_word' id='word_1_1101' title='bbox 1587 2979 1742 3018; x_wconf 89' lang='lat' dir='ltr'>imponat,</span> <span class='ocrx_word' id='word_1_1102' title='bbox 1760 2977 1881 3008; x_wconf 91' lang='lat' dir='ltr'>dictum</span> <span class='ocrx_word' id='word_1_1103' title='bbox 1906 2983 1952 3008; x_wconf 91' lang='lat' dir='ltr'>est</span> <span class='ocrx_word' id='word_1_1104' title='bbox 1967 2979 1995 3008; x_wconf 45' lang='grc' dir='ltr'>ἦ</span> 
     </span>
    </p>

    <p class='ocr_par' dir='ltr' id='par_1_46' title="bbox 1452 3022 2516 3107">
     <span class='ocr_line' id='line_1_155' title="bbox 1507 3022 2516 3062; baseline 0 -10"><span class='ocrx_word' id='word_1_1105' title='bbox 1507 3023 1558 3052; x_wconf 88' lang='lat' dir='ltr'>An</span> <span class='ocrx_word' id='word_1_1106' title='bbox 1582 3032 1716 3052; x_wconf 74' lang='lat' dir='ltr'>TERTIUM</span> <span class='ocrx_word' id='word_1_1107' title='bbox 1731 3032 1892 3052; x_wconf 70' lang='lat' dir='ltr'>mmmmm</span> <span class='ocrx_word' id='word_1_1108' title='bbox 1915 3022 2005 3062; x_wconf 92' lang='lat' dir='ltr'>quod</span> <span class='ocrx_word' id='word_1_1109' title='bbox 2021 3023 2116 3053; x_wconf 89' lang='lat' dir='ltr'>etiam</span> <span class='ocrx_word' id='word_1_1110' title='bbox 2139 3023 2244 3062; x_wconf 89' lang='lat' dir='ltr'>passio</span> <span class='ocrx_word' id='word_1_1111' title='bbox 2262 3022 2379 3053; x_wconf 89' lang='lat' dir='ltr'>Christi</span> <span class='ocrx_word' id='word_1_1112' title='bbox 2398 3022 2516 3062; x_wconf 85' lang='lat' dir='ltr'>obligat</span> 
     </span>
     <span class='ocr_line' id='line_1_156' title="bbox 1452 3066 2434 3107; baseline -0.001 -10"><span class='ocrx_word' id='word_1_1113' title='bbox 1452 3077 1512 3097; x_wconf 90' lang='lat' dir='ltr'>nos</span> <span class='ocrx_word' id='word_1_1114' title='bbox 1536 3066 1575 3096; x_wconf 91' lang='lat' dir='ltr'>ad</span> <span class='ocrx_word' id='word_1_1115' title='bbox 1598 3076 1739 3106; x_wconf 89' lang='lat' dir='ltr'>poenam</span> <span class='ocrx_word' id='word_1_1116' title='bbox 1763 3067 1913 3106; x_wconf 90' lang='lat' dir='ltr'>aliquam,</span> <span class='ocrx_word' id='word_1_1117' title='bbox 1930 3076 1987 3107; x_wconf 92' lang='lat' dir='ltr'>per</span> <span class='ocrx_word' id='word_1_1118' title='bbox 2011 3076 2109 3107; x_wconf 91' lang='lat' dir='ltr'>quam</span> <span class='ocrx_word' id='word_1_1119' title='bbox 2133 3067 2162 3097; x_wconf 89' lang='lat' dir='ltr'>ei</span> <span class='ocrx_word' id='word_1_1120' title='bbox 2185 3066 2434 3098; x_wconf 90' lang='lat' dir='ltr'>conformemur.</span> 
     </span>
    </p>
   </div>
   <div class='ocr_carea' id='block_1_31' title="bbox 1496 3133 2471 3207">
    <p class='ocr_par' dir='ltr' id='par_1_47' title="bbox 1496 3133 2471 3207">
     <span class='ocr_line' id='line_1_157' title="bbox 1496 3133 2471 3163; baseline -0.002 0"><span class='ocrx_word' id='word_1_1121' title='bbox 1496 3133 1595 3163; x_wconf 93' lang='lat' dir='ltr'>ART.</span> <span class='ocrx_word' id='word_1_1122' title='bbox 1614 3133 1666 3163; x_wconf 92' lang='lat' dir='ltr'>IV.</span> <span class='ocrx_word' id='word_1_1123' title='bbox 1690 3142 1795 3162; x_wconf 84' lang='lat' dir='ltr'>UTRUM</span> <span class='ocrx_word' id='word_1_1124' title='bbox 1818 3142 1973 3163; x_wconf 75' lang='lat' dir='ltr'>sACERnos</span> <span class='ocrx_word' id='word_1_1125' title='bbox 2002 3142 2105 3163; x_wconf 78' lang='lat' dir='ltr'>Possir</span> <span class='ocrx_word' id='word_1_1126' title='bbox 2132 3142 2245 3162; x_wconf 74' lang='lat' dir='ltr'>LIGARE</span> <span class='ocrx_word' id='word_1_1127' title='bbox 2267 3142 2306 3162; x_wconf 81' lang='lat' dir='ltr'>ET</span> <span class='ocrx_word' id='word_1_1128' title='bbox 2336 3141 2471 3162; x_wconf 70' lang='lat' dir='ltr'>sorvmu:</span> 
     </span>
     <span class='ocr_line' id='line_1_158' title="bbox 1717 3186 2252 3207; baseline -0.002 0"><span class='ocrx_word' id='word_1_1129' title='bbox 1717 3186 1879 3207; x_wconf 76' lang='lat' dir='ltr'><strong>SECUNDUM</strong></span> <span class='ocrx_word' id='word_1_1130' title='bbox 1901 3186 2056 3207; x_wconf 81' lang='lat' dir='ltr'>PROPRIUM</span> <span class='ocrx_word' id='word_1_1131' title='bbox 2084 3186 2252 3206; x_wconf 64' lang='lat' dir='ltr'>anan-nrum</span> 
     </span>
    </p>
   </div>
   <div class='ocr_carea' id='block_1_32' title="bbox 1454 3241 2514 3327">
    <p class='ocr_par' dir='ltr' id='par_1_48' title="bbox 1454 3241 2514 3327">
     <span class='ocr_line' id='line_1_159' title="bbox 1516 3241 2514 3283; baseline -0.001 -11"><span class='ocrx_word' id='word_1_1132' title='bbox 1516 3253 1536 3273; x_wconf 86' lang='lat' dir='ltr'>D</span> <span class='ocrx_word' id='word_1_1133' title='bbox 1562 3252 1710 3273; x_wconf 75' lang='lat' dir='ltr'><strong>QUARTUM</strong></span> <span class='ocrx_word' id='word_1_1134' title='bbox 1725 3252 1770 3273; x_wconf 83' lang='lat' dir='ltr'>sre</span> <span class='ocrx_word' id='word_1_1135' title='bbox 1786 3252 1990 3273; x_wconf 74' lang='lat' dir='ltr'>PROCEDITUR.</span> <span class='ocrx_word' id='word_1_1136' title='bbox 2013 3242 2147 3273; x_wconf 90' lang='lat' dir='ltr'>Videtur</span> <span class='ocrx_word' id='word_1_1137' title='bbox 2163 3242 2253 3283; x_wconf 93' lang='lat' dir='ltr'>quod</span> <span class='ocrx_word' id='word_1_1138' title='bbox 2272 3241 2418 3272; x_wconf 92' lang='lat' dir='ltr'>sacerdos</span> <span class='ocrx_word' id='word_1_1139' title='bbox 2440 3251 2514 3281; x_wconf 92' lang='lat' dir='ltr'>pos-</span> 
     </span>
     <span class='ocr_line' id='line_1_160' title="bbox 1454 3255 2513 3327; baseline -0.002 -10"><span class='ocrx_word' id='word_1_1140' title='bbox 1454 3255 1556 3317; x_wconf 78' lang='lat' dir='ltr'>Asit</span> <span class='ocrx_word' id='word_1_1141' title='bbox 1583 3287 1679 3327; x_wconf 86' lang='lat' dir='ltr'>ligare</span> <span class='ocrx_word' id='word_1_1142' title='bbox 1713 3292 1743 3317; x_wconf 92' lang='lat' dir='ltr'>et</span> <span class='ocrx_word' id='word_1_1143' title='bbox 1775 3287 1898 3317; x_wconf 91' lang='lat' dir='ltr'>solvere</span> <span class='ocrx_word' id='word_1_1144' title='bbox 1931 3287 2109 3317; x_wconf 91' lang='lat' dir='ltr'>secundum</span> <span class='ocrx_word' id='word_1_1145' title='bbox 2144 3287 2311 3327; x_wconf 91' lang='lat' dir='ltr'>proprium</span> <span class='ocrx_word' id='word_1_1146' title='bbox 2341 3286 2513 3316; x_wconf 88' lang='lat' dir='ltr'>arbitrium.</span> 
     </span>
    </p>
   </div>
   <div class='ocr_carea' id='block_1_33' title="bbox 332 3375 2515 3461">
    <p class='ocr_par' dir='ltr' id='par_1_49' title="bbox 332 3375 2515 3461">
     <span class='ocr_line' id='line_1_161' title="bbox 333 3375 2515 3417; baseline -0.001 -11"><span class='ocrx_word' id='word_1_1147' title='bbox 333 3385 401 3406; x_wconf 90' lang='lat' dir='ltr'>sam</span> <span class='ocrx_word' id='word_1_1148' title='bbox 432 3375 636 3406; x_wconf 89' lang='lat' dir='ltr'>dubitationis</span> <span class='ocrx_word' id='word_1_1149' title='bbox 670 3375 709 3407; x_wconf 92' lang='lat' dir='ltr'>de</span> <span class='ocrx_word' id='word_1_1150' title='bbox 739 3375 942 3416; x_wconf 88' lang='lat' dir='ltr'>praecedenti</span> <span class='ocrx_word' id='word_1_1151' title='bbox 977 3376 1199 3413; x_wconf 77' lang='lat' dir='ltr'>absolutione3</span> <span class='ocrx_word' id='word_1_1152' title='bbox 1235 3377 1278 3406; x_wconf 91' lang='lat' dir='ltr'>ita</span> <span class='ocrx_word' id='word_1_1153' title='bbox 1311 3377 1398 3407; x_wconf 91' lang='lat' dir='ltr'>enim</span> <span class='ocrx_word' id='word_1_1154' title='bbox 1446 3376 1678 3416; x_wconf 84' lang='lat' dir='ltr'>poenitentiam</span> <span class='ocrx_word' id='word_1_1155' title='bbox 1696 3384 1760 3405; x_wconf 89' lang='lat' dir='ltr'>non</span> <span class='ocrx_word' id='word_1_1156' title='bbox 1777 3375 1856 3405; x_wconf 82' lang='lat' dir='ltr'>satis</span> <span class='ocrx_word' id='word_1_1157' title='bbox 1871 3380 1982 3415; x_wconf 85' lang='lat' dir='ltr'>aperte</span> <span class='ocrx_word' id='word_1_1158' title='bbox 1990 3376 2183 3417; x_wconf 76' lang='lat' dir='ltr'>praefigunt</span> <span class='ocrx_word' id='word_1_1159' title='bbox 2196 3384 2337 3405; x_wconf 79' lang='lat' dir='ltr'>canones</span> <span class='ocrx_word' id='word_1_1160' title='bbox 2346 3384 2411 3415; x_wconf 84' lang='lat' dir='ltr'>pro</span> <span class='ocrx_word' id='word_1_1161' title='bbox 2435 3383 2515 3404; x_wconf 90' lang='lat' dir='ltr'>uno-</span> 
     </span>
     <span class='ocr_line' id='line_1_162' title="bbox 332 3418 2515 3461; baseline -0 -11"><span class='ocrx_word' id='word_1_1162' title='bbox 332 3420 450 3460; x_wconf 90' lang='lat' dir='ltr'>poterit</span> <span class='ocrx_word' id='word_1_1163' title='bbox 480 3419 623 3450; x_wconf 86' lang='lat' dir='ltr'>dubitare</span> <span class='ocrx_word' id='word_1_1164' title='bbox 653 3425 727 3460; x_wconf 89' lang='lat' dir='ltr'>post</span> <span class='ocrx_word' id='word_1_1165' title='bbox 756 3420 930 3451; x_wconf 90' lang='lat' dir='ltr'>secundam</span> <span class='ocrx_word' id='word_1_1166' title='bbox 961 3420 1198 3451; x_wconf 87' lang='lat' dir='ltr'>absolutionem</span> <span class='ocrx_word' id='word_1_1167' title='bbox 1221 3421 1303 3451; x_wconf 92' lang='lat' dir='ltr'>sicut</span> <span class='ocrx_word' id='word_1_1168' title='bbox 1325 3426 1399 3461; x_wconf 88' lang='lat' dir='ltr'>post</span> <span class='ocrx_word' id='word_1_1169' title='bbox 1451 3430 1577 3460; x_wconf 85' lang='lat' dir='ltr'>quoque</span> <span class='ocrx_word' id='word_1_1170' title='bbox 1599 3419 1742 3454; x_wconf 86' lang='lat' dir='ltr'>crimine,</span> <span class='ocrx_word' id='word_1_1171' title='bbox 1765 3424 1800 3449; x_wconf 88' lang='lat' dir='ltr'>ut</span> <span class='ocrx_word' id='word_1_1172' title='bbox 1822 3419 1860 3449; x_wconf 87' lang='lat' dir='ltr'>de</span> <span class='ocrx_word' id='word_1_1173' title='bbox 1883 3419 2022 3461; x_wconf 85' lang='lat' dir='ltr'>singulis</span> <span class='ocrx_word' id='word_1_1174' title='bbox 2045 3420 2132 3450; x_wconf 87' lang='lat' dir='ltr'>dicat</span> <span class='ocrx_word' id='word_1_1175' title='bbox 2153 3419 2294 3460; x_wconf 84' lang='lat' dir='ltr'>qualiter</span> <span class='ocrx_word' id='word_1_1176' title='bbox 2315 3418 2515 3458; x_wconf 85' lang='lat' dir='ltr'>unumquod-</span> 
     </span>
    </p>
   </div>
   <div class='ocr_carea' id='block_1_34' title="bbox 333 3463 1399 3549">
    <p class='ocr_par' dir='ltr' id='par_1_50' title="bbox 333 3463 1399 3549">
     <span class='ocr_line' id='line_1_163' title="bbox 333 3463 1398 3504; baseline 0.001 -10"><span class='ocrx_word' id='word_1_1177' title='bbox 333 3464 479 3504; x_wconf 88' lang='lat' dir='ltr'>primam.</span> <span class='ocrx_word' id='word_1_1178' title='bbox 507 3463 596 3494; x_wconf 90' lang='lat' dir='ltr'>Sicut</span> <span class='ocrx_word' id='word_1_1179' title='bbox 618 3463 764 3494; x_wconf 90' lang='lat' dir='ltr'>videmus</span> <span class='ocrx_word' id='word_1_1180' title='bbox 787 3464 876 3504; x_wconf 91' lang='lat' dir='ltr'>quod</span> <span class='ocrx_word' id='word_1_1181' title='bbox 899 3470 1133 3495; x_wconf 88' lang='lat' dir='ltr'>sacramentum</span> <span class='ocrx_word' id='word_1_1182' title='bbox 1157 3470 1316 3495; x_wconf 86' lang='lat' dir='ltr'>extremae</span> <span class='ocrx_word' id='word_1_1183' title='bbox 1338 3474 1398 3495; x_wconf 92' lang='lat' dir='ltr'>un-</span> 
     </span>
     <span class='ocr_line' id='line_1_164' title="bbox 334 3508 1399 3549; baseline 0.001 -11"><span class='ocrx_word' id='word_1_1184' title='bbox 334 3508 448 3538; x_wconf 87' lang='lat' dir='ltr'>ctionis</span> <span class='ocrx_word' id='word_1_1185' title='bbox 471 3517 539 3538; x_wconf 90' lang='lat' dir='ltr'>non</span> <span class='ocrx_word' id='word_1_1186' title='bbox 561 3509 690 3538; x_wconf 89' lang='lat' dir='ltr'>iteratur</span> <span class='ocrx_word' id='word_1_1187' title='bbox 713 3517 808 3548; x_wconf 92' lang='lat' dir='ltr'>super</span> <span class='ocrx_word' id='word_1_1188' title='bbox 831 3508 970 3539; x_wconf 89' lang='lat' dir='ltr'>eundem</span> <span class='ocrx_word' id='word_1_1189' title='bbox 993 3509 1154 3544; x_wconf 89' lang='lat' dir='ltr'>morbum,</span> <span class='ocrx_word' id='word_1_1190' title='bbox 1174 3518 1213 3539; x_wconf 93' lang='lat' dir='ltr'>eo</span> <span class='ocrx_word' id='word_1_1191' title='bbox 1238 3509 1327 3549; x_wconf 92' lang='lat' dir='ltr'>quod</span> <span class='ocrx_word' id='word_1_1192' title='bbox 1350 3514 1399 3539; x_wconf 93' lang='lat' dir='ltr'>to-</span> 
     </span>
    </p>
   </div>
   <div class='ocr_carea' id='block_1_35' title="bbox 1451 3462 2515 3550">
    <p class='ocr_par' dir='ltr' id='par_1_51' title="bbox 1451 3462 2515 3550">
     <span class='ocr_line' id='line_1_165' title="bbox 1451 3462 2515 3505; baseline -0.002 -11"><span class='ocrx_word' id='word_1_1193' title='bbox 1451 3474 1512 3505; x_wconf 84' lang='lat' dir='ltr'>que</span> <span class='ocrx_word' id='word_1_1194' title='bbox 1534 3464 1575 3495; x_wconf 86' lang='lat' dir='ltr'>sit</span> <span class='ocrx_word' id='word_1_1195' title='bbox 1598 3463 1839 3499; x_wconf 80' lang='lat' dir='ltr'>emendandum,</span> <span class='ocrx_word' id='word_1_1196' title='bbox 1860 3463 1916 3494; x_wconf 79' lang='lat' dir='ltr'>sed</span> <span class='ocrx_word' id='word_1_1197' title='bbox 1938 3464 2044 3505; x_wconf 83' lang='lat' dir='ltr'>magis</span> <span class='ocrx_word' id='word_1_1198' title='bbox 2067 3464 2202 3494; x_wconf 86' lang='lat' dir='ltr'>arbitrio</span> <span class='ocrx_word' id='word_1_1199' title='bbox 2225 3462 2401 3493; x_wconf 82' lang='lat' dir='ltr'>sacerdotis</span> <span class='ocrx_word' id='word_1_1200' title='bbox 2424 3462 2515 3492; x_wconf 84' lang='lat' dir='ltr'>intel-</span> 
     </span>
     <span class='ocr_line' id='line_1_166' title="bbox 1453 3506 2514 3550; baseline -0.002 -12"><span class='ocrx_word' id='word_1_1201' title='bbox 1453 3508 1582 3550; x_wconf 83' lang='lat' dir='ltr'>ligentis</span> <span class='ocrx_word' id='word_1_1202' title='bbox 1606 3507 1850 3548; x_wconf 80' lang='lat' dir='ltr'>relinquendum</span> <span class='ocrx_word' id='word_1_1203' title='bbox 1877 3513 2031 3538; x_wconf 84' lang='lat' dir='ltr'>statuunt.</span> <span class='ocrx_word' id='word_1_1204' title='bbox 2067 3508 2152 3547; x_wconf 91' lang='lat' dir='ltr'>Ergo</span> <span class='ocrx_word' id='word_1_1205' title='bbox 2183 3507 2307 3538; x_wconf 87' lang='lat' dir='ltr'>videtur</span> <span class='ocrx_word' id='word_1_1206' title='bbox 2336 3506 2425 3546; x_wconf 92' lang='lat' dir='ltr'>quod</span> <span class='ocrx_word' id='word_1_1207' title='bbox 2447 3507 2514 3546; x_wconf 90' lang='lat' dir='ltr'>ipse</span> 
     </span>
    </p>
   </div>
   <div class='ocr_carea' id='block_1_36' title="bbox 334 3551 2388 3593">
    <p class='ocr_par' dir='ltr' id='par_1_52' title="bbox 334 3551 2388 3593">
     <span class='ocr_line' id='line_1_167' title="bbox 334 3551 2388 3593; baseline -0.001 -11"><span class='ocrx_word' id='word_1_1208' title='bbox 334 3557 404 3582; x_wconf 89' lang='lat' dir='ltr'>tum</span> <span class='ocrx_word' id='word_1_1209' title='bbox 420 3551 510 3592; x_wconf 93' lang='lat' dir='ltr'>quod</span> <span class='ocrx_word' id='word_1_1210' title='bbox 524 3561 582 3592; x_wconf 91' lang='lat' dir='ltr'>per</span> <span class='ocrx_word' id='word_1_1211' title='bbox 597 3558 830 3583; x_wconf 84' lang='lat' dir='ltr'>sacramentum</span> <span class='ocrx_word' id='word_1_1212' title='bbox 846 3551 915 3583; x_wconf 89' lang='lat' dir='ltr'>fieri</span> <span class='ocrx_word' id='word_1_1213' title='bbox 930 3553 1046 3593; x_wconf 90' lang='lat' dir='ltr'>potuit,</span> <span class='ocrx_word' id='word_1_1214' title='bbox 1059 3553 1157 3584; x_wconf 87' lang='lat' dir='ltr'>semel</span> <span class='ocrx_word' id='word_1_1215' title='bbox 1173 3553 1294 3584; x_wconf 90' lang='lat' dir='ltr'>facturn</span> <span class='ocrx_word' id='word_1_1216' title='bbox 1310 3559 1365 3584; x_wconf 92' lang='lat' dir='ltr'>est.</span> <span class='ocrx_word' id='word_1_1217' title='bbox 1377 3572 1399 3576; x_wconf 94' lang='lat'>—</span> <span class='ocrx_word' id='word_1_1218' title='bbox 1413 3563 1436 3584; x_wconf 85' lang='lat'>75</span> <span class='ocrx_word' id='word_1_1219' title='bbox 1454 3552 1633 3583; x_wconf 91' lang='lat' dir='ltr'>secundum</span> <span class='ocrx_word' id='word_1_1220' title='bbox 1655 3561 1751 3582; x_wconf 92' lang='lat' dir='ltr'>suum</span> <span class='ocrx_word' id='word_1_1221' title='bbox 1774 3553 1937 3583; x_wconf 90' lang='lat' dir='ltr'>arbitrium</span> <span class='ocrx_word' id='word_1_1222' title='bbox 1960 3552 2060 3592; x_wconf 91' lang='lat' dir='ltr'>possit</span> <span class='ocrx_word' id='word_1_1223' title='bbox 2084 3552 2179 3592; x_wconf 90' lang='lat' dir='ltr'>ligare</span> <span class='ocrx_word' id='word_1_1224' title='bbox 2203 3557 2234 3581; x_wconf 92' lang='lat' dir='ltr'>et</span> <span class='ocrx_word' id='word_1_1225' title='bbox 2256 3551 2388 3581; x_wconf 89' lang='lat' dir='ltr'>solvere.</span> 
     </span>
    </p>
   </div>
   <div class='ocr_carea' id='block_1_37' title="bbox 2538 426 2753 559">
    <p class='ocr_par' dir='ltr' id='par_1_53' title="bbox 2538 426 2753 559">
     <span class='ocr_line' id='line_1_168' title="bbox 2539 426 2753 448; baseline 0.005 -1"><span class='ocrx_word' id='word_1_1226' title='bbox 2539 427 2549 437; x_wconf 83' lang='lat'><strong>·</strong></span> <span class='ocrx_word' id='word_1_1227' title='bbox 2566 426 2589 448; x_wconf 92' lang='lat' dir='ltr'>S.</span> <span class='ocrx_word' id='word_1_1228' title='bbox 2610 426 2695 448; x_wconf 79' lang='lat' dir='ltr'>Bonav.</span> <span class='ocrx_word' id='word_1_1229' title='bbox 2719 427 2753 448; x_wconf 91' lang='lat' dir='ltr'>IV</span> 
     </span>
     <span class='ocr_line' id='line_1_169' title="bbox 2538 452 2752 479; baseline 0.009 -6"><span class='ocrx_word' id='word_1_1230' title='bbox 2538 452 2611 479; x_wconf 69' lang='lat' dir='ltr'>Sene„</span> <span class='ocrx_word' id='word_1_1231' title='bbox 2627 452 2679 474; x_wconf 82' lang='lat' dir='ltr'>dist.</span> <span class='ocrx_word' id='word_1_1232' title='bbox 2694 459 2752 479; x_wconf 75' lang='lat' dir='ltr'>xvn,</span> 
     </span>
     <span class='ocr_line' id='line_1_170' title="bbox 2539 479 2751 506; baseline 0.009 -6"><span class='ocrx_word' id='word_1_1233' title='bbox 2539 485 2561 505; x_wconf 89' lang='lat' dir='ltr'>p.</span> <span class='ocrx_word' id='word_1_1234' title='bbox 2578 485 2603 506; x_wconf 76' lang='grc' dir='ltr'>ιι,</span> <span class='ocrx_word' id='word_1_1235' title='bbox 2614 479 2642 500; x_wconf 82' lang='lat' dir='ltr'>ad</span> <span class='ocrx_word' id='word_1_1236' title='bbox 2656 479 2711 501; x_wconf 89' lang='lat' dir='ltr'>dub.</span> <span class='ocrx_word' id='word_1_1237' title='bbox 2724 480 2751 506; x_wconf 78' lang='lat'>83</span> 
     </span>
     <span class='ocr_line' id='line_1_171' title="bbox 2539 509 2751 559; baseline 0.009 -33"><span class='ocrx_word' id='word_1_1238' title='bbox 2539 511 2603 559; x_wconf 50' lang='lat' dir='ltr'>pansi,</span> <span class='ocrx_word' id='word_1_1239' title='bbox 2612 509 2653 527; x_wconf 86' lang='lat' dir='ltr'>art.</span> <span class='ocrx_word' id='word_1_1240' title='bbox 2661 512 2751 534; x_wconf 73' lang='lat' dir='ltr'>¹,qu.2,</span> 
     </span>
    </p>
   </div>
   <div class='ocr_carea' id='block_1_38' title="bbox 2542 778 2741 806">
    <p class='ocr_par' dir='ltr' id='par_1_54' title="bbox 2542 778 2741 806">
     <span class='ocr_line' id='line_1_172' title="bbox 2542 778 2741 806; baseline 0.01 -7"><span class='ocrx_word' id='word_1_1241' title='bbox 2542 778 2552 789; x_wconf 85' lang='lat'>&#39;¹</span> <span class='ocrx_word' id='word_1_1242' title='bbox 2568 778 2614 805; x_wconf 90' lang='lat' dir='ltr'>Qu.</span> <span class='ocrx_word' id='word_1_1243' title='bbox 2629 785 2650 806; x_wconf 74' lang='lat' dir='ltr'>V,</span> <span class='ocrx_word' id='word_1_1244' title='bbox 2664 782 2706 800; x_wconf 78' lang='lat' dir='ltr'>art.</span> <span class='ocrx_word' id='word_1_1245' title='bbox 2721 785 2741 801; x_wconf 88' lang='lat'>2.</span> 
     </span>
    </p>
   </div>
   <div class='ocr_carea' id='block_1_39' title="bbox 2542 864 2751 918">
    <p class='ocr_par' dir='ltr' id='par_1_55' title="bbox 2542 864 2751 918">
     <span class='ocr_line' id='line_1_173' title="bbox 2543 864 2751 893; baseline 0.014 -8"><span class='ocrx_word' id='word_1_1246' title='bbox 2543 864 2593 886; x_wconf 80' lang='lat' dir='ltr'>·Cf.</span> <span class='ocrx_word' id='word_1_1247' title='bbox 2603 870 2641 892; x_wconf 86' lang='lat' dir='ltr'>qu.</span> <span class='ocrx_word' id='word_1_1248' title='bbox 2651 871 2698 893; x_wconf 84' lang='lat' dir='ltr'>vm,</span> <span class='ocrx_word' id='word_1_1249' title='bbox 2710 870 2751 888; x_wconf 83' lang='lat' dir='ltr'>art.</span> 
     </span>
     <span class='ocr_line' id='line_1_174' title="bbox 2542 891 2640 918; baseline 0 -6"><span class='ocrx_word' id='word_1_1250' title='bbox 2542 897 2561 918; x_wconf 80' lang='grc'>5,</span> <span class='ocrx_word' id='word_1_1251' title='bbox 2577 891 2605 912; x_wconf 85' lang='lat' dir='ltr'>ad</span> <span class='ocrx_word' id='word_1_1252' title='bbox 2617 898 2640 918; x_wconf 82' lang='lat'>4.</span> 
     </span>
    </p>
   </div>
   <div class='ocr_carea' id='block_1_40' title="bbox 2543 1702 2683 1729">
    <p class='ocr_par' dir='ltr' id='par_1_56' title="bbox 2543 1702 2683 1729">
     <span class='ocr_line' id='line_1_175' title="bbox 2543 1702 2683 1729; baseline 0 -5"><span class='ocrx_word' id='word_1_1253' title='bbox 2543 1703 2553 1713; x_wconf 81' lang='lat'><strong>·</strong></span> <span class='ocrx_word' id='word_1_1254' title='bbox 2568 1702 2632 1724; x_wconf 81' lang='lat' dir='ltr'>Vers.</span> <span class='ocrx_word' id='word_1_1255' title='bbox 2650 1709 2683 1729; x_wconf 76' lang='lat'>¹0-</span> 
     </span>
    </p>
   </div>
   <div class='ocr_carea' id='block_1_41' title="bbox 2538 1786 2754 1919">
    <p class='ocr_par' dir='ltr' id='par_1_57' title="bbox 2538 1786 2754 1919">
     <span class='ocr_line' id='line_1_176' title="bbox 2543 1786 2754 1808; baseline 0 -1"><span class='ocrx_word' id='word_1_1256' title='bbox 2543 1788 2553 1797; x_wconf 78' lang='lat'><strong>·</strong></span> <span class='ocrx_word' id='word_1_1257' title='bbox 2563 1786 2661 1808; x_wconf 83' lang='lat' dir='ltr'>Aristot.</span> <span class='ocrx_word' id='word_1_1258' title='bbox 2676 1786 2754 1808; x_wconf 83' lang='lat' dir='ltr'>Meta-</span> 
     </span>
     <span class='ocr_line' id='line_1_177' title="bbox 2538 1812 2753 1840; baseline 0.005 -7"><span class='ocrx_word' id='word_1_1259' title='bbox 2538 1813 2610 1840; x_wconf 80' lang='lat' dir='ltr'>phys.</span> <span class='ocrx_word' id='word_1_1260' title='bbox 2630 1813 2670 1835; x_wconf 86' lang='lat' dir='ltr'>lib.</span> <span class='ocrx_word' id='word_1_1261' title='bbox 2691 1812 2753 1840; x_wconf 81' lang='lat' dir='ltr'>v111,</span> 
     </span>
     <span class='ocr_line' id='line_1_178' title="bbox 2543 1845 2752 1888; baseline 0 -28"><span class='ocrx_word' id='word_1_1262' title='bbox 2543 1845 2657 1887; x_wconf 49' lang='lat' dir='ltr'>cap.&#39;11‚n:</span> <span class='ocrx_word' id='word_1_1263' title='bbox 2667 1845 2696 1888; x_wconf 43' lang='lat' dir='ltr'>asi</span> <span class='ocrx_word' id='word_1_1264' title='bbox 2703 1846 2752 1887; x_wconf 43' lang='grc' dir='ltr'>αἲξ.</span> 
     </span>
     <span class='ocr_line' id='line_1_179' title="bbox 2543 1871 2752 1919; baseline 0.005 -6"><span class='ocrx_word' id='word_1_1265' title='bbox 2543 1872 2595 1914; x_wconf 60' lang='grc' dir='ltr'>,ἐέιῖ</span> <span class='ocrx_word' id='word_1_1266' title='bbox 2610 1871 2634 1919; x_wconf 67' lang='grc' dir='ltr'>,ἲ</span> <span class='ocrx_word' id='word_1_1267' title='bbox 2649 1898 2678 1914; x_wconf 61' lang='lat' dir='ltr'>w.</span> <span class='ocrx_word' id='word_1_1268' title='bbox 2746 1882 2752 1888; x_wconf 92' lang='lat'>·</span> 
     </span>
    </p>
   </div>
   <div class='ocr_carea' id='block_1_42' title="bbox 2543 2363 2651 2383">
    <p class='ocr_par' dir='ltr' id='par_1_58' title="bbox 2543 2363 2651 2383">
     <span class='ocr_line' id='line_1_180' title="bbox 2543 2363 2651 2383; baseline -0.009 0"><span class='ocrx_word' id='word_1_1269' title='bbox 2543 2363 2552 2372; x_wconf 86' lang='lat'>&#39;¹</span> <span class='ocrx_word' id='word_1_1270' title='bbox 2566 2363 2616 2383; x_wconf 84' lang='lat' dir='ltr'>Art.</span> <span class='ocrx_word' id='word_1_1271' title='bbox 2634 2368 2651 2383; x_wconf 82' lang='grc' dir='ltr'>ι.</span> 
     </span>
    </p>
   </div>
   <div class='ocr_carea' id='block_1_43' title="bbox 2543 2979 2713 3006">
    <p class='ocr_par' dir='ltr' id='par_1_59' title="bbox 2543 2979 2713 3006">
     <span class='ocr_line' id='line_1_181' title="bbox 2543 2979 2713 3006; baseline 0.006 -6"><span class='ocrx_word' id='word_1_1272' title='bbox 2543 2980 2553 2990; x_wconf 73' lang='grc'><em>“</em></span> <span class='ocrx_word' id='word_1_1273' title='bbox 2567 2979 2592 3000; x_wconf 91' lang='lat' dir='ltr'>In</span> <span class='ocrx_word' id='word_1_1274' title='bbox 2607 2984 2713 3006; x_wconf 85' lang='lat' dir='ltr'>corpore.</span> 
     </span>
    </p>
   </div>
   <div class='ocr_carea' id='block_1_44' title="bbox 2542 3336 2755 3569">
    <p class='ocr_par' dir='ltr' id='par_1_60' title="bbox 2542 3336 2755 3569">
     <span class='ocr_line' id='line_1_182' title="bbox 2581 3336 2753 3358; baseline -0.006 0"><span class='ocrx_word' id='word_1_1275' title='bbox 2581 3337 2637 3358; x_wconf 81' lang='lat' dir='ltr'>Can.</span> <span class='ocrx_word' id='word_1_1276' title='bbox 2659 3336 2753 3357; x_wconf 83' lang='lat' dir='ltr'>Mensu-</span> 
     </span>
     <span class='ocr_line' id='line_1_183' title="bbox 2543 3363 2751 3394; baseline -0.005 -10"><span class='ocrx_word' id='word_1_1277' title='bbox 2543 3369 2602 3394; x_wconf 71' lang='lat' dir='ltr'>rqm,</span> <span class='ocrx_word' id='word_1_1278' title='bbox 2616 3363 2645 3384; x_wconf 81' lang='lat' dir='ltr'>de</span> <span class='ocrx_word' id='word_1_1279' title='bbox 2653 3363 2751 3394; x_wconf 60' lang='lat' dir='ltr'>Poepif„</span> 
     </span>
     <span class='ocr_line' id='line_1_184' title="bbox 2544 3389 2751 3415; baseline 0 -5"><span class='ocrx_word' id='word_1_1280' title='bbox 2544 3390 2595 3411; x_wconf 71' lang='lat' dir='ltr'>dist.</span> <span class='ocrx_word' id='word_1_1281' title='bbox 2606 3390 2628 3415; x_wconf 82' lang='lat'>1;</span> <span class='ocrx_word' id='word_1_1282' title='bbox 2641 3389 2751 3410; x_wconf 76' lang='lat' dir='ltr'>deDwm.</span> 
     </span>
     <span class='ocr_line' id='line_1_185' title="bbox 2544 3416 2753 3469; baseline 0 -6"><span class='ocrx_word' id='word_1_1283' title='bbox 2544 3416 2696 3469; x_wconf 51' lang='lat' dir='ltr'>{za-foer.-</span> <span class='ocrx_word' id='word_1_1284' title='bbox 2710 3421 2753 3463; x_wconf 65' lang='lat' dir='ltr'>a!</span> 
     </span>
     <span class='ocr_line' id='line_1_186' title="bbox 2543 3448 2751 3498; baseline -0.005 -9"><span class='ocrx_word' id='word_1_1285' title='bbox 2543 3469 2627 3494; x_wconf 82' lang='lat' dir='ltr'>cuin.);</span> <span class='ocrx_word' id='word_1_1286' title='bbox 2641 3448 2710 3498; x_wconf 57' lang='grc' dir='ltr'>Νἷιςζ,</span> <span class='ocrx_word' id='word_1_1287' title='bbox 2720 3468 2751 3489; x_wconf 85' lang='lat' dir='ltr'>IV</span> 
     </span>
     <span class='ocr_line' id='line_1_187' title="bbox 2542 3494 2755 3568; baseline -0.005 -26"><span class='ocrx_word' id='word_1_1288' title='bbox 2542 3494 2755 3568; x_wconf 54' lang='lat' dir='ltr'>{fffss‘hv&#39;sso‘a</span> 
     </span>
     <span class='ocr_line' id='line_1_188' title="bbox 2542 3553 2591 3569; baseline 0.02 -1"><span class='ocrx_word' id='word_1_1289' title='bbox 2542 3554 2550 3568; x_wconf 77' lang='grc' dir='ltr'><strong>ι</strong></span> <span class='ocrx_word' id='word_1_1290' title='bbox 2570 3553 2591 3569; x_wconf 90' lang='lat' dir='ltr'>o.</span> 
     </span>
    </p>
   </div>
  </div>
 </body>
</html>
