2878 4088
998 141 1262 189 QUAESTIO
1291 139 1420 186 xcm,
1441 137 1734 176 ARTmULUs
1754 139 1795 185 11,
1816 140 1861 176 111

336 223 503 255 beatitudo
526 229 712 254 sanctorum
734 223 793 254 erit
814 223 918 254 maior
940 227 1015 263 post
1036 221 1303 252 resurrectionem
1329 228 1400 250 eor—

337 276 456 308 porum
479 277 578 308 quam
602 274 685 298 ante.

392 312 583 343 Rnsronnno
599 321 760 342 mcmmtm
777 310 867 351 quod
882 310 1112 341 beatitudinem
1128 314 1313 340 sanctorum
1328 312 1403 347 post

337 357 604 387 resurrectionem
627 356 736 396 augeri
759 355 920 386 extensive
943 354 1075 395 quidem
1103 353 1310 384 manifestum
1339 356 1401 382 est:
1522 359 1543 380 1)
1567 358 1730 380 sacunnmt
1752 358 1798 379 sic
1821 358 2025 380 pnocemrtm.
2049 351 2183 382 Videtur
2208 353 2297 393 quod
2317 354 2520 385 beatitudinis

337 401 414 441 quia
436 400 601 431 beatitudo
623 406 702 431 tunc
726 400 784 430 erit
805 408 874 429 non
897 399 1004 429 solum
1026 399 1060 429 in
1083 398 1204 433 anima,
1227 396 1284 427 sed
1307 396 1403 426 etiam
1425 404 1434 424 ς
1458 362 1638 434 Agradus
1661 393 1845 424 mansiones
1872 392 1935 423 dici
1962 403 2030 424 non
2058 395 2203 427 debeant.
2237 398 2405 429 Beatitudo
2435 399 2520 429 enim

1457 440 1610 479 importat
1632 437 1790 468 rationem
1813 438 1947 477 praemii
1962 439 1989 468 *-
2021 438 2083 469 Sed
2106 442 2229 471 mansio
2258 442 2336 472 nihil
2366 442 2521 483 significat

2441 143 2514 177 225

1559 239 1659 270 ART.
1676 238 1714 269 11.
1739 249 1844 269 UTRUM
1867 249 2081 272 aurrrunmxs
2105 252 2225 274 omnus
2248 252 2419 273 mnsrorms

1870 293 1934 314 mer
1964 295 2105 316 Danum]-

337 445 372 475 in
395 454 542 485 corpore.
573 445 615 476 Et
637 445 734 475 etiam
756 444 856 484 ipsius
887 443 1012 473 animae
1042 441 1206 473 beatitudo
1237 440 1404 480 augebitur
2548 450 2557 459 ·
2570 448 2668 470 mmm,
2683 448 2756 470 mm,

339 490 516 520 extensive:
540 490 734 529 inquantum
753 497 859 518 amma
880 496 949 518 non
969 486 1077 517 solum
1092 485 1244 527 gaudebit
1258 484 1299 515 de
1313 485 1403 514 bono
1458 482 1549 524 quod
1572 482 1612 513 ad
1634 482 1814 522 praemium
1837 482 2003 522 pertineat.
2034 483 2120 523 Ergo
2145 484 2258 516 diversi
2281 485 2396 525 gradus
2423 488 2520 518 beati·
2547 475 2757 530 ffi’gigssffjnssssg

338 534 481 574 proprio,
504 533 559 564 sed
582 533 680 564 etiam
703 532 742 563 de
765 532 855 562 bono
879 531 1032 571 corporis.
1458 527 1578 558 tudinis
1600 527 1784 557 mansiones
1807 525 1870 557 dici
1891 536 1960 557 non
1983 526 2110 557 debent.
2547 535 2593 550 nv-

392 577 504 608 Potest
526 578 622 608 etiam
646 577 709 607 dici
732 575 823 617 quod
845 576 941 606 etiam
963 574 1128 605 beatitudo
1151 574 1277 604 animae
1304 572 1404 612 ipsius
1517 581 1546 601 2.
1570 571 1772 606 Pium-mim,
1797 571 1923 602 mansio
1954 570 2065 601 locum
2095 572 2271 612 significare
2294 574 2427 605 videtur.
2459 575 2522 606 Sed

338 622 496 653 intensive
511 622 689 662 augebitur.
713 620 842 661 Corpus
856 620 944 650 enim
958 619 1100 650 hominis
1114 618 1284 658 dupliciter
1298 621 1405 656 potest
1420 627 1446 642 ιο
1458 615 1551 646 locus
1574 624 1641 655 quo
1664 615 1765 645 sancti
1788 614 2069 651 beatificabuntur,
2093 626 2160 646 non
2185 622 2231 647 est
2255 619 2442 657 corporalis,
2467 620 2522 650 sed

339 665 550 697 considerari:
574 675 643 697 uno
665 664 778 701 modo,
794 663 974 695 secundum
989 662 1079 703 quod
1095 667 1142 693 est
1157 662 1197 692 ab
1212 661 1318 691 anima
1332 669 1404 700 per-
1458 659 1640 700 spiritualis,
1664 659 1785 689 scilicet
1808 659 1907 695 Deus,
1931 659 1988 699 qui
2011 669 2095 690 unus
2119 665 2175 691 est.
2199 661 2285 701 Ergo
2309 671 2376 692 non
2400 668 2447 693 est
2461 665 2522 693 nisi

339 709 497 748 fectibile;
520 710 585 741 alio
607 708 728 745 modo,
751 707 931 739 secundum
961 706 1052 747 quod
1081 712 1129 737 est
1157 706 1191 736 in
1220 714 1261 735 eo
1285 702 1405 744 aliquid
1459 713 1524 734 una
1546 704 1683 733 mansio.
1708 702 1749 732 Et
1771 703 1815 733 ita
1838 703 1953 734 diversi
1975 703 2090 743 gradus
2114 705 2317 735 beatitudinis
2341 708 2523 738 mansiones

338 763 522 795 repugnans
544 754 670 784 animae
691 754 726 783 in
748 753 814 783 suis
837 751 1093 792 operationibus,
1116 754 1214 790 prout
1241 757 1311 778 non
1333 757 1404 788 per·
1459 747 1522 778 dici
1545 757 1613 777 non
1637 746 1763 777 debent.

340 798 422 829 fecte
445 808 563 839 corpus
585 807 643 838 per
658 797 799 827 animam
813 794 986 836 perficitur.
1010 793 1197 825 Secundum
1214 798 1322 823 autem
1341 792 1405 832 pri-
1516 791 1545 821 3.
1569 791 1766 827 Pius-raam,
1791 791 1874 822 sicut
1888 792 1922 822 in
1937 793 2037 832 patria
2054 798 2147 823 erunt
2161 794 2309 825 homines
2326 794 2523 826 diversorum

337 851 427 874 marn
449 841 739 874 considerationem
761 840 916 880 corporis,
940 838 1127 869 coniunctio
1151 838 1251 878 ipsius
1274 836 1315 867 ad
1337 836 1405 866 ani-
1420 846 1443 866 Χς
1458 836 1658 872 meritorum,
1682 836 1725 866 ita
1747 845 1836 866 nunc
1859 841 1935 866 sunt
1957 837 1990 866 in
2013 838 2209 877 purgatorio,
2234 843 2266 869 et
2284 839 2317 869 in
2340 839 2441 870 limbo
2464 839 2522 870 Pa-

337 896 427 918 mam
441 885 530 916 addit
543 886 668 916 animae
683 885 824 925 aliquam
838 882 1082 924 perfectionem.
1106 882 1192 920 Quia
1211 881 1318 912 omnis
1332 889 1404 920 pars
1458 885 1544 911 trum
1567 879 1707 910 fuerunt.
1732 879 1796 911 Sed
1818 881 1852 910 in
1874 882 2060 921 purgatorio
2084 888 2115 913 et
2138 883 2171 913 in
2194 883 2295 914 limbo
2318 893 2386 914 non
2414 883 2523 915 distin-

337 929 525 971 imperfecta
542 935 601 966 est,
624 935 658 960 et
679 928 862 968 completur
883 928 917 958 in
939 937 1000 958 suo
1023 932 1112 957 toto:
1137 925 1224 957 unde
1245 931 1276 956 et
1298 930 1404 955 totum
1458 930 1601 964 guuntur
1623 925 1816 955 mansiones.
1841 924 1929 965 Ergo
1951 935 2012 956 nec
2035 926 2068 956 in
2091 927 2192 967 patria
2206 928 2390 959 mansiones
2406 928 2524 959 debent

337 984 374 1005 se
393 974 492 1005 habet
514 973 555 1004 ad
576 978 701 1014 partem
715 978 753 1003 ut
766 971 872 1003 forma
887 971 927 1002 ad
941 972 1118 1002 materiam.
1142 970 1236 1002 Unde
1252 975 1284 1000 et
1299 970 1405 1000 anima
1458 969 1619 1009 distingui.

337 1017 511 1059 perfectior
533 1023 580 1048 est
601 1018 635 1048 in
657 1027 728 1048 esse
750 1026 812 1047 suo
835 1016 971 1047 naturali
1000 1025 1076 1046 cum
1105 1021 1153 1046 est
1175 1016 1210 1045 in
1231 1019 1320 1050 toto,
1344 1013 1404 1044 sci-
1513 1013 1575 1044 San
1592 1023 1716 1043 conum
1731 1023 1786 1043 nsr
1802 1013 1892 1053 quod
1915 1013 2030 1044 dicitur
2054 1014 2141 1045 Ioan.
2159 1025 2212 1046 xrv
2226 1017 2260 1046 *z
2284 1016 2324 1046 In
2349 1016 2445 1047 domo
2461 1017 2522 1047 Pa·
2552 1026 2562 1035 ·
2576 1024 2643 1046 Vera.
2657 1030 2679 1046 2.

115 1074 155 1112 ΜΖ
174 1071 282 1111 1..'.·}‘'⁰
338 1063 414 1094 licet
434 1062 470 1093 in
492 1062 626 1093 homine
656 1062 832 1092 coniuncto
862 1070 901 1091 ex
931 1061 1038 1091 anima
1067 1065 1099 1091 et
1129 1068 1283 1099 corpore,
1307 1067 1404 1099 quam
1419 1070 1445 1084 ιο
1459 1058 1518 1088 tris
1541 1058 1605 1088 mei
1626 1057 1811 1088 mansiones
1833 1058 1954 1088 multae
1975 1064 2070 1090 sunt:
2099 1059 2189 1100 quod
2216 1060 2415 1100 Augustinus
2430 1062 2447 1078 ⁴*
2470 1071 2523 1092 ex·
2550 1064 2763 1113 ggcssoaluiss‘flngv

338 1116 416 1138 eum
439 1111 486 1137 est
507 1116 565 1147 per
587 1115 622 1137 se
644 1110 796 1146 separata.
821 1104 885 1136 Sed
906 1105 986 1135 unio
1010 1105 1155 1145 corporis
1177 1108 1335 1144 quantum
1364 1101 1405 1133 ad
1459 1103 1552 1143 ponit
1575 1102 1614 1132 de
1638 1102 1731 1132 variis
1754 1101 1959 1142 dignitatibus
1982 1104 2211 1143 praemiorum.

107 3475 188 3525 ἓξὲξ.

207 3502 259 3525 leet.

95 1164 209 1180 snum
338 1150 514 1182 secundam
536 1151 638 1191 ipsius
660 1149 968 1185 considerationem,
992 1148 1127 1189 impedit
1149 1148 1274 1178 animae
1300 1146 1404 1188 perfe-
1516 1156 1545 1176 2.
1569 1146 1766 1182 PRAss‘mmzA,
1790 1147 1823 1176 in
1846 1147 1988 1187 qualibet
2010 1148 2135 1178 civitate
2159 1155 2206 1179 est
2224 1148 2369 1180 ordinata
2383 1150 2523 1180 mansio-

284 1193 287 1204 *
339 1196 497 1227 usonem:
520 1194 608 1226 unde
635 1194 751 1225 dicitur
778 1193 869 1235 quod
898 1203 1032 1234 corpus,
1057 1193 1144 1234 quod
1172 1192 1403 1232 corrumpitur,
1459 1200 1539 1221 num
1562 1189 1732 1221 distinctio.
1757 1190 1821 1221 Sed
1837 1191 1979 1222 caelestis
1994 1193 2095 1232 pau-ia
2111 1193 2228 1223 civitati
2245 1199 2463 1234 comparatur:
2488 1199 2523 1225 ut

101 1242 113 1255 ·
125 1241 192 1265 vnn.
209 1246 242 1270 ¹5·
338 1244 506 1282 aggravat
520 1239 675 1274 animam,
691 1238 767 1279 Sap.
779 1248 812 1269 rx
822 1239 849 1268 ⁹.
873 1237 908 1269 Si
924 1247 999 1278 ergo
1015 1247 1034 1268 a
1049 1246 1186 1277 corpore
1202 1241 1405 1267 removeatur
1458 1240 1545 1275 patet
1567 1236 1665 1275 Apoc.
1681 1245 1744 1265 xxr.
1778 1235 1863 1275 Ergo
1888 1241 2016 1276 oportet
2038 1237 2082 1266 ibi
2105 1236 2241 1268 diversas
2271 1239 2454 1269 mansiones
2477 1238 2523 1269 di-

334 1283 542 1316 omne‘fflud
563 1293 622 1325 per
643 1283 734 1324 quod
761 1283 880 1314 actioni
910 1283 1036 1313 animae
1065 1282 1196 1317 resistit,
1219 1281 1406 1321 simpliciter
1419 1291 1443 1312 ες
1458 1280 1629 1319 stinguere,
1654 1279 1833 1310 secundum
1857 1279 1999 1310 diversos
2022 1280 2226 1312 beatitudinis
2248 1282 2374 1322 gradus.

340 1329 448 1360 mima
469 1329 528 1359 erit
550 1327 722 1369 perfectior
743 1328 779 1358 in
801 1336 938 1367 corpore
960 1327 1015 1357 tali
1035 1326 1171 1357 existens
1186 1334 1284 1366 quam
1299 1334 1357 1365 per
1371 1333 1406 1354 se
1503 1324 1693 1354 Rnspounao
1717 1333 1877 1354 nicznmm
1901 1324 2000 1364 quod,
2016 1325 2092 1365 quia
2114 1331 2223 1356 motus
2245 1326 2356 1357 localis
2377 1332 2424 1357 est
2438 1327 2525 1367 prior

338 1378 494 1413 separata.
509 1372 643 1410 Quanto
658 1377 766 1403 autem
781 1370 902 1412 aliquid
918 1376 966 1402 est
980 1370 1152 1411 perfectius
1166 1371 1201 1400 in
1221 1379 1300 1402 esse.
1315 1373 1406 1399 tanto
1461 1369 1608 1398 omnium
1642 1368 1778 1398 aliorum
1810 1373 1962 1399 motuum
1981 1370 2012 1404 ⁴,
2046 1369 2120 1400 ideo
2132 1393 2139 1405 ‚
2168 1370 2347 1401 secundum
2379 1371 2525 1402 Philoso-
2553 1373 2764 1404 '.Ari³t0¹·1’'1s³i⁶·

339 1422 449 1458 potest
470 1416 643 1457 perfectius
666 1417 801 1456 operari.
833 1414 928 1446 Unde
950 1421 983 1446 et
1005 1415 1150 1455 operatio
1174 1414 1300 1444 animae
1328 1422 1407 1443 con-
1461 1412 1564 1452 phum
1579 1413 1606 1448 *,
1630 1421 1752 1442 nomen
1781 1417 1888 1443 motus
1910 1418 1941 1443 et
1964 1413 2152 1449 distantiae,
2177 1419 2209 1444 et
2239 1415 2387 1445 omnium
2416 1416 2526 1446 huius·
2554 1399 2659 1454 {1533}
2666 1406 2693 1443 5⁸
2704 1406 2765 1448 ,ἦὶξῖ

340 1462 469 1493 iimctae
483 1461 539 1492 tali
550 1461 679 1501 corpori
695 1461 754 1491 erit
768 1459 940 1500 perfectior
950 1468 1050 1500 quam
1061 1459 1206 1499 operatio
1222 1459 1347 1489 animae
1358 1466 1407 1488 se-
1460 1456 1562 1492 modi,
1586 1456 1763 1487 derivatum
1787 1462 1834 1487 est
1857 1467 1875 1487 a
1896 1462 1990 1488 motu
2014 1458 2107 1488 locali
2124 1458 2163 1489 ad
2179 1468 2292 1489 omnes
2308 1459 2387 1490 alios
2406 1465 2524 1490 motus.
2553 1453 2720 1506 ’.θῗὼξξξψ
2734 1485 2757 1500 ,Χ

88 1527 93 1543 f
341 1511 478 1546 paratae.
508 1504 707 1536 Huiusmodi
727 1509 837 1535 autem
859 1513 978 1544 corpus
1001 1509 1047 1534 est
1075 1512 1193 1543 corpus
1218 1502 1407 1543 gloriosum,
1423 1512 1449 1532 ιο
1462 1501 1550 1532 Finis
1573 1506 1682 1531 autem
1704 1505 1814 1531 motus
1836 1501 1946 1532 localis
1970 1507 2017 1532 est
2039 1502 2131 1533 locus
2147 1502 2187 1533 ad
2203 1513 2301 1543 quem
2317 1513 2392 1534 cum
2408 1504 2528 1545 aliquid
2555 1512 2577 1528 n.
2585 1496 2705 1534 3--8ῘἹἯ-
2713 1495 2766 1527 ῐεσῐῖ

101 1553 313 1583 ἀφ-ω’,
342 1549 432 1592 quod
450 1550 586 1580 omnino
609 1548 763 1580 subdetur
786 1548 910 1589 spiritui
925 1549 951 1578 *.
976 1547 1080 1584 Unde,
1098 1557 1174 1578 cum
1194 1546 1358 1578 beatitudo
1374 1547 1409 1577 in
1462 1546 1652 1585 pervenerit,
1677 1545 1720 1575 ibi
1743 1550 1852 1575 manet
1875 1547 2043 1587 quiescens
2067 1553 2098 1577 et
2121 1548 2153 1577 in
2179 1557 2218 1578 eo
2243 1554 2457 1579 conservatur.
2487 1548 2528 1579 Et
2554 1539 2593 1554 ¹¹*

101 1583 145 1604 ῃ·
161 1587 181 1604 ¹·
341 1592 530 1635 operatione
545 1593 707 1629 consistat,
731 1592 904 1633 perfectior
928 1593 986 1623 erit
1007 1591 1173 1622 beatitudo
1189 1592 1314 1621 animae
1334 1596 1409 1631 post
1462 1589 1537 1620 ideo
1560 1590 1594 1620 in
1617 1589 1762 1630 quolibet
1785 1594 1878 1620 motu
1901 1591 2004 1630 ipsam
2027 1591 2259 1631 quietationem
2282 1593 2316 1622 in
2338 1591 2403 1623 fine
2418 1598 2527 1623 motus

341 1638 596 1679 resumptionem
613 1633 757 1678 corporis
773 1646 871 1677 quam
887 1641 976 1666 ante:
994 1636 1076 1666 sicut
1093 1636 1179 1666 enim
1195 1636 1302 1665 anima
1318 1644 1408 1674 sepa-
1462 1633 1600 1664 dicimus
1622 1634 1869 1664 collocationem
1893 1635 1943 1664 vel
1967 1635 2176 1666 mansionem.
2200 1636 2242 1666 Et
2264 1636 2349 1673 ideo,
2370 1647 2446 1667 cum
2467 1646 2527 1667 no-

341 1687 408 1713 tata
421 1692 441 1713 a
455 1691 594 1722 corpore
603 1681 805 1721 corruptibili
820 1679 993 1721 perfectius
1008 1685 1116 1720 potest
1131 1680 1257 1720 operari
1268 1689 1367 1719 quam
1379 1680 1409 1709 ei
1462 1687 1539 1708 men
1562 1683 1668 1708 motus
1691 1677 1850 1709 den'vetur
1872 1688 1975 1719 usque
1999 1678 2039 1709 ad
2062 1685 2170 1710 actum
2189 1681 2350 1720 appetitus
2366 1686 2398 1711 et
2412 1681 2527 1711 volun-

339 1727 526 1762 coniuncta,
541 1726 596 1762 ita,
610 1731 785 1766 postquam
800 1724 896 1755 fuerit
917 1725 1091 1755 coniuncta
1107 1724 1236 1764 corpori
1255 1724 1408 1763 glorioso,
1425 1733 1447 1753 35
1463 1723 1550 1758 tatis,
1576 1723 1645 1762 ipsa
1668 1723 1826 1753 assecutio
1849 1722 1922 1753 finis
1946 1723 2110 1762 appetitivi
2132 1729 2241 1755 motus
2264 1724 2380 1755 dicitur
2402 1726 2527 1755 mansio

340 1769 513 1811 perfectior
533 1770 594 1800 erit
616 1770 686 1800 eius
708 1770 855 1810 operatio
877 1778 976 1809 quam
999 1763 1136 1810 quando*
1159 1773 1226 1798 erat
1255 1772 1409 1808 separata.
1464 1772 1519 1797 aut
1542 1767 1714 1797 collocatio
1738 1767 1771 1797 in
1794 1766 1869 1797 fine.
1894 1767 1935 1797 Et
1958 1767 2032 1798 ideo
2052 1767 2167 1798 diversi
2189 1768 2279 1799 modi
2310 1769 2529 1810 consequendi

342 1814 450 1846 Omne
473 1819 583 1846 amem
605 1813 831 1854 imperfectum
854 1813 976 1853 appetit
990 1821 1082 1844 suam
1101 1812 1344 1853 perfectionem.
1369 1811 1411 1842 Et
1464 1811 1563 1842 finem
1586 1811 1738 1842 ultimum
1757 1811 1904 1842 diversae
1919 1812 2104 1842 mansiones
2119 1812 2284 1843 dicuntur:
2308 1818 2345 1844 ut
2364 1814 2409 1844 sic
2425 1814 2529 1844 unitas

337 1858 418 1891 ideo
439 1859 548 1890 minna
567 1863 713 1900 separata
733 1858 919 1889 naturaliter
947 1857 1070 1898 appetit
1099 1858 1245 1897 corporis
1273 1857 1410 1887 coniun-
1463 1856 1579 1887 domus
1608 1855 1801 1896 respondeat
1829 1856 2027 1887 universitati
2057 1856 2276 1893 beatitudinis,
2301 1867 2384 1898 quae
2415 1863 2462 1889 est
2491 1867 2529 1888 ex

343 1904 496 1935 dionem.
526 1903 568 1935 Et
597 1908 731 1944 propter
759 1902 847 1933 hunc
877 1902 1073 1942 appetitum,
1098 1911 1137 1932 ex
1167 1900 1411 1942 imperfectione
1463 1906 1554 1941 parte
1577 1900 1712 1937 obiecti;
1744 1906 1775 1931 et
1803 1900 1967 1940 pluralitas
1997 1901 2201 1931 mansionum
2225 1902 2417 1942 respondeat
2439 1902 2528 1933 diffe-

339 1947 583 1989 procedentem,
599 1948 668 1978 eius
687 1947 844 1987 operatio,
861 1955 926 1987 qua
940 1947 974 1976 in
991 1946 1098 1977 Deum
1114 1945 1222 1981 fertur,
1241 1951 1288 1976 est
1302 1946 1410 1976 minus
1425 1955 1452 1975 40
1464 1945 1584 1975 tentiae
1607 1954 1690 1984 quae
1713 1945 1746 1975 in
1770 1944 1966 1976 beatitudine
1988 1945 2150 1975 invenitur
2173 1955 2211 1976 ex
2233 1951 2322 1986 parte
2350 1947 2528 1977 beatorum.

341 1993 476 2024 intensa.
499 1992 542 2023 Et
563 1992 628 2023 hoc
651 1997 699 2022 eet
721 1991 811 2032 quod
834 1990 910 2022 dicit
926 1991 1125 2030 Augustinus
1139 1991 1167 2026 '‚
1192 1989 1282 2031 quod
1296 2000 1340 2021 ex
1354 1999 1410 2030 ap-

307 2037 314 2043 '
334 2037 440 2078 petitu
469 2036 618 2077 corporis
649 2035 838 2066 retardatur
865 2045 905 2066 ne
928 2040 996 2065 tota
1027 2035 1210 2070 intentione
1226 2039 1351 2076 pergat
1376 2035 1409 2064 in

339 2081 425 2112 iuna
445 2090 606 2112 summum
627 2080 758 2111 bonum.
1183 2084 1189 2087 ’

393 2126 449 2156 An
471 2135 591 2156 »amun
611 2134 696 2155 aneo
719 2133 880 2154 memmi
903 2122 995 2163 quod
1018 2124 1124 2154 anima
1147 2124 1322 2154 coniuncta
1337 2132 1408 2154 cor-

1465 1988 1555 2020 Sicut
1578 1989 1674 2019 etiam
1697 1988 1844 2020 videmus
1867 1989 1901 2019 in
1919 1989 2019 2019 *rebus
2042 1990 2237 2020 naturalibus
2261 1990 2351 2031 quod
2374 1996 2420 2021 est
2442 1990 2528 2022 idem

1463 2034 1556 2065 locus
1579 2043 1706 2064 sursum
1730 2032 1770 2063 ad
1793 2042 1892 2073 quem
1914 2033 2052 2064 tendunt
2075 2035 2184 2064 omnia
2206 2035 2308 2071 levia,
2332 2035 2388 2066 sed
2410 2045 2529 2066 unum-

1464 2077 1618 2119 quodque
1641 2078 1792 2118 pertingit
1815 2078 2029 2118 propinquius
2044 2078 2223 2109 secundum
2239 2078 2330 2119 quod
2345 2085 2392 2110 est
2406 2080 2527 2117 levius;

1463 2129 1495 2154 et
1517 2124 1560 2153 ita
1582 2123 1701 2153 habent
1728 2121 1866 2152 diversas
1894 2123 2078 2153 mansiones
2108 2123 2288 2154 secundum
2319 2123 2527 2155 differentiam

338 2170 415 2210 poei
432 2169 579 2210 glorium
603 2174 651 2199 est
671 2169 775 2208 magis
797 2168 870 2199 Deo
891 2168 1003 2198 similis
1018 2177 1117 2208 quam
1133 2168 1172 2198 ab
1192 2177 1233 2198 eo
1255 2173 1407 2208 separata,
1422 2177 1447 2197 ⁴5
1462 2168 1607 2198 levitatis.

341 2215 535 2255 inquantum
558 2213 732 2244 coniuncta
754 2213 850 2243 habet
874 2222 942 2242 esse
965 2212 1155 2252 perfectius:
1178 2217 1301 2253 quanto
1321 2213 1408 2242 enim

1518 2212 1570 2242 An
1592 2220 1711 2241 ramim
1725 2220 1808 2241 teneo
1825 2220 1985 2241 oscannum
2004 2211 2095 2252 quod
2117 2212 2242 2242 mansio
2266 2213 2419 2252 importat
2433 2213 2528 2244 ratio-

343 2264 391 2290 est
410 2257 534 2298 aliquid
555 2257 739 2298 perfectius,
761 2262 852 2287 tanto
875 2261 924 2287 est
946 2256 1018 2287 Deo
1039 2257 1183 2287 similius.
1207 2256 1298 2287 Sicut
1312 2257 1408 2287 etiam
1460 2265 1539 2287 nem
1561 2255 1650 2286 finis:
1675 2261 1707 2285 et
1730 2256 1774 2285 sic
1789 2264 1847 2295 per
1870 2264 2072 2296 consequens
2095 2256 2251 2287 rationem
2274 2258 2418 2298 praemii,
2439 2257 2528 2299 quod

337 2312 409 2339 cor,
432 2303 526 2334 cuius
547 2302 632 2332 vitae
654 2300 810 2342 perfectio
834 2301 868 2331 in
890 2306 984 2331 motu
999 2302 1154 2337 consistit,
1172 2306 1219 2332 est
1234 2301 1305 2331 Deo
1321 2302 1408 2332 simi-

339 2347 405 2379 lius
426 2346 558 2388 quando
573 2351 724 2377 movetur
736 2354 836 2386 quam
851 2344 983 2386 quando
999 2346 1143 2386 quiescit,
1159 2346 1305 2386 quamvis
1320 2346 1408 2376 Deus

339 2394 510 2432 nimquam
531 2395 710 2422 moveatur.

1463 2306 1510 2332 est
1532 2299 1604 2331 finis
1627 2300 1741 2330 meriti.

1518 2346 1569 2376 An
1593 2353 1756 2375 szcunntm
1779 2353 1939 2374 meatuum
1969 2343 2074 2384 quod,
2098 2346 2243 2385 quamvis
2267 2346 2306 2375 sit
2328 2355 2413 2376 unus
2436 2346 2528 2377 locus

1423 2402 1450 2423 ςο
1461 2389 1643 2431 spiritualis,
1666 2394 1775 2419 tamen
1798 2387 1914 2418 diversi
1935 2394 2010 2419 sunt
2037 2388 2152 2428 gradus
2179 2389 2458 2431 appropinquandi
2489 2390 2528 2421 ad

394 2435 449 2467 An
470 2445 636 2467 sncmmun
660 2444 823 2465 mmmm
849 2433 939 2474 quod
969 2434 1068 2465 virtus
1097 2444 1181 2475 quae
1209 2434 1250 2465 de
1272 2445 1331 2466 sua
1351 2445 1408 2466 na-
1462 2435 1574 2466 locum
1602 2433 1704 2464 illum.
1740 2433 1782 2463 Et
1811 2432 1990 2464 secundum
2020 2433 2084 2463 hoc
2114 2434 2353 2465 constituuntur
2387 2434 2528 2465 diversae

339 2485 413 2512 tua
432 2480 531 2511 habet
552 2479 643 2520 quod
664 2479 704 2509 sit
725 2479 761 2509 in
783 2479 928 2514 materia,
953 2479 1054 2519 magis
1076 2484 1124 2509 est
1145 2484 1262 2519 potens
1285 2480 1318 2510 in
1341 2489 1408 2510 ma-
1462 2480 1655 2511 mansiones.

341 2525 421 2555 teria
442 2524 579 2555 existens
602 2533 701 2564 quam
716 2533 735 2553 a
749 2523 881 2553 materia
903 2529 1061 2563 separata:
1085 2524 1242 2563 quamvis,
1263 2524 1408 2554 absolute

342 2567 520 2610 loquendo,
542 2568 642 2598 virtus
665 2577 684 2598 a
705 2568 838 2598 materia
858 2572 1003 2608 separata
1025 2568 1065 2598 sit
1086 2569 1259 2608 potentior.

1518 2524 1569 2554 An
1593 2532 1728 2554 narrum
1751 2531 1912 2552 mesanum
1936 2521 2026 2562 quod
2049 2522 2095 2553 illi
2118 2523 2174 2564 qui
2197 2528 2286 2554 erant
2300 2523 2334 2554 in
2349 2523 2461 2559 limbo,
2478 2523 2528 2554 vel

1462 2579 1552 2600 nunc
1574 2572 1649 2599 sunt
1671 2566 1706 2597 in
1727 2566 1925 2606 purgatorio,
1949 2565 2097 2597 nondum
2119 2573 2334 2608 pervenerunt
2363 2567 2404 2598 ad
2433 2578 2528 2599 suum

397 2612 450 2643 An
464 2621 600 2643 mrruu
614 2621 776 2642 memnon
791 2610 891 2652 quod,
907 2612 1055 2652 quamvis
1068 2612 1102 2642 in
1118 2618 1192 2642 actu
1211 2612 1409 2654 intelligendi
1424 2623 1447 2643 55
1462 2613 1572 2644 finem.
1604 2612 1646 2642 Et
1675 2610 1750 2642 ideo
1780 2611 1814 2640 in
1843 2611 2030 2650 purgatorio
2061 2611 2111 2642 vel
2141 2613 2175 2642 in
2204 2613 2304 2643 limbo
2328 2622 2395 2642 non
2420 2612 2528 2643 distin-

343 2657 450 2688 anima
471 2665 609 2697 corpore
631 2665 700 2686 non
722 2661 840 2692 utatur,
863 2661 972 2686 tamen
994 2656 1149 2696 perfectio
1166 2657 1310 2697 corporis
1325 2667 1408 2698 quo-
1462 2663 1607 2698 guuntur
1629 2656 1823 2691 mansiones,
1847 2654 1904 2685 sed
1926 2655 2033 2685 solum
2057 2656 2090 2686 in
2113 2656 2260 2697 paradiso
2285 2662 2316 2687 et
2338 2657 2372 2687 in
2391 2656 2528 2692 inferno,

343 2700 519 2733 dammodo
535 2699 576 2731 ad
590 2699 823 2741 perfectionem
838 2701 1034 2740 operationis
1049 2700 1271 2731 intellectualis
1287 2710 1408 2742 coope-
1463 2703 1520 2733 ubi
1542 2707 1590 2732 est
1612 2699 1685 2731 finis
1707 2700 1870 2730 bonorum
1895 2704 1926 2729 et
1948 2700 2119 2731 malorum.

337 2746 471 2782 rabitur,
487 2746 681 2785 inquantum
695 2753 736 2775 ex
750 2744 981 2775 coniunctione
997 2745 1140 2785 corporis
1156 2745 1287 2785 gloriosi
1303 2747 1408 2776 anima

339 2791 404 2822 erit
424 2790 459 2820 in
479 2794 594 2820 natura
615 2788 796 2829 perfectior,
818 2794 852 2819 et
874 2797 932 2829 per
955 2798 1156 2829 consequens
1170 2790 1205 2820 in
1221 2790 1409 2830 operatione

344 2834 513 2866 efficacior.
534 2833 577 2864 Et
591 2832 771 2864 secundum
785 2833 849 2863 hoc
863 2832 973 2873 ipsum
987 2833 1112 2863 bonum
1127 2834 1271 2874 corporis
1287 2843 1408 2875 coope-
1422 2842 1450 2862 ⁶0

336 2879 464 2910 Jmffimr
486 2878 577 2919 quasi
598 2877 881 2908 instrumentaliter
895 2876 936 2907 ad
951 2878 1173 2918 operationem
1193 2878 1281 2908 illam
1296 2879 1330 2909 in
1345 2889 1410 2919 qua

338 2922 509 2954 ,beatitudo
541 2922 708 2953 consistit:
744 2922 827 2952 sicut
860 2922 956 2952 etiam
989 2922 1205 2962 Philosophus
1238 2923 1347 2963 ponit,
1374 2923 1410 2953 in

284 3010 292 3017 ⁶
306 2975 318 3012 j
344 2967 358 2999 1
376 2967 484 2998 Ethic.
501 2968 528 3003 *,
545 2966 635 3007 quod
650 2967 737 2996 bona
750 2966 907 2997 exteriora
929 2971 1146 3006 cooperantur
1161 2967 1409 2997 instrumentali-

310 3037 318 3049 ‚
343 3017 394 3043 ter
414 3011 456 3042 ad
476 3011 662 3042 felicitatem
685 3011 779 3040 vitae.

1463 2776 1562 2809 ART.
1587 2775 1638 2806 111.
1663 2784 1768 2806 urnuu
1791 2784 1941 2805 ornasse
1964 2784 2136 2805 MANSIONBS
2158 2785 2408 2806 msrmoumrmz
2434 2786 2528 2807 pasus

1755 2828 1903 2849 DIVERsos
1928 2828 2049 2849 omnus
2073 2829 2232 2850 cam'rans

1848 2870 1909 2891 Part.
1924 2869 1942 2895 1,
1957 2875 1997 2897 qu.
2010 2875 2053 2895 tn,
2067 2873 2109 2891 art.
2124 2869 2147 2891 6.

1529 2932 1550 2952 n
1566 2930 1701 2952 'mm-nm
1716 2930 1762 2951 s1c
1782 2930 1987 2951 raecum-run.
2011 2918 2145 2950 Videtur
2164 2918 2255 2959 quod
2277 2919 2419 2950 diversae
2437 2929 2527 2950 man—

1466 2935 1636 2996 Asiones
1658 2974 1728 2996 non
1756 2964 1990 3005 distinguantur
2012 2973 2112 3004 penes
2141 2963 2282 2994 diversos
2305 2963 2420 3003 gradus
2451 2965 2529 2994 cari-

1464 3011 1545 3041 tatis.
1577 3009 1663 3047 Quia
1686 3009 1798 3039 Matth.
1824 3018 1885 3038 xxv
1901 3009 1918 3024 ⁴*
1941 3008 2072 3039 dicitur:
2100 3008 2200 3038 Dedit
2223 3008 2395 3048 unicuique
2417 3018 2528 3039 secun-

397 3056 452 3087 An
476 3065 625 3086 aum-nm
647 3063 808 3085 mensum!
835 3053 940 3094 quod,
962 3055 1110 3095 quamvis
1130 3053 1260 3085 finitum
1283 3054 1410 3086 infinito
1424 3062 1448 3088 ες
1464 3055 1540 3085 dum
1568 3053 1742 3094 propr-iam
1776 3053 1935 3083 virtutem.
1970 3052 2102 3092 Propria
2134 3058 2242 3083 autem
2275 3053 2529 3093 uniuscuiusque

338 3099 491 3131 additum
505 3109 573 3130 non
586 3098 683 3130 faciat
697 3100 811 3135 maius,
823 3104 931 3129 tamen
947 3097 1023 3129 facit
1032 3099 1131 3139 plus:
1148 3099 1224 3140 quia
1238 3098 1367 3130 finitum
1379 3105 1411 3130 et
1464 3100 1564 3129 virtus
1587 3102 1634 3128 est
1657 3098 1725 3128 eius
1747 3098 1795 3128 vis
1818 3097 1979 3128 naturalis.
2002 3096 2088 3136 Ergo
2113 3101 2144 3126 et
2167 3095 2253 3127 dona
2275 3097 2392 3137 gratiae
2413 3101 2445 3127 et
2459 3097 2528 3137 glo-

342 3143 509 3175 infinitmn
531 3149 614 3174 sunt
634 3143 719 3179 duo,
743 3152 820 3174 cum
842 3142 1005 3174 infinitum
1034 3152 1093 3184 per
1115 3152 1150 3174 se
1172 3148 1341 3184 acceptum
1368 3144 1411 3174 -sit

347 3197 461 3218 unum.
484 3187 637 3219 Extensio
661 3193 769 3219 autem
792 3187 899 3228 gaudii
915 3197 983 3218 non
998 3188 1111 3227 recipit
1125 3188 1239 3224 maius,
1255 3187 1311 3218 sed
1327 3188 1409 3230 plus.

347 3230 443 3263 Unde
451 3232 760 3272 extensive-angetur
771 3231 925 3272 gaudium
937 3231 1117 3263 secundum
1129 3231 1218 3273 quod
1229 3237 1276 3262 est
1288 3231 1328 3263 de
1339 3232 1411 3263 Deo

1465 3144 1529 3173 riae
1553 3141 1785 3172 distribuuntur
1807 3140 1986 3172 secundum
2010 3140 2152 3171 diversos
2174 3140 2290 3181 gradus
2319 3141 2442 3171 virtutis
2474 3151 2529 3172 na-

1465 3186 1772 3266 turasssl’mrma,
1795 3231 1830 3260 in
1852 3229 1980 3260 Psalmo
1997 3230 2014 3246 ⁴*
2037 3229 2167 3260 dicitur:
2196 3230 2243 3260 Tu
2267 3229 2381 3260 reddes
2405 3229 2530 3260 unicui—

342 3276 381 3306 zt
390 3274 436 3306 de
447 3275 725 3316 gieziaca-poris,
743 3282 892 3317 nespectu
909 3276 1017 3316 gaudii
1030 3276 1121 3317 quod
1140 3282 1207 3307 erat
1229 3276 1269 3307 de
1291 3277 1373 3307 Deo.
1388 3294 1412 3300 -
1425 3289 1453 3310 70
1466 3285 1527 3317 que
1545 3275 1720 3306 secundum
1736 3284 1835 3316 opera
1858 3284 1928 3305 sua.
1954 3273 2017 3305 Sed
2035 3274 2115 3305 illud
2131 3273 2221 3314 quod
2236 3272 2378 3304 redditur
2394 3279 2441 3304 est
2455 3273 2529 3307 bea-

339 3318 581 3350 fixoria-etim
600 3321 746 3360 computis
774 3321 959 3361 operabitur
988 3320 1029 3351 ad
1058 3320 1166 3361 gaudii
1195 3321 1412 3351 intensionem

1466 3319 1609 3351 titudinis
1632 3328 1791 3350 mensura.
1818 3318 1907 3359 Ergo
1931 3317 2046 3359 gradus
2068 3317 2272 3349 beatitudinis
2296 3317 2530 3359 distinguentur

341 3362 439 3404 quod
452 3361 656 3400 ustriciano,
667 3362 863 3404 inquntum
885 3365 1112 3406 cooperabitur
1132 3364 1172 3396 ad
1186 3365 1412 3405 perfectiorem
1461 3363 1647 3395 secundum
1669 3363 1883 3395 diversitatem
1903 3372 2057 3404 operum,
2081 3368 2113 3393 et
2135 3371 2203 3393 non
2225 3362 2405 3393 secundum
2428 3361 2530 3395 diver-

349 3407 572 3448 operationem
590 3417 665 3452 *qua
687 3408 794 3439 anima
810 3409 848 3440 in
866 3409 979 3441 ⁴Deum
1002 3409 1137 3440 feretur:
1169 3415 1292 3450 quanto
1324 3410 1412 3441 enim

348 3451 494 3492 operatio
514 3450 1034 3493 conveniensffflrimpafection
1053 3459 1145 3485 tanto
1168 3454 1338 3485 delectatio
1354 3455 1412 3485 erit

275 3481 323 3524 312*
348 3496 460 3532 maior,
476 3499 514 3525 ut
531 3499 623 3535 patet
645 3503 684 3525 ex
696 3494 771 3526 ahoe
787 3495 1021 3536 quod'dicltur
1041 3497 1072 3528 X
1093 3498 1284 3529 Ethicormn
1299 3499 1327 3528 ⁴.

490 3557 600 3582 Sinum:
619 3557 721 3583 Timor..
740 3558 771 3583 D.
789 3558 905 3584 Tuon:
923 3559 1012 3585 T.1x.

1466 3410 1590 3439 sitatem
1611 3409 1757 3439 caritatis.
2110 3428 2113 3431 -

1524 3453 1553 3484 3.
1577 3453 1774 3489 Paaurann,
1797 3452 1978 3492 praemium
2001 3450 2134 3482 debetur
2149 3451 2244 3487 actui,
2261 3456 2293 3481 et
2307 3460 2375 3482 non
2390 3450 2529 3482 habitui:

1425 3511 1450 3535 75
1463 3497 1553 3528 unde
1562 3497 1744 3539 fortissimi
1760 3506 1825 3527 non
1842 3500 2054 3532 coronantur,
2074 3495 2130 3527 sed
2148 3495 2369 3537 agonizantes,
2386 3500 2422 3526 ut
2442 3501 2531 3536 patet

2339 3558 2388 3591 29*

2556 3015 2567 3026 ·
2583 3013 2649 3035 Vers-
2666 3018 2696 3040 ¹5.

2557 3233 2610 3255 ·Ps.
2618 3238 2666 3259 uxr,
2673 3238 2769 3260 verum.
