2918 4088
1021 190 1284 238 QUAESTIO
1314 190 1510 236 LXXXV,
1539 188 1832 226 ARTICULUS
1860 190 1874 226 I

2463 202 2538 238 299

805 437 1222 515 QUAESTIO
1261 434 2106 511 OCTOGESIMAQUINTA

692 577 776 617 DE
809 576 1222 617 POENITENTIA
1256 574 1596 616 SECUNDUM
1630 573 1803 626 QUOD
1838 573 1952 614 EST
1986 572 2210 614 VIRTUS

1202 698 1237 723 IN
1265 698 1331 723 SEX
1358 698 1560 724 ARTICULOS
1587 699 1701 723 DIVISA

442 809 548 834 ElNDE
582 795 908 833 considerandum
941 801 996 830 est
1030 793 1078 830 de
1106 791 1341 842 poenitentia
1369 804 1425 829 se-

361 807 617 889 Dcundum
645 848 754 897 quod
781 855 838 884 est
865 846 986 883 virtus
1004 845 1035 882 ’¹‘.

358 903 407 940 Et
434 902 535 940 circa
561 903 638 939 hoc
666 908 907 950 quaeruntur
934 911 1011 936 sex.

412 955 564 992 Primo:
593 962 725 992 utrum
752 952 988 1003 poenitentia
1016 951 1061 988 sit
1078 951 1211 989 virtus.

413 1008 614 1046 Secundo:
644 1014 774 1044 utrum
805 1006 851 1043 sit
877 1005 998 1043 virtus
1027 1004 1211 1054 specialis.

1531 791 1684 829 Tertio:
1716 791 1787 828 sub
1812 803 1890 840 qua
1918 790 2044 841 specie
2063 790 2212 828 virtutis
2240 790 2490 828 contineatur.

1533 863 1703 909 Quarto:
1734 862 1782 899 de
1811 861 1983 899 subiecto
2013 862 2106 898 eius.

1534 932 1704 980 Quinto:
1735 933 1782 969 de
1811 944 1928 969 causa
1955 932 2086 982 ipsius.

1535 1004 1672 1041 Sexto:
1702 1003 1751 1040 de
1779 1002 1914 1040 ordine
1943 1002 2026 1040 eius
2054 1003 2102 1039 ad
2131 1002 2222 1040 alias
2249 1002 2418 1040 virtutes.

1174 1122 1494 1166 ARTICULUS
1525 1123 1732 1165 PRIMUS

1023 1227 1199 1258 UTRUM
1225 1226 1571 1257 POENITENTIA
1598 1225 1674 1256 s1T
1702 1191 1884 1256 va'Us

1142 1315 1176 1339 IV
1196 1315 1280 1343 Sent„
1300 1314 1360 1339 dist.
1379 1321 1430 1344 nv,
1449 1321 1495 1346 qu.
1514 1321 1531 1343 ι,
1551 1319 1598 1339 art.
1620 1320 1643 1343 ι,
1663 1313 1713 1346 qu*
1735 1321 1759 1338 2.

392 1422 520 1460 505³&ss
546 1427 548 1430 v
571 1416 594 1441 D
623 1415 758 1441 PmMUM
787 1415 838 1440 s1c
867 1415 1103 1440 PROCEDrrUR.
1133 1402 1294 1439 Videtur
1318 1402 1426 1450 quod

391 1446 549 1517 ἑΔῖιμ
572 1456 807 1507 poenitentia
834 1468 915 1493 non
943 1455 989 1492 sit
1015 1455 1148 1493 virtus.
1187 1455 1427 1493 Poenitentia

464 1526 499 1555 ις
515 1507 679 1550 ‘fenim
707 1517 763 1546 est
790 1509 990 1558 quoddam
1025 1517 1310 1546 sacramentum
1345 1508 1426 1545 aliis

420 1556 515 1596 3⁴⁴3&
530 1554 820 1600 sacramentis
848 1552 1188 1608 connumeratum,
1219 1570 1261 1598 ut
1289 1574 1335 1598 ex
1363 1574 1426 1598 su-

301 1634 336 1654 ..=
359 1627 431 1666 pra
449 1615 470 1637 ’¹‘
497 1614 606 1652 dictis
632 1623 747 1664 patet.
778 1615 855 1652 Sed
875 1616 1026 1652 nullum
1046 1614 1150 1651 aliud
1169 1622 1427 1651 sacramento-

301 1669 308 1675 ’
328 1669 334 1676 '
361 1680 450 1706 rum
469 1675 525 1704 est
542 1668 798 1715 virtuqurgo
819 1679 946 1716 neque
966 1667 1201 1716 poenitentia
1220 1675 1276 1704 est
1294 1666 1426 1704 virtus.

415 1732 450 1757 2.
481 1721 714 1766 PRAETEREA‚
744 1721 959 1757 secundum
990 1719 1286 1769 Philosophum,
1316 1720 1355 1757 in
1377 1721 1427 1757 IV

358 1775 477 1812 Ethic.
497 1773 529 1818 ³¹⁶,
558 1773 794 1810 verecundia
821 1785 902 1810 non
922 1781 978 1810 est
996 1773 1127 1820 virtus,
1156 1781 1241 1810 tum
1261 1773 1353 1822 quia
1371 1781 1427 1810 est

358 1825 487 1877 passio
522 1826 671 1864 habens
698 1827 942 1876 corporalem
970 1826 1303 1872 immutationem,
1341 1834 1426 1863 tum

120 1895 333 1924 ·mn.msm.,
359 1880 475 1918 etiam
503 1880 596 1929 quia
622 1892 703 1917 non
731 1888 787 1916 est
814 1880 1000 1929 dispositio
1025 1880 1184 1929 perfecti
1199 1880 1231 1927 ³¹⁸,
1261 1891 1353 1916 cum
1381 1879 1428 1916 sit

119 1921 259 1977 ἓξᾶιιιῖηὴ
276 1925 333 1998 Ti?
359 1933 409 1971 de
436 1933 539 1983 turpi
567 1940 664 1979 acto,
694 1933 801 1982 quod
821 1945 902 1970 non
921 1933 1037 1971 habet
1056 1934 1187 1970 locum
1207 1933 1246 1970 in
1267 1933 1426 1970 homine

120 1974 279 2025 iffssh's'
326 1991 332 1998 '
359 1986 545 2024 virtuoso.
585 1986 662 2023 Sed
690 1986 862 2023 similiter
888 1986 1123 2035 poenitentia
1151 1994 1206 2023 est
1233 1986 1427 2035 quaedam

359 2039 488 2090 passio
507 2039 655 2076 habens
675 2041 917 2089 corporalem
936 2039 1259 2087 immutationem,
1289 2039 1429 2076 scilicet

359 2094 575 2143 ploratum:
606 2092 702 2130 sicut
721 2092 931 2141 Gregorius
950 2092 1039 2130 dicit
1056 2093 1077 2115 ’¹‘
1105 2093 1212 2142 quod
1235 2094 1429 2142 poenitere

121 2163 213 2189 cum
231 2153 333 2187 rism.
359 2152 411 2184 est
432 2152 590 2196 peccata
612 2148 818 2196 praeterita
840 2146 1038 2196 plangere.
1062 2146 1129 2183 Est
1148 2145 1263 2182 etiam
1283 2146 1331 2182 de
1350 2153 1428 2182 tur-

121 2189 334 2248 ῗέζὶεὲιίεἷὲςῖνὲ
359 2199 475 2250 pibus
493 2198 610 2246 factis,
631 2197 771 2236 scilicet
790 2199 838 2236 de
857 2199 1033 2248 peccatis,
1063 2211 1164 2248 quae
1183 2211 1264 2235 non
1284 2198 1429 2235 habent

121 2243 265 2294 ffim⁹
279 2243 334 2266 ‘'¹⁸“
360 2254 494 2290 locum
512 2252 552 2289 in
572 2251 732 2289 homine
751 2252 937 2289 virtuoso.
968 2252 1070 2300 Ergo
1094 2251 1329 2301 poenitentia
1347 2264 1429 2288 non

362 2313 418 2343 est
444 2313 578 2343 Virtus.

417 2359 452 2395 3.
482 2360 715 2405 PRAETEREA,
745 2358 962 2395 secundum
990 2357 1287 2407 Philosophum,
1317 2357 1356 2394 in
1379 2359 1430 2395 IV

361 2413 480 2449 Ethic.
499 2407 538 2458 *ζ
561 2411 684 2448 nullus
711 2417 762 2448 est
787 2412 915 2448 stultus
942 2423 1073 2448 eorum
1102 2413 1166 2461 qui
1190 2417 1274 2448 sunt
1300 2423 1429 2448 secun-

363 2464 452 2502 dum
489 2466 683 2502 virtutem·
716 2465 793 2502 Sed
830 2465 989 2501 stultum
1025 2464 1178 2501 videtur
1214 2464 1345 2501 dolere
1381 2465 1429 2501 de

363 2517 574 2554 commisso
602 2517 817 2566 praeterito,
846 2518 954 2566 quod
982 2529 1062 2554 non
1081 2525 1206 2567 potest
1224 2529 1305 2554 non
1324 2530 1427 2554 esse:

363 2570 471 2620 quod
497 2578 628 2607 tamen
646 2570 809 2619 pertinet
827 2571 875 2607 ad
894 2570 1183 2620 poenitentiam.
1214 2571 1316 2619 Ergo
1336 2583 1429 2620 poe-

363 2631 523 2661 mtentia
550 2636 631 2660 non
659 2631 715 2660 est
741 2631 874 2660 virtus.

419 2677 493 2714 SED
522 2689 667 2714 CONTRA
695 2688 760 2713 EST
792 2677 899 2725 quod
936 2684 1139 2726 praecepta
1167 2677 1257 2725 legis
1289 2677 1431 2714 dantur

365 2730 413 2767 de
442 2729 589 2766 actibus
608 2729 813 2766 virtutum:
844 2729 934 2778 quia
953 2730 1144 2779 legislator
1163 2730 1315 2767 intendit
1333 2733 1430 2768 cives

125 2799 136 2810 ·
150 2797 207 2847 effi.
222 2803 240 2824 ι,
254 2803 277 2819 n.
292 2803 312 2826 ⁵·
327 2807 338 2813 -
353 2784 492 2832 facere
510 2784 701 2828 virtuosos,
721 2790 764 2819 ut
782 2781 919 2819 dicitur
937 2782 976 2819 in
995 2783 1025 2819 II
1044 2784 1162 2819 Ethic.
1178 2782 1197 2804 ²¹⁶
1224 2783 1302 2820 Sed
1320 2795 1429 2832 prae-

125 2823 151 2847 S‘
203 2824 278 2846 '¹²⁰⁸'
293 2830 309 2846 ¹'
364 2844 522 2885 ceptum
550 2835 703 2873 divinae
731 2835 821 2883 legis
849 2842 905 2872 est
933 2834 981 2871 de
1009 2835 1259 2884 poenitentia:
1294 2848 1430 2873 secun-

126 2903 338 2930 ·vm.2;e·p.1v,
364 2890 462 2927 dum
498 2888 591 2925 illud
624 2889 759 2925 Matth.
784 2900 816 2925 111
839 2888 875 2925 *ε
913 2889 1181 2925 Poenitentiam
1214 2890 1332 2938 agite,
1358 2896 1428 2925 etc.

125 2935 235 2957 '⁸³⁸'sp
364 2943 467 2991 Ergo
495 2941 731 2991 poenitentia
759 2948 814 2978 est
841 2941 974 2978 virtus.

418 2997 644 3033 Rssspommo
658 3006 841 3031 DICENDUM
856 2994 974 3043 quod,
991 2994 1088 3031 sicut
1103 3006 1148 3031 ex
1163 2993 1271 3031 dictis
1281 2993 1301 3015 ’¹‘
1314 3001 1428 3043 patet,

363 3048 561 3098 poenitere
589 3055 646 3085 est
673 3048 721 3084 de
750 3047 880 3096 aliquo
909 3060 931 3084 a
959 3060 1000 3084 se
1027 3047 1134 3096 prius
1158 3047 1256 3084 facto
1285 3047 1428 3084 dolere.

125 3110 232 3160 3⁵¹⁶*
253 3113 295 3132 m.
315 3115 338 3138 9.
365 3101 524 3139 Dictum
543 3108 598 3138 est
617 3108 748 3138 autem
767 3113 884 3150 supra
902 3100 922 3122 ²¹⁶
941 3101 1048 3149 quod
1067 3101 1180 3138 dolor
1206 3101 1268 3137 vel
1286 3099 1431 3137 tristitia

171 3143 192 3159 ²'
366 3154 568 3204 dupliciter
585 3154 732 3191 dicitur.
754 3155 842 3191 Uno
862 3154 995 3201 modo,
1012 3154 1229 3191 secundum
1249 3154 1357 3202 quod
1376 3161 1431 3190 est

365 3207 493 3257 passio
521 3207 715 3256 quaedam
743 3207 933 3257 appetitus
961 3206 1140 3244 sensitivi.
1171 3207 1219 3244 Et
1240 3214 1430 3255 quantum

367 3260 416 3298 ad
444 3261 536 3307 hoc,
566 3260 800 3309 poenitentia
832 3272 912 3297 non
941 3268 996 3297 est
1023 3260 1159 3306 virtus,
1190 3260 1257 3297 sed
1290 3259 1428 3309 passio.

121 1785 335 1835 'sfissnffaffi

120 2112 132 2124 ·
139 2110 228 2134 uomit.
235 2109 334 2133 xxxvl

121 2137 187 2160 {ab
237 2152 244 2160 .
259 2142 334 2166 nas.-

123 2424 210 2474 §.⁶32
218 2429 337 2472 ’ἶὲέῗζὲιῐιῖ

127 3009 137 3019 ·
143 3007 192 3035 Qu.
198 3012 289 3031 Lxxxnv.
295 3010 338 3029 nrt.

125 3035 152 3062 ες
167 3038 209 3056 nrt.
221 3039 256 3060 ιο,
272 3035 300 3056 nd
314 3040 339 3061 4.

422 3445 436 3478 β

466 3449 564 3471 autem.
581 3460 601 3464 —
619 3449 706 3471 tamen
728 3446 767 3474 Ρῐ,
786 3446 855 3471 em'm
875 3446 963 3471 CDEF
983 3451 1008 3471 et
1027 3451 1111 3471 cetera
1130 3446 1213 3470 tertia.

1533 1402 1619 1439 Alio
1639 1402 1772 1449 modo,
1798 1402 2015 1439 secundum
2035 1402 2142 1451 quod
2162 1402 2331 1439 consistit
2350 1402 2389 1439 in
2408 1405 2546 1440 volun-

1480 1462 1554 1492 tate
1572 1455 1603 1492 ²⁸.
1634 1456 1683 1492 Et
1711 1456 1787 1492 hoc
1814 1455 1935 1492 modo
1964 1463 2020 1492 est
2047 1467 2139 1492 curn
2159 1456 2330 1504 quadam
2349 1456 2544 1493 electione.

1481 1509 1593 1555 Quae
1622 1508 1782 1557 quidem
1811 1508 1841 1544 si
1870 1508 1915 1544 sit
1944 1515 2063 1551 recta,
2098 1520 2253 1545 necesse
2283 1517 2338 1545 est
2365 1510 2474 1558 quod
2502 1509 2548 1546 sit

1480 1569 1587 1598 actus
1619 1560 1785 1598 virtutis:
1825 1561 1962 1598 dicitur
1994 1561 2098 1598 enim
2134 1561 2172 1598 in
2200 1563 2230 1598 II
2249 1563 2366 1599 Ethic.
2387 1562 2407 1584 ’¹‘
2439 1563 2547 1612 quod

1479 1614 1600 1651 virtus
1629 1623 1684 1651 est
1711 1615 1854 1651 habitus
1873 1615 2044 1651 electivus
2069 1615 2270 1651 secundum
2291 1617 2473 1652 rationem
2494 1629 2547 1652 re-

1480 1673 1589 1704 ctam.
1624 1666 1789 1703 Pertinet
1817 1674 1947 1703 autem
1976 1667 2024 1703 ad
2053 1666 2241 1704 rationem
2270 1676 2413 1705 rectam
2441 1669 2548 1717 quod

1481 1719 1617 1769 aliquis
1655 1720 1781 1756 doleat
1819 1720 1866 1756 de
1904 1732 1984 1768 quo
2023 1720 2238 1757 dolendum
2276 1729 2332 1757 est
2357 1726 2384 1758 α.
2429 1722 2549 1768 Quod

1480 1773 1642 1822 quidem
1670 1773 1899 1809 observatur
1927 1772 1966 1809 in
1994 1773 2230 1822 poenitentia
2262 1774 2310 1811 de
2338 1786 2416 1823 qua
2444 1787 2550 1811 nunc

1480 1825 1698 1875 loquimur:
1742 1837 1836 1862 nam
1869 1825 2071 1874 poenitens
2109 1826 2269 1863 assumit
2303 1827 2549 1864 moderatum

1481 1880 1659 1916 dolorem
1693 1879 1741 1915 de
1770 1878 1934 1928 peccatis
1961 1879 2190 1928 praeteritis,
2221 1892 2311 1916 cum
2340 1880 2549 1918 intentione

1482 1931 1712 1970 removendi
1740 1944 1795 1969 ea.
1826 1933 1938 1970 Unde
1967 1931 2213 1969 manifestum
2242 1941 2297 1969 est
2324 1934 2431 1982 quod
2460 1946 2550 1983 poe-

1481 1985 1640 2023 nitentia
1674 1985 1722 2022 de
1751 1997 1830 2034 qua
1857 1997 1963 2022 nunc
1991 1985 2209 2035 loquimur,
2238 1984 2314 2023 vel
2333 1995 2388 2023 est
2415 1987 2548 2035 virtus,

1481 2041 1544 2076 vel
1572 2046 1678 2076 actus
1706 2038 1866 2075 virtutis.

1536 2095 1593 2129 AD
1630 2104 1766 2129 PRtMUM
1796 2104 1895 2129 ERGO
1923 2104 2106 2130 mCENDUM
2134 2092 2253 2141 quod,
2283 2092 2380 2129 sicut
2403 2092 2550 2131 dictum

2573 1468 2583 1478 ·
2598 1467 2626 1488 D.
2641 1472 2689 1495 530.

2574 1568 2787 1616 §.cfffftssfftit

2673 1730 2690 1746 α

1483 2153 1538 2182 est
1556 2145 1588 2190 ²1²,
1619 2145 1658 2181 in
1686 2153 1926 2182 sacramento
1954 2145 2211 2194 poenitentiae
2240 2145 2482 2183 materialiter
2510 2159 2549 2184 se
2577 2157 2586 2167 ·
2618 2161 2771 2176 uuxxvar

1483 2199 1628 2235 habent
1662 2205 1768 2234 actus
1804 2198 1985 2236 humani:
2029 2198 2137 2247 quod
2175 2210 2255 2235 non
2294 2198 2476 2247 contingit
2510 2200 2550 2236 in

1482 2251 1675 2301 baptismo
1704 2252 1766 2288 vel
1794 2251 2100 2288 confirmatione.
2131 2252 2179 2288 Et
2197 2251 2298 2299 ideo,
2319 2264 2411 2289 cum
2430 2252 2550 2290 virtus

1483 2305 1529 2341 sit
1556 2304 1790 2354 principium
1818 2303 1978 2342 alicuius
2006 2312 2132 2349 actus,
2161 2304 2289 2354 potius
2316 2305 2551 2355 poenitentia

1483 2365 1539 2395 est
1566 2357 1699 2402 virtus,
1729 2359 1791 2394 vel
1819 2370 1910 2394 cum
1938 2357 2088 2404 virtute,
2110 2370 2230 2407 quam
2256 2358 2470 2407 baptismus
2488 2361 2551 2396 vel
2613 2369 2616 2371 ’

1484 2410 1740 2448 confirmatio.

1536 2465 1594 2501 Ao
1614 2476 1804 2501 SECUNDUM
1822 2476 2005 2501 DICENDUM
2024 2464 2133 2513 quod
2151 2464 2398 2513 poenitentia,
2415 2477 2550 2502 secun·

1484 2517 1581 2554 dum
1609 2517 1716 2566 quod
1746 2524 1801 2553 est
1827 2516 1967 2566 passio,
1998 2529 2078 2554 non
2098 2525 2154 2554 est
2172 2517 2303 2564 virtus,
2333 2526 2376 2555 ut
2403 2518 2550 2556 dictum

1483 2578 1539 2607 est
1557 2570 1588 2607 ³¹⁵.
1619 2570 1682 2608 Sic
1709 2577 1837 2607 autem
1868 2570 1984 2607 habet
2007 2572 2249 2620 corporalem
2268 2571 2550 2609 transmutatio-

1483 2636 1575 2660 nem
1603 2623 1837 2669 adiunctam.
1881 2624 1949 2660 Est
1981 2631 2112 2661 autem
2137 2622 2152 2653 β
2180 2623 2300 2661 virtus
2333 2626 2550 2662 secundum

1483 2677 1591 2725 quod
1624 2677 1741 2714 habet
1777 2689 1824 2713 ex
1855 2684 1962 2726 parte
1994 2677 2201 2714 voluntatis
2238 2678 2464 2715 electionem
2494 2691 2550 2715 re-

1484 2738 1597 2767 ctam.

1537 2783 1657 2830 Quod
1685 2790 1816 2819 tamen
1844 2782 1965 2831 magis
1992 2790 2117 2832 potest
2145 2783 2219 2820 dici
2247 2783 2295 2820 de
2314 2783 2550 2832 poenitentia

1483 2848 1604 2884 quam
1633 2835 1680 2872 de
1708 2836 1954 2873 verecundia.
1997 2837 2102 2873 Nam
2130 2836 2364 2873 verecundia
2399 2837 2550 2886 respicit

1482 2896 1594 2937 turpe
1626 2889 1770 2925 factum
1802 2896 1844 2925 ut
1871 2900 2069 2937 praesens:
2108 2889 2341 2938 poenitentia
2369 2902 2463 2927 vero
2492 2903 2549 2926 re-

1484 2940 1592 2990 spicit
1619 2948 1730 2990 turpe
1758 2941 1899 2978 factum
1929 2949 1972 2978 ut
1998 2941 2246 2991 praeteritum
2266 2947 2292 2978 Υ.
2323 2943 2391 2978 Est
2418 2950 2549 2980 autem

1483 3001 1616 3031 contra
1635 2993 1910 3043 perfectionem
1930 2994 2076 3031 virtutis
2101 2995 2207 3043 quod
2227 2994 2362 3043 aliquis
2382 2994 2421 3032 in
2440 3008 2548 3045 prae-

1484 3046 1580 3084 senti
1608 3047 1747 3084 habeat
1774 3054 1885 3096 turpe
1913 3047 2067 3094 factum,
2097 3048 2144 3085 de
2164 3060 2244 3097 quo
2264 3055 2438 3097 oporteat
2457 3061 2549 3086 eum

1482 3099 1747 3137 verecundari.
1777 3101 1870 3137 Non
1898 3108 2028 3137 autem
2048 3109 2104 3138 est
2123 3108 2256 3137 contra
2274 3101 2548 3150 perfectionem

1483 3153 1631 3190 virtutis
1647 3153 1754 3202 quod
1773 3153 1909 3202 aliquis
1927 3153 2034 3203 prius
2048 3153 2283 3191 commiserit
2301 3154 2427 3203 turpia
2441 3155 2547 3202 facta,

1484 3206 1532 3243 de
1561 3205 1702 3255 quibus
1736 3213 1910 3255 oporteat
1942 3219 2033 3244 eum
2061 3207 2270 3256 poenitere,
2299 3219 2390 3244 cum
2419 3220 2465 3244 ex
2492 3207 2548 3244 vi-

1483 3259 1581 3296 tioso
1611 3258 1677 3296 fiat
1705 3259 1842 3308 aliquis
1870 3259 2076 3297 virtuosus.

422 3409 449 3475 αξ
469 3410 611 3435 dolendum
624 3414 672 3436 est.
683 3425 703 3429 —-
715 3414 740 3436 et
753 3418 784 3436 eo
797 3411 876 3436 modo
889 3415 916 3436 et
922 3410 981 3443 fine
996 3418 1047 3443 quo
1063 3410 1204 3435 dolendum
1224 3414 1263 3435 est
1282 3410 1378 3434 addunt
1392 3409 1430 3435 ΡΙ.
1481 3410 1660 3441 praeteritum
1680 3410 1724 3438 sE.
1739 3412 1767 3433 ut
1783 3416 1912 3441 praesens
1928 3417 1981 3441 pro
1999 3417 2051 3442 quo
2070 3410 2146 3435 timet
2163 3411 2293 3444 confundi
2306 3411 2474 3443 poenitentia
2488 3418 2550 3436 vero

1484 3445 1542 3476 (sed
1558 3445 1725 3477 poenitentia
1750 3445 1860 3476 respicit
1884 3448 1962 3477 turpe
1979 3446 2087 3478 factum
2108 3445 2157 3479 sG)
2179 3449 2207 3471 ut
2221 3447 2400 3478 praeteritum
2423 3447 2500 3476 PlsG,
2521 3450 2550 3471 ut

420 3481 448 3515 γ)
468 3485 498 3506 ut
512 3488 666 3513 praesens...
686 3484 716 3506 ut
730 3481 919 3513 praeteritum.
930 3496 950 3500 —
964 3482 1011 3507 Ed.
1029 3488 1060 3511 a;
1077 3488 1205 3513 praesens
1220 3481 1388 3513 poenitentia
1402 3484 1430 3505 ut
1480 3484 1620 3513 peccatum
1641 3481 1663 3510 b,
1685 3483 1713 3504 ut
1728 3480 1906 3512 praeteritum
1926 3481 2012 3505 ceteri.

363 3517 543 3549 praeteritum
563 3516 591 3546 F,
611 3519 640 3541 ut
654 3517 768 3548 proprie
791 3519 831 3542 est
852 3517 1018 3549 poenitentia
1044 3517 1152 3549 respicit
1177 3520 1255 3548 turpe
1273 3517 1380 3550 sactum
1402 3519 1431 3541 ut

2577 2583 2587 2593 ·
2601 2581 2627 2602 In
2642 2586 2749 2609 corpore.
