2918 4088
213 734 224 744 ·
239 732 274 754 Cf.
291 738 330 760 qu.
345 739 409 754 Lxxu

212 760 277 781 Intro
280 759 302 781 d.

458 154 532 190 228

1136 152 1399 199 QUAESTIO
1429 152 1590 197 LXXX,

1620 150 1914 188 ARTICULUS
1943 151 1957 186 I

1051 346 1460 424 QUAESTIO
1516 344 2041 400 OCTOGESIMA

829 466 912 506 DE
945 465 1067 523 usu
1101 465 1238 506 SIVE
1272 464 1623 506 suMPTtONE
1655 462 1841 504 Huius
1875 461 2272 504 SACRAMENTI

1239 582 1273 617 1121
1301 581 1486 608 DUODECIM
1513 581 1716 607 ARTICULOS
1743 580 1857 605 DIVISA

538 682 644 707 amna
681 669 1006 706 considerandum
1041 675 1096 705 est
1124 668 1171 705 de
1199 679 1274 704 usu
1307 667 1386 703 sive
1415 678 1519 703 sum-

457 681 670 772 Dptione
712 722 827 759 huius
872 721 1099 759 sacramenti
1130 722 1161 758 ²¹⁸.
1212 721 1261 757 Et
1297 719 1443 769 primo,
1480 719 1519 756 in

454 775 677 821 communi;
707 775 891 822 secundo,
912 775 1115 824 quomodo
1142 773 1316 811 Christus
1343 779 1401 810 est
1426 785 1519 809 usus

454 830 531 866 hoc
559 828 838 866 sacramento*

455 882 566 920 Circa
593 882 766 931 primum
794 887 1034 940 quaeruntur
1062 879 1280 917 duodecim.

507 935 659 972 Primo:
690 942 823 971 utrum
842 933 915 970 sint
933 933 1013 969 duo
1033 932 1142 969 modi
1161 931 1423 969 manducandi
1444 932 1521 968 hoc

558 994 856 1032 sacramentum,
876 985 1017 1022 scilicet
1045 984 1366 1022 sacramentaliter
1384 992 1420 1021 et
1446 983 1520 1033 spi-

560 1040 751 1077 ritualiter.

507 1093 706 1131 Secundo:
737 1098 870 1128 utrum
898 1090 968 1127 soli
997 1089 1147 1127 homini
1175 1089 1380 1126 conveniat
1412 1100 1520 1125 man-

559 1146 700 1182 ducare
729 1143 982 1193 spiritualiter.

504 1198 657 1236 Tertio:
692 1205 824 1234 utrum
859 1195 976 1233 solius
1009 1194 1178 1232 hominis
1213 1194 1301 1232 iusti
1333 1194 1378 1231 sit
1412 1206 1520 1231 man-

559 1252 701 1289 ducare
730 1248 1063 1287 sacramentaliter.

504 1305 676 1353 Quarto:
724 1311 856 1340 utrum
897 1309 1076 1351 peccator
1114 1301 1356 1338 manducans
1397 1312 1520 1338 sacra-

558 1357 774 1395 mentaliter
801 1363 943 1406 peccet.

1585 687 1587 689 ·
1628 665 1797 713 Quinto:
1827 665 1876 702 de
1905 664 2113 714 quantitate
2142 664 2258 701 huius
2286 663 2442 713 peccati.

1629 725 1765 762 Sexto:
1804 731 1933 760 utrum
1968 730 2147 772 peccator
2180 719 2365 759 accedens
2403 722 2452 759 ad
2479 722 2556 759 hoc
2582 732 2642 759 sa-

1681 787 1923 817 cramentum
1952 780 1998 817 sit
2025 780 2280 830 repellendus.

1629 838 1824 887 Septimo:
1869 846 2000 875 utrum
2037 845 2227 875 nocturna
2260 837 2420 888 pollutio
2458 836 2643 887 impediat

1681 895 1884 933 hominem
1913 909 1935 933 a
1964 895 2183 946 sumptione
2212 895 2329 933 huius
2357 895 2596 933 sacramenti.

1630 952 1800 990 Octavo:
1837 961 1970 990 utrum
2007 952 2052 990 sit
2089 954 2217 990 solum
2253 966 2276 990 a
2312 953 2449 990 ieiunis
2485 965 2642 990 sumen-

1682 1010 1790 1046 dum.
2534 1049 2540 1058 ,

1628 1067 1765 1103 Nono:
1795 1074 1927 1103 utrum
1955 1066 2002 1103 sit
2028 1067 2292 1110 exhibendum
2311 1079 2393 1106 non
2411 1068 2643 1106 habentibus

1682 1135 1798 1160 usum
1828 1123 1996 1160 rationis.

1629 1180 1811 1217 Decimo:
1842 1188 1974 1217 utrum
2002 1180 2048 1217 sit
2075 1181 2248 1230 quotidie
2276 1183 2525 1219 sumendum.

1629 1237 1864 1275 Undecimo:
1895 1245 2027 1275 utrum
2055 1238 2165 1276 liceat
2192 1239 2354 1276 omnino
2382 1239 2584 1277 abstinere.

1629 1295 1894 1333 Duodecimo:
1939 1302 2071 1333 utrum
2113 1296 2223 1334 liceat
2264 1297 2461 1347 percipere
2502 1308 2644 1348 corpus

1683 1365 1764 1390 sme
1791 1365 1991 1402 sanguine.

1271 1462 1592 1506 ARTICULUS
1623 1461 1830 1506 PRIMUS

741 1560 899 1592 UTRUM
923 1559 1130 1590 DEBEANT
1154 1558 1377 1590 DISTINGUI
1400 1557 1493 1589 DUO
1517 1557 1631 1588 MODI
1654 1558 1951 1589 MANDUCANDI
1975 1558 2146 1590 CORPUS
2169 1558 2354 1596 CHRISTI,

1004 1603 1204 1635 SCILICET
1228 1603 1559 1634 SPIRITUALITER
1581 1602 1640 1633 ET
1664 1602 2096 1634 SACRAMENTALITER

550 1687 584 1711 IV
603 1686 688 1714 Sent„
709 1685 768 1709 dist.
787 1692 821 1715 xx,
841 1689 889 1709 art.
910 1690 934 1715 1,
953 1683 1004 1716 qu*
1025 1682 1054 1714 35
1075 1683 1117 1708 De
1140 1683 1202 1708 Ven.
1223 1682 1349 1708 Sacram.
1366 1683 1430 1712 Alt„
1450 1689 1530 1707 serm.
1548 1689 1615 1713 xvn;
1636 1682 1666 1706 In
1687 1682 1771 1712 loun„
1791 1690 1847 1715 cap.
1865 1690 1900 1712 vx,
1919 1682 1977 1707 lect.
1997 1690 2031 1712 w,
2049 1689 2101 1713 vn;
2119 1683 2129 1708 1
2147 1683 2186 1708 ad
2206 1684 2281 1713 Cor„
2300 1691 2357 1716 cap.
2374 1691 2409 1715 ¹1,
2427 1684 2486 1709 lect.
2503 1691 2549 1710 vu.

568 1789 611 1816 fl·-
663 1779 685 1803 D
715 1777 851 1803 PmMUM
875 1777 927 1802 sic
956 1776 1194 1801 PRocaorrUR.
1224 1763 1387 1800 Videtur
1414 1763 1522 1812 quod

588 1811 638 1871 (3⁷².
665 1831 745 1856 non
773 1818 939 1855 debeant
967 1817 1148 1866 distingui
1167 1817 1248 1854 duo
1277 1816 1385 1854 modi
1413 1828 1522 1853 man-

469 1843 634 1932 '‘2553‘(
646 1871 652 1876 “
664 1871 834 1909 ducandi
853 1883 995 1920 corpus
1017 1870 1168 1917 Christi,
1190 1870 1330 1907 scilicet
1349 1869 1524 1929 spiritua-

487 1893 630 1962 4ῖ-Ψ)1
620 1918 747 1963 &liter
783 1932 820 1962 et
857 1924 1179 1961 sacramentaliter
1205 1929 1233 1960 α.
1280 1923 1387 1961 Sicut
1419 1923 1523 1960 enim

453 1979 668 2029 baptismus
696 1986 752 2015 est
779 1977 983 2027 spiritualis
1018 1977 1276 2026 regeneratio,
1306 1977 1524 2014 secundum

452 2033 546 2069 illud
574 2033 677 2069 Ioan.
699 2044 732 2068 111
750 2031 781 2079 ²²⁶,
810 2032 898 2068 Nisi
924 2033 1003 2081 quis
1031 2037 1182 2068 renatus
1199 2031 1321 2078 suerit
1348 2042 1398 2067 ex
1424 2042 1524 2079 aqua

452 2092 486 2123 et
521 2087 657 2134 Spiritu
687 2087 823 2122 Sancto
852 2092 939 2131 etc.,
969 2084 1018 2121 ita
1053 2083 1169 2121 etiam
1197 2085 1274 2120 hoc
1306 2094 1523 2120 sacramen-

452 2147 537 2176 tum
556 2146 612 2175 est
631 2139 739 2175 cibus
759 2137 981 2188 spiritualis:
1009 2137 1114 2174 unde
1133 2136 1339 2183 Dominus,
1360 2137 1524 2185 loquens

453 2192 501 2229 de
530 2193 606 2229 hoc
634 2198 886 2238 sacramento,
907 2190 1008 2238 dicit,
1029 2192 1133 2227 Ioan.
1153 2202 1188 2227 Vl
1207 2189 1244 2226 ²¹⁵:
1283 2191 1404 2227 Verba
1429 2201 1526 2239 quae

452 2258 524 2296 ego
553 2246 695 2283 locutus
721 2258 804 2282 sum
832 2246 952 2291 vobis,
979 2245 1128 2294 spiritus
1156 2249 1189 2280 et
1215 2245 1290 2281 vita
1317 2249 1411 2280 sunt.
1447 2242 1524 2280 Sed

452 2299 553 2336 circa
579 2298 818 2348 baptismum
837 2310 918 2334 non
947 2296 1190 2345 distinguitur
1210 2296 1353 2345 duplex
1381 2296 1525 2333 modus

453 2351 644 2399 sumendi,
666 2351 805 2388 scilicet
825 2350 1108 2388 sacramentalis
1127 2357 1164 2387 et
1183 2349 1398 2399 spiritualis.
1422 2350 1524 2397 Ergo

454 2417 582 2454 neque
603 2405 702 2442 circa
730 2405 806 2441 hoc
834 2411 1119 2441 sacramentum
1138 2403 1253 2441 debet
1271 2403 1368 2440 haec
1395 2402 1525 2439 distin-

454 2458 529 2496 ctio
558 2458 743 2495 adhiberi.

510 2523 544 2548 2.
575 2512 814 2556 PRAETEREA‚
845 2522 890 2547 ea
925 2522 1097 2559 quorum
1131 2521 1258 2546 unum
1287 2516 1342 2545 est
1369 2515 1526 2558 propter

455 2566 630 2612 alterum,
669 2576 750 2600 non
787 2563 929 2600 debent
964 2563 1013 2600 ad
1049 2562 1217 2599 invicem
1254 2561 1397 2599 dividi:
1435 2561 1526 2611 quia

454 2630 582 2654 unum
610 2618 658 2654 ab
687 2616 761 2654 alio
790 2616 959 2666 speciem
986 2615 1109 2653 trahit.
1141 2615 1219 2653 Sed
1245 2614 1526 2652 sacramentalis

455 2670 703 2708 manducatio
746 2670 946 2707 ordinatur
978 2669 1027 2706 ad
1063 2668 1298 2718 spiritualem
1340 2667 1436 2705 sicut
1477 2667 1539 2705 ad·

455 2723 588 2760 finem.
618 2724 711 2760 Non
743 2735 834 2771 ergo
863 2723 976 2760 debet
1004 2721 1287 2760 sacramentalis
1315 2721 1526 2758 manduca—

455 2777 508 2814 tio
538 2784 671 2814 contra
699 2776 937 2826 spiritualem
966 2775 1096 2813 dividi.

512 2830 546 2866 3.
577 2831 816 2877 PRAETEREA,
847 2842 892 2866 ea
927 2841 1098 2878 quorum
1130 2840 1256 2865 unum
1289 2839 1369 2864 non
1402 2835 1526 2877 potest

456 2895 539 2920 esse
560 2882 640 2920 sine
660 2884 790 2930 altero,
811 2895 892 2920 non
912 2882 1052 2919 debent
1071 2889 1203 2919 contra
1227 2893 1266 2918 se
1286 2880 1417 2918 dividi.
1449 2880 1526 2918 Sed

456 2935 610 2973 videtur
637 2937 745 2985 quod
773 2937 901 2973 nullus
929 2935 1049 2985 possit
1068 2935 1304 2972 manducare
1326 2933 1525 2983 spirituali-

456 2997 513 3026 ter
531 2988 603 3026 nisi
623 2988 738 3026 etiarn
758 2988 1078 3026 sacramentaliter
1096 2988 1324 3025 manducet:
1355 2986 1525 3036 alioquin

458 3041 604 3091 antiqui
623 3043 753 3079 Patres
768 3043 844 3079 hoc
863 3049 1148 3079 sacramentum
1163 3039 1402 3091 spiritualiter
1415 3052 1525 3077 man-

459 3095 673 3132 ducassent.
694 3096 850 3132 Frustra
869 3095 984 3132 etiam
1003 3102 1101 3132 esset
1120 3093 1402 3131 sacramentalis
1416 3105 1525 3130 man-

460 3147 631 3195 ducatio,
661 3148 691 3184 si
720 3148 800 3184 sine
829 3160 875 3185 ea
902 3147 1105 3197 spiritualis
1141 3159 1223 3184 esse
1256 3154 1396 3197 posset.
1431 3147 1525 3184 Non

460 3211 549 3248 ergo
578 3201 850 3237 convenienter
881 3200 1122 3248 distinguitur
1155 3200 1297 3250 duplex
1318 3198 1333 3228 β
1361 3199 1525 3236 mandu-

460 3252 569 3299 catio,
599 3252 738 3289 scilicet
766 3253 1048 3290 sacramentalis
1077 3260 1113 3290 et
1141 3252 1355 3302 spiritualis.

513 3368 541 3402 α)
560 3368 740 3400 spiritualiter
762 3371 789 3392 et
806 3367 1048 3392 sacramentaliter.
1067 3380 1086 3386 —
1103 3366 1336 3392 sacramentaliter
1354 3369 1381 3391 et
1398 3365 1528 3398 spiritua-

459 3403 523 3428 liter
541 3403 676 3429 editiones-

514 3437 540 3472 β)
559 3439 737 3472 distinguitur
756 3438 865 3470 duplex.
878 3452 896 3456 -
910 3437 1041 3470 distingui
1060 3437 1136 3462 debet
1149 3436 1186 3466 bc,
1200 3436 1378 3469 distinguitur
1395 3436 1468 3461 circa
1480 3435 1529 3460 hoc

464 3477 662 3499 sacramentum
683 3474 787 3506 duplex
804 3473 856 3498 PF.

1630 1763 1704 1800 SED
1734 1775 1879 1800 CONTRA
1898 1775 1964 1800 EST
1983 1763 2103 1812 quod,
2133 1774 2250 1812 super
2276 1763 2370 1801 illud
2397 1765 2412 1801 I
2444 1765 2531 1802 Cor.
2551 1763 2643 1813 X1*,

1582 1817 1657 1858 Qui
1673 1816 1875 1853 manducat
1893 1822 1926 1853 et
1945 1818 2033 1853 bibit
2060 1816 2214 1867 indigne
2232 1824 2315 1864 etc.,
2335 1816 2425 1854 dicit
2448 1817 2586 1855 Glossa
2603 1817 2642 1854 *2

1576 1870 1682 1906 Duos
1709 1869 1865 1906 dicimus
1892 1881 1969 1915 esse
1994 1870 2125 1907 modos
2151 1870 2423 1907 manducandi.-
2450 1882 2567 1907 unum
2585 1882 2644 1908 sa-

1576 1923 1855 1969 cramentalem,
1885 1928 1919 1959 et
1945 1923 2062 1959 alium
2088 1923 2327 1972 spiritualem.

1630 1977 1856 2014 REsPONnEo
1875 1988 2058 2013 DICENDUM
2084 1976 2193 2025 quod
2220 1975 2260 2013 in
2288 1976 2509 2026 sumptione
2528 1976 2646 2014 huius

1578 2028 1806 2066 sacramenti
1824 2029 1904 2066 duo
1924 2036 2013 2066 sunt
2032 2029 2328 2067 consideranda:
2358 2029 2497 2067 scilicet
2515 2029 2646 2079 ipsum

1578 2089 1876 2129 sacramentum,
1897 2089 1933 2118 et
1952 2082 2109 2119 effectus
2129 2082 2259 2131 ipsius,
2280 2083 2328 2120 de
2348 2095 2519 2132 quorum
2541 2090 2645 2120 utro·-

1578 2148 1655 2185 que
1676 2147 1793 2185 supra
1811 2135 1831 2157 '¹‘
1858 2135 1936 2172 iam
1955 2135 2100 2172 dictum
2121 2143 2188 2172 est.
2218 2136 2411 2173 Perfectus
2431 2135 2544 2184 igitur
2561 2147 2645 2174 mo-

1578 2190 1652 2226 dus
1680 2188 1860 2226 sumendi
1887 2189 1964 2225 hoc
1992 2196 2278 2226 sacramentum
2306 2196 2362 2226 est
2389 2189 2548 2238 quando
2580 2188 2646 2227 ali-

1578 2242 1665 2292 quis
1693 2242 1744 2279 ita
1762 2243 1839 2279 hoc
1866 2249 2152 2279 sacramentum
2170 2241 2327 2292 suscipit
2354 2242 2461 2291 quod
2485 2241 2647 2292 percipit

1578 2296 1660 2333 eius
1680 2295 1873 2333 effectum.
1905 2294 2098 2343 Contingit
2125 2302 2256 2332 autem
2280 2295 2529 2344 quandoque,
2550 2294 2647 2333 sicut

1578 2361 1696 2398 supra
1714 2348 1734 2370 ’¹‘
1758 2348 1904 2385 dictum
1923 2355 1990 2394 est,
2011 2348 2119 2397 quod
2138 2347 2274 2397 aliquis
2292 2348 2502 2408 impeditur
2519 2361 2543 2386 a
2560 2360 2647 2398 per-

1579 2401 1758 2451 cipiendo
1777 2401 1959 2438 effectum
1978 2401 2095 2438 huius
2115 2400 2359 2438 sacramenti:
2385 2409 2422 2438 et
2440 2401 2522 2438 talis
2541 2413 2647 2439 sum-

1578 2455 1658 2505 ptio
1678 2454 1795 2491 huius
1815 2454 2042 2491 sacramenti
2070 2461 2125 2491 est
2151 2453 2382 2503 imperfecta.
2413 2454 2519 2492 Sicut
2536 2453 2648 2502 igitur

1579 2508 1788 2558 perfectum
1819 2514 1951 2544 contra
1983 2506 2250 2556 imperfectum
2282 2506 2482 2555 dividitur,
2512 2507 2562 2545 ita
2589 2519 2648 2545 sa-

1579 2560 1819 2599 cramentalis
1855 2560 2122 2607 manducatio,
2151 2572 2221 2609 per
2248 2572 2368 2610 quam
2395 2560 2560 2598 sumitur
2586 2572 2647 2598 so-

1579 2615 1662 2652 lum
1699 2620 1984 2651 sacramentum
2017 2613 2098 2650 sine
2126 2613 2264 2650 effectu
2297 2613 2436 2662 ipsius,
2465 2613 2649 2651 dividitur

1580 2674 1712 2705 contra
1731 2666 1968 2716 spiritualem
1987 2666 2339 2714 manducationem,
2359 2678 2430 2716 per
2448 2678 2568 2716 quam
2582 2665 2647 2704 ali-

1580 2719 1667 2770 quis
1685 2719 1846 2769 percipit
1865 2719 2046 2757 effectum
2066 2719 2182 2756 huius
2210 2719 2448 2767 sacramenti,
2468 2731 2548 2769 quo
2575 2718 2647 2768 spi-

1580 2773 1761 2811 ritualiter
1779 2774 1902 2810 homo
1923 2772 2075 2810 Christo
2104 2772 2349 2821 coniungitur
2375 2784 2444 2822 per
2470 2772 2591 2809 fidem
2610 2778 2647 2809 et

1580 2834 1786 2864 carnatem.

1633 2881 1690 2916 AD
1720 2891 1855 2916 PmMUM
1874 2891 1973 2916 ERGO
1993 2890 2174 2916 DICENDUM
2194 2878 2302 2928 quod
2326 2877 2440 2915 etiam
2463 2877 2562 2915 circa
2580 2876 2646 2914 ba-

1579 2932 1785 2983 ptismum,
1816 2939 1852 2969 et
1879 2931 1952 2969 alia
1978 2931 2204 2969 huiusmodi
2232 2938 2484 2978 sacramenta,
2513 2929 2646 2967 similis

1579 2985 1768 3023 distinctio
1784 2984 2006 3025 adhibetur:
2035 2997 2127 3022 nam
2155 2983 2315 3033 quidam
2334 2983 2547 3032 suscipiunt
2564 2990 2645 3020 tan-

1579 3047 1664 3076 tum
1702 3045 2002 3086 sacramentum,
2038 3037 2198 3087 quidam
2234 3048 2328 3074 vero
2361 3043 2646 3074 sacramentum

1580 3100 1616 3129 et
1635 3104 1718 3130 rem
1737 3090 1974 3128 sacramenti.
2003 3089 2077 3127 Hic
2091 3095 2106 3118 Υ
2133 3097 2263 3126 tamen
2283 3089 2408 3126 differt
2431 3088 2532 3138 quia,
2553 3101 2645 3126 cum

1580 3145 1652 3182 alia
1671 3151 1910 3182 sacramenta
1928 3142 2176 3193 perficiantur
2197 3142 2236 3179 in
2255 3154 2330 3179 usu
2349 3142 2540 3190 materiae,
2559 3154 2645 3192 per-

1580 3197 1706 3247 cipere
1725 3204 2010 3234 sacramentum
2029 3203 2084 3233 est
2103 3195 2186 3245 ipsa
2203 3194 2383 3244 perfectio
2399 3194 2644 3233 sacramenti:

1579 3252 1656 3288 hoc
1683 3258 1815 3288 autem
1843 3255 2128 3286 sacramentum
2155 3247 2352 3298 perficitur
2378 3247 2418 3285 in
2446 3260 2645 3286 consecra-

1634 3363 1661 3398 γ)
1682 3364 1774 3389 Hic.-
1786 3364 1820 3394 Ε;
1837 3363 1866 3388 In
1882 3363 1930 3388 hoc
1943 3361 2043 3396 (tamen
2059 3361 2188 3396 differunt
2200 3360 2231 3396 Ρ)
2246 3362 2298 3387 Gla
2313 3366 2337 3386 et
2352 3362 2486 3393 editiones,
2503 3362 2539 3387 Et
2552 3361 2601 3388 hoc
2613 3362 2646 3388 H

1583 3400 1643 3424 Hoc
1661 3399 1746 3424 ceteri.
1766 3399 1816 3424 Pro
1834 3398 1906 3431 quia,
1925 3398 1998 3431 quod
2016 3397 2060 3423 GI.

2671 1771 2682 1782 ³
2696 1769 2764 1793 Ven.
2778 1775 2815 1799 ³9.

2671 1821 2681 1832 ·
2696 1818 2754 1842 ord.
2767 1822 2790 1841 et
2798 1818 2885 1841 Lomb.

2704 2140 2752 2169 Qu.
2773 2146 2847 2163 tum
2860 2151 2873 2157 -

2671 2347 2918 2411 soffm'm'v-
