2918 4088
185 804 195 814 ·
217 803 252 824 Cf.
276 809 314 830 qu.
336 809 388 824 vai

184 829 273 851 Introd.

283 965 300 981 α

186 1014 197 1025 “
211 1013 259 1040 Qu.
274 1018 336 1034 Lxxt.

287 1690 303 1715 Υ

188 1742 198 1752 '¹
214 1741 279 1763 Vers.
294 1746 314 1762 2.

188 2121 198 2132 ³
207 2120 352 2147 Qu.xxxv1u,
359 2122 400 2140 art.

190 2154 208 2174 ι,
223 2153 248 2175 3..

192 2548 201 2557 '
218 2546 284 2568 Vei-⁵.
302 2553 334 2572 ιι,
351 2551 382 2568 12.

193 2758 203 2769 '¹
218 2756 301 2779 Ambr.
316 2756 372 2777 deS
386 2756 407 2777 i-

194 2783 242 2804 ritu
255 2783 350 2810 Sancto,
373 2783 404 2804 ib.

194 2810 213 2857 ἒ
223 2810 406 2858 ε’·ἰὲὲῧίιῗᾞῖῑ

195 2842 279 2889 xiim,
290 2862 323 2884 aa
334 2852 407 2884 B'oni-

187 2889 252 2916 fac„
268 2895 290 2910 n.
306 2895 328 2916 9.

195 2965 205 2974 '¹
220 2963 286 2985 Vei-s.
303 2969 333 2992 ¹3·

430 189 499 225 116

1123 184 1386 232 QUAESTIO
1415 184 1540 228 LXX,
1570 181 1862 219 ARTICULUS
1890 181 1904 216 I

972 411 1381 488 QUAESTIO
1420 407 2066 467 SEPTUAGESIMA

1173 532 1263 571 DE
1307 529 1860 572 CIRCUMCISIONE

1216 647 1249 671 IN
1279 647 1450 678 QUATUOR
1477 646 1677 672 ARTICULOS
1704 646 1817 671 DIVISA

510 757 615 782 EINDE
659 743 984 781 considerandum
1023 749 1078 779 est
1117 742 1164 778 de
1198 740 1489 790 praeparatoriis
1514 743 1517 783 1
1545 740 1654 777 Circa
1681 740 1850 789 primum
1881 747 2119 789 quaeruntur
2147 746 2324 788 quatuor.

391 818 397 830 ›
428 755 558 838 Dab
578 797 814 847 baptismum
827 796 857 833 ²³⁶.
888 797 936 833 Et
962 795 1088 844 primo
1116 794 1287 843 quidem,
1309 794 1356 831 de
1383 805 1488 842 prae-

425 850 617 901 paratorio
646 850 753 899 quod
780 848 984 899 praecessit
1003 847 1250 897 baptismum,
1277 846 1415 883 scilicet
1441 847 1488 883 de

426 903 736 949 circumcisione;
776 903 963 948 secundo,
994 901 1041 938 de
1069 899 1361 950 praeparatoriis
1389 911 1489 948 quae
1527 907 1531 908 ⁷

426 964 584 994 currunt
605 962 621 978 ‘²
650 956 764 992 simul
791 967 883 992 cum
910 954 1118 1004 baptismo,
1148 953 1287 990 scilicet
1315 953 1362 989 de
1391 960 1488 989 cate-

427 1010 576 1047 chismo
606 1017 641 1046 et
670 1007 884 1045 exorcismo
903 1007 933 1044 ²⁸.

1596 793 1745 830 Primo:
1772 801 1903 829 utrum
1931 791 2169 829 circumcisio
2189 792 2299 829 fuerit
2322 791 2606 841 praeparatoria

1650 844 1720 882 εῖβ
1747 845 1948 894 figurativa
1975 845 2165 894 baptismi.

1598 899 1799 936 Secundo:
1837 899 1885 935 de
1914 898 2147 935 institutione
2175 897 2306 948 ipsius.

1597 951 1749 988 Tertio:
1780 952 1828 988 de
1857 951 1930 988 ritu
1959 951 2052 988 eius.

1598 1005 1765 1051 Quarto:
1795 1005 1843 1042 de
1873 1005 2011 1041 effectu
2038 1004 2168 1053 ipsius.

1239 1114 1559 1156 ARTICULUS
1591 1114 1799 1156 PRIMUS

702 1214 859 1245 UTRUM
883 1212 1165 1243 CIRCUMCISIO
1189 1211 1349 1242 FUERIT
1372 1194 1737 1241 PRAEPARATORIA
1760 1211 1818 1241 ET
1841 1211 2110 1242 FIGURATIVA
2131 1212 2332 1243 BAPTISMI

938 1291 959 1315 1³
980 1291 1036 1320 11⁵⁶,
1056 1298 1102 1323 qu.
1121 1298 1161 1319 cv,
1181 1295 1226 1314 art.
1248 1296 1271 1321 1,
1291 1290 1322 1314 ad
1343 1289 1372 1320 33
1392 1289 1425 1313 lV
1444 1289 1527 1318 Sent.‚
1547 1289 1606 1315 dist.
1625 1296 1679 1320 vm,
1699 1297 1743 1321 qu.
1761 1297 1778 1319 1,
1798 1295 1844 1314 art.
1865 1289 1958 1322 2,.qu⁸
1978 1297 2001 1321 2,
2020 1290 2052 1315 ad
2073 1289 2096 1315 5.

636 1385 657 1409 D
687 1384 821 1409 PRIMUM
850 1383 901 1408 Sic
931 1381 1167 1407 PROCEDrrUR.
1193 1368 1353 1406 Videtur
1383 1368 1490 1417 quod

561 1424 881 1515 (ἐῆἓὶίι-ωῐηείεἰεέ
905 1436 985 1460 non
1012 1422 1124 1513 fuegt
1152 1421 1436 1512 praeparatogia
1456 1429 1491 1458 et

442 1483 446 1488 '
690 1477 838 1515 urativa
885 1490 906 1514 a
935 1476 1048 1513 tismi.
1123 1476 1224 1512 mnis
1244 1475 1349 1512 enim
1451 1487 1492 1511 ra

443 1483 625 1568 ‘yss'g'uffk
637 1491 752 1569 hgbet
780 1489 950 1580 aliquarpin
973 1529 1262 1567 similitudinem
1299 1487 1490 1566 cumgsluo

425 1585 602 1634 figurato.
634 1585 710 1622 Sed
739 1583 978 1621 circumcisio
1007 1584 1151 1620 nullam
1181 1582 1297 1619 habet
1320 1581 1491 1618 similitu-

427 1638 558 1675 dinem
587 1650 678 1675 cum
705 1637 910 1687 baptismo.
953 1638 1055 1685 Ergo
1088 1635 1240 1672 videtur
1272 1636 1379 1684 quod
1411 1646 1492 1671 non

426 1691 538 1729 fuerit
565 1691 829 1740 praeparativa
848 1696 863 1718 Υ
892 1698 928 1726 et
955 1689 1157 1738 figurativa
1185 1688 1374 1738 baptismi.

483 1756 517 1781 2.
548 1745 787 1790 PRAETEREA‚
823 1744 1031 1793 Apostolus
1060 1742 1166 1787 dicit,
1195 1743 1210 1778 Ι
1234 1743 1320 1779 Cor.
1341 1754 1365 1778 x
1383 1741 1415 1788 ³³²,
1445 1741 1492 1778 de

428 1797 593 1847 antiquis
622 1797 797 1834 Patribus
825 1798 1008 1846 loquens,
1038 1795 1147 1845 quod
1175 1807 1302 1832 omnes
1330 1796 1367 1831 in
1398 1796 1494 1831 nube

428 1857 461 1888 et
489 1852 525 1887 in
555 1852 655 1888 mari
681 1852 853 1900 baptizati
878 1855 982 1887 sunt.-
1010 1861 1091 1886 non
1110 1855 1240 1885 autem
1269 1847 1358 1893 dicit
1386 1848 1493 1897 quod

427 1904 467 1941 in
505 1903 793 1940 circumcisione
829 1902 1005 1952 baptizati
1042 1902 1125 1938 sint.
1169 1902 1270 1949 Ergo
1308 1900 1493 1950 protectio

428 1958 632 1994 columnae
661 1956 785 2004 nubis,
807 1964 843 1992 et
870 1955 1048 1994 transitus
1077 1954 1192 1992 maris
1219 1954 1352 2001 Rubri,
1374 1954 1494 2002 magis

427 2011 582 2047 fuerunt
608 2009 891 2059 praeparatoria
915 2009 963 2046 ad
982 2008 1219 2058 baptismum
1239 2015 1275 2044 et
1293 2007 1495 2056 figurativa

429 2063 549 2113 ipsius
577 2076 697 2112 quam
725 2062 976 2100 circumcisio.

484 2116 517 2153 3.
547 2117 780 2164 PRAETEREA,
811 2128 927 2165 supra
945 2115 965 2137 ’Β
993 2114 1139 2151 dictum
1167 2121 1223 2150 est
1251 2114 1359 2163 quod
1377 2113 1495 2163 bapti-

429 2181 536 2206 smus
564 2170 717 2206 Ioannis
748 2169 817 2206 fuit
844 2168 1153 2218 praeparatorius
1182 2167 1230 2203 ad
1259 2167 1495 2216 baptismum

430 2222 580 2259 Christi.
612 2222 651 2260 Si
673 2235 762 2271 ergo
791 2221 1031 2259 circumcisio
1061 2220 1129 2258 fuit
1156 2220 1441 2270 praeparatoria
1460 2228 1496 2257 et

429 2275 630 2324 figurativa
658 2275 837 2325 baptismi
866 2274 1026 2322 Christi,
1055 2274 1208 2311 videtur
1240 2274 1348 2323 quod
1375 2273 1496 2323 bapti-

430 2341 537 2366 smus
566 2328 718 2365 Ioannis
746 2329 817 2366 fuit
836 2327 1069 2378 superfluus.
1101 2326 1221 2374 Quod
1241 2334 1296 2363 est
1314 2326 1496 2364 inconve-

431 2382 551 2418 niens.
589 2382 682 2419 Non
715 2394 804 2430 ergo
833 2380 1074 2420 circumcisio
1107 2379 1176 2417 fuit
1211 2379 1497 2429 praeparatoria

433 2442 468 2471 et
495 2434 698 2483 figurativa
725 2434 915 2484 baptismi.

487 2488 560 2524 SED
598 2500 742 2525 CONTRA
779 2500 844 2525 EsT
884 2487 992 2537 quod
1029 2487 1237 2536 Apostolus
1275 2485 1383 2533 dicit,
1426 2488 1496 2523 Co-

462 1396 512 1436 ?22»
549 1408 585 1456 ετξ

499 1495 557 1520 *rs-

431 2541 513 2577 loss.
536 2553 556 2577 11
575 2540 610 2577 *ε
644 2542 864 2578 Circumcisi
880 2543 961 2578 estis
982 2542 1263 2578 circumcisione
1287 2552 1360 2577 non
1381 2552 1496 2576 manu

429 2594 532 2640 facta
558 2595 595 2630 in
621 2595 886 2643 exspoliatione
908 2596 1075 2643 corporis
1094 2596 1238 2631 carnis.-
1257 2593 1323 2629 sed
1339 2594 1496 2630 circum-

432 2648 570 2684 cisione
596 2649 680 2684 Iesu
713 2649 858 2694 Christi,
887 2647 1090 2696 consepulti
1116 2648 1151 2683 ei
1177 2648 1214 2684 in
1243 2647 1434 2696 baptismo.

486 2701 710 2737 RESPONDEO
748 2713 930 2738 DICENDUM
968 2700 1075 2749 quod
1112 2700 1325 2749 baptismus
1362 2698 1499 2736 dicitur

432 2760 707 2790 sacramentum
733 2754 832 2801 fidei
847 2754 885 2791 *ε
920 2754 1152 2803 inquantum
1187 2752 1326 2790 scilicet
1359 2751 1398 2789 in
1430 2752 1497 2789 ba-

433 2805 575 2856 ptismo
603 2806 647 2843 fit
675 2807 868 2856 quaedam
887 2806 979 2848 fidei
998 2806 1197 2856 professio,
1227 2813 1263 2843 et
1290 2817 1360 2855 per
1377 2805 1497 2855 bapti-

434 2871 564 2896 smum
599 2867 820 2908 aggregatur
847 2860 969 2897 homo
998 2859 1282 2908 congregationi
1309 2857 1495 2895 fidelium.

434 2912 582 2951 Eadem
621 2920 751 2950 autem
787 2921 842 2950 est
878 2913 975 2950 fides
1010 2920 1140 2950 nostra
1176 2920 1213 2949 et
1249 2912 1498 2960 antiquorum

434 2966 610 3002 Patrum:
648 2966 864 3003 secundum
892 2966 986 3004 illud
1018 2965 1211 3015 Apostoli,
1241 2967 1271 3002 II
1295 2966 1381 3002 Cor.
1403 2977 1438 3001 1v
1455 2964 1495 3001 *ε

434 3020 625 3055 Habentes
660 3019 816 3056 eundem
851 3021 1020 3069 spiritum
1043 3019 1141 3067 fidei
1179 3019 1373 3056 credimus.
1418 3016 1498 3054 Cir-

489 3147 517 3182 α)
536 3152 657 3175 currunt.
675 3163 693 3167 -
711 3153 874 3174 concurrunt
893 3150 912 3174 F
932 3155 957 3174 et
976 3150 1048 3175 tertia
1067 3155 1170 3183 praeter
1189 3150 1207 3175 1.

490 3183 515 3217 β)
535 3187 567 3209 et.
585 3192 604 3205 a·-
623 3185 679 3209 EsF
699 3190 724 3209 et
743 3186 830 3215 tertia;
849 3193 881 3210 ac
900 3186 940 3210 ed.
959 3192 984 3214 a,
1004 3186 1041 3210 ad
1059 3185 1144 3211 ceteri.

489 3219 515 3252 γ)
530 3220 734 3251 praeparativa.
748 3234 767 3238 -
782 3221 992 3252 praeparatoria
1012 3220 1103 3245 PFGa.
1117 3235 1136 3239 -
1154 3224 1180 3245 et
1192 3220 1343 3254 figurativa
1363 3227 1416 3245 om.
1435 3220 1463 3245 F.

490 3254 514 3290 δ)
526 3255 603 3287 fidei.
621 3269 640 3274 -
662 3255 735 3279 Unde
754 3256 852 3280 dicitur
870 3256 948 3280 Rom.
969 3256 1008 3280 IV
1024 3256 1095 3287 quod
1113 3256 1248 3280 Abraham
1267 3255 1368 3287 accepit
1386 3255 1500 3280 circum-

436 3290 561 3315 cisionem
581 3293 708 3322 tanquam
727 3290 894 3323 signaculum
906 3291 976 3323 fidei
994 3291 1091 3315 addunt
1110 3291 1130 3315 E
1150 3296 1175 3315 et
1194 3290 1274 3316 tertia.

491 3328 514 3359 ε)
532 3326 775 3358 congregabantur.
793 3340 812 3343 —
830 3326 1050 3358 aggregabantur
1070 3326 1173 3351 PFGla.

1546 1368 1731 1405 cumcisio
1760 1376 1891 1405 autem
1919 1376 1999 1406 erat
2017 1370 2212 1419 quaedam
2229 1372 2451 1420 protestatio
2470 1372 2563 1410 fidei
2576 1371 2607 1410 ⁸:

1545 1422 1650 1459 unde
1670 1429 1706 1458 et
1725 1434 1794 1471 per
1812 1421 2143 1460 circumcisionem
2165 1423 2311 1474 antiqui
2331 1426 2610 1474 congregaban-

1545 1482 1608 1511 tur
1622 1480 1634 1496 Ε
1653 1475 1812 1523 collegio
1831 1475 2018 1512 fidelium.
2040 1476 2152 1514 Unde
2167 1477 2414 1515 manifestum
2429 1486 2484 1516 est
2502 1480 2611 1529 quod

1547 1527 1786 1565 circumcisio
1823 1528 1935 1565 fuerit
1969 1530 2253 1579 praeparatoria
2289 1531 2339 1568 ad
2374 1531 2611 1581 baptismum

1547 1589 1583 1634 et
1601 1581 1896 1631 praefigurativa
1915 1581 2052 1631 ipsius:
2083 1584 2299 1620 secundum
2319 1585 2427 1633 quod
2446 1585 2611 1635 antiquis

1547 1634 1754 1671 Patribus<
1786 1636 1914 1672 omnia
1949 1637 1986 1672 in
2010 1637 2148 1686 figura
2181 1637 2298 1674 futuri
2335 1639 2609 1689 contingebant,

1547 1695 1590 1724 ut
1617 1687 1754 1725 dicitur
1781 1689 1795 1725 Ι
1819 1689 1905 1725 Cor.
1927 1701 1950 1725 x
1968 1688 2005 1736 *,
2044 1688 2140 1726 sicut
2173 1697 2210 1726 et
2236 1689 2334 1728 fides
2362 1699 2500 1729 eoru'm
2532 1700 2612 1731 erat

1548 1741 1596 1778 de
1624 1742 1764 1778 futuro.

1601 1795 1659 1831 AD
1697 1806 1832 1832 PR1MUM
1868 1807 1966 1832 ERGO
2004 1807 2186 1833 DICENDUM
2227 1797 2335 1845 quod
2371 1797 2611 1836 circumcisio

1549 1848 1715 1885 habebat
1748 1847 2037 1885 similitudinem
2073 1860 2165 1884 cum
2197 1849 2389 1898 baptismo
2421 1858 2614 1900 quantum

1549 1901 1599 1937 ad
1628 1900 1863 1950 spiritualem
1883 1901 2064 1938 effectum
2083 1901 2274 1951 baptismi.
2304 1903 2409 1940 Nam
2429 1903 2526 1941 sicut
2544 1916 2614 1954 per

1549 1953 1883 1991 circumcisionem
1898 1953 2140 1991 auferebatur
2154 1955 2348 2004 quaedam
2362 1956 2522 1994 carnalis
2535 1958 2614 2007 pel-

1550 2007 1681 2053 licula,
1721 2006 1771 2044 ita
1802 2019 1872 2056 per
1906 2006 2143 2056 baptismum
2175 2008 2298 2045 homo
2334 2009 2566 2059 exspoliatur
2592 2023 2615 2048 a

1550 2059 1691 2097 carnali
1719 2059 2022 2097 conversatione.

1603 2114 1660 2150 AD
1676 2122 1865 2150 SECUNDUM
1880 2125 2062 2151 DICENDUM
2077 2114 2184 2163 quod
2202 2115 2389 2163 protectio
2409 2117 2614 2154 columnae

1550 2165 1674 2213 nubis,
1696 2174 1732 2203 et
1754 2165 1933 2203 transitus
1961 2166 2077 2203 maris
2105 2167 2239 2214 Rubri,
2271 2167 2428 2206 fuerunt
2455 2169 2615 2219 quidem

1550 2219 1696 2268 figurae
1725 2219 1844 2256 nostri
1868 2218 2057 2268 baptismi,
2079 2232 2158 2269 quo
2179 2220 2418 2260 renascimur
2435 2235 2483 2260 ex
2501 2234 2613 2272 aqua,

1551 2272 1761 2321 significata
1787 2285 1858 2322 per
1884 2285 1991 2310 mare
2019 2273 2211 2320 Rubrum,
2233 2281 2269 2311 et
2288 2274 2431 2324 Spiritu
2459 2275 2613 2322 Sancto,

1551 2325 1762 2374 significato
1791 2338 1860 2375 per
1887 2326 2112 2363 columnam
2131 2326 2263 2364 nubis:
2293 2339 2375 2365 non
2393 2335 2523 2366 tamen
2545 2341 2616 2378 per

1551 2380 1647 2416 haec
1674 2379 1791 2416 fiebat
1819 2378 1947 2427 aliqua
1973 2379 2159 2428 professio
2187 2379 2295 2427 fidei,
2325 2380 2422 2418 sicut
2448 2393 2518 2431 per
2545 2381 2615 2419 cir-

1551 2431 1842 2469 cumcisionem.
1877 2432 1926 2468 Et
1953 2431 2041 2468 ideo
2069 2432 2263 2481 praedicta
2290 2434 2371 2470 duo
2400 2442 2507 2471 erant
2533 2441 2615 2472 tan-

1550 2493 1635 2522 tum
1662 2484 1820 2534 figurae,
1841 2491 1878 2521 et
1896 2496 1977 2521 non
1997 2493 2245 2523 sacramenta.
2277 2486 2528 2525 Circumcisio
2548 2500 2616 2526 au-

1550 2546 1629 2576 tem
1658 2545 1737 2575 erat
1764 2545 2048 2575 sacramentum
2061 2567 2070 2584 ‚
2107 2547 2143 2575 et
2162 2544 2180 2566 η
2206 2540 2539 2589 praeparatorium
2566 2541 2617 2579 ad

1551 2591 1809 2641 baptismum:
1839 2590 1970 2628 minus
1998 2598 2128 2628 tamen
2156 2604 2334 2641 expresse
2361 2592 2531 2641 figurans
2550 2594 2616 2632 ba-

1551 2644 1750 2694 ptismum,
1780 2651 1971 2692 quantum
2000 2644 2048 2681 ad
2068 2644 2266 2692 exteriora,
2287 2658 2407 2695 quam
2426 2644 2439 2692 ,θ
2466 2646 2616 2696 praedi-

1552 2705 1621 2734 cta.
1666 2698 1714 2734 Et
1741 2696 1829 2733 ideo
1857 2698 2066 2746 Apostolus
2102 2697 2230 2747 potius
2264 2698 2350 2736 fecit
2377 2699 2616 2737 mentionem

1553 2751 1600 2788 de
1628 2749 1830 2799 praedictis
1858 2762 1978 2799 quam
2007 2750 2054 2787 de
2083 2750 2386 2789 circumcisione.

1605 2805 1662 2840 AD
1690 2815 1850 2840 TERTIUM
1877 2815 2060 2841 DICENDUM
2087 2804 2196 2853 quod
2223 2804 2436 2854 baptismus
2462 2805 2615 2844 Ioannis

1551 2856 1621 2894 fuit
1647 2855 1956 2906 praeparatorius
1984 2857 2034 2894 ad
2061 2857 2299 2907 baptismum
2327 2857 2467 2895 Christi
2494 2871 2615 2908 quan-

1552 2918 1637 2948 tum
1665 2910 1714 2947 ad
1742 2909 1964 2946 exercitium
1983 2917 2100 2947 actuS.
2131 2911 2208 2948 Sed
2227 2910 2465 2948 circumcisio
2493 2923 2615 2961 quan-

1551 2971 1636 3000 tum
1671 2963 1720 2999 ad
1748 2961 2027 3012 professionem
2061 2962 2172 3011 fidei,
2208 2975 2308 3014 quae
2343 2963 2549 3013 requiritur
2575 2964 2615 3002 in

1552 3015 1759 3066 baptismo,
1789 3015 1886 3053 sicut
1913 3015 2059 3053 dictum
2088 3023 2143 3052 est
2160 3015 2190 3052 *.

1607 3147 1633 3182 ζ)
1653 3148 1787 3174 Patribus.
1803 3161 1823 3166 -
1846 3147 1886 3172 Fa
1904 3152 1930 3172 et
1947 3147 2036 3178 tertia;
2064 3146 2234 3179 temporibus.
2256 3161 2275 3166 —-
2293 3147 2344 3172 Pro
2364 3148 2470 3181 figura,
2491 3149 2615 3182 figuram

1554 3184 1858 3252 mizina-amentum,
1873 3221 1908 3244 et.
1920 3232 1939 3237 -
1952 3217 2088 3248 DGHabc;
2107 3217 2188 3242 etiam
2206 3221 2402 3244 sacramentum
2422 3219 2450 3250 P,
2463 3227 2617 3246 sacramen-

1553 3257 1609 3279 tum
1629 3254 1709 3279 etiam
1729 3255 1814 3280 ceteri.

1607 3287 1632 3322 θ)
1651 3297 1740 3322 quam.
1758 3303 1777 3308 —
1796 3290 1834 3314 Ca
1853 3295 1878 3314 et
1896 3288 1969 3314 tertia
1987 3286 2070 3321 (quod
2087 3285 2153 3321 pG);
2173 3295 2226 3314 om.

2734 1371 2750 1397 ὃ

2637 1694 2649 1705 ·
2662 1693 2729 1716 ven.
2746 1699 2779 1716 u.

2642 3013 2653 3023 ·
2666 3011 2693 3033 ln
2707 3017 2815 3039 corpore.
