2878 4088
428 211 475 248 38
921 247 923 249 .
1094 207 1357 257 QUAESTIO
1388 206 1486 251 ΧΙΧ,
1507 203 1800 241 ARTICULUS
1828 204 1854 249 1,
1875 204 1905 240 11

485 300 514 322 2.
538 291 743 326 Pmarnruza,
772 290 932 320 Dominus
965 288 1110 319 laudavit
1139 287 1281 319 villicum
1313 282 1491 324 iniquitatis
1547 282 1609 313 Sed
1632 282 1692 321 ipsi
1716 282 1896 311 habuerunt
1919 280 2076 317 ordinem,
2102 290 2139 311 ex
2163 290 2230 321 quo
2253 281 2433 313 sacerdotes
2463 281 2611 311 diceban-

428 335 514 376 quod
536 336 717 376 prudenter
734 334 885 376 fecisset,
909 334 984 373 quia
1008 333 1202 363 debitoribus
1226 329 1348 361 domini
1371 328 1420 358 sui
1442 335 1490 356 re—
1545 332 1606 357 tur.
1630 326 1716 365 Ergo
1741 326 1837 355 etiam
1859 325 2040 355 habuerunt
2063 324 2186 356 clavem
2208 325 2386 357 sacerdotes
2408 325 2534 366 legales.

190 389 267 411 mue.
288 394 338 416 cap.
355 393 401 414 xvi,
428 381 563 410 misisset
578 380 703 420 largiter
718 380 744 409 θ’.
770 378 832 409 Sed
855 378 942 408 Deus
959 377 1058 417 magis
1082 385 1203 416 pronus
1220 379 1266 404 est
1281 372 1320 402 ad
1339 372 1490 402 miseren·
1603 379 1632 399 2.
1653 369 1848 404 PRAETEREA,
1874 369 1956 399 sicut
1978 378 2074 408 supra
2089 369 2106 385 ὓ
2130 369 2279 409 Magister
2302 370 2387 406 dicit,
2411 370 2515 400 claves
2538 375 2612 400 sunt
2640 377 2649 387 ·
2663 375 2696 398 1v
2705 375 2769 398 sent.
2797 375 2850 398 din.

189 422 247 438 vers.
264 421 275 443 ⁵
291 421 341 443 ΜΝ·
430 424 507 455 dum
524 433 621 464 quam
645 423 758 464 aliquis
778 422 929 453 dominus
944 420 1137 460 temporalis.
1162 419 1246 457 Ergo
1262 415 1386 446 videtur
1402 412 1490 453 quod
1546 413 1642 449 duae,
1669 413 1789 443 seilicet
1811 412 1946 443 scientia
1976 412 2179 444 discernendi
2211 418 2241 444 et
2257 414 2405 454 potentia
2436 413 2610 444 iudicandi.
2638 391 2851 451 agg-cuphiam

429 468 617 498 laudabilior
639 468 678 498 sit
701 472 858 508 quantum
880 466 952 506 plus
976 465 1015 495 de
1038 473 1144 503 poena
1167 461 1328 492 dimiserit.
1513 472 1522 492 ς
1546 457 1610 487 Sed
1632 457 1672 487 ad
1694 462 1864 497 utramque
1888 456 2067 487 sacerdotes
2090 457 2206 497 legales
2236 458 2416 488 habuerunt
2443 458 2612 488 auctorita-

487 512 515 543 3.
540 513 742 548 PRAnTaRaA,
772 511 875 541 omnis
902 509 985 539 actio
1013 507 1131 538 Christi
1162 510 1274 535 nostra
1302 507 1349 533 est
1371 502 1490 532 instru-
1546 507 1621 531 tem.
1646 501 1731 541 Ergo
1756 502 1914 531 habebant
1937 501 2050 531 claves.

191 559 404 581 ·1nstruct.sacen
430 557 492 587 ctio
509 558 536 587 *.
568 556 630 587 Sed
659 557 727 596 ipse
750 553 940 595 quibusdam
970 550 1174 592 peccantibus
1206 547 1328 578 nullam
1350 553 1490 585 poenam
1603 545 1632 576 3.
1657 545 1853 581 Pinarum,
1870 545 2016 575 sacerdos
2032 545 2140 585 legalis
2163 546 2300 577 habebat
2315 546 2455 586 aliquam
2473 551 2612 587 potesta-

190 585 403 640 ἕεῗῖὃέἓῗὲἔῖἦᾎιτῐέἶ
429 602 594 642 imposuit,
607 600 663 631 sed
678 600 784 630 solum
801 597 1055 629 emendationem
1072 594 1172 623 vitae:
1193 597 1229 622 ut
1244 596 1331 631 patet
1347 589 1385 619 de
1402 588 1491 619 adul-
1546 594 1612 620 tem
1635 599 1732 630 super
1754 590 1915 629 reliquum
1938 590 2109 629 populum.
2134 590 2210 621 Non
2225 591 2452 630 temporalem:
2477 591 2554 630 quia
2566 591 2613 621 sic

191 654 200 664 ·
215 652 282 674 Vei-s.
298 658 331 674 n.
429 651 512 682 tera,
537 645 624 676 Ioan.
640 654 695 675 vm
710 645 736 674 ’ἢ
767 643 852 682 Ergo
875 640 999 670 videtur
1029 636 1118 677 quod
1141 635 1180 666 ad
1203 635 1366 665 arbitrium
1396 642 1490 663 suum
1546 639 1687 674 potestas
1709 635 1795 674 regia
1813 644 1881 664 non
1905 633 2015 664 fuisset
2030 633 2177 665 distincta
2193 644 2211 664 a
2226 634 2423 665 sacerdotali.
2447 635 2534 674 Ergo
2549 635 2613 675 spi-

429 690 530 730 possit
560 690 655 720 etiam
684 686 845 720 sacerdos,
870 684 926 724 qui
950 688 995 713 est
1018 681 1152 711 vicarius
1177 679 1309 712 Christi,
1335 677 1491 708 dimittere
1507 693 1532 709 10
1546 678 1703 709 ritualem.
1728 679 1769 709 Et
1791 679 1870 708 haec
1894 683 1941 708 est
1964 678 2069 708 clavis.
2093 678 2182 722 Ergo¹
2202 679 2339 709 habebat
2361 679 2494 709 clavem.

429 739 530 764 totam
554 742 693 773 poenam
716 731 766 761 vel
789 734 919 769 partem.
1602 723 1665 753 San
1689 733 1822 759 CONTRA,
1840 723 1944 753 claves
1967 722 2154 753 ordinantur
2177 722 2217 753 ad
2240 723 2448 763 aperiendum
2477 732 2614 763 regnum

191 783 403 812 ‘Greg.VI1,Con-
485 778 547 808 San
580 786 719 811 con-rim,
745 772 916 812 Gregorius
946 769 1022 800 dicit
1037 770 1069 799 *z
1098 768 1230 799 Falsum
1257 766 1491 808 poenitentiam
1547 767 1721 803 caelorum,
1739 767 1828 807 quod
1847 767 1960 807 aperiri
1976 776 2043 797 non
2067 772 2173 807 potest
2196 773 2269 797 ante
2286 766 2404 798 Christi
2419 768 2612 807 passionem.

191 810 403 860 ῗίὲξᾛῆγὶῗὲἶξ
429 822 564 852 dicimus
586 829 668 861 quae
691 828 755 849 non
777 815 950 847 secundum
969 813 1196 844 auctoritatem
1218 816 1407 843 sanctorum
1430 811 1491 840 Pa-
1547 811 1633 851 Ergo
1657 811 1804 842 sacerdos
1827 811 1935 851 legalis
1959 811 2080 842 clavem
2103 821 2171 842 non
2194 812 2314 842 habuit.

189 863 404 912 ssomssenffas’ffe.
429 871 514 896 trum
524 875 589 906 pro
605 863 759 904 qualitate
781 859 924 891 criminis
943 858 1128 898 imponitur.
1153 857 1238 896 Ergo
1254 855 1379 886 videtur
1402 854 1491 895 quod
1615 865 1644 886 2.
1665 856 1861 892 Pluinnam,
1874 861 2069 886 sacramenta
2084 856 2198 886 veteris
2213 856 2292 896 legis
2303 856 2435 896 gratiam
2451 865 2519 886 non
2536 865 2614 886 con-

191 896 306 947 Mnfg’f'i’v
320 894 402 948 [33an
429 920 496 940 non
520 910 653 939 omnino
677 907 715 936 sit
738 906 770 935 in
794 904 921 934 arbitrio
947 901 1128 932 sacerdotis.
1508 915 1529 935 ις
1546 899 1699 931 ferebant.
1724 900 1787 931 Sed
1810 899 1912 930 aditus
1928 901 2018 940 regni
2041 900 2183 931 caelestis
2199 900 2313 940 aperiri
2336 909 2404 930 non
2427 900 2534 940 potuit
2553 900 2614 930 nisi

191 943 363 991 {¹}{14'ff3’221229'
372 942 402 964 ¹²²
485 963 514 983 2.
539 954 732 985 PRAETEREA,
751 948 789 979 ad
813 953 920 977 actum
944 946 1082 976 clavium
1105 946 1275 985 requiritur
1299 944 1446 975 discretio
1463 945 1489 973 *.
1546 954 1604 984 per
1625 945 1768 984 gratiam.
1793 945 1878 984 Ergo
1894 953 1952 984 per
1974 944 2027 974 illa
2051 950 2246 975 sacramenta
2261 954 2329 975 non
2347 950 2473 985 poterat
2489 945 2612 984 aperiri.

190 997 400 1024 -Qu.xvu,art.3.
429 997 506 1033 Sed,
531 997 556 1026 si
580 1000 660 1026 esset
684 993 817 1024 omnino
840 992 873 1021 in
895 990 1061 1020 voluntate
1084 989 1256 1020 sacerdotis
1279 988 1436 1019 dimittere
1461 993 1492 1018 et
1546 989 1587 1018 Et
1610 989 1654 1019 sic
1679 989 1774 1019 etiam
1798 988 1954 1024 sacerdos,
1972 989 2028 1028 qui
2047 989 2190 1019 minister
2209 998 2323 1019 eorum
2347 994 2422 1025 erat,
2439 989 2543 1019 claves
2565 998 2614 1019 re-

428 1043 593 1080 imponere
617 1039 656 1069 de
679 1046 785 1078 poena
809 1040 966 1076 quantum
988 1034 1093 1070 vellet,
1119 1043 1187 1064 non
1210 1039 1292 1063 esset
1314 1033 1358 1062 ibi
1381 1041 1491 1062 neces·
1545 1034 1601 1072 gni
1625 1033 1767 1063 caelestis
1790 1043 1858 1063 non
1881 1033 2026 1063 habebat.

427 1086 505 1115 saria
529 1083 691 1114 discretio:
718 1082 793 1121 quia
815 1088 984 1119 nunquam
1007 1078 1052 1108 ibi
1075 1077 1258 1108 indiscretio
1277 1082 1385 1117 posset
1409 1077 1488 1106 acci-
1600 1077 1791 1107 Rusponnno
1815 1087 1974 1107 memnon
2005 1077 2095 1117 quod
2118 1076 2250 1116 quidam
2281 1077 2428 1108 dixerunt
2458 1077 2548 1117 quod
2579 1078 2614 1108 in

428 1129 511 1159 dere.
535 1128 620 1167 Ergo
644 1135 710 1156 non
734 1130 780 1155 est
803 1124 938 1154 omnino
961 1123 995 1153 in
1019 1122 1147 1152 arbitrio
1171 1120 1352 1151 sacerdotis.
1506 1134 1531 1149 ,ο
1546 1121 1645 1150 veteri
1667 1121 1737 1160 lege
1757 1126 1845 1151 erant
1860 1121 1963 1151 claves
1980 1120 2066 1160 apud
2081 1120 2271 1157 sacerdotes,
2288 1122 2364 1161 quia
2383 1122 2428 1152 eis
2444 1127 2509 1152 erat
2525 1131 2614 1152 com-

480 1173 668 1202 Raspoxmzo
701 1178 860 1199 DICENDUM
893 1166 983 1207 quod
1013 1165 1159 1196 sacerdos
1185 1170 1336 1205 operatur
1364 1165 1398 1194 in
1429 1166 1505 1194 usu'
1545 1165 1680 1195 missum
1702 1165 1870 1204 imponere
1893 1174 2034 1204 poenam
2053 1174 2113 1204 pro
2138 1164 2266 1200 delicto,
2282 1171 2318 1196 ut
2341 1165 2455 1196 dicitur
2470 1166 2614 1202 Levit.v,

427 1217 563 1247 clavium
578 1216 659 1245 sicut
674 1215 922 1244 instrumentum
939 1216 970 1242 et
984 1211 1127 1241 minister
1142 1210 1212 1240 Dei.
1233 1209 1367 1239 Nullum
1383 1213 1491 1238 autem
1547 1208 1636 1248 quod
1652 1208 1692 1239 ad
1708 1209 1811 1239 claves
1835 1209 1993 1248 pertinere
2008 1208 2148 1239 videtur:
2173 1208 2229 1239 sed
2252 1208 2382 1240 fuerunt
2397 1215 2475 1240 tunc
2489 1210 2614 1240 incom-

426 1262 672 1291 instrumentum
695 1258 789 1288 habet
813 1256 975 1287 efficacem
999 1260 1107 1285 actum
1122 1255 1183 1284 nisi
1199 1253 1378 1284 secundum
1401 1251 1491 1292 quod
1545 1253 1660 1293 pletae,
1686 1262 1774 1283 nunc
1798 1258 1906 1283 autem
1937 1262 1994 1293 per
2023 1252 2187 1283 Christum
2209 1253 2244 1283 in
2267 1253 2485 1284 sacerdotibus
2510 1263 2615 1284 novae

426 1310 573 1335 movetur
596 1313 614 1333 a
636 1302 802 1343 principali
826 1306 948 1340 agente.
983 1299 1025 1330 Et
1046 1299 1120 1330 ideo
1145 1298 1221 1329 dicit
1243 1298 1433 1338 Dionysius,
1456 1297 1489 1327 in
1546 1297 1624 1337 legis
1646 1296 1806 1337 perfectae
1829 1302 1912 1327 sunt.

191 1358 327 1385 ·Cap.u11.‚
342 1360 398 1384 part.
426 1349 490 1379 fine
504 1348 625 1378 Eccles.
642 1347 736 1377 Hier.
754 1347 780 1382 ἡ
794 1344 884 1385 quod
898 1344 1118 1375 sacerdotibus
1134 1342 1286 1374 utendum
1303 1347 1351 1372 est
1365 1341 1491 1372 virtuti·
1506 1355 1529 1375 25
1601 1341 1664 1372 Sed
1687 1342 1751 1372 hoc
1773 1340 1899 1372 videtur
1922 1350 1990 1371 esse
2014 1346 2125 1371 contra
2153 1342 2368 1372 intentionem
2390 1342 2558 1382 Apostoli,
2581 1342 2616 1372 in

191 1391 215 1412 '¹’
231 1386 239 1410 ³⁵
254 1390 293 1405 ‘'¹''
426 1395 482 1424 bus
504 1391 711 1423 hierarchicis
734 1389 863 1431 quando
897 1388 1049 1420 divinitas
1072 1397 1127 1418 eos
1159 1387 1304 1418 moverit.
1340 1386 1375 1416 In
1399 1386 1490 1416 cuius
1546 1386 1691 1426 Epistola
1714 1386 1757 1416 ad
1778 1385 1862 1416 Heb.
1878 1395 1910 1415 rx
1926 1387 1952 1416 ’ἦ
1977 1385 2023 1416 Ibi
2040 1386 2126 1416 enim
2149 1385 2364 1416 sacerdotium
2385 1385 2503 1416 Christi
2525 1395 2616 1426 prae-
2643 1391 2653 1402 ·
2668 1391 2735 1414 vern.
2750 1398 2783 1419 u,
2797 1397 2832 1414 η.

190 1448 198 1458 ·
215 1446 279 1468 Vers.
297 1452 329 1472 ¹7.
426 1439 561 1478 signum,
586 1436 697 1466 Matth.
714 1445 766 1465 xvi
781 1435 808 1470 θ’,
832 1439 905 1464 ante
927 1438 1120 1473 potestatem
1150 1432 1288 1462 clavium
1311 1431 1405 1461 Petro
1429 1435 1490 1460 tra-
1546 1430 1644 1461 fertur
1659 1430 1837 1461 sacerdotio
1852 1430 1946 1470 legali
1962 1439 2018 1470 per
2033 1430 2096 1460 hoc
2121 1429 2211 1470 quod
2229 1430 2376 1461 Christus
2395 1430 2517 1461 assistit
2530 1431 2616 1461 Pon-

426 1482 523 1512 ditam
551 1480 587 1511 fit
617 1480 739 1510 mentio
773 1478 812 1509 de
843 1478 1038 1508 revelatione
1071 1477 1241 1507 divinitatis
1271 1476 1301 1506 ei
1330 1474 1428 1511 facta;
1461 1480 1491 1505 et
1546 1475 1630 1516 tifex
1642 1475 1840 1516 futurorum
1859 1474 2029 1510 bonorum,
2047 1474 2086 1505 ad
2101 1474 2344 1505 tabernaculum
2359 1475 2494 1505 caeleste
2512 1475 2613 1506 intro·

190 1538 199 1547 ·
214 1535 279 1557 Vers.
294 1540 327 1556 22.
426 1527 512 1556 Ioan.
530 1535 569 1555 xx
585 1526 601 1541 θ’
621 1523 832 1564 praemittitur
854 1522 1004 1562 potestati
1027 1521 1221 1551 remissionis
1247 1519 1412 1560 Apostolis
1436 1518 1490 1549 da·
1546 1519 1667 1550 ducens
1685 1529 1749 1560 per
1775 1519 1948 1559 proprium
1980 1518 2195 1560 sanguinem:
2226 1528 2291 1549 non
2315 1519 2558 1560 manufactum,
2580 1519 2616 1550 in

190 1577 236 1599 ‘Ad
250 1577 382 1603 Rom-,caru
425 1577 474 1600 tae
498 1570 632 1610 Spiritus
655 1568 762 1599 Sancti
778 1567 911 1603 donum,
929 1576 996 1606 quo
1009 1566 1080 1607 filii
1095 1565 1158 1596 Dei
1173 1569 1320 1606 aguntur
1335 1565 1362 1594 ἦ
1386 1563 1490 1599 Unde,
1506 1576 1532 1596 ιο
1547 1563 1637 1604 quod
1659 1563 1882 1594 introducebat
1912 1563 2127 1594 sacerdotium
2154 1564 2270 1594 veteris
2299 1563 2377 1603 legis
2397 1573 2458 1603 per
2479 1563 2615 1605 sangui-

190 1609 309 1630 Ἡμεῖς·
323 1609 354 1629 ¹⁴*
425 1616 450 1645 si
474 1619 596 1654 praeter
618 1613 710 1643 illum
732 1617 860 1642 motum
892 1611 1037 1641 divinum
1060 1611 1108 1640 uti
1131 1619 1188 1640 sua
1210 1614 1368 1649 potestate
1401 1617 1490 1648 prae·
1546 1618 1618 1638 nem
1641 1608 1807 1638 hircorum
1831 1613 1862 1638 et
1884 1613 2066 1638 taurorum.
2102 1607 2196 1639 Unde
2218 1613 2306 1648 patet
2333 1607 2424 1648 quod
2446 1607 2615 1639 sacerdotii

425 1659 603 1699 sumpserit,
623 1667 691 1687 non
715 1661 966 1696 consequeretur
989 1654 1156 1690 effectum,
1187 1659 1224 1684 ut
1246 1653 1421 1694 Dionysius
1444 1652 1490 1683 di·
1545 1652 1630 1683 illius
1652 1658 1793 1693 potestas
1816 1662 1884 1683 non
1907 1661 1942 1682 se
1957 1651 2147 1683 extendebat
2169 1651 2210 1682 ad
2225 1652 2382 1688 caelestia,
2398 1651 2456 1682 sed
2477 1651 2518 1682 ad
2532 1651 2615 1692 figu-

189 1710 199 1719 '
213 1708 268 1730 Loc-
285 1707 322 1729 cit·
427 1704 468 1734 cit
483 1705 509 1733 *ἦ
534 1703 575 1732 Et
596 1707 720 1742 praeter
742 1701 816 1736 hoc,
839 1710 857 1730 a
880 1699 989 1730 divino
1013 1698 1126 1729 ordine
1156 1703 1367 1733 averteretur,
1392 1702 1423 1727 et
1446 1697 1490 1727 sic
1545 1706 1595 1727 ras
1619 1697 1814 1727 caelestium.
1838 1697 1879 1727 Et
1894 1696 1979 1733 ideo,
1996 1696 2176 1727 secundum
2197 1696 2276 1727 alios
2291 1697 2319 1732 *,
2335 1695 2510 1727 dicendum
2525 1695 2615 1736 quod
2642 1699 2857 1729 Ἠιῑεωιδνιρι

427 1748 554 1787 culpam
576 1747 760 1776 incurreret.
1545 1751 1614 1772 non
1637 1741 1796 1772 habebant
1819 1741 1933 1777 claves,
1949 1740 2006 1771 sed
2028 1741 2062 1771 in
2085 1741 2130 1771 eis
2154 1740 2292 1771 clavium
2310 1739 2412 1781 figura
2433 1741 2614 1781 praecessit.
2641 1726 2859 1781 ffi‘ssssffl’fiss'essk

481 1792 522 1822 Et
545 1792 620 1831 quia
642 1799 768 1830 poenae
791 1788 1016 1819 satisfactoriae
1038 1787 1231 1828 infligendae
1253 1792 1290 1817 ut
1312 1785 1490 1816 medicinae
1507 1798 1529 1818 35
1602 1786 1654 1816 Ar>
1677 1795 1795 1816 ramma
1818 1795 1901 1816 aneo
1925 1795 2086 1816 mcannun
2117 1784 2208 1825 quod
2231 1785 2327 1815 clavis
2357 1785 2448 1825 regni
2471 1785 2615 1816 caelestis
2641 1779 2866 1834 &fia-{²:³⁴

426 1842 509 1871 sunt,
526 1836 608 1866 sicut
630 1834 808 1865 medicinae
830 1834 865 1863 in
889 1838 954 1863 arte
987 1832 1214 1863 determinatae
1240 1840 1308 1861 non
1340 1831 1491 1861 omnibus
1546 1830 1755 1870 consequitur
1771 1829 1811 1860 ad
1825 1829 2040 1860 sacerdotium
2056 1839 2122 1870 quo
2138 1829 2240 1860 homo
2255 1829 2289 1860 in
2305 1829 2452 1860 caelestia
2469 1828 2615 1860 introdu—
2641 1833 2856 1860 adobiwt-:u-Bo-

427 1885 624 1921 competunt,
641 1878 697 1909 sed
711 1877 879 1908 variandae
894 1882 969 1908 sunt
991 1876 1171 1907 secundum
1187 1876 1351 1906 arbitrium
1374 1874 1491 1905 medici
1546 1875 1637 1905 citur.
1657 1874 1733 1905 Non
1749 1879 1857 1905 autem
1873 1874 1943 1904 talis
1959 1879 2024 1905 erat
2040 1873 2120 1904 ordo
2136 1873 2304 1904 sacerdotii
2319 1873 2463 1904 Levitici.
2484 1874 2526 1904 Et
2539 1873 2614 1904 ideo
2641 1865 2695 1909 35⁸.ss
2709 1859 2761 1915 g,
2777 1859 2862 1915 ‘nsi-‘1⁸⁸1

425 1935 492 1956 non
515 1925 678 1965 propriam
701 1923 901 1953 voluntatem
923 1922 1097 1962 sequentis,
1123 1920 1179 1952 sed
1202 1920 1367 1951 scientiam
1390 1919 1491 1950 medi·
1546 1919 1650 1950 claves
1674 1919 1752 1949 caeli
1775 1928 1843 1949 non
1866 1918 2056 1954 habuerunt,
2073 1917 2128 1948 sed
2151 1918 2254 1948 claves
2269 1918 2385 1948 terreni
2407 1918 2613 1949 tabernaculi.
2642 1919 2681 1941 ‘³¹¹-
2696 1918 2712 1936 ¹·

426 1970 533 2005 cinae;
554 1970 596 1999 ita
611 1977 736 2009 poenae
752 1966 976 1997 satisfactoriae
991 1966 1025 1996 in
1041 1975 1166 1996 canone
1182 1964 1408 1995 determinatae
1422 1974 1491 1994 non
1601 1963 1652 1994 An
1677 1973 1839 1993 sacunmm
1854 1972 2014 1993 memnon
2030 1962 2120 2003 quod
2135 1961 2316 1993 sacerdotes
2329 1962 2444 1993 veteris
2466 1962 2545 2002 legis
2559 1962 2616 1993 ha-

427 2014 576 2044 omnibus
600 2017 808 2052 competunt,
835 2010 890 2041 sed
912 2009 1081 2041 variandae
1104 2015 1179 2040 sunt
1208 2008 1387 2040 secundum
1410 2009 1491 2038 arbi-
1505 2018 1532 2039 40
1546 2008 1664 2038 bebant
1687 2007 1909 2038 auctoritatem
1932 2006 2133 2038 discernendi
2156 2011 2188 2037 et
2210 2005 2382 2042 iudicandi,
2410 2005 2467 2037 sed
2487 2016 2558 2037 non
2579 2011 2616 2038 ut

425 2059 521 2088 trium
544 2056 714 2088 sacerdotis
747 2055 856 2086 divino
889 2055 1041 2085 instinctu
1068 2054 1257 2094 regulatum.
1293 2052 1383 2084 Sicut
1415 2061 1491 2093 ergo
1546 2052 1765 2083 admitteretur
1787 2052 1888 2081 homo
1913 2051 1951 2081 ab
1976 2051 2021 2081 eis
2043 2050 2202 2082 iudicatus
2220 2051 2254 2081 in
2278 2050 2434 2087 caelestia,
2450 2050 2506 2082 sed
2528 2051 2563 2081 in
2577 2049 2615 2082 fi-

426 2102 568 2133 medicus
585 2100 756 2141 aliquando
768 2099 942 2140 prudenter
956 2108 1024 2129 non
1041 2098 1093 2129 dat
1108 2097 1301 2129 medicinam
1318 2096 1490 2133 efficacem,
1546 2106 1639 2136 guras
1662 2096 1857 2126 caelestium.

427 2156 509 2187 quae
532 2146 571 2176 ad
586 2146 691 2176 morbi
714 2145 916 2186 curationem*
929 2143 1073 2179 sufficiat,
1090 2153 1131 2173 ne
1147 2148 1278 2183 propter
1297 2141 1491 2172 debilitatem
1601 2141 1652 2171 An
1676 2150 1811 2171 TERTHJM
1834 2149 1994 2170 DICENDUM
2012 2139 2103 2180 quod
2125 2139 2285 2170 habebant
2302 2139 2500 2180 spiritualem
2522 2140 2615 2180 pote-

425 2197 556 2222 naturae
579 2190 684 2221 maius
704 2189 884 2229 periculum
908 2188 1042 2224 oriatur3
1066 2188 1110 2218 ita
1133 2186 1290 2222 sacerdos,
1310 2186 1419 2217 divino
1443 2186 1491 2216 in-
1547 2190 1670 2221 statem,
1696 2185 1772 2225 quia
1794 2194 1852 2225 per
1875 2190 2071 2215 sacramenta
2094 2184 2206 2224 legalia
2228 2193 2296 2214 non
2320 2193 2339 2214 a
2361 2183 2473 2224 culpis,
2497 2183 2555 2215 sed
2575 2183 2615 2215 ab

426 2237 542 2266 stinctu
565 2240 682 2270 motus,
698 2243 766 2264 non
789 2242 915 2273 semper
937 2238 1039 2263 totam
1062 2241 1203 2273 poenam
1226 2240 1309 2271 quae
1336 2231 1394 2261 uni
1416 2240 1491 2271 pec·
1505 2243 1529 2263 45
1545 2230 1826 2270 irregularitatibus
1849 2229 2027 2269 purgabant
2042 2229 2200 2264 homines,
2217 2233 2254 2259 ut
2268 2227 2312 2259 ad
2326 2228 2551 2270 manufactum
2567 2232 2616 2260 ta·
2643 2253 2750 2276 ,Mfflb
2766 2259 2793 2277 a·
2824 2259 2847 2276 u

428 2285 498 2311 cato
522 2279 654 2310 debetur
676 2279 822 2318 iniungit,
839 2287 880 2308 ne
903 2276 1049 2307 infirmus
1073 2276 1187 2316 aliquis
1211 2285 1249 2306 ex
1271 2275 1491 2315 magnitudine
1545 2274 1755 2305 bernaculum
1771 2274 1787 2290 ⁴*
1811 2273 1914 2304 aditus
1936 2273 2077 2313 purgatis
2100 2282 2157 2313 per
2180 2282 2236 2303 eos
2258 2277 2389 2313 pateret.
2643 2286 2704 2303 ven.
2720 2270 2757 2304 ιι]
2794 2260 2816 2283 μ’
2849 2270 2862 2283 ⁷

427 2333 552 2364 poenae
575 2323 729 2363 desperet,
746 2328 777 2352 et
800 2332 818 2352 a
840 2322 1038 2362 poenitentia
1061 2321 1198 2351 totaliter
1221 2319 1356 2350 recedat.

482 2369 532 2398 An
555 2377 671 2398 pamma
694 2376 776 2397 ERGO
801 2375 961 2396 menmium
985 2365 1075 2406 quod
1098 2365 1262 2395 arbitrium
1289 2363 1375 2394 istud
1398 2363 1492 2394 debet

429 2422 496 2443 esse
519 2412 626 2442 divino
650 2412 802 2441 instinctu
824 2410 1014 2450 regularum.
1611 2417 1632 2437 n
1648 2415 1811 2437 sacuxnum
1826 2415 1871 2436 sm
1888 2415 2092 2435 paoczmrun.
2118 2404 2253 2435 Videtur
2275 2403 2364 2445 quod
2388 2403 2533 2435 Christus
2547 2413 2616 2435 non

483 2457 533 2487 An
557 2465 718 2486 summouit
734 2465 893 2485 memnon
913 2454 1003 2495 quod
1019 2455 1114 2485 etiam
1138 2453 1177 2484 de
1194 2454 1257 2484 hoc
1273 2452 1419 2483 laudatur
1434 2452 1492 2483 vil·
1508 2464 1533 2485 50
1611 2451 1757 2481 habuerit
1773 2450 1904 2480 clavem.
1930 2449 2037 2480 Clavis
2059 2449 2146 2479 enim
2170 2449 2384 2480 characterem
2399 2447 2520 2479 ordinis
2536 2458 2616 2479 con-

427 2502 507 2532 licus
530 2500 620 2540 quod
641 2499 820 2540 prudenter
833 2499 927 2540 fecit.
953 2499 994 2529 Et
1011 2498 1085 2529 ideo
1109 2499 1143 2528 in
1158 2498 1344 2528 remissione
1368 2507 1492 2538 poenae
1547 2496 1701 2536 sequitur.
1726 2494 1789 2525 Sed
1812 2494 1957 2525 Christus
1980 2503 2048 2524 non
2071 2494 2182 2524 habuit
2198 2493 2422 2524 characterem.
2446 2492 2532 2533 Ergo
2548 2502 2616 2524 non

429 2545 552 2576 debitae
576 2544 722 2574 discretio
746 2543 923 2574 adhibenda
946 2549 1002 2573 est.
1547 2541 1658 2571 habuit
1682 2539 1815 2570 clavem.

1694 2339 1794 2370 ART.
1812 2339 1849 2370 ΙΙ.
1874 2349 1979 2369 urium
2002 2348 2148 2369 cnms'rus
2170 2348 2325 2369 unvanu-
2350 2348 2472 2368 cmvim

484 2590 534 2619 An
558 2598 691 2618 marum
713 2598 871 2618 mcaNDUM
891 2587 981 2628 quod
1004 2587 1150 2618 Christus
1167 2587 1279 2617 habuit
1301 2591 1493 2626 potestatem
1605 2594 1634 2615 2.
1658 2584 1863 2619 Pamisum,
1891 2582 2036 2613 Christus
2059 2582 2170 2613 habuit
2192 2582 2226 2612 in
2249 2582 2452 2612 sacramentis
2476 2586 2616 2621 potesta-

430 2633 633 2663 excellentiae
656 2633 688 2662 in
704 2633 916 2663 sacramentis.
941 2631 1035 2663 Unde
1058 2632 1126 2672 ipse
1149 2641 1187 2662 ex
1203 2631 1390 2661 auctoritate
1413 2640 1493 2671 poe·
1548 2634 1614 2659 tem
1638 2628 1853 2663 excellentiae,
1870 2633 1906 2658 ut
1929 2626 2080 2658 effectum
2103 2626 2292 2657 sacramenti
2314 2626 2382 2656 sine
2406 2631 2616 2656 sacramenta-

429 2687 503 2708 nam
519 2683 619 2707 totam
638 2677 688 2706 vel
703 2682 825 2716 partem
841 2682 965 2717 poterat
981 2676 1138 2707 dimittere
1162 2677 1243 2706 sicut
1262 2675 1400 2706 volebat.
1425 2675 1494 2705 Nec
1509 2685 1532 2706 55
1548 2673 1631 2704 libus
1655 2678 1764 2713 posset
1792 2671 1946 2703 conferre.
1983 2670 2046 2702 Sed
2069 2671 2165 2701 clavis
2189 2675 2236 2701 est
2258 2670 2484 2701 sacramentale
2512 2669 2617 2710 quod-

430 2727 476 2752 est
499 2721 601 2751 simile
625 2720 664 2751 de
686 2721 734 2751 his
758 2722 814 2761 qui
837 2726 1009 2761 operantur
1031 2726 1156 2751 tantum
1179 2726 1215 2750 ut
1237 2720 1382 2750 ministri.
1549 2718 1632 2748 dam.
1653 2717 1739 2757 Ergo
1751 2726 1819 2747 non
1830 2715 1992 2756 indigebat
2009 2715 2099 2746 clavi.
2120 2715 2161 2746 Et
2172 2715 2217 2746 sic
2233 2714 2347 2746 frustra
2358 2724 2430 2745 eam
2445 2715 2615 2745 habuisset.

659 2785 910 2830 QUAESTIO
934 2785 1262 2820 DECIMANONA
1548 2759 2121 2840 habiffnctffizzmongigugg,dieitur
2136 2761 2236 2800 Apoc.
2253 2769 2286 2790 m
2302 2760 2335 2789 *t
2359 2758 2455 2789 Haec
2469 2758 2548 2789 dicit
2560 2758 2618 2800 qui
2642 2764 2655 2776 ·
2669 2763 2734 2786 Vm.
2749 2769 2774 2791 7-

618 2844 663 2868 DE
682 2843 850 2868 MIleTRIS
869 2844 1022 2869 CLAVIUM
1041 2843 1087 2868 ET
1106 2843 1172 2868 USU
1192 2843 1311 2868 EARUM
1604 2851 1794 2881 Rasaormno
1818 2859 1978 2879 mcaxnuu
2001 2847 2091 2889 quod
2114 2849 2213 2879 virtus
2236 2846 2356 2888 aliquid
2375 2846 2489 2887 agendi
2513 2851 2560 2877 est
2581 2847 2615 2877 in

492 2907 584 2927 amna
608 2896 874 2927 considerandum
904 2902 950 2927 est
974 2896 1013 2927 de
1036 2897 1187 2927 ministris
1218 2896 1356 2927 clavium
1379 2901 1411 2927 et
1434 2905 1494 2926 usu
1509 2904 1536 2924 6ο
1549 2895 1762 2926 instrumento
1787 2899 1818 2924 et
1840 2894 1873 2924 in
1896 2902 1954 2933 per
1968 2902 2002 2924 se
2025 2898 2139 2933 agente
2161 2902 2230 2923 non
2253 2890 2368 2923 eodem
2383 2890 2495 2927 modo,
2511 2890 2616 2922 sedin

195 2944 249 2992 ’Εὲ
259 2945 403 2972 qu.xvu‚1n-
493 2951 602 2972 earum
617 2943 644 2971 ἦ
1549 2949 1607 2980 per
1630 2949 1663 2969 se
1687 2944 1799 2978 agente
1823 2937 2004 2978 perfectius.
2037 2937 2180 2967 Potestas
2210 2941 2318 2967 autem
2351 2935 2488 2966 clavium
2517 2943 2616 2974 quam

194 2975 231 2993 “⁰
249 2987 254 2994 ”
432 2985 524 3016 Circa
547 2985 636 3025 quod
659 2991 855 3025 quaeruntur
877 2995 941 3015 sex.
1549 2993 1611 3014 nos
1634 2983 1798 3018 habemus,
1816 2988 1847 3013 et
1865 2981 2002 3012 aliorum
2018 2985 2289 3012 sacramentorum
2309 2980 2407 3010 virtus
2431 2984 2478 3009 est
2500 2979 2616 3009 instru-

486 3029 609 3060 Primo:
634 3035 742 3060 utrum
765 3029 912 3060 sacerdos
935 3029 1043 3069 legalis
1067 3029 1171 3060 claves
1194 3029 1349 3059 habuerit.
1550 3027 1712 3058 mentalis:
1737 3026 1793 3057 sed
1815 3027 1849 3057 in
1873 3026 2000 3056 Christo
2018 3031 2064 3056 est
2086 3030 2123 3055 ut
2145 3025 2178 3055 in
2201 3034 2258 3064 per
2281 3033 2314 3054 se
2334 3028 2447 3063 agente
2470 3022 2509 3053 ad
2533 3023 2616 3054 salu-

487 3073 652 3104 Secundo:
675 3079 784 3104 utrum
808 3073 951 3104 Christus
975 3073 1079 3104 claves
1102 3073 1257 3103 habuerit.
1550 3077 1616 3102 tem
1631 3077 1784 3106 nostram,
1796 3080 1854 3110 per
1869 3070 2090 3100 auctoritatem
2106 3067 2238 3109 quidem
2249 3068 2442 3108 inquantum
2458 3072 2504 3097 est
2516 3067 2614 3103 Deus,

487 3118 615 3148 Tertio:
641 3123 748 3148 utrum
772 3118 830 3148 soli
854 3117 1033 3148 sacerdotes
1057 3117 1160 3148 claves
1183 3117 1329 3147 habeant.
1510 3124 1533 3149 ες
1550 3115 1606 3146 sed
1629 3125 1686 3155 per
1708 3115 1858 3145 meritum
1881 3115 2074 3154 inquantum
2098 3118 2144 3143 est
2166 3112 2278 3143 homo.
2314 3110 2421 3142 Clavis
2444 3115 2552 3142 autem
2575 3111 2615 3142 de

488 3161 630 3199 Quarto:
654 3167 762 3191 utrum
793 3162 891 3192 sancti
920 3162 1068 3192 homines
1096 3170 1164 3192 non
1191 3160 1370 3192 sacerdotes
1400 3171 1495 3192 usum
1550 3160 1674 3190 ratione
1697 3169 1754 3189 sua
1778 3158 1924 3198 exprimit
1956 3162 2148 3197 potestatem
2179 3154 2342 3196 aperiendi
2366 3161 2397 3186 et
2425 3155 2614 3192 claudendi,

523 3206 659 3236 clavium
682 3206 828 3236 habeant.
1551 3204 1616 3233 sive
1639 3203 1753 3243 aliquis
1777 3202 1896 3242 aperiat
1919 3201 2009 3241 quasi
2032 3200 2206 3241 principale
2230 3209 2336 3239 agenS,
2353 3200 2419 3230 sive
2443 3201 2533 3239 quasi
2554 3201 2616 3231 mi-

488 3249 629 3286 Quinto:
653 3255 762 3279 utrum
785 3249 860 3279 mali
884 3249 1062 3280 sacerdotes
1086 3258 1182 3279 usum
1198 3249 1336 3279 clavium
1359 3249 1496 3280 habeant
1550 3248 1657 3277 nister.
1681 3247 1722 3277 Et
1745 3246 1818 3277 ideo
1842 3246 1876 3276 in
1900 3245 2028 3276 Christo
2052 3249 2180 3284 oportet
2197 3253 2319 3284 ponere
2343 3243 2475 3280 clavem,
2492 3243 2548 3275 sed
2571 3245 2615 3275 al-

523 3292 693 3323 efficacem.
1550 3296 1619 3321 tero
1635 3290 1736 3321 modo
1753 3299 1850 3330 quam
1866 3290 1906 3319 sit
1928 3289 1961 3319 in
1978 3289 2046 3319 eius
2064 3288 2224 3318 ministris.
2249 3287 2290 3318 Et
2305 3287 2379 3318 ideo
2396 3287 2510 3319 dicitur
2526 3288 2616 3328 quod

490 3337 604 3367 Sexto:
628 3343 736 3367 utrum
766 3337 956 3367 schismatici
984 3342 1014 3367 et
1037 3337 1203 3372 haeretici,
1228 3337 1496 3367 excommunicati
1510 3353 1537 3373 70
1550 3336 1646 3365 habet
1668 3335 1789 3365 clavem
1813 3333 2022 3364 excellentiae
2036 3333 2062 3362 *.
2642 3343 2654 3355 ·
2673 3341 2711 3365 cr,
2731 3348 2771 3372 qu.
2792 3347 2858 3370 xm,

523 3386 554 3410 et
576 3381 720 3420 suspensi
745 3386 775 3411 et
799 3380 968 3420 degradati,
985 3390 1080 3410 usum
1104 3381 1241 3411 clavium
1260 3381 1406 3411 habeant.
1605 3379 1656 3408 An
1680 3388 1798 3408 amium
1820 3387 1902 3408 aneo
1926 3386 2086 3406 DICENDUM
2118 3375 2207 3416 quod
2231 3377 2391 3407 character
2424 3376 2463 3407 de
2487 3386 2545 3408 sua
2566 3387 2615 3408 ra·
2642 3372 2684 3392 ἠ·
2700 3375 2719 3392 ¹·

1550 3423 1640 3452 tione
1663 3421 1739 3452 dicit
1762 3420 1884 3461 aliquid
1906 3421 1944 3450 ab
1969 3420 2077 3460 aliquo
2102 3419 2289 3451 derivatum.
2313 3421 2355 3451 Et
2377 3420 2451 3451 ideo
2475 3426 2615 3461 potestas

1552 3466 1690 3496 clavium
1705 3475 1788 3505 quae
1804 3470 1851 3495 est
1873 3465 1907 3495 in
1922 3465 2015 3494 nobis
2039 3475 2056 3494 a
2073 3464 2200 3495 Christo
2217 3464 2365 3501 derivata,
2382 3466 2526 3505 sequitur
2541 3465 2614 3496 cha-

437 3520 521 3581 An
544 3520 660 3540 ramma
683 3520 728 3540 sic
750 3520 954 3540 Pnocamrua.
975 3510 1108 3540 Videtur
1134 3510 1223 3550 quod
1244 3510 1390 3541 sacerdos
1413 3510 1497 3550 lega—
1551 3515 1704 3539 racterem
1729 3518 1795 3548 quo
1819 3509 1947 3539 Christo
1971 3507 2222 3539 conformamur.
2253 3509 2315 3540 Sed
2338 3509 2371 3540 in
2395 3509 2523 3540 Christo
2546 3519 2615 3540 non

501 3554 537 3583 lis
561 3554 664 3584 claves
691 3554 844 3584 habuerit.
878 3554 983 3584 Clavis
1016 3554 1102 3584 enim
1133 3559 1179 3584 est
1207 3554 1336 3594 sequela
1366 3553 1495 3584 ordinis.
1511 3570 1534 3591 75
1552 3554 1760 3593 consequitur
1783 3553 2006 3589 characterem,
2023 3552 2078 3583 sed
2101 3553 2310 3593 principalem
2333 3552 2481 3584 formam.

510 3445 608 3475 ART.
627 3445 649 3475 1.
673 3455 777 3475 urium
800 3455 955 3475 sacaanos
978 3454 1105 3475 mortus
1130 3455 1242 3475 ctavas
1265 3455 1420 3476 tranuntur
