2918 4088
216 397 287 418 'Loc.
294 397 332 418 cit.
340 397 361 418 in
371 403 427 424 arg.‚

216 429 274 445 vers.
291 429 312 451 9.

466 155 508 191 18

455 233 571 270 tualia
598 233 791 271 devenire.
822 235 947 282 Quod·
976 235 1139 284 pertinet
1166 237 1215 274 ad
1250 237 1438 274 rationem
1466 250 1521 275 sa-

457 294 755 324 eramentorum.

508 341 565 376 An
585 351 773 377 SECUNDUM
796 352 977 378 DICENDUM
997 342 1105 390 quod
1128 351 1365 381 sacramenta
1383 344 1521 381 veteris

455 392 545 440 legis
564 393 772 441 Apostolus
790 393 810 415 ’¹‘
835 402 948 431 vocat
967 406 1087 444 egena
1107 401 1139 431 et
1158 397 1309 444 infirma
1329 397 1519 443 elementa,

456 445 547 494 quia
574 445 733 493 gratiam
752 458 823 483 nee
847 446 1104 493 continebant,
1125 460 1197 485 nec
1224 449 1443 486 causabant.
1473 450 1522 486 Et

455 497 542 535 ideo
571 506 719 536 utentes
738 498 807 535 illis
836 501 1080 537 sacramentis
1100 500 1188 538 dicit
1215 503 1422 551 Apostolus
1453 505 1521 540 sub

455 551 639 588 elementis
666 552 798 588 mundi
822 553 907 589 Deo
936 553 1113 590 servisse:
1144 553 1236 602 quia
1261 554 1400 591 scilicet
1427 555 1522 592 nihil

456 612 563 641 erant
590 604 694 641 aliud
712 617 830 654 quam
851 606 1040 643 elementa
1066 606 1182 644 huius
1201 607 1350 644 mundi.
1380 609 1521 645 Nostra

455 664 585 694 autem
613 665 850 695 sacramenta
874 658 1034 706 gratiam
1062 659 1258 696 continent
1285 668 1322 696 et
1349 668 1517 698 causant.

455 710 502 746 Et
530 709 617 747 ideo
646 722 726 747 non
754 718 810 747 est
837 711 884 747 de
913 711 966 748 eis
995 711 1126 750 similis
1154 712 1260 749 ratio.

1150 157 1413 203 QUAESTIO
1442 159 1546 207 LXI,
1581 157 1874 196 ARTICULUS
1903 160 1954 196 IV

1627 239 1685 275 AD
1712 250 1871 275 TERTIUM
1898 250 2080 276 DICENDUM
2108 240 2227 287 quod,
2249 239 2346 277 sicut
2372 240 2640 289 paterfamilias

1574 303 1655 328 non
1675 303 1722 328 ex
1740 291 1816 328 hoc
1835 291 1977 328 habere
2006 298 2241 329 monstratur
2258 292 2484 331 mutabilem
2503 295 2640 331 volun-

1574 351 1691 381 tatem
1714 343 1822 393 quod
1851 343 2001 381 diversa
2019 352 2223 394 praecepta
2248 345 2412 383 familiae
2431 358 2524 383 suae
2551 343 2654 396 pro-¹

1574 397 1682 446 ponit
1709 409 1780 446 pro
1809 404 2033 446 temporum
2051 396 2243 445 varietate,
2263 409 2345 435 non
2367 399 2503 436 eadem
2532 411 2641 448 prae-

1574 449 1718 499 cipiens
1744 450 1872 487 hieme
1899 457 1936 486 et
1963 457 2123 495 aestate;
2153 449 2203 487 ita
2230 462 2311 487 non
2337 451 2550 488 ostenditur
2576 451 2641 489 ali-

1575 515 1652 552 qua
1680 503 1840 540 mutatio
1869 515 1951 539 esse
1979 502 2078 540 circa
2106 503 2236 540 Deum
2264 515 2310 540 ex
2338 504 2416 540 hoc
2433 505 2540 553 quod
2568 504 2642 542 alia

1575 563 1812 593 sacramenta
1830 555 1987 593 instituit
2005 563 2092 606 post
2112 555 2251 592 Christi
2269 556 2493 604 adventum,
2514 564 2551 594 et
2569 556 2642 594 alia

1574 616 1748 657 tempore
1777 608 1885 657 legis;
1915 608 2007 658 quia
2033 608 2095 646 illa
2121 609 2275 646 fuerunt
2303 620 2474 657 congrua
2500 609 2640 658 gratiae

1573 661 1902 710 praefigurandae,
1922 663 2019 699 haec
2037 669 2168 699 autem
2197 669 2286 699 sunt
2303 660 2474 710 congrua
2501 662 2640 710 gratiae

1573 714 1870 763 praesentialiter
1897 714 2230 752 demonstrandae.

1129 819 1464 852 Commentario,
1487 819 1740 853 cardinalis
1761 819 1963 853 Caietani

458 915 623 978 Tri-umis
653 906 764 936 clarus.
788 924 812 928 -—
835 906 871 937 In
899 916 1035 947 corpore
1066 917 1132 938 una
1161 907 1347 938 conclusio:
1386 908 1532 949 Oportet*

517 950 549 979 in
566 959 651 980 nova
674 950 745 991 lege
761 959 828 981 esse
843 951 1000 991 quaedam
1026 951 1095 982 alia
1114 957 1330 982 sacramenta.
1354 952 1519 983 Probatur.

455 993 656 1024 Sacramenta
679 1000 753 1024 sunt
775 994 864 1034 signa
886 996 1094 1035 protestantia
1117 995 1215 1026 fidem
1235 1005 1300 1036 qua
1314 996 1415 1027 homo
1432 997 1521 1027 iusti-

455 1037 576 1068 ficatur.
609 1037 694 1077 Ergo
726 1044 854 1078 oportet
883 1049 952 1069 esse
980 1039 1040 1069 alia
1063 1045 1261 1070 sacramenta
1291 1041 1407 1080 quibus
1430 1050 1522 1081 prae-

454 1082 545 1112 terita
567 1081 684 1112 credita
707 1082 936 1122 significentur.

509 1125 759 1166 Consequentia,
785 1126 894 1166 quoad
915 1126 949 1157 id
972 1126 1062 1167 quod
1086 1129 1251 1168 supponit,
1275 1128 1396 1159 scilicet
1419 1128 1521 1159 diver-

1573 909 1698 940 sitatem
1721 909 1987 950 significabssium,
2003 911 2175 951 probatur:
2201 912 2276 952 quia
2293 912 2417 952 antiqui
2439 912 2641 944 salvabantur

1572 962 1631 993 per
1653 953 1751 984 fidem
1782 953 1900 985 Christi
1932 955 2099 992 nascituri,
2123 965 2183 986 nos
2205 965 2264 996 per
2286 955 2384 987 fidem
2414 955 2533 987 Christi
2562 957 2638 987 nati.
2673 994 2677 998 ⁴

1574 997 1616 1027 Et
1639 997 1748 1037 quoad
1777 998 1846 1038 ipsa
1875 999 1964 1038 signa
1992 999 2164 1039 probatur:
2196 1000 2272 1040 quia
2294 1000 2362 1031 aliis
2385 1001 2482 1040 signis
2512 1006 2641 1041 oportet
2671 1022 2674 1025 »

1574 1041 1744 1081 significari
1775 1043 1943 1082 praeterita
1973 1048 2004 1073 et
2026 1042 2141 1074 futura.
2174 1044 2330 1075 Probatur
2359 1045 2423 1075 hoc
2453 1045 2640 1076 auctoritate

1574 1085 1764 1126 Augustini:
1790 1091 1821 1117 et
1845 1096 1883 1117 ex
1905 1087 1981 1127 ipsis
2004 1088 2108 1119 verbis
2130 1089 2290 1129 praeteriti
2307 1093 2338 1119 et
2353 1087 2452 1120 futuri
2473 1090 2639 1130 temporis.
