2878 4088
176 409 184 418 “
200 407 224 428 Β.
242 407 338 432 ΑΙὺειι.,
354 406 385 426 IV

175 433 239 454 Seni.
260 433 312 454 dist.
323 439 386 458 xxvi,

175 464 216 481 art.
232 450 254 484 8²,
272 466 306 486 ¹4.

173 888 182 897 '
206 886 230 908 S.
258 886 384 907 Bonavent.

173 913 204 934 iv
227 913 306 938 Sena,
331 913 383 933 dist.

173 946 236 964 xxvi.
252 943 293 960 art.
309 945 329 964 2,
345 945 384 984 τι.

172 972 195 989 2:
215 966 236 987 b.
256 966 333 987 innoc.
378 982 383 991 ,

172 992 237 1019 ibid,
248 998 330 1019 qu.1u,
342 996 382 1012 art.

172 1025 191 1040 2.

171 1382 177 1389 ·
183 1379 228 1406 Qu.
233 1385 302 1406 xxxv,
310 1383 351 1401 art.
361 1387 369 1401 ι

171 1514 180 1523 ·
194 1514 255 1539 Aug.
269 1512 295 1533 In
313 1512 371 1533 Ῑοαη

170 1539 235 1560 Euan
257 1539 285 1560 el.
316 1543 380 1560 tract.

170 1565 231 1587 Lxx
256 1581 262 1587 .

170 1594 180 1603 ·
190 1592 221 1613 [V
235 1592 308 1617 Sena,
328 1591 380 1614 dist.

169 1625 198 1646 ιιι,
208 1625 259 1646 cap.
273 1618 302 1640 St
315 1624 379 1640 vero.

170 1783 178 1792 ·
195 1781 231 1802 Cf.
250 1780 281 1801 iv
301 1780 381 1807 Sent„

171 1807 223 1828 dist.
236 1813 253 1846 'l
262 1813 300 1834 qu.
313 1813 328 1834 1,
340 1811 381 1829 art.

170 1842 192 1860 4.
209 1840 240 1861 qu
270 1841 288 1855 ι.

174 2713 183 2723 ·
199 2711 207 2732 l
218 2711 251 2732 ad
258 2710 322 2737 Cor„
333 2716 383 2737 cap.

174 2745 211 2764 vn,
227 2743 284 2759 vert.
300 2743 322 2765 9.

174 2841 184 2850 ·
200 2839 293 2860 Aristo«.
310 2838 384 2860 Ethic.

176 2866 214 2886 lib.
229 2865 256 2889 11.
270 2871 320 2892 cap.
334 2871 348 2890 ι,
362 2871 383 2886 n.

176 2898 197 2919 7.
206 2904 215 2908 -
225 2891 298 2914 S.Th.
309 2892 359 2913 lect.
370 2898 384 2913 1.

180 3235 190 3245 '
210 3234 266 3256 Gen.
288 3239 337 3261 cap.
358 3240 373 3254 ιι

181 3266 332 3314 ἷῖζῑεῐ.1·ι.2ξ4;ιίρ.-
343 3293 390 3311 xix,

182 3312 392 3341 vers.5;1adCor.,

182 3345 231 3367 cap.
242 3345 273 3366 vi,
284 3345 342 3361 ven.
358 3339 392 3361 ιδ.

182 3413 193 3424 '
218 3413 268 3434 Art.
296 3417 326 3437 23

182 3443 262 3465 xxxix,
277 3441 318 3460 art.
335 3444 354 3460 ι.

184 3464 258 3487 'Dian
269 3470 333 3491 xxvi,
343 3469 395 3492 cup.

185 3490 241 3512 Cum
257 3496 325 3518 ergo.

355 3249 391 3281 ef'.

354 3417 392 3438 qu.

417 191 465 227 82

413 275 501 305 dium
530 273 678 313 praebeat
701 270 922 302 satisfaciendo
948 271 1243 310 concupiscentiae,
1267 279 1308 301 ne
1331 270 1364 298 in
1388 277 1477 307 prae-

414 328 487 358 ceps
511 323 580 348 ruat
603 317 681 347 dum
701 316 795 346 nimis
820 321 964 351 arctatur,
982 315 1091 345 habuit
1116 315 1210 344 etiam
1233 314 1266 343 in
1287 313 1384 342 veteri
1407 312 1477 351 lege

414 373 451 393 ex
474 363 542 401 ipsa
564 367 675 391 natura
698 366 796 390 actus.

468 407 508 436 Et
530 405 603 436 ideo
627 405 679 435 alii
695 405 711 421 ⁴*
735 403 881 434 dixerunt
897 402 987 443 quod
1003 401 1166 432 confertur
1189 401 1232 430 ibi
1255 399 1353 439 gratia
1375 400 1409 428 in
1426 407 1477 427 or—

682 191 944 251 QUAESTIO
975 192 1087 238 XLII,
1108 190 1400 229 ARTlCULUS
1430 190 1480 225 IV
1499 211 1524 214 —

1545 188 1810 234 QUAESTIO
1840 187 1972 232 XLIII,
1999 186 2293 223 ARTICULUS
2321 187 2335 222 1

1532 266 1745 296 servationem
1768 265 1895 305 speciei.
1932 263 1995 294 Sed
2025 264 2224 294 conservatio
2249 265 2368 304 speciei
2396 275 2464 295 non
2494 271 2603 305 potest

1532 309 1600 339 fieri
1624 310 1692 339 sine
1716 309 1832 339 carnali
1856 308 2097 339 commixtione.
2123 308 2208 348 Ergo
2225 313 2272 338 est
2295 308 2334 339 de
2352 309 2530 349 integritate
2553 320 2602 340 sa—

1533 354 1696 383 eramenti.

1587 406 1617 435 4.
1635 397 1832 432 Pani-emm,
1849 396 2092 426 matrimonium
2109 401 2156 426 est
2171 402 2406 427 sacramentum
2422 397 2601 429 secundum

413 450 486 480 dine
510 450 549 480 ad
572 458 732 480 recessum
755 458 773 478 a
795 448 891 484 malo,
910 448 984 487 quia
1008 451 1174 476 excusatur
1190 450 1278 474 aetus
1295 453 1313 472 a
1332 448 1475 482 peccam,
1499 451 1508 471 ς
1532 441 1622 480 quod
1644 440 1822 471 remedium
1847 445 1958 470 contra
1981 441 2276 480 concupiscentiam
2300 446 2445 480 praestat,
2469 441 2508 472 de
2532 451 2599 482 quo

413 495 469 534 qui
493 495 560 524 sine
583 493 788 524 matrimonio
812 497 980 532 peccatum
1004 495 1093 520 esset.
1111 507 1132 511 —
1156 487 1218 518 Sed
1241 488 1303 516 hoc
1329 492 1410 516 esset
1427 486 1476 515 ni-

412 540 472 568 mis
495 548 627 578 parum:
653 538 728 577 quia
751 538 814 567 hoc
838 537 932 566 etiam
955 535 988 564 in
1012 533 1108 562 veteri
1132 532 1201 571 lege
1225 531 1343 560 habuit.

467 583 506 613 Et
529 583 602 613 ideo
627 582 737 612 dicunt
754 580 842 620 quod
865 579 939 609 facit
963 576 1109 607 recedere
1134 585 1151 605 a
1174 574 1259 604 malo
1283 575 1475 613 inquantum

413 628 599 667 constringit
623 624 916 665 concupiscentiam
939 631 979 651 ne
1004 626 1088 650 extra
1111 620 1196 649 bona
1218 619 1414 648 matrimonii
1430 617 1476 648 fe-

1531 485 1607 515 dicit
1630 485 1818 525 Apostolus,
1836 484 1848 514 1
1867 484 1943 514 Cor.
1961 494 2004 514 vn
2020 485 2046 520 ’ἢ
2064 483 2154 524 quod
2170 485 2284 515 melius
2307 489 2354 515 est
2370 486 2489 516 nubere
2503 495 2600 526 quam

1532 529 1594 559 uri.
1620 529 1682 559 Sed
1698 530 1760 559 hoc
1776 528 1955 559 remedium
1970 538 2038 559 non
2061 534 2198 568 praestat
2212 529 2261 559 his
2281 529 2337 568 qui
2354 530 2518 560 carnaliter
2532 540 2600 560 non

1531 574 1790 604 commiscentur.
1815 573 1901 612 Ergo
1925 572 2011 603 idem
2034 572 2124 612 quod
2147 573 2244 612 prius.

1586 618 1648 648 Sim
1673 627 1807 653 CONTRA,
1823 618 1858 647 in
1881 616 2026 657 paradiso
2057 616 2116 647 fuit
2148 617 2391 648 matrimonium
2407 618 2433 647 ἦ
2470 617 2533 648 Sed
2555 619 2600 649 ibi
2627 626 2637 636 ·

412 677 514 702 ratur:
538 681 606 702 non
630 676 737 700 autem
760 678 816 708 per
838 667 968 707 gratiam
993 665 1079 694 illam
1102 662 1138 693 fit
1161 662 1293 702 aliquod
1321 662 1476 692 auxilium
1492 671 1597 692 xonon
1620 661 1680 692 fuit
1704 662 1835 692 carnalis
1859 661 1977 701 copula
1992 662 2018 691 *.
2054 661 2140 701 Ergo
2165 662 2352 692 commixtio
2376 662 2509 692 carnalis
2530 671 2599 693 non

399 716 451 749 .ad
474 717 555 746 bene
579 713 787 755 operandum.
804 730 826 733 —
849 710 911 741 Sed
944 710 1006 739 hoc
1030 717 1097 737 non
1131 713 1236 746 potest
1260 712 1350 737 stare.
1390 706 1475 744 Quia

413 760 524 790 eadem
546 760 644 800 gratia
667 764 713 788 est
737 765 818 796 quae
842 753 974 794 impedit
997 757 1176 792 peccatum,
1194 757 1224 781 et
1248 760 1331 791 quae
1354 750 1394 781 ad
1417 751 1475 781 bo-

411 814 490 834 num
513 804 658 834 inclinat:
684 803 765 831 sicut
787 799 872 830 idem
905 798 989 827 calor
1013 796 1069 836 qui
1092 794 1195 826 aufert
1219 795 1317 835 frigus
1331 819 1338 831 ,
1364 801 1395 825 et
1419 796 1475 835 qui

413 848 624 923 calUilicdealii
636 892 651 907 ἢ*
669 890 778 920 dicunt
795 886 883 927 quod
899 885 1150 920 matrimonium,
1162 884 1354 924 inquantum
1366 884 1399 914 in
1412 883 1475 914 fide

412 937 527 967 Christi
552 935 756 968 contrahitur,
774 933 868 962 habet
890 936 925 960 ut
949 928 1092 959 conferat
1115 929 1246 968 gratiam
1271 928 1475 958 adiuvantem

411 981 449 1011 ad
473 981 524 1010 illa
548 977 708 1019 operanda
725 986 806 1016 quae
830 976 863 1005 in
886 973 1091 1004 matrimonio
1108 974 1322 1012 requiruntur.
1348 973 1388 1002 Et
1411 973 1475 1002 hoc

410 1025 604 1065 probabilius
629 1028 684 1052 est.
720 1021 805 1058 Quia
839 1020 1035 1057 ubicumque
1060 1017 1151 1047 datur
1185 1017 1336 1047 divinitus
1368 1016 1475 1056 aliqua

410 1069 550 1104 facultas,
572 1067 685 1097 dantur
716 1066 811 1095 etiam
834 1063 948 1094 auxilia
981 1062 1098 1102 quibus
1122 1062 1223 1092 homo
1247 1061 1475 1091 convenienter

410 1115 456 1144 uti
479 1113 579 1152 possit
602 1110 750 1141 facultate
774 1109 842 1139 illa:
867 1108 948 1138 sicut
971 1111 1058 1146 patet
1081 1106 1170 1146 quod
1186 1105 1337 1135 omnibus
1360 1111 1474 1145 poten-

408 1159 457 1188 tiis
481 1158 604 1186 animae
628 1154 822 1194 respondent
845 1152 952 1192 aliqua
970 1151 1114 1182 membra
1137 1150 1291 1190 corporis,
1309 1150 1426 1189 quibus
1441 1150 1475 1179 in

408 1208 514 1233 actum
538 1201 621 1231 exire
645 1200 777 1239 possint.
803 1196 906 1232 Unde,
924 1205 999 1226 cum
1022 1195 1055 1225 in
1078 1195 1284 1225 matrimonio
1301 1194 1393 1224 detur
1416 1194 1470 1223 ho-

408 1247 486 1277 mini
510 1255 547 1276 ex
571 1245 676 1275 divina
709 1242 908 1273 institutione
932 1240 1064 1270 facultas
1097 1239 1208 1270 utendi
1232 1248 1332 1269 uxore
1356 1248 1413 1268 sua
1436 1237 1476 1268 ad

407 1291 662 1331 procreationem
686 1287 794 1328 proliS,
812 1286 903 1316 datur
927 1286 1022 1315 etiam
1044 1285 1142 1324 gratia
1165 1284 1232 1314 sine
1257 1292 1321 1322 qua
1344 1282 1376 1313 id
1397 1292 1475 1313 con-

408 1336 571 1366 venienter
595 1334 697 1363 facere
721 1341 788 1362 non
811 1336 934 1371 posset:
960 1330 1042 1360 sicut
1061 1329 1156 1359 etiam
1180 1328 1219 1358 de
1243 1333 1400 1367 potestate
1423 1337 1474 1357 or-

408 1380 489 1410 dinis
513 1388 607 1419 supra
626 1379 642 1394 *
659 1377 780 1407 dictum
804 1381 860 1406 est.
885 1375 926 1405 Et
941 1375 986 1404 sic
1009 1374 1067 1404 ista
1083 1373 1181 1413 gratia
1200 1371 1272 1403 data
1296 1377 1343 1402 est
1363 1372 1476 1402 ultima

408 1434 456 1455 res
480 1428 630 1454 contenta
653 1423 687 1452 in
710 1422 774 1451 hoc
797 1425 1007 1450 sacramento.

463 1469 514 1498 AD
538 1477 654 1497 paurum
681 1475 764 1495 ERGO
788 1473 948 1495 memnon
972 1462 1070 1503 quod,
1092 1463 1174 1492 sicut
1196 1461 1291 1492 habet
1314 1470 1398 1500 aqua
1420 1461 1475 1490 ba-

407 1514 515 1554 ptismi
540 1511 629 1552 quod
645 1519 762 1550 corpus
779 1514 894 1550 tangat
909 1513 940 1538 et
962 1517 1020 1538 cor
1043 1507 1155 1537 abluat
1169 1507 1185 1523 θ*
1210 1516 1248 1536 ex
1270 1511 1357 1536 tactu
1373 1505 1474 1535 carnis

409 1558 526 1589 Christi
542 1558 574 1592 ἢ
600 1557 642 1586 ita
665 1554 906 1585 matrimonium
922 1553 986 1583 hoc
1008 1553 1104 1582 habet
1127 1561 1165 1581 ex
1188 1551 1251 1581 hoc
1268 1549 1358 1590 quod
1382 1549 1471 1580 Chri-

409 1608 474 1633 stus
498 1611 555 1631 sua
570 1601 718 1640 passione
741 1598 820 1629 illud
835 1597 1097 1638 repraesentavit;
1123 1601 1154 1626 et
1176 1605 1243 1625 non
1260 1595 1475 1634 principaliter

409 1657 446 1678 ex
470 1647 576 1686 aliqua
599 1643 849 1674 sanctificatione
873 1641 1054 1672 sacerdotis.

464 1691 514 1720 AD
538 1698 700 1720 secuuntur
724 1696 883 1718 memnon
907 1685 1005 1726 quod,
1023 1686 1105 1715 sicut
1128 1693 1211 1724 aqua
1226 1683 1375 1723 baptismi
1399 1692 1474 1713 cum

409 1736 512 1766 forma
534 1735 707 1764 verborum
730 1742 797 1762 non
822 1736 972 1771 operatur
994 1729 1178 1760 immediate
1202 1728 1241 1758 ad
1259 1728 1402 1767 gratiam,
1419 1727 1475 1758 sed

409 1780 449 1810 ad
472 1780 685 1810 characterem
700 1778 733 1812 *3
757 1777 800 1806 ita
815 1781 903 1806 actus
923 1775 1092 1805 exteriores
1109 1779 1140 1804 et
1155 1774 1250 1803 verba
1267 1772 1474 1811 exprimentia

410 1833 603 1855 consensum
627 1822 743 1852 directe
760 1820 881 1851 faciunt
903 1828 1022 1850 nexum
1043 1817 1214 1858 quendam,
1232 1818 1288 1857 qui
1312 1822 1358 1846 est
1373 1826 1474 1847 sacra-

409 1874 555 1899 mentum
579 1866 791 1901 matrimonii;
816 1870 846 1895 et
869 1862 1055 1894 huiusmodi
1078 1872 1179 1893 nexus
1203 1871 1240 1892 ex
1263 1862 1379 1891 virtute
1395 1861 1474 1892 divi-

408 1923 468 1943 nae
492 1911 698 1942 institutionis
722 1909 906 1949 dispositive
930 1913 1079 1948 operatur
1102 1906 1142 1937 ad
1164 1907 1306 1947 gratiam.

463 1957 514 1987 Ar>
538 1965 672 1986 Tannum
695 1963 853 1984 memnon
886 1951 976 1993 quod
1008 1952 1087 1982 ratio
1111 1951 1163 1981 illa
1191 1950 1379 1990 procederet
1413 1950 1474 1980 nisi

410 2007 519 2031 contra
543 1999 821 2039 concupiscentiae
845 1997 995 2027 morbum
1018 2001 1126 2036 posset
1149 1994 1281 2034 aliquod
1313 1994 1473 2025 efficacius
1487 2002 1513 2022 ιο

408 2044 586 2076 remedium
605 2043 756 2074 adhiberi.
781 2042 959 2072 Adhibetur
975 2046 1082 2070 autem
1105 2040 1208 2069 maius
1223 2038 1402 2069 remedium
1416 2048 1473 2078 per

409 2100 506 2130 opera
529 2088 702 2129 spiritualia
718 2092 749 2117 et
773 2086 874 2116 carnis
889 2084 1171 2115 mortificationem
1195 2084 1233 2113 ab
1250 2083 1310 2113 illis
1334 2083 1390 2123 qui
1405 2093 1473 2113 ma-

407 2134 559 2164 trimonio
583 2142 650 2163 non
673 2136 816 2162 utuntur.

463 2179 513 2208 Ar>
547 2186 695 2208 omarum
728 2184 888 2205 mensuum
912 2172 1002 2213 quod
1034 2178 1144 2203 contra
1177 2172 1473 2211 concupiscentiam

407 2228 513 2263 potest
535 2221 684 2262 praestari
700 2219 878 2250 remedium
901 2217 1078 2257 dupliciter.
1104 2217 1178 2247 Uno
1195 2215 1306 2252 modo,
1324 2225 1361 2246 ex
1385 2222 1473 2256 parte

408 2269 506 2308 ipsius
522 2265 810 2305 concupiscentiae,
827 2269 863 2293 ut
886 2262 1075 2302 reprimatur
1097 2261 1130 2291 in
1154 2270 1211 2290 sua
1233 2260 1347 2291 radice.
1372 2261 1413 2291 Et
1429 2261 1474 2291 sic

408 2311 586 2342 remedium
608 2314 743 2350 praestat
766 2307 1008 2338 matrimonium
1031 2315 1088 2346 per
1110 2306 1242 2345 gratiam
1266 2315 1349 2345 quae
1376 2305 1409 2335 in
1433 2314 1473 2336 eo

409 2356 508 2387 datur.

461 2401 535 2430 Alio
559 2398 670 2434 modo,
688 2407 726 2428 ex
742 2402 830 2436 parte
853 2401 941 2426 actus
958 2396 1036 2425 eius.
1061 2394 1101 2424 Et
1116 2394 1180 2424 hoc
1196 2393 1373 2434 dupliciter.
1398 2394 1473 2425 Uno

409 2445 520 2480 modo,
536 2450 571 2474 ut
594 2449 682 2473 actus
706 2441 745 2472 ad
769 2450 867 2480 quem
891 2439 1153 2480 concupiscentia
1176 2437 1306 2469 inclinat
1325 2439 1472 2474 exterius,

409 2488 606 2529 turpitudine
629 2492 741 2517 careat.
766 2486 807 2515 Et
829 2486 892 2515 hoc
915 2484 1030 2524 fit'per
1053 2484 1138 2514 bona
1160 2484 1366 2519 matrimonii,
1390 2493 1473 2523 quae

409 2535 579 2564 honestant
595 2531 752 2562 carnalem
769 2529 1073 2569 concupiscentiam.
1085 2547 1108 2550 —
1119 2528 1193 2558 Alio
1209 2527 1321 2564 modo,
1335 2534 1370 2558 ut
1385 2533 1474 2558 actus

410 2576 640 2618 turpitudinem
663 2575 782 2605 habens
806 2573 1006 2614 impediatur.
1030 2572 1130 2610 Quod
1153 2571 1188 2602 fit
1211 2582 1249 2603 ex
1272 2573 1340 2612 ipsa
1362 2578 1475 2603 natura

411 2628 518 2652 actus:
543 2622 628 2661 quia,
645 2619 723 2650 dum
739 2619 1019 2658 concupiscentiae
1036 2616 1144 2648 satisfit
1160 2618 1193 2647 in
1209 2622 1282 2647 actu
1301 2616 1473 2657 coniugali,

412 2666 451 2697 ad
474 2666 548 2696 alias
581 2664 775 2704 corruptelas
798 2673 866 2694 non
890 2664 931 2693 ita
964 2663 1082 2693 incitat.
1117 2662 1251 2702 Propter
1278 2661 1368 2702 quod
1399 2661 1475 2692 dicit

411 2710 586 2751 Apostolus
601 2710 634 2739 *t
659 2709 779 2738 Melius
802 2713 849 2738 est
865 2708 982 2738 nubere
1005 2716 1100 2747 quam
1126 2707 1188 2736 uri.
1213 2706 1368 2744 Quamvis
1388 2706 1475 2736 enim

412 2765 510 2796 opera
525 2753 804 2793 concupiscentiae
820 2762 961 2791 congrua
977 2751 1154 2782 secundum
1171 2760 1204 2781 se
1220 2757 1294 2781 nata
1312 2752 1374 2781 sint
1397 2760 1475 2781 con-

412 2799 640 2839 cupiscentiam
664 2807 789 2837 augere,
806 2802 913 2826 tamen
937 2795 1115 2826 secundum
1139 2795 1228 2836 quod
1244 2796 1367 2826 ratione
1391 2795 1476 2826 ordi-

411 2850 535 2879 nantur,
551 2844 654 2883 ipsam
669 2842 862 2882 reprimunt:
888 2842 963 2881 quia
979 2850 1020 2871 ex
1035 2840 1191 2871 similibus
1214 2840 1337 2870 actibus
1355 2840 1476 2871 similes

412 2889 639 2928 relinquuntur
661 2886 884 2926 dispositiones
908 2890 939 2916 et
959 2885 1085 2915 habitus
1100 2886 1126 2915 ἢ

575 2961 673 2991 ART.
691 2960 743 2991 IV.
768 2970 872 2990 ornum
897 2969 1045 2989 carmanis
1069 2969 1242 2989 COMMIXTIO
1266 2969 1311 2990 srr

699 3015 739 3035 DE
770 3014 975 3034 INTEGRITATE
1003 3013 1189 3034 MATRIMONH

544 3055 603 3077 Part.
619 3054 658 3081 111,
674 3061 712 3082 qu.
728 3061 791 3080 xxix,
807 3058 848 3076 art.
864 3060 887 3079 2:
904 3053 934 3074 lV
949 3053 1022 3079 Sem..
1034 3054 1085 3075 dist.
1102 3060 1156 3080 xxx,
1172 3059 1210 3082 qu.
1227 3059 1250 3079 ιι,
1266 3057 1306 3075 nrt.
1321 3059 1341 3075 2.

1531 712 1577 736 est
1601 706 1639 737 de
1662 707 1841 746 integritate
1864 706 2069 736 matrimonii.

1587 760 1615 781 2.
1641 751 1836 787 Prummu,
1860 755 2095 780 sacramentum
2119 759 2156 780 ex
2180 759 2239 780 suo
2262 750 2395 780 nomine
2423 748 2599 781 sanctifica—

1529 796 1653 825 tionem
1676 795 1837 835 importat.
1863 794 1926 825 Sed
1948 795 2016 824 sine
2033 794 2150 824 carnali
2173 794 2405 824 commixtione
2421 799 2468 824 est
2491 795 2599 825 matri-

1529 840 1679 870 monium
1695 840 1844 875 sanctius,
1861 845 1897 869 ut
1912 839 1946 869 in
1961 839 2064 869 littera
2075 839 2092 855 θ
2108 838 2232 869 dicitur.
2258 839 2343 878 Ergo
2360 838 2493 868 carnalis
2509 847 2599 869 com-

1491 893 1513 912 ις
1529 884 1642 914 mixtio
1666 894 1732 914 non
1758 889 1804 914 est
1827 883 1866 914 de
1890 883 2076 914 necessitate
2100 883 2298 913 sacramenti.

1585 928 1774 958 Rasponmzo
1799 938 1959 958 mmmmm
1983 927 2073 967 quod
2103 927 2221 967 duplex
2245 932 2292 957 est
2320 927 2501 967 integritas:
2534 937 2600 958 una

1530 982 1613 1012 quae
1629 972 1800 1002 attenditur
1816 972 1996 1003 secundum
2011 971 2244 1012 perfectionem
2260 972 2406 1011 primam,
2420 981 2504 1011 quae
2519 981 2599 1002 con-

1530 1016 1610 1046 sistit
1632 1017 1665 1046 in
1689 1017 1760 1057 ipso
1777 1026 1845 1047 esse
1868 1017 1933 1053 rei;
1958 1017 2018 1047 alia
2033 1025 2117 1056 quae
2140 1015 2312 1047 attenditur
2328 1015 2507 1046 secundum
2526 1025 2598 1056 per-

1531 1060 1705 1091 fectionem
1728 1060 1917 1096 secundam,
1942 1070 2025 1100 quae
2049 1061 2193 1091 consistit
2215 1061 2249 1090 in
2280 1061 2478 1100 operatione.
2513 1060 2599 1099 Quia

1490 1116 1516 1130 2⁰
1531 1114 1607 1144 ergo
1632 1105 1764 1135 carnalis
1793 1105 1980 1135 commixtio
2005 1110 2052 1135 est
2076 1103 2234 1144 quaedam
2258 1105 2402 1144 operatio
2432 1105 2498 1135 sive
2522 1115 2599 1136 usus

1529 1149 1735 1185 matrimonii,
1751 1158 1809 1189 per
1825 1148 1915 1188 quod
1938 1148 2070 1179 facultas
2086 1148 2126 1178 ad
2148 1149 2212 1178 hoc
2228 1148 2335 1184 datur;
2360 1148 2434 1179 ideo
2458 1149 2516 1180 erit
2532 1159 2598 1180 car-

1529 1193 1609 1223 nalis
1626 1193 1815 1223 commixtio
1835 1192 1875 1223 de
1891 1192 2031 1223 secunda
2047 1191 2244 1232 perfectione
2260 1193 2467 1229 matrimonii,
2484 1198 2516 1223 et
2530 1203 2598 1224 non

1530 1237 1569 1268 de
1593 1238 1705 1277 prima.

1585 1282 1636 1312 An
1666 1292 1784 1312 pamma
1811 1291 1895 1312 mmo
1919 1290 2079 1311 mmmmm
2102 1280 2192 1321 quod
2215 1280 2319 1311 Adam
2348 1281 2496 1321 exposuit
2518 1282 2599 1312 inte-

1490 1337 1513 1357 25
1529 1327 1676 1366 gritatem
1697 1322 1893 1356 matrimonii
1917 1331 2075 1366 quantum
2098 1324 2138 1355 ad
2160 1330 2330 1365 utramque
2348 1324 2597 1366 perfectionem:

1530 1371 1606 1411 quia
1628 1380 1678 1401 res
1701 1380 1739 1401 ex
1763 1380 1822 1401 suo
1847 1375 1920 1401 actu
1943 1370 2124 1400 innotescit.

1585 1416 1636 1446 An
1660 1425 1822 1446 sacunmm
1845 1424 2005 1445 meam-‚tm
2029 1413 2120 1454 quod
2142 1413 2331 1454 significatio
2355 1414 2401 1444 rei
2429 1419 2599 1446 contentae

1530 1465 1577 1490 est
1600 1459 1639 1490 de
1662 1460 1849 1490 necessitate
1873 1459 2070 1489 sacramenti.
2095 1458 2137 1488 Et
2160 1458 2200 1488 ad
2222 1458 2305 1489 hanc
2332 1457 2599 1498 significationem

1529 1514 1597 1535 non
1619 1505 1758 1544 pertinet
1780 1504 1913 1534 carnalis
1930 1503 2128 1539 commixtio,
2146 1501 2202 1533 sed
2226 1502 2266 1533 ad
2288 1513 2356 1534 rem
2379 1512 2448 1533 non
2464 1508 2600 1534 conten-

1490 1560 1515 1579 ιο
1529 1555 1611 1579 tam:
1635 1554 1672 1579 ut
1696 1558 1733 1579 ex
1757 1548 1848 1579 dictis
1864 1549 1880 1565 ⁴*
1903 1553 2000 1588 patet.

1582 1594 1634 1623 Ar>
1658 1603 1793 1623 ‘marum
1816 1602 1976 1623 DICENDUM
2000 1591 2090 1632 quod
2113 1602 2162 1622 res
2185 1601 2253 1622 non
2268 1592 2414 1632 pervenit
2436 1591 2476 1622 ad
2498 1590 2598 1623 finem

1529 1647 1624 1668 suum
1648 1638 1708 1667 nisi
1731 1647 1789 1678 per
1812 1642 1920 1667 actum
1943 1637 2121 1677 proprium.
2146 1635 2239 1667 Unde
2254 1645 2302 1672 ,ex
2324 1637 2389 1666 hoc
2412 1635 2502 1676 quod
2525 1635 2598 1667 finis

1528 1682 1723 1712 matrimonii
1747 1691 1815 1712 non
1838 1682 1972 1712 habetur
1995 1681 2062 1711 sine
2086 1680 2203 1711 carnali
2226 1681 2468 1716 commixtione,
2490 1686 2598 1711 osten-

1529 1726 1613 1756 ditur
1637 1726 1726 1766 quod
1749 1727 1789 1756 sit
1812 1725 1851 1756 de
1866 1726 2044 1766 integritate
2067 1724 2208 1755 secunda
2223 1726 2254 1761 *,
2280 1730 2311 1755 et
2329 1735 2398 1755 non
2422 1725 2461 1755 de
2484 1725 2596 1765 prima.
2624 1730 2636 1742 ·

1583 1771 1632 1801 Ar>
1658 1781 1807 1801 onan-ruri
1830 1780 1991 1800 Drcmmtm
2021 1769 2111 1810 quod
2134 1775 2206 1799 ante
2240 1770 2506 1800 commixtionem
2530 1779 2596 1800 car-

1528 1815 1634 1846 nalem
1658 1820 1706 1845 est
1727 1815 1971 1845 matrimonium
1993 1815 2027 1844 in
2050 1813 2229 1844 remedium
2253 1823 2290 1844 ex
2317 1814 2432 1854 gratia,
2457 1823 2540 1854 quae
2562 1814 2596 1844 in

1528 1869 1568 1890 eo
1593 1859 1694 1895 datur,
1711 1860 1857 1900 quamvis
1873 1869 1940 1889 non
1965 1868 2003 1889 ex
2018 1864 2101 1889 actu.
2126 1858 2227 1896 Quod
2249 1858 2386 1899 pertinet
2409 1857 2448 1888 ad
2467 1858 2597 1898 integri-

1527 1909 1625 1934 tatem
1648 1904 1823 1934 secundam
1839 1904 1866 1933 ἦ
1910 1927 1912 1929 .

1627 1991 1881 2035 QUAEsrro
1906 1989 2494 2034 QUADRAGESIMATERTIA

1885 2048 1933 2073 DE
1954 2047 2242 2072 SPONSALIBUS

1594 2135 1819 2156 ousnouaurna
1849 2122 2118 2154 considerandum
2142 2127 2189 2152 est
2212 2121 2252 2152 de
2274 2122 2481 2153 matrimonio
2505 2122 2598 2154 abso·

1594 2171 1660 2200 lute
1684 2168 1884 2200 considerato
1905 2169 1932 2198 *ἱ
1964 2167 2027 2199 Ubi
2050 2168 2155 2208 primo
2183 2166 2344 2207 agendum
2366 2172 2414 2197 est
2436 2166 2477 2198 de
2499 2176 2597 2208 spon-

1488 2224 1510 2243 45
1528 2214 1661 2251 salibus;
1686 2213 1840 2249 secundo,
1862 2212 1902 2243 de
1925 2211 2121 2243 matrimonii
2143 2211 2266 2242 ratione
2282 2212 2314 2248 *3
2337 2212 2442 2248 tertio,
2465 2210 2506 2242 de
2529 2212 2598 2243 eius

1529 2269 1624 2290 causa
1647 2258 1814 2292 efficiente.
1831 2257 1951 2288 scilicet
1967 2256 2006 2287 de
2023 2265 2183 2287 consensu
2199 2257 2232 2292 *;
2257 2261 2382 2296 quarto,
2399 2256 2439 2286 de
2455 2256 2524 2286 eius
2539 2256 2598 2287 bo—
2623 2262 2634 2274 ·

1527 2305 1577 2334 nis
1593 2305 1626 2340 ἢ
1652 2304 1777 2343 quinto,
1795 2302 1834 2333 de
1857 2301 2095 2342 impedimentis
2110 2300 2210 2341 ipsius
2226 2301 2277 2336 ’ἡ
2302 2306 2403 2337 sexto,
2420 2300 2460 2331 de
2483 2310 2597 2332 secun-

1529 2348 1576 2379 dis
1591 2348 1712 2388 nuptiis
1721 2349 1754 2384 *;
1771 2347 1921 2388 septimo,
1934 2346 1974 2376 de
1986 2344 2179 2386 quibusdam
2190 2345 2397 2376 matrimonio
2409 2345 2540 2376 annexis
2551 2345 2597 2376 ”.

1529 2393 1623 2424 Circa
1646 2393 1786 2433 primum
1810 2396 2007 2432 quaeruntur
2030 2390 2098 2420 tria.

1583 2437 1710 2467 Primo:
1736 2435 1815 2477 quid
1837 2436 1899 2466 sint
1922 2435 2092 2476 sponsalia.

1585 2481 1752 2512 Secundo:
1778 2481 1834 2521 qui
1857 2485 1994 2520 possunt
2017 2479 2204 2510 contrahere
2227 2478 2397 2519 sponsalia.

1583 2526 1713 2556 Tertio:
1739 2531 1847 2556 utrum
1870 2524 2030 2565 sponsalia
2054 2523 2159 2554 dirimi
2181 2524 2316 2564 possint.

1617 2592 1717 2622 ART.
1735 2591 1757 2622 Ῑ.
1781 2601 1887 2621 UTRUM
1910 2600 2076 2621 SPONSALIA
2093 2599 2330 2620 CONVRNIENTER
2353 2599 2510 2620 DICANTUR

1743 2649 1757 2663 ί
1780 2645 1967 2666 FUTURARUM
1990 2644 2167 2665 NUPTIARUM
2189 2643 2350 2664 Puomssro
2370 2647 2385 2661 »

1503 2668 1512 2688 ς

1531 2713 1614 2777 ΑΒ
1643 2712 1760 2733 prunum
1783 2712 1828 2732 sic
1851 2711 2056 2732 Pnocanrrtm.
2081 2699 2215 2731 Videtur
2236 2699 2326 2741 quod
2349 2699 2510 2740 sponsalia
2530 2709 2600 2730 non

1595 2747 1823 2778 convenienter
1853 2746 1999 2776 dicantur
2017 2746 2216 2787 suturarum
2249 2745 2436 2785 nuptiarum
2457 2744 2600 2785 promis-

1529 2792 1588 2827 sio,
1606 2798 1642 2822 ut
1657 2792 1792 2822 habetur
1807 2801 1845 2821 ex
1868 2791 1971 2821 verbis
1994 2790 2121 2821 Nicolai
2136 2790 2242 2830 Papae
2257 2790 2284 2820 ⁴.
2308 2789 2404 2827 Quia.
2420 2789 2503 2820 sicut
2523 2787 2601 2820 dicit

1530 2836 1669 2867 Isidorus
1685 2837 1711 2872 ⁸²,
1729 2841 1776 2866 est
1799 2835 1913 2875 aliquis
1928 2844 2074 2875 sponsus,
2095 2844 2160 2864 non
2177 2834 2253 2875 quia
2263 2834 2436 2874 promittit,
2451 2833 2508 2864 sed
2522 2833 2600 2874 quia

1489 2888 1517 2908 6ο
1530 2881 1665 2922 spondet
1687 2885 1718 2911 et
1731 2889 1904 2921 sponsores
1919 2880 1984 2910 dat.
2010 2878 2072 2910 Sed
2095 2888 2113 2909 a
2136 2878 2338 2919 sponsalibus
2354 2878 2469 2908 dicitur
2484 2877 2599 2918 aliquis

1531 2935 1678 2966 sponsus.
1703 2925 1789 2964 Ergo
1813 2923 1895 2955 male
1920 2923 2035 2955 dicitur
2051 2923 2239 2964 promissio.

1588 2980 1617 3000 2.
1642 2970 1838 3005 Prummu,
1856 2969 2055 3009 quicumque
2071 2967 2230 3008 promittit
2245 2965 2375 3007 aliquid,
2391 2965 2486 2997 debet
2509 2975 2600 2997 com-

1530 3014 1607 3055 pelli
1631 3014 1670 3045 ad
1692 3013 1894 3044 solvendum.
1920 3011 1983 3044 Sed
2010 3012 2055 3043 illi
2078 3012 2135 3052 qui
2164 3011 2324 3052 sponsalia
2356 3015 2598 3047 contraxerunt,

1531 3069 1599 3090 non
1623 3058 1862 3098 compelluntur
1884 3067 1941 3098 per
1956 3057 2134 3088 Ecclesiam
2149 3055 2190 3087 ad
2211 3055 2454 3086 matrimonium
2474 3060 2600 3085 contra—

418 3117 498 3178 ΑΒ
516 3116 663 3136 auxarum
685 3116 730 3136 s1c
753 3115 957 3135 moenum-ua.
978 3104 1111 3135 Videtur
1130 3104 1219 3144 quod
1235 3105 1367 3135 carnalis
1388 3114 1477 3135 com-
1491 3109 1515 3135 65
1531 3102 1675 3134 bendum
1690 3104 1717 3133 ὓ.
1742 3103 1827 3142 Ergo
1852 3101 2012 3142 sponsalia
2034 3110 2102 3132 non
2126 3105 2200 3131 sunt
2215 3099 2403 3141 promissio.

479 3151 590 3180 mixtio
614 3151 652 3180 sit
675 3149 714 3180 de
737 3150 913 3189 integritate
937 3149 1141 3179 matrimonii.
1171 3149 1206 3179 In
1229 3149 1297 3189 ipsa
1321 3149 1406 3180 enim
1429 3149 1477 3179 in-

415 3195 578 3225 stitutione
610 3195 805 3224 matrimonii
838 3193 958 3224 dictum
989 3199 1050 3223 est:
1086 3193 1195 3223 Erunt
1216 3193 1281 3224 duo
1313 3194 1345 3224 in
1379 3203 1478 3224 carne

417 3248 482 3268 una
498 3239 523 3268 *.
548 3238 611 3269 Sed
633 3239 696 3268 hoc
719 3248 786 3268 non
805 3237 841 3268 fit
863 3238 923 3267 nisi
947 3248 1003 3278 per
1019 3238 1177 3268 carnalem
1202 3238 1476 3268 commixtionem.

418 3282 501 3322 Ergo
526 3288 571 3312 est
595 3283 633 3312 de
656 3283 832 3322 integritate
855 3282 1059 3312 matrimonii.

474 3336 503 3356 2.
527 3327 727 3361 Primii-emm,
751 3326 829 3356 illud
846 3326 934 3365 quod
958 3327 1094 3366 pertinet
1117 3326 1156 3356 ad
1172 3327 1359 3357 sacramenti
1383 3326 1477 3366 signi·
1492 3335 1519 3356 70

418 3369 610 3406 ficationem,
628 3375 674 3400 est
701 3369 741 3400 de
771 3371 956 3400 necessitate
987 3371 1190 3403 sacramenti.
1217 3376 1252 3400 ut
1280 3370 1478 3410 praedictum

421 3419 467 3444 est
481 3415 507 3443 ἢ
540 3413 602 3444 Sed
625 3413 756 3444 carnalis
781 3414 967 3444 commixtio
991 3415 1127 3453 pertinet
1150 3414 1190 3444 ad
1213 3414 1478 3455 significationem

420 3458 616 3493 sacramenti,
633 3463 668 3487 ut
690 3458 723 3487 in
747 3457 847 3487 littera
863 3458 878 3473 '⁶
903 3457 1026 3488 dicitur.
1057 3458 1141 3498 Ergo
1167 3464 1212 3488 est
1235 3459 1274 3489 de
1301 3459 1478 3499 integritate

421 3501 616 3531 sacramenti.

1589 3148 1619 3178 3.
1643 3148 1840 3183 Prummu,
1864 3147 1898 3176 in
1921 3145 2122 3186 sponsalibus
2148 3154 2216 3175 non
2240 3149 2286 3175 est
2310 3143 2508 3184 quandoque
2531 3143 2600 3174 sola

1532 3192 1721 3233 promissio,
1746 3191 1802 3222 sed
1831 3190 1976 3222 adiicitur
2007 3190 2240 3224 iuramentum,
2265 3193 2296 3219 et
2324 3188 2450 3228 aliquae
2479 3188 2598 3219 arrhae.

1532 3237 1618 3276 Ergo
1635 3235 1759 3266 videtur
1775 3234 1865 3275 quod
1880 3244 1948 3265 non
1965 3233 2132 3264 debuerint
2154 3233 2261 3264 solum
2278 3242 2336 3273 per
2350 3233 2599 3273 promissionem

1533 3280 1667 3312 definiri.

1588 3334 1620 3364 4.
1644 3325 1841 3360 Pituntium,
1857 3322 2060 3354 matrimonia
2076 3321 2194 3352 debent
2210 3330 2278 3352 esse
2298 3321 2396 3351 libera
2411 3322 2428 3338 ³
2451 3326 2484 3351 et
2506 3321 2599 3351 abso-

1532 3370 1609 3400 luta.
1634 3369 1696 3400 Sed
1716 3368 1876 3408 sponsalia
1891 3365 2087 3407 quandoque
2107 3365 2190 3396 fiunt
2205 3365 2264 3396 sub
2280 3365 2386 3405 aliqua
2402 3364 2598 3401 conditione,

1533 3415 1629 3444 etiam
1645 3411 1847 3453 accipiendae
1863 3412 2029 3452 pecuniae.
2051 3410 2137 3451 Ergo
2157 3420 2226 3440 non
2241 3410 2471 3441 convenienter
2487 3409 2600 3440 dicun-

1533 3464 1583 3488 tur
1606 3458 1776 3498 promissio
1801 3456 1997 3496 nuptiarum.

1590 3503 1619 3533 5.
1643 3502 1839 3536 Pau-rmum,
1856 3500 2037 3540 promissio,
2056 3508 2139 3539 quae
2163 3504 2210 3529 est
2233 3498 2272 3529 de
2294 3499 2390 3529 rebus
2412 3495 2538 3534 fumi-is,
2553 3497 2600 3528 vi-

2627 496 2637 507 ‘
2651 495 2719 517 vm.
2735 501 2756 523 9.

2662 624 2719 646 Gen.
2742 631 2793 652 cap.
2816 631 2841 649 ιι.

2627 657 2686 673 vers.
2715 657 2741 673 π
2769 657 2836 680 sqq:

2626 683 2678 705 cap.
2693 683 2726 704 in,
2741 684 2800 700 vers.
2816 678 2839 702 8.

2626 703 2770 753 finirem.
2788 736 2839 758 a..

2627 763 2659 783 iv,
2674 762 2733 779 ven.
2749 763 2769 780 ι.

2625 848 2636 858 ·
2646 846 2704 867 Diu.
2716 852 2777 873 xxvi,
2788 852 2839 874 etp.

2625 872 2683 894 Inde
2695 875 2739 894 εει.

2625 1550 2636 1561 ·
2645 1549 2763 1578 Αῐι.ι,ιά
2775 1556 2801 1577 4,
2813 1556 2835 1578 5.

2624 1906 2679 1929 'OE
2695 1912 2758 1935 rap.
2770 1906 2800 1929 nd
2815 1912 2836 1935 3.

2626 2795 2637 2806 ‘
2645 2794 2736 2816 Prima
2745 2793 2784 2816 Aa
2789 2799 2841 2816 con-

2626 2820 2688 2843 :ulra
2762 2826 2839 2847 uror„

2626 2853 2766 2901 itamar·
2775 2853 2838 2896 0222:

2715 2906 2839 2954 aasz..

2626 2959 2677 2982 etp.
2691 2959 2731 2975 vii.

478 3545 507 3575 3.
523 3545 718 3580 Pium-enm,
730 3544 915 3574 huiusmodi
931 3551 1162 3576 sacramentum
1175 3546 1337 3576 ordinatur
1349 3546 1388 3576 ad
1400 3556 1478 3577 con·
1491 3555 1517 3577 75
1533 3552 1696 3586 tuperatur
1711 3546 1771 3576 lac.
1788 3555 1819 3575 ιν
1834 3546 1860 3575 *.
1886 3544 1949 3576 Sed
1964 3545 2047 3575 circa
2069 3549 2264 3574 sacramenta
2278 3552 2347 3574 non
2363 3542 2458 3573 debet
2479 3541 2600 3582 aliquid
2627 3543 2636 3553 ·
2651 3541 2718 3564 ven.
2735 3547 2759 3570 ¹3
2773 3547 2826 3570 ¹4⁴1-
