2878 4088
0 1710 11 1857 ,w1-227-zq<
0 1681 2 1699 ψ’

0 1876 13 1940 :w.:

0 2071 13 2087 -j
0 2051 10 2064 tv
0 1954 15 2047 nai-„W
0 1941 15 1951 ς

328 242 386 266 lum
411 239 527 265 laborem
552 239 712 264 materialem
737 239 884 272 scriptoris,
903 240 949 264 sed
973 239 1050 264 etiam
1074 239 1194 264 nobiliori
1215 246 1296 264 sensu
1318 236 1397 262 fidem

327 281 412 302 textus
434 282 464 300 ex
483 282 514 299 ea
532 274 654 308 descripti
671 275 713 300 vel
732 282 791 299 cum
811 283 842 300 ea
860 275 946 300 collati
964 275 1137 300 mensurabat.

383 320 398 335 ‹
414 310 452 335 De
466 310 591 335 Petiariis.
605 310 718 335 Rubrica
732 317 764 344 19
778 309 850 344 (279,
864 308 918 344 13).
933 310 1074 335 statuimus
1091 311 1162 343 quod
1175 309 1291 342 quolibet
1304 315 1397 347 annm...

327 353 375 379 per
393 350 507 371 rectores
526 350 551 370 et
570 346 729 371 conciliarios
749 346 877 379 eligantur
895 353 939 370 sex
961 346 1022 370 boni
1039 346 1086 370 viri
1106 346 1138 370 de
1155 344 1255 378 gremio
1273 344 1396 383 universi:

328 382 398 411 tatis,
416 381 518 414 providi
537 386 562 406 et
580 381 691 412 discreti,
708 382 753 413 qui
771 381 823 406 sint
842 381 951 406 clericali
969 381 1059 405 ordine
1077 380 1217 412 insigniti...
1237 379 1280 412 qui
1299 378 1397 412 petiam

329 424 441 442 numero
461 417 571 442 debeant
588 424 647 442 esse
666 424 739 441 sex...
756 417 790 441 Et
807 418 879 448 mino,
895 418 969 447 tres,]
987 421 1098 448 quatuor
1110 417 1153 440 vel
1171 416 1287 448 quinque
1305 421 1396 439 eorum

329 453 408 478 simul
422 451 504 477 eciam
522 453 624 485 possint
636 459 802 485 cognoscere.
823 452 873 482 Qui
887 452 960 477 electi
974 459 1052 485 super
1066 451 1133 476 facto
1147 451 1274 484 petiarum
1287 449 1398 475 habeant

328 489 435 521 plenum
456 493 482 513 et
494 488 606 513 liberum
619 488 752 513 arbitrium
772 493 797 513 et
809 487 1010 513 iurisdictionem
1023 486 1194 519 cognoscendi
1210 484 1397 519 pronunciandi

329 529 355 548 et
369 524 512 556 exequendi
526 524 552 548 in
565 524 649 548 causis
662 523 790 556 petias-um
803 528 829 548 et
841 523 967 548 librorum
981 528 1170 554 corruptorum.
1190 521 1303 546 Racione
1318 520 1397 545 deffe-

329 564 386 584 ctus
409 560 577 592 [p1et[iarum]
601 567 616 584 a
634 559 834 592 quibuscunque
851 558 1019 592 scriptoribus
1038 562 1064 582 et
1081 557 1271 590 correptoribus
1296 556 1396 589 possint

330 600 356 619 et
374 595 484 620 debeant
501 596 603 628 exigere
620 594 793 619 iuramentum
816 595 888 627 quod
907 594 988 627 petias
1013 599 1078 625 quas
1103 598 1236 625 corruptas
1254 592 1397 616 invenerint

328 630 486 655 nunciabunt
509 630 654 664 (petiariis).
678 630 808 655 Volumus
832 630 904 662 quod
923 629 1091 654 stacionarius
1116 636 1164 661 pro
1188 627 1304 660 qualibet
1327 627 1397 659 petia

328 671 448 698 corrupta
467 674 546 699 quam
565 666 648 695 tradit,
661 670 687 690 et
700 673 747 698 pro
766 665 881 698 qualibet
898 665 963 694 vice,
981 671 1075 696 penam
1095 664 1185 689 decem
1204 662 1278 687 solid.
1294 661 1395 688 Bonon.

328 702 449 732 incurrat,
465 706 491 726 et
509 701 601 727 scolari
615 701 647 726 ad
665 701 775 733 duplum
788 701 914 725 interesse
933 699 1113 724 nichilominus
1127 703 1252 724 teneatur.
1271 697 1394 722 Medietas

327 745 392 762 vero
411 744 536 770 penarum
555 737 588 762 sit
599 736 782 765 universitatis,
801 735 900 767 relique
919 735 1023 759 dimidie
1042 734 1172 760 dimidiam
1186 733 1298 759 habeant
1315 733 1396 766 petia-

328 773 367 803 rii,
385 773 514 805 reliquam
525 780 589 797 vero
607 772 764 797 denuncians
778 769 939 803 (Secundum
951 771 1052 795 Statuta
1070 770 1130 795 anni
1150 770 1227 801 143²·
1242 769 1395 794 denuntians

330 817 345 832 c
357 808 524 834 nihilominus
537 816 584 840 pro
597 807 712 840 qualibet
724 807 793 840 petia
806 814 885 838 quam
900 806 992 839 corrigi
1006 806 1112 831 fecerint
1130 805 1228 839 petiarii
1242 812 1289 837 pro
1303 805 1396 829 merito

329 843 452 870 laboris...
471 844 503 869 de
521 844 634 876 pecunia
651 843 731 875 ipsius
749 841 922 867 universitatis
940 841 1034 867 habeat
1061 842 1127 866 duos
1146 841 1253 866 solidos.
1282 840 1321 865 De
1339 841 1395 865 aliis

329 883 416 903 autem
434 886 500 912 quas
514 883 641 904 correctas
654 877 798 903 invenerint
809 877 903 902 habeat
921 884 969 909 pro
988 876 1081 902 merito
1095 877 1192 901 laboris
1210 875 1315 901 arbitrio
1333 876 1397 900 boni

327 914 374 938 viri
389 922 431 938 ι..
450 915 569 939 Sanam
581 913 642 938 ibid.
656 913 716 938 Vol.
729 912 768 937 111.
781 919 816 937 vr.
829 911 881 946 A.).
900 912 951 944 Ipsi
965 917 1053 937 autem
1067 912 1166 945 petiarii
1179 913 1205 936 in
1218 911 1316 936 festivis
1328 916 1395 936 tem-

328 949 436 982 poribus
454 949 571 983 (inferius
589 949 615 973 in
633 949 724 974 eadem
751 948 861 973 Rubrica
888 947 947 972 281.
969 954 1015 973 11:
1041 956 1056 971 ι
1070 948 1220 973 Teneantur
1244 948 1326 972 eciam
1347 947 1396 979 ipsi

329 985 428 1017 petiarii
446 984 584 1010 convenire
602 985 694 1009 saltem
713 985 795 1008 semel
814 984 840 1009 in
859 984 1029 1009 ebdomada...
1047 988 1073 1008 et
1091 984 1122 1009 ad
1144 984 1195 1008 hoc
1213 991 1259 1008 eos
1282 988 1395 1008 rectores

328 1020 486 1053 compellant
504 1021 530 1045 in
548 1020 642 1044 virtute
660 1020 774 1052 praestiti
787 1020 922 1044 iuramenti
940 1019 966 1053 ›)
985 1020 1088 1045 videant
1106 1025 1132 1044 et
1149 1019 1295 1045 examinent
1313 1019 1337 1043 in
1351 1019 1396 1044 ali-

329 1062 382 1088 quo
401 1056 459 1081 loco
478 1056 509 1080 ab
528 1055 565 1080 eis
585 1056 707 1088 deputato
725 1063 817 1080 omnes
836 1056 916 1088 petias
936 1061 961 1080 et
979 1060 1119 1088 quaternos
1136 1056 1254 1080 omnium
1273 1054 1397 1079 stationa-

327 1092 434 1122 riorum,
453 1092 488 1116 ita
506 1091 576 1124 quod
591 1091 692 1123 exigant
710 1098 725 1115 a
743 1091 891 1116 stationario
906 1091 1024 1123 quolibet
1039 1097 1098 1116 ante
1116 1091 1203 1116 omnia
1220 1090 1395 1115 iuramentum

329 1127 401 1159 quod
418 1127 506 1152 omnia
523 1127 678 1159 exemplaria
689 1126 816 1159 petiamm
833 1128 874 1152 vel
893 1132 1079 1159 quaternorum
1093 1128 1135 1151 vel
1154 1127 1203 1152 alia
1221 1134 1289 1160 quae
1307 1133 1395 1151 como-

329 1162 398 1193 dant,
416 1163 557 1196 portabunt
574 1163 606 1188 ad
625 1164 710 1188 locum
729 1163 761 1188 ab
780 1162 817 1187 eis
837 1163 973 1198 (petiariis)
992 1164 1158 1195 deputatum,
1177 1168 1203 1187 et
1220 1163 1292 1188 nulla
1309 1163 1396 1187 occul-

329 1198 429 1223 tabunt.
457 1199 498 1224 Ad
522 1198 609 1231 ipsum
628 1199 715 1223 locum
740 1205 832 1223 omnes
858 1199 1003 1224 stacionarii
1027 1199 1098 1224 omni
1118 1199 1179 1223 dolo
1204 1203 1229 1223 et
1247 1198 1337 1223 fraude
1356 1205 1395 1222 re-

329 1237 401 1258 mota
419 1233 574 1267 exemplaria
592 1241 658 1266 quae
683 1233 819 1258 habuerint
836 1240 938 1267 portare
961 1240 1106 1259 teneantur.
1134 1234 1167 1258 Et
1189 1234 1211 1258 si
1235 1234 1317 1258 maior
1335 1241 1395 1266 pars

330 1269 364 1293 de
381 1269 454 1294 dictis
473 1277 518 1294 sex
536 1269 622 1294 minus
640 1269 707 1294 bene
726 1275 843 1302 correpta
860 1270 1036 1302 iudicaverint,
1058 1271 1093 1295 illi
1112 1269 1204 1301 corrigi
1223 1267 1255 1302 (‹
1269 1269 1363 1302 porrigi
1381 1279 1393 1291 s

330 1304 430 1330 Stantta
446 1305 593 1331 Florentiae
616 1305 676 1330 anni
696 1305 773 1330 1388.
791 1311 817 1330 et
834 1304 935 1331 Perusii
954 1306 1013 1331 anni
1034 1305 1128 1340 1457·)
1148 1305 1241 1330 faciant
1263 1310 1289 1330 et
1306 1305 1396 1334 videri,

330 1341 617 1373 apensiwstacionarii
636 1341 710 1365 cuius
727 1346 812 1370 erunt,
829 1342 905 1366 certis
924 1342 1114 1373 correptoribus
1139 1349 1186 1374 per
1197 1342 1269 1374 ipsos
1287 1347 1332 1365 sex
1351 1341 1395 1365 de-

329 1376 434 1409 putatis,
447 1377 565 1410 expensis
583 1376 732 1401 stacionarii‘
745 1377 818 1402 cuius
836 1377 930 1402 fuerint
948 1378 1023 1410 petie.
1042 1378 1083 1403 Ad
1108 1384 1221 1410 quorum
1241 1381 1352 1409 quatuor
1370 1381 1396 1400 et

329 1417 459 1437 rectorum
477 1413 631 1446 peticionem
649 1412 757 1444 quilibet
781 1413 870 1438 doctor
887 1414 929 1438 vel
955 1413 1061 1438 scolaris
1080 1412 1174 1438 librum
1200 1413 1334 1445 proprium
1346 1430 1352 1442 ,
1373 1412 1394 1436 si

330 1446 502 1473 sufficientem
520 1447 645 1477 habuerit,
665 1448 697 1472 ad
720 1447 769 1473 hoc
793 1449 960 1473 commodare
981 1454 1099 1474 teneatur
1123 1447 1275 1482 (correptori
1299 1447 1396 1479 petiam

330 1488 480 1516 suspectam
499 1484 525 1508 in
543 1484 614 1508 libris
633 1483 693 1507 boni
712 1488 795 1508 textus
814 1484 966 1517 collaturo);
985 1489 1011 1509 et
1028 1485 1050 1508 si
1071 1485 1162 1509 doctor
1178 1484 1221 1508 vel
1241 1483 1348 1508 scolaris
1366 1482 1397 1506 li-

329 1518 415 1550 brum,
429 1524 569 1553 postquam
587 1518 664 1544 fuerit
677 1518 764 1544 visum
782 1518 809 1553 (ι
823 1521 896 1544 visus
907 1519 985 1545 fuerit
1000 1529 1014 1543 »
1034 1520 1131 1544 Statuta
1146 1520 1205 1544 anni
1219 1517 1309 1552 1432.)
1323 1517 1395 1542 suffi-

329 1554 410 1587 ciens,
422 1555 578 1580 recusaverit
591 1555 757 1580 commodare
769 1555 863 1580 saltem
881 1556 948 1580 intra
959 1556 1067 1580 domum
1085 1563 1160 1580 suam
1175 1555 1316 1587 propriam,
1330 1561 1397 1586 pena

329 1591 444 1624 quinque
466 1591 589 1616 librarum
608 1590 708 1615 Bonon.
727 1595 816 1615 nostre
834 1590 990 1615 universitati
1010 1591 1142 1623 aplicanda
1159 1590 1266 1615 omnino
1284 1589 1397 1614 feriatur.

328 1625 362 1650 Et
378 1626 400 1651 si
419 1634 472 1660 qua
489 1625 655 1662 (exemplaria
673 1625 798 1658 petiarum
819 1630 845 1650 et
862 1631 1048 1659 quaternorum
1068 1632 1094 1651 et
1108 1627 1157 1652 alia
1175 1633 1242 1659 quae
1257 1624 1398 1650 stationarii

328 1660 486 1695 comedant)
504 1666 601 1686 tassata
618 1668 670 1692 non
688 1661 783 1686 fuerint
800 1660 856 1692 ipsa
879 1667 976 1687 tassare
999 1666 1135 1686 teneantur
1153 1661 1284 1695 (petiarii.
1303 1662 1397 1686 consti-

326 1697 424 1722 tuendo
447 1704 543 1730 nempe
567 1697 678 1729 pretium
698 1697 768 1728 quod
793 1697 933 1722 stationarii
951 1704 998 1729 pro
1016 1698 1091 1730 petiis
1110 1703 1136 1722 et
1154 1697 1248 1722 ceteris
1267 1704 1335 1730 quae
1353 1705 1397 1722 co-

328 1733 469 1758 nodabant
486 1733 588 1766 exigere
606 1735 728 1765 possent;
747 1737 850 1764 praeter
867 1732 918 1757 hoc
936 1737 1062 1758 statutum
1085 1733 1198 1758 Rubrica
1221 1733 1260 1757 De
1283 1732 1397 1758 Petiariis

327 1767 390 1793 nihil
402 1768 516 1794 continet
529 1767 601 1800 quod
615 1765 875 1800 petiam-mensuram
889 1767 1035 1802 spectaret).
1051 1769 1083 1792 Et
1096 1767 1118 1792 si
1132 1768 1176 1800 qui
1186 1769 1333 1794 stacionarii
1348 1769 1398 1795 hoc

326 1801 411 1829 facere
433 1803 644 1836 contempserint,
661 1809 709 1834 pro
728 1802 843 1835 qualibet
867 1804 1027 1828 contumacia
1046 1803 1137 1828 cadant
1154 1803 1180 1828 in
1207 1811 1300 1836 penam
1321 1806 1398 1838 quin-

327 1847 380 1873 que
398 1838 522 1864 librarum
544 1839 642 1864 Bonon.
658 1838 858 1863 convertendam
877 1838 904 1863 in
922 1838 1058 1863 utilitatem
1076 1839 1258 1871 universitatis,
1268 1845 1294 1864 et
1309 1841 1397 1866 nullus

326 1875 434 1901 scolaris
453 1874 511 1908 (qui
528 1881 626 1899 novum
646 1874 762 1898 codicem
778 1881 828 1906 per
846 1874 999 1906 scriptorem
1015 1882 1094 1901 suum
1112 1875 1160 1900 sibi
1177 1873 1233 1899 fieri
1250 1876 1293 1900 vel
1311 1876 1397 1902 locum

328 1912 444 1944 aliquem
463 1909 522 1934 libri
541 1917 621 1943 quem
639 1909 717 1935 habet
734 1909 863 1942 corrigere
881 1909 948 1944 vuit)
967 1910 1060 1935 deinde
1072 1910 1103 1934 ab
1123 1918 1156 1935 eo
1173 1910 1256 1943 petias
1274 1911 1316 1936 vel
1335 1920 1398 1945 qua-

329 1953 418 1973 ternos
436 1946 468 1970 ad
487 1945 654 1971 scribendum
666 1946 707 1969 vel
726 1946 907 1978 corrigendum
920 1946 1036 1979 recipere
1053 1945 1144 1971 debeat
1159 1946 1207 1971 sub
1221 1954 1288 1979 pena
1307 1947 1397 1972 decem

328 1981 472 2009 solidorum
490 1981 591 2006 Bonon.
609 1985 636 2006 et
658 1985 783 2013 perpetue
805 1980 981 2013 privationis..
1000 1980 1073 2016 (282.
1094 1982 1149 2016 ¹4)·
1173 1982 1206 2007 Et
1228 1988 1256 2007 ut
1274 1983 1397 2016 praedicti

328 2025 374 2044 sex
391 2016 527 2051 premissis
552 2017 703 2049 diligencius
727 2016 860 2041 intendere
877 2018 987 2048 valeant,
1011 2017 1148 2042 statuimus
1176 2018 1248 2050 quod
1272 2019 1321 2051 ipsi
1345 2027 1398 2043 non

327 2059 464 2080 taieantur
481 2053 527 2078 illo
540 2059 608 2077 anno
625 2053 714 2076 venire
732 2053 764 2077 ad
783 2053 982 2077 convocationes
995 2054 1129 2085 generales
1146 2061 1193 2078 nec
1211 2054 1244 2078 ad
1255 2054 1397 2086 obsequias

328 2095 494 2116 mortuorum
512 2095 560 2112 nec
578 2088 611 2112 ad
629 2088 735 2120 aliquod
753 2088 823 2112 aliud
837 2087 951 2113 officium
970 2089 1142 2114 universitatis
1156 2089 1202 2114 illo
1218 2097 1286 2122 anno
1305 2098 1397 2123 cogan-

328 2131 371 2151 tur
389 2124 416 2160 (ι
432 2129 554 2157 rogantur
568 2133 582 2146 »
602 2128 697 2148 statuta
722 2123 781 2148 anni
806 2122 888 2155 1432;
907 2124 941 2148 ibi
959 2124 1074 2150 additur:
1095 2134 1108 2148 ε
1123 2124 1272 2150 Teneantur
1289 2126 1398 2159 insuper

330 2161 455 2186 Rectores
468 2160 554 2184 saltim
567 2159 650 2183 semel
665 2158 690 2182 in
704 2165 796 2183 mense
815 2159 896 2183 dictos
910 2159 1032 2193 petiarios
1051 2161 1083 2185 ad
1101 2159 1212 2185 officium
1227 2155 1315 2186 eor-sim
1331 2162 1397 2186 exci-

329 2202 392 2226 tare,
405 2201 432 2221 et
448 2195 537 2219 videre
556 2195 578 2219 si
596 2194 736 2227 prudenter
754 2199 781 2219 et
797 2194 905 2219 viriliter
926 2194 1039 2220 officium
1059 2203 1150 2220 eorum
1169 2202 1300 2227 exercent;
1324 2198 1396 2230 quod

329 2233 352 2258 si
370 2239 424 2257 non
441 2230 557 2260 fecerint,
575 2237 683 2254 omnino
705 2236 752 2261 per
775 2230 847 2262 ipsos
873 2236 1023 2263 cogantur...
1043 2232 1171 2256 Volumus
1196 2232 1302 2264 insuper
1326 2234 1397 2266 quod

329 2273 391 2302 post
408 2267 558 2299 diligentem
571 2264 785 2290 examinationem
799 2265 831 2290 de
847 2266 922 2296 petiis
940 2266 1034 2291 saetam
1052 2267 1112 2292 dicti
1126 2267 1225 2300 petiarii
1243 2268 1300 2293 illas
1313 2269 1396 2301 petias

329 2303 422 2329 faciant
439 2309 487 2335 per
505 2302 590 2326 scolas
604 2309 651 2334 per
663 2301 788 2326 bidellum
802 2302 950 2332 generalem
969 2302 1071 2335 publice
1085 2303 1209 2336 publicari
1229 2311 1295 2336 quae
1307 2305 1397 2330 viden-

329 2342 373 2364 tur
390 2339 458 2363 bene
475 2342 545 2362 stare
563 2343 611 2370 pro
629 2336 705 2360 bonis
723 2341 750 2360 et
766 2335 882 2361 utilibus.
900 2337 973 2362 Aliae
995 2345 1058 2362 vero
1077 2346 1144 2371 quae
1162 2346 1193 2363 ex
1215 2339 1333 2372 ipsorum
1352 2348 1397 2373 pe-

329 2374 464 2399 tiariorum
476 2373 598 2398 mandato
609 2379 661 2396 non
679 2371 773 2396 fuerint
785 2371 929 2403 publicatae
946 2380 995 2405 pro
1008 2373 1081 2398 falsis
1097 2379 1122 2399 et
1134 2374 1266 2399 inutilibus
1284 2375 1396 2401 habean-

329 2415 372 2435 tur
390 2414 416 2434 et
433 2408 628 2442 per-neminem
646 2407 727 2440 recipi
744 2406 865 2440 possint).
881 2417 894 2430 ι

384 2445 432 2470 His
453 2445 553 2469 clarum
579 2449 620 2468 est
645 2443 672 2468 ni
695 2442 771 2467 fallor
793 2443 920 2475 pet-iarum
941 2442 1129 2469 examinatores
1150 2445 1233 2478 magis
1257 2446 1289 2471 de
1311 2452 1396 2472 textus

329 2480 521 2513 incorruptione
538 2487 618 2512 quam
637 2479 669 2504 de
686 2479 753 2503 iusta
772 2477 940 2511 amplitudine
959 2478 1085 2503 sollicitos
1103 2479 1194 2506 fuisse.

384 2525 398 2540 «
413 2516 588 2541 iuramentum
615 2519 641 2539 et
665 2514 801 2538 satisdacio
828 2513 1041 2539 stacionariorum
1059 2515 1195 2547 petiarum.
1223 2516 1335 2542 Rubrica
1363 2518 1394 2543 33

329 2549 444 2586 (296,3).
464 2551 550 2575 Iurent
567 2549 711 2574 stacionarii
732 2550 859 2582 penarum
878 2550 987 2582 siugulis
1006 2550 1106 2576 annis...
1127 2552 1199 2583 quod
1220 2559 1297 2584 prece
1310 2554 1397 2585 precio

330 2588 372 2613 vel
390 2587 496 2612 alicuius
515 2585 737 2617 contemplacione
754 2593 808 2610 non
829 2586 1019 2618 suppriment...
1037 2587 1133 2619 scripta
1150 2594 1263 2619 quorum
1285 2587 1397 2614 habeant

331 2622 494 2656 exemplaria.
505 2622 553 2646 sed
570 2621 717 2653 petentibus
735 2621 779 2645 illa
797 2621 905 2646 tradant.
924 2621 988 2647 Item
1007 2622 1080 2653 quod
1097 2626 1185 2647 vetera
1203 2624 1358 2656 exemplaria
1370 2626 1395 2649 in

330 2659 445 2684 minores
468 2658 550 2691 petias
569 2664 622 2682 non
639 2656 764 2681 reducent
781 2661 808 2681 et
827 2664 895 2680 nova
918 2656 986 2682 iuxta
1004 2657 1173 2690 quantitatem
1197 2660 1395 2692 columpnarum

328 2689 456 2719 linearum
473 2695 501 2718 'et
518 2693 650 2718 literarum
669 2691 780 2724 antiquis
799 2692 988 2724 exemplaribus
1005 2692 1218 2726 aequiparabunt.
1241 2694 1304 2720 Item
1324 2697 1395 2728 quod

329 2737 423 2754 omnes
442 2736 502 2753 suas
520 2728 602 2762 petias
624 2725 734 2752 fideliter
752 2726 888 2752 exhibeant
906 2735 964 2752 cum
984 2728 1078 2752 fuerint
1095 2729 1212 2761 requisiti
1230 2730 1352 2763 legitime.
1371 2737 1396 2756 et

329 2765 410 2799 petias
420 2767 571 2796 con-ruptas,
585 2763 734 2788 maculatas
746 2767 772 2787 et
781 2763 948 2796 deformatas
961 2766 1086 2795 reaptent
1097 2764 1163 2789 infra
1175 2770 1276 2790 certum
1289 2771 1395 2799 tempus

329 2801 380 2827 sub
403 2807 471 2833 pena
495 2804 522 2824 et
543 2798 696 2823 amissionis
718 2798 808 2822 talium
832 2798 960 2831 petiarum
981 2804 1007 2824 et
1027 2800 1127 2825 valoris
1145 2800 1235 2825 talium
1255 2809 1393 2828 novarum.

329 2835 444 2871 (Petiam
454 2834 536 2860 nostri
546 2833 642 2859 codicis
655 2834 792 2863 maculari,
807 2833 963 2867 deformari,
974 2835 1104 2867 reaptari,
1117 2839 1222 2868 turpem
1235 2837 1334 2867 amitti,
1349 2845 1395 2862 no-

329 2879 391 2898 vam
410 2870 492 2896 inseri
510 2870 573 2903 quid
591 2873 631 2894 est
638 2867 658 2902 ?)
678 2869 741 2893 ltem
761 2869 824 2893 nulli
842 2869 959 2901 scriptori
979 2870 1019 2894 vel
1037 2870 1078 2894 alii
1097 2877 1112 2894 a
1130 2875 1218 2896 nostra
1231 2872 1395 2897 universitate

329 2907 429 2940 privato
438 2907 500 2931 dent
503 2906 616 2938 petiam,
628 2905 790 2930 consilium...
800 2904 864 2929 Item
873 2909 991 2929 teneatur
998 2905 1113 2930 notarius
1123 2906 1160 2930 eis
1173 2906 1339 2940 (stationariis
1349 2916 1394 2941 pe-

328 2942 434 2974 tiamm)
445 2943 506 2967 dare
513 2940 601 2966 omnia
611 2940 715 2964 nomina
730 2939 885 2972 scriptorum
894 2940 936 2964 vel
948 2940 1113 2966 miniatorum
1123 2941 1169 2974 qui
1181 2942 1276 2967 fuerint
1284 2943 1376 2975 privati
1385 2952 1392 2974 ;

330 2979 424 3011 etipse
433 2976 601 3003 stacionarius
607 2975 746 3008 periurum
759 2975 786 2999 in
798 2976 917 3001 stacione
929 2977 1065 3008 appendat,
1078 2977 1222 3002 secundum
1234 2978 1344 3003 formam
1364 2979 1396 3004 de

329 3013 447 3039 nacione
459 3013 588 3038 librorum
607 3012 738 3044 (Quanam
757 3011 856 3036 ratione
874 3012 997 3036 stationes
1016 3012 1141 3036 librorum
1159 3018 1185 3037 et
1203 3014 1330 3046 petiarum
1349 3013 1395 3038 dif-

330 3047 430 3074 ferunt?
448 3048 626 3073 Dicendumne
644 3052 683 3072 est
698 3054 712 3071 e
730 3047 798 3071 libro
817 3047 904 3079 aliquo
912 3047 1002 3079 petias
1015 3046 1069 3072 fieri
1087 3047 1122 3072 ob
1135 3054 1287 3081 perpetuam
1306 3053 1395 3074 notam

331 3083 498 3118 marginalem
512 3083 563 3108 dati
581 3082 707 3107 linearum
720 3081 839 3107 numeri?
857 3082 890 3107 Et
902 3087 989 3107 tamen
1003 3083 1024 3107 si
1039 3083 1115 3114 petia
1130 3091 1183 3108 non
1202 3090 1242 3109 est
1260 3084 1308 3109 nisi
1322 3091 1395 3109 men-

330 3126 392 3144 sura
404 3118 457 3152 960
475 3118 600 3144 linearum
614 3126 667 3143 non
684 3118 760 3142 realis
775 3118 822 3142 sed
841 3118 978 3151 adscripta,
987 3119 1132 3143 secundum
1143 3119 1215 3144 illam
1228 3119 1395 3144 differentiam

331 3154 373 3179 vix
390 3154 584 3187 ponderabilem
597 3153 725 3178 distinctio
739 3153 880 3178 stationum
893 3154 1000 3179 omnino
1014 3154 1180 3186 intelligenda
1190 3154 1313 3188 videtur.)
1331 3155 1394 3180 Item

332 3197 385 3214 non
402 3190 503 3223 possint
519 3190 606 3222 pecias
623 3189 749 3214 maiorare
768 3189 811 3213 vel
831 3189 960 3214 minorare
978 3190 1019 3214 vel
1032 3191 1099 3214 ultra
1117 3191 1288 3215 tassacionem
1309 3190 1396 3215 statuti

332 3231 380 3257 pro
398 3225 466 3257 petia
481 3225 524 3250 vel
547 3225 620 3258 petiis
642 3224 758 3257 recipere
782 3231 940 3257 quocunque
963 3225 1044 3252 titulo.
1064 3226 1097 3250 Et
1114 3226 1175 3251 dent
1198 3226 1394 3251 satisdacionem

333 3264 437 3284 centum
449 3259 572 3285 librarum
585 3261 685 3285 Bonon.
694 3267 743 3292 pro
757 3260 873 3292 quolibet
888 3261 920 3286 de
934 3261 1068 3286 solvendis
1081 3261 1232 3294 pignoribus
1247 3261 1395 3292 scolarium,

333 3294 382 3327 qui
401 3294 450 3319 sibi
467 3302 516 3328 pro
532 3295 608 3328 petiis
625 3295 795 3328 deponentur.
810 3305 823 3318 »

388 3338 402 3352 ε
416 3330 455 3355 De
475 3330 626 3363 pignoribus
651 3331 779 3363 petiarum
801 3336 827 3356 et
849 3331 882 3356 de
906 3331 1024 3364 ipsorum
1046 3331 1201 3364 perdicione.
1228 3332 1340 3357 Rubrica
1362 3331 1396 3363 34

334 3362 463 3398 (296.26).
482 3365 674 3392 Kallendarium
685 3367 727 3392 vel
745 3365 840 3391 librum
856 3365 968 3393 habeant
985 3368 1128 3392 stacionarii
1146 3367 1282 3400 penarum,
1295 3367 1320 3392 in
1342 3375 1395 3399 quo

334 3399 447 3424 scribant
462 3400 557 3435 pignus
575 3409 634 3426 cum
653 3402 708 3428 suis
726 3402 872 3435 intersignis
891 3402 1052 3436 specificans,
1072 3403 1143 3436 quod
1161 3403 1288 3436 recipiunt
1304 3410 1319 3428 a
1337 3410 1394 3427 sco-

334 3434 431 3468 laribus
447 3435 490 3460 vel
507 3435 675 3468 scriptoribus
689 3437 842 3464 eorundem.
859 3438 893 3463 Et
904 3439 965 3471 quia
977 3438 1106 3464 interdum
1113 3438 1197 3471 perdi
1210 3438 1334 3472 contingit
1346 3445 1394 3471 pe-

2475 174 2512 199 XI

1450 237 1517 262 tiam
1533 237 1664 261 traditam
1683 237 1776 261 scolari
1794 237 1836 261 vel
1855 239 1981 270 scriptori,
2000 240 2149 265 ordinamus
2168 244 2238 275 quod
2257 252 2305 276 pro
2323 246 2381 278 ipsa
2400 247 2515 279 quinque

1451 272 1551 296 solidos
1573 273 1639 296 Bon.
1658 272 1787 304 persolvat
1805 272 1873 305 (Una
1891 274 1962 305 pecia
1975 275 2069 300 codicis
2087 278 2167 301 nostri
2186 279 2257 310 perdi
2276 288 2328 305 non
2347 286 2433 314 potest
2451 282 2515 314 quin

1451 307 1583 339 sexaginta
1601 314 1645 331 sex
1664 308 1803 339 perdantur
1821 313 1847 332 et
1864 309 1972 340 perditio
1987 310 2042 334 eius
2056 313 2172 343 sexagies
2186 314 2279 339 sexties
2297 317 2412 349 quinque
2424 318 2514 342 solidis

1452 342 1628 376 constitisset).
1646 342 1679 366 Et
1697 343 1719 366 si
1738 342 1803 366 sorte
1822 343 1898 367 suerit
1916 344 2045 369 altercatio
2064 346 2129 371 inter
2148 349 2327 376 stacionarium
2346 358 2372 376 et
2387 353 2514 377 scolarem

1451 377 1616 411 super-dicta
1625 377 1701 408 petia
1714 378 1891 408 restituenda,
1903 383 1929 403 et
1942 379 2048 404 scolaris
2062 383 2226 408 contenderet
2239 392 2267 409 se
2281 393 2337 411 eam
2362 382 2515 416 restituisse.

1450 420 1530 445 super
1548 412 1598 437 hoc
1615 413 1726 438 scolaris
1744 413 1862 438 stabitur
1876 414 2037 440 iuramento.
2057 416 2089 440 Et
2102 418 2124 441 si
2143 419 2236 449 pignus
2251 422 2356 446 scolaris
2370 423 2513 452 amictatur,

1449 449 1578 474 credatur
1596 448 1747 473 iuramento
1765 449 1876 474 scolaris
1896 456 1978 481 usque
1998 451 2034 475 ad
2052 453 2085 476 xl
2100 454 2199 478 solidos
2212 455 2299 481 Bon...
2313 457 2422 491 (²97·6)-
2441 459 2474 484 Et
2491 459 2513 482 si

1450 482 1619 509 stacionarius
1633 483 1737 516 petiam
1756 484 1892 513 amissam,
1907 493 1960 517 pro
1981 492 2032 516 qua
2051 487 2210 513 satisfactum
2233 495 2271 514 est
2290 498 2367 523 prout
2394 494 2513 526 superius

1450 524 1491 544 est
1512 526 1671 551 expressum,
1695 520 1891 552 recuperaverit,
1904 521 2026 545 volumus
2041 523 2112 554 quod
2133 524 2241 555 pecunia
2254 525 2301 550 sibi
2324 529 2406 552 soluta
2421 529 2515 553 scolari

1449 554 1605 583 restituatur,
1620 562 1652 579 eo
1675 559 1762 580 tamen
1781 556 1892 580 deducto
1906 557 1977 589 quod
1990 558 2157 582 stacionarius
2177 567 2224 591 pro
2242 564 2437 593 recuperacione
2456 572 2513 596 pre—

1451 590 1516 614 dicte
1534 590 1602 622 petie
1621 591 1654 614 de
1671 597 1720 614 suo
1738 591 1826 616 solvit.
1840 599 1854 615 υ

1502 625 1540 649 Ex
1558 624 1598 650 his
1617 626 1726 658 aliisque
1745 627 1845 651 statutis
1870 631 1988 651 vetamur
2006 632 2098 660 putare
2116 629 2210 661 petiam
2235 630 2316 656 fuisse
2334 635 2513 658 tantummodo

1450 667 1589 685 mensurae
1601 665 1698 692 notam,
1706 661 1772 686 sicut
1785 667 1824 686 est
1841 662 1867 687 in
1879 667 1968 687 nostro
1982 664 2077 694 codice,
2091 670 2117 688 et
2135 666 2200 689 sicut
2218 673 2310 690 omnes
2323 667 2379 692 libri
2398 676 2512 702 unquam

1449 696 1537 728 scripti
1555 696 1596 720 vel
1616 696 1736 729 impressi
1755 698 1822 729 petia
1843 698 1987 722 mensurari
2009 704 2127 731 possunt.
2156 700 2217 725 Erat
2234 702 2320 726 verius
2340 703 2443 728 libellus
2462 705 2515 728 sin-

1450 730 1547 763 gularis
1566 735 1592 755 et
1610 736 1752 764 separatus,
1770 738 1854 758 certae
1872 734 2054 765 magnitudinis
2073 740 2102 759 ut
2120 743 2281 762 mensuraret
2297 738 2407 770 pretium
2427 740 2514 763 statio-

1449 766 1521 791 nario
1549 766 1664 792 debitum
1687 775 1735 799 pro
1764 769 1974 793 accomodatione
1997 775 2023 794 et
2049 771 2216 802 scriptoribus
2237 781 2286 805 pro
2311 775 2515 807 transumptione

1450 802 1645 834 exemplarium.
1673 803 1735 828 Erat
1753 810 1885 836 praeterea
1908 812 2030 830 mensura
2049 813 2080 831 eo
2099 814 2178 832 sensu
2203 809 2274 839 quod
2298 814 2382 834 textus
2400 810 2425 834 in
2447 810 2516 842 petia

1450 837 1561 897 {cigptus
1584 846 1689 863 summa
1707 846 1767 863 cura
1786 847 1801 865 a
1819 840 1983 872 corruptione
2002 849 2049 874 per
2061 842 2227 874 petiariorum
2242 845 2410 870 moderamen
2429 845 2515 870 defen-

1468 880 1482 897 e
1502 878 1567 897 atur.

1504 909 1566 933 Plus
1581 909 1659 934 credo
1678 917 1757 942 quam
1772 910 1905 942 probabile
1918 912 2004 936 solum
2020 917 2067 942 est,
2081 914 2152 945 quod
2167 913 2209 938 illa
2227 919 2317 946 aetate,
2331 922 2384 947 qua
2396 916 2516 940 transcri-

1449 943 1526 969 bendi
1544 951 1612 976 opus
1626 945 1749 977 fervebat,
1763 947 1942 971 universitates
1958 948 1990 972 de
2002 948 2044 973 via
2055 949 2184 974 tutissima
2202 955 2228 974 et
2239 950 2430 982 expeditissima
2443 951 2515 975 libris

1449 979 1592 1005 scribendis
1612 981 1727 1006 sollcitae
1745 981 1859 1008 fuerunt.
1878 983 1950 1008 Hanc
1961 991 2025 1008 vero
2043 985 2111 1009 viam
2130 985 2219 1010 stravit
2232 987 2312 1017 petia:
2331 991 2515 1020 textus—typuS,

1450 1022 1572 1040 mensura
1584 1021 1653 1041 certa
1668 1022 1693 1042 et
1710 1017 1795 1047 realis,
1811 1018 1837 1043 in
1851 1018 1933 1043 forma
1948 1019 2026 1044 libelli
2045 1021 2184 1052 separatim
2198 1021 2310 1051 mobilis.
2322 1027 2351 1046 ut
2369 1022 2443 1054 petiis
2462 1023 2514 1047 sin-

1449 1051 1516 1083 gulis
1536 1052 1634 1077 traditis
1653 1058 1678 1077 et
1696 1053 1801 1078 redditis
1813 1072 1819 1083 ,
1838 1061 1918 1079 unum
1946 1055 2076 1087 exemplar
2095 1063 2141 1088 per
2159 1057 2248 1089 plures
2273 1058 2413 1091 scriptores
2437 1058 2514 1082 simul

1448 1087 1582 1112 transcribi
1611 1093 1710 1120 posset,
1741 1090 1811 1122 quod
1837 1090 1989 1122 praesertim
2021 1098 2150 1116 novorum
2174 1099 2283 1124 operum
2309 1093 2514 1126 multiplicationi

1448 1129 1618 1156 summopere
1641 1124 1729 1149 iuvare
1747 1126 1835 1157 potuit.
1855 1125 1984 1150 Petiarum
2004 1131 2119 1158 systema
2138 1127 2214 1152 etiam
2240 1129 2394 1161 scriptorum
2414 1129 2514 1161 pignori

1448 1159 1582 1190 parcebat,
1602 1161 1662 1192 quia
1680 1161 1758 1185 totius
1778 1161 1834 1186 libri
1854 1161 2038 1187 transcribendi
2059 1163 2152 1195 pignus
2171 1163 2203 1188 ad
2222 1164 2297 1188 unius
2318 1165 2401 1197 petiae
2419 1164 2513 1197 pignus

1448 1195 1571 1220 reducere
1589 1196 1762 1228 permittebat.

1501 1231 1571 1256 Haec
1584 1232 1667 1263 petiae
1681 1232 1818 1256 commoda
1836 1232 1963 1257 evidentia
1982 1237 2043 1257 sunt
2061 1238 2086 1258 et
2104 1233 2257 1265 clarissima;
2277 1242 2329 1259 non
2347 1240 2434 1260 tamen
2452 1242 2511 1267 pro·

1447 1270 1534 1297 pterea
1553 1267 1621 1291 illico
1641 1274 1732 1292 verum
1757 1273 1805 1298 est,
1818 1268 1974 1300 exemplaria
1992 1269 2201 1294 stationariorum
2220 1270 2344 1303 petiarum
2364 1271 2467 1295 realiter
2487 1271 2512 1294 in

1448 1301 1544 1326 liberos
1562 1302 1699 1328 fasciculos
1718 1304 1799 1328 divisa
1816 1303 1912 1334 fuisse3
1926 1305 1972 1329 sed
1985 1305 2165 1330 accedentibus
2177 1306 2263 1330 verbis
2277 1306 2340 1338 ipsis
2353 1306 2511 1331 statutorum

1447 1337 1613 1363 vix-dubium
1632 1346 1691 1363 esse
1709 1344 1802 1371 potest,
1817 1340 1878 1371 quin
1897 1340 1964 1371 petia
1982 1346 2053 1365 esset
2071 1349 2131 1373 pars
2151 1342 2305 1374 exemplaris
2323 1341 2513 1366 individualiter

1447 1380 1494 1405 per
1512 1381 1542 1398 se
1560 1374 1851 1400 existens.-Petiarum
1873 1383 1978 1402 causam
2000 1377 2153 1409 generaliter
2179 1377 2282 1408 dignam
2304 1385 2362 1402 esse
2384 1377 2512 1402 credimus

1447 1415 1514 1440 quae
1532 1417 1547 1433 a
1564 1409 1626 1434 viris
1647 1410 1683 1434 rei
1701 1409 1818 1435 librariae
1839 1411 1926 1442 peritis
1949 1412 2034 1436 denuo
2055 1413 2238 1438 consideretur.
2262 1413 2336 1441 Nam,
2360 1413 2407 1438 nisi
2430 1413 2512 1437 fallaci

1447 1443 1580 1476 phantasia
1599 1445 1755 1475 seducimur,
1773 1446 1900 1478 petiarum
1914 1447 2053 1472 methodus
2072 1445 2213 1480 adaequate
2232 1449 2340 1481 explicat
2354 1448 2512 1481 phaenome-

1447 1487 1501 1504 non
1518 1480 1590 1510 illud,
1610 1481 1642 1506 de
1661 1488 1731 1513 quo,
1751 1489 1811 1506 cum
1831 1487 1911 1507 artem
1931 1484 2042 1508 criticam
2061 1483 2150 1508 intime
2167 1489 2268 1517 tangat,
2292 1484 2319 1508 in
2337 1484 2512 1516 superioribus

1450 1514 1652 1540 Praefationibus
1671 1517 1763 1541 iterum
1782 1522 1859 1549 atque
1878 1519 1970 1543 iterum
1990 1519 2099 1550 egimus,
2117 1519 2287 1551 praesentiam
2303 1520 2360 1544 dico
2373 1520 2512 1544 lectionum

1450 1557 1615 1576 erronearum
1637 1552 1760 1576 omnibus
1779 1553 1850 1578 libris
1863 1554 1974 1586 antiquis
1993 1555 2180 1585 communium,
2204 1562 2271 1587 quae
2290 1556 2385 1580 auctori
2404 1563 2512 1588 operum

1450 1586 1553 1610 attribui
1575 1593 1709 1619 nequeunt
1726 1592 1753 1612 et
1769 1581 1886 1620 scriptori
1904 1590 2034 1622 exemplar
2047 1591 2114 1614 male
2127 1590 2292 1622 interpretato
2311 1590 2410 1615 attribui
2425 1596 2515 1615 natura

1449 1628 1498 1645 sua
1516 1627 1635 1654 poscunt.
1662 1623 1701 1648 Ex
1719 1622 1769 1648 hoc
1787 1624 1933 1649 certissimo
1952 1624 2132 1658 phaenomeno
2151 1626 2238 1650 stricte
2257 1625 2397 1655 deducitur,
2413 1631 2512 1650 textum

1450 1664 1541 1682 eorum
1556 1658 1673 1683 codicum
1685 1666 1738 1684 non
1749 1667 1808 1684 esse
1818 1660 1976 1693 autographi,
1988 1661 2034 1686 sed
2044 1661 2120 1686 unius
2133 1661 2270 1693 singularis
2282 1662 2430 1694 apographi.
2443 1661 2514 1686 Istud

1450 1698 1536 1718 autem
1555 1694 1731 1727 apographum
1743 1713 1749 1724 .
1769 1696 1839 1728 quod
1858 1701 1931 1721 antea
1955 1696 2111 1722 credidimus
2134 1697 2280 1722 confectum
2305 1704 2352 1729 por
2375 1697 2513 1730 scriptores

1450 1727 1532 1761 ipsius
1547 1729 1574 1756 S.
1584 1729 1711 1760 Thomae,
1722 1738 1767 1755 cur
1777 1739 1827 1756 non
1841 1731 1933 1757 fuisset
1947 1732 2033 1764 potius
2047 1732 2163 1758 collectio
2172 1733 2308 1765 periurum.
2318 1733 2412 1765 quibus
2427 1734 2514 1757 statio-

1451 1764 1537 1789 nai-ius
1556 1765 1793 1798 multiplicationem
1812 1767 1962 1799 autographi
1986 1768 2163 1800 praeparabat.
2190 1769 2217 1792 Si
2235 1768 2408 1801 supponimus
2427 1774 2514 1793 aucto-

1451 1807 1510 1824 rum
1525 1800 1737 1826 scholasticorum
1756 1802 1915 1835 autographa
1926 1804 1992 1835 apud
2010 1803 2173 1828 stationarios
2191 1804 2317 1836 petiarum
2339 1809 2434 1828 attente
2445 1809 2513 1828 tmn-

1451 1836 1546 1868 scripta
1569 1841 1595 1862 et
1613 1837 1694 1869 petias
1713 1838 1859 1863 authentice
1884 1845 1914 1863 ex
1937 1839 2098 1872 autographo
2122 1844 2250 1864 correctas
2273 1839 2371 1868 fuisse,
2393 1845 2514 1864 neutrum

1451 1876 1537 1896 tamen
1560 1871 1675 1898 humano
1689 1873 1768 1898 modo
1781 1878 1834 1899 tam
1853 1879 1970 1900 accurate
1988 1873 2043 1899 fieri
2061 1875 2178 1907 potuisse
2196 1875 2259 1907 quin
2278 1880 2304 1899 et
2322 1876 2431 1908 scriptor
2446 1876 2514 1900 male

1449 1907 1548 1932 videret
1562 1913 1587 1932 et
1599 1913 1729 1934 corrector
1743 1910 1838 1935 menda
1851 1910 2007 1943 quandoque
2016 1911 2172 1942 praeteriret,
2184 1910 2208 1935 id
2222 1911 2337 1936 accidere
2347 1911 2434 1936 debuit
2444 1911 2514 1943 quod

1450 1943 1575 1968 accidisse
1592 1944 1722 1971 videmus.
1733 1959 1752 1964 -
1764 1945 1800 1970 Ita
1819 1945 1883 1970 forte
1897 1946 1979 1977 petiae
1992 1953 2068 1971 causa
2083 1946 2195 1976 fuerunt,
2208 1954 2288 1979 quare
2301 1946 2513 1972 scholasticorum

1450 1979 1608 2011 autographa
1620 1979 1674 2004 fere
1686 1982 1774 2005 omnia
1786 1980 1925 2014 perierunt,
1937 1981 2034 2014 quippe
2044 1989 2119 2013 quae,
2129 1987 2191 2014 post
2201 1982 2425 2014 transcriptionem
2440 1983 2512 2016 quasi

1450 2021 1481 2038 ex
1499 2013 1584 2039 officio
1603 2021 1759 2045 correctam,
1778 2021 1954 2041 mensuratam
1973 2021 1999 2042 et
2022 2022 2131 2042 taxatam
2144 2035 2150 2046 ,
2169 2017 2306 2042 stationarii
2326 2025 2378 2042 non
2403 2019 2514 2043 maxime

1450 2050 1587 2075 interesset
1604 2052 1768 2082 conservari;
1787 2052 1869 2077 immo
1887 2051 1967 2084 (tanta
1985 2057 2027 2078 est
2038 2052 2179 2078 differentia
2197 2053 2274 2078 animi
2291 2053 2426 2079 hominum
2446 2055 2514 2079 illius

1450 2086 1540 2109 aetatis
1559 2093 1573 2110 a
1592 2087 1687 2112 nostris
1706 2087 1797 2112 studiis
1816 2093 1842 2113 et
1859 2087 2152 2121 praeoccupationibusl,
2170 2088 2244 2114 facile
2257 2089 2324 2114 credi
2343 2095 2434 2121 posset
2452 2091 2514 2115 scri-

1451 2124 1495 2152 pta
1509 2128 1555 2145 sua
1575 2122 1721 2148 auctoribus
1740 2131 1773 2147 ne
1793 2123 1891 2148 reddita
1905 2123 2009 2156 quidem
2025 2131 2092 2149 esse.
2111 2124 2144 2148 Et
2162 2125 2183 2148 si
2203 2124 2313 2156 quaeris,
2326 2125 2430 2150 ubinam
2447 2134 2514 2150 nunc

1451 2155 1594 2181 habeantur
1611 2157 1715 2189 petiae?
1733 2166 1795 2184 num
1811 2166 1903 2183 omnes
1922 2158 2083 2184 interierint?
2103 2159 2161 2184 dico
2177 2159 2271 2184 mirum
2292 2168 2344 2184 non
2357 2168 2416 2186 esse
2435 2162 2514 2193 quod,

1450 2192 1494 2216 ubi
1513 2197 1566 2216 tam
1584 2193 1676 2225 ingens
1696 2195 1814 2219 codicum
1832 2195 1991 2226 integrorum
2010 2195 2096 2219 clades
2114 2195 2198 2219 futura
2218 2200 2279 2225 erat,
2299 2196 2437 2221 liberculos
2455 2197 2515 2221 illos

1449 2227 1568 2252 volatiles
1587 2237 1639 2254 non
1659 2229 1766 2254 meliora
1783 2229 1833 2254 fata
1848 2230 1994 2255 manebant.
2013 2230 2128 2256 Omnino
2140 2235 2343 2256 consentaneum
2359 2232 2469 2263 videtur,
2487 2237 2515 2256 ut

1451 2271 1622 2296 quaecunque
1641 2272 1734 2290 causae
1752 2266 1924 2291 calamitatem
1939 2265 2064 2291 librorum
2083 2266 2319 2299 manuscriptorum
2334 2273 2515 2300 provocarunt,

1451 2306 1494 2324 eas
1513 2300 1630 2324 omnium
1650 2301 1732 2333 prima
1751 2301 1877 2326 subierint
1894 2301 2019 2333 fragmina
2031 2301 2074 2327 ilia
2093 2302 2165 2327 facile
2180 2302 2324 2332 dissociata,
2340 2302 2464 2335 dispersa,
2478 2308 2515 2327 et-

1450 2335 1501 2359 iam
1516 2335 1612 2359 nullius
1627 2335 1712 2360 habita
1728 2341 1910 2369 praeterquam
1925 2337 1956 2361 ad
1969 2337 2054 2361 varios
2067 2344 2132 2361 usus
2145 2337 2272 2362 vellerum
2285 2345 2515 2370 pergamenorum.

1451 2399 1559 2455 “29·
1575 2432 1596 2437 -
1619 2415 1724 2445 Prima
1749 2414 1846 2446 editio
1862 2415 2086 2455 Supplementi
2111 2416 2206 2446 simul
2227 2425 2302 2446 cum
2323 2423 2434 2457 quarta
2449 2417 2515 2448 edi-

1450 2458 1539 2489 tione
1565 2458 1692 2489 Tertiae
1715 2459 1831 2495 Parfis,
1855 2460 1921 2489 sive
1943 2465 2052 2490 nostra
2075 2469 2092 2490 c
2115 2460 2209 2501 (Vol.
2230 2460 2283 2491 XI.
2306 2461 2408 2492 Praef.
2429 2462 2514 2501 vm),

1451 2503 1558 2533 lucem
1579 2503 1715 2543 aspexit:
1741 2504 1847 2534 charta
1863 2509 1895 2534 et
1916 2505 2014 2534 totius
2034 2505 2079 2534 rei
2102 2505 2350 2545 typographicae
2371 2506 2515 2536 conditio

1450 2548 1485 2577 in
1508 2548 1662 2578 ambabus
1686 2548 1818 2579 eaedem
1841 2553 1925 2578 sunt.
1949 2549 2177 2589 Apparuerunt
2199 2550 2232 2579 in
2255 2559 2323 2579 uno
2349 2551 2515 2581 volumine

1450 2590 1604 2622 foliorum
1638 2592 1696 2622 801
1726 2593 1938 2632 (computato
1970 2592 2051 2623 folio
2079 2593 2152 2624 albo
2185 2594 2260 2633 459.
2284 2594 2390 2634 primo
2419 2595 2514 2634 primi

1449 2637 1658 2678 sexternionis
1682 2636 1944 2678 Supplementi)‚
1968 2638 2036 2668 sine
2065 2637 2158 2674 loco,
2184 2647 2269 2668 anno
2297 2639 2391 2678 1478.
2420 2652 2434 2665 ‹
2454 2639 2513 2669 du-

1450 2686 1503 2711 ctu
1526 2686 1558 2711 et
1579 2681 1745 2721 impendio
1769 2681 1980 2722 providorum
2002 2683 2145 2712 virorum
2161 2682 2289 2712 Ioannis
2312 2682 2352 2712 de
2375 2682 2514 2713 Colonia

1449 2725 1643 2765 Ioannisque
1659 2725 1789 2756 Mathen
1810 2726 1850 2756 de
1865 2725 2056 2756 Gheretzem
2072 2727 2236 2756 sociorum
2251 2740 2265 2754 »
2288 2725 2342 2766 (cf.
2355 2727 2417 2757 loc.
2434 2728 2512 2767 cit.).

1448 2769 1619 2800 Editorum
1646 2770 1838 2810 subscriptio
1866 2771 1998 2810 ponitur
2018 2776 2094 2810 post
2121 2776 2243 2800 textum
2273 2770 2511 2810 Supplemenfi,

1447 2813 1537 2853 quod
1559 2814 1665 2844 innuit
1681 2815 1854 2845 voluminis
1877 2815 2136 2855 singularitatem.
2151 2832 2174 2838 ν
2189 2814 2315 2844 Echard
2338 2815 2361 2844 Ι.
2381 2824 2454 2855 ²92·
2472 2815 2511 2846 de

1448 2857 1693 2897 Supplemento,
1709 2871 1723 2885 ‹
1737 2859 1847 2899 Typis,
1859 2859 1973 2898 inquit,
1981 2859 2109 2898 prodiit,
2121 2868 2158 2888 ex
2170 2857 2380 2898 Beughemio,
2392 2860 2512 2899 absque

1447 2902 1522 2932 loco
1547 2907 1578 2932 et
1599 2903 1732 2933 nomine
1755 2902 1965 2943 Typographi
1991 2903 2085 2942 1478.
2109 2902 2234 2932 Deinde
2256 2903 2398 2932 Venetiis
2422 2903 2510 2934 Ioan.

1449 2945 1489 2976 de
1513 2945 1652 2976 Colonia
1680 2947 1762 2986 1487
1782 2959 1809 2977 ›.
1833 2947 1909 2976 Non
1932 2947 1975 2976 ita
1996 2956 2046 2977 res
2069 2956 2103 2976 se
2125 2946 2242 2977 habere
2264 2946 2406 2977 videtur:
2436 2947 2511 2978 Edi-

1447 2991 1571 3020 tionem
1601 2991 1676 3020 anni
1704 2990 1785 3030 1478
1817 2999 1977 3030 nusquam
2007 2990 2188 3021 invenimus
2220 3000 2302 3030 quae
2333 3001 2400 3021 non
2431 2998 2513 3022 esset

1448 3039 1556 3064 nostra
1572 3043 1605 3070 ες
1630 3034 1723 3064 aliam
1738 3044 1805 3064 non
1822 3035 1957 3074 assignat
1975 3035 2200 3075 Repertorium
2216 3035 2316 3071 Hain3
2342 3036 2368 3065 si
2386 3035 2511 3066 Echard

1450 3077 1624 3108 editionem
1648 3079 1723 3108 anni
1742 3078 1824 3118 1478
1845 3079 1913 3109 sine
1929 3079 2061 3109 nornine
2077 3079 2269 3119 typographi
2284 3080 2352 3119 ipse
2370 3079 2509 3116 vidisset,

1448 3131 1555 3161 neque
1578 3131 1662 3162 opus
1684 3122 1846 3153 habuisset
1869 3123 1964 3153 citare
1987 3123 2239 3163 Beughemium,
2263 3133 2370 3163 neque
2394 3124 2509 3155 biblio-

1448 3166 1575 3196 thecam
1598 3166 1655 3196 ubi
1678 3176 1749 3197 eam
1772 3166 1892 3196 viderat
1913 3167 2071 3197 tacuisset.

1503 3210 1552 3240 De
1575 3214 1663 3240 textu
1687 3220 1704 3241 c
1727 3210 1853 3241 Tertiae
1875 3211 1974 3241 Partis
1997 3211 2181 3251 scripsimus
2203 3211 2266 3241 loc.
2293 3212 2344 3242 cit.
2361 3221 2433 3252 pag.
2449 3222 2508 3242 xx:

1452 3266 1466 3281 ι
1485 3253 1592 3284 Editio
1617 3263 1675 3285 c...
1700 3254 1898 3285 Tarvisinam
1916 3254 1960 3297 (b)
1984 3255 2159 3295 plurimum
2178 3261 2209 3286 et
2232 3256 2355 3296 egregie
2379 3257 2511 3297 castiga-

1448 3298 1510 3334 vit3
1530 3298 1645 3338 dignus
1661 3304 1727 3329 erat
1742 3298 1854 3335 editor,
1868 3300 1920 3330 cui
1935 3299 2050 3330 melior
2062 3309 2159 3340 quam
2178 3309 2245 3340 quo
2257 3310 2334 3330 usus
2350 3306 2397 3330 est
2408 3300 2510 3331 codex

1448 3343 1684 3383 manuscriptus
1708 3343 1861 3374 auxilium
1884 3343 2007 3374 tulisset
2025 3357 2053 3375 ».
2079 3344 2123 3374 Ita
2148 3344 2255 3375 credet
2282 3345 2386 3384 quivis
2409 3345 2511 3375 iustus

1448 3395 1555 3417 rerum
1571 3388 1763 3423 aestimator,
1780 3388 1836 3427 qui
1851 3388 2028 3418 bonitatem
2052 3388 2200 3419 editionis
2215 3398 2283 3419 non
2299 3398 2317 3419 a
2335 3388 2406 3419 solo
2421 3394 2509 3419 textu

1450 3431 1518 3461 eius
1542 3429 1736 3468 diiudicabit,
1752 3431 1808 3462 sed
1831 3433 1927 3463 etiam
1950 3442 1968 3463 a
1990 3437 2079 3463 textu
2102 3443 2120 3463 a
2142 3442 2209 3473 quo
2238 3433 2321 3463 exiit.
2345 3432 2511 3464 Tenemus
